{"host":"ojme7g6xlqwffsso","time":1613868208,"event":{"mods":["BaseMod","Downfall","Minty Spire (QoL Compilation)","Quick Restart","Relic Stats","StSLib"],"gold_per_floor":[99,99,129,129,129,229,229,229,256,276,309,328,355,455,469,568,568,568,581,600,600,614,7,7,17,17,34,19,52,52,85,100,100,100,100],"floor_reached":33,"language":"ENG","playtime":1567,"items_purged":[],"score":423,"play_id":"d309764d-f27e-4877-8930-7fafb3340c99","local_time":"20210221094328","is_ascension_mode":true,"campfire_choices":[{"data":"champ:Taunt","floor":1.0,"key":"SMITH"},{"data":"champ:BerserkersShout","floor":18,"key":"SMITH"}],"circlet_count":0,"master_deck":["champ:Strike","champ:Strike","champ:Strike","champ:Strike","champ:Defend","champ:Defend","champ:Defend","champ:Defend","champ:Execute","champ:Taunt+1","champ:FancyFootwork","champ:FaceSlap","champ:AdrenalArmor","champ:SkillfulDodge","champ:Haymaker","champ:HoldFirm","champ:BerserkersShout+1","champ:BringItOn","champ:TornadoPunch","champ:StrikeOfGenius","champ:SwordSigil","champ:GutPunch+1","champ:HeartStrike","champ:VampiricStrike","champ:BerserkerStyle","downfall:Icky","champ:ArenaPreparation","Slimebound:CheckThePlaybook","champ:FocusedBerserking+1","champ:EnGarde+1","downfall:Bewildered","champ:Duel+1"],"relics":["champ:ChampionCrown","downfall:HeartsMalice","Question Card","champ:LiftRelic","Singing Bowl","Bag of Preparation","Bottled Lightning","Lizard Tail","Cursed Key","Dead Branch","Eternal Feather","bronze:DecasWashers","Toy Ornithopter","sneckomod:BabySnecko","Lantern"],"acts_visited":["Exordium","TheCity"],"potions_floor_usage":[31],"damage_taken":[{"damage":0.0,"enemies":"2 Louse","floor":2.0,"turns":1.0},{"damage":0.0,"enemies":"Jaw Worm","floor":5.0,"turns":1.0},{"damage":0.0,"enemies":"Small Slimes","floor":8.0,"turns":1.0},{"damage":49.0,"enemies":"3 Sentries","floor":9.0,"turns":8.0},{"damage":15.0,"enemies":"2 Fungi Beasts","floor":10.0,"turns":2.0},{"damage":61.0,"enemies":"Lagavulin","floor":11.0,"turns":7.0},{"damage":20.0,"enemies":"downfall:LooterAlt","floor":12.0,"turns":3.0},{"damage":53.0,"enemies":"3 Sentries","floor":13.0,"turns":8.0},{"damage":10.0,"enemies":"Large Slime","floor":15.0,"turns":4.0},{"damage":49.0,"enemies":"IC_STATUS_ARCHETYPE","floor":16.0,"turns":8.0},{"damage":45,"enemies":"downfall:LooterAlt2","floor":19,"turns":5},{"damage":25,"enemies":"Chosen","floor":20,"turns":3},{"damage":47,"enemies":"Shelled Parasite and Fungi","floor":22,"turns":5},{"damage":10,"enemies":"downfall:FleeingMerchant","floor":23,"turns":4},{"damage":13,"enemies":"Snake Plant","floor":25,"turns":3},{"damage":63,"enemies":"Centurion and Healer","floor":27,"turns":5},{"damage":50,"enemies":"downfall:FleeingMerchant","floor":28,"turns":4},{"damage":71,"enemies":"Book of Stabbing","floor":29,"turns":4},{"damage":52,"enemies":"Slavers","floor":31,"turns":4},{"damage":39,"enemies":"Sentry and Sphere","floor":32,"turns":4}],"seed_played":"3376643190048109783","potions_obtained":[{"floor":9.0,"key":"champ:OpenerPotion"},{"floor":10.0,"key":"Fruit Juice"},{"floor":11.0,"key":"PowerPotion"},{"floor":12.0,"key":"Fruit Juice"},{"floor":15.0,"key":"Strength Potion"},{"floor":27,"key":"Energy Potion"},{"floor":31,"key":"Weak Potion"}],"is_trial":false,"path_per_floor":["R","M","?","?","M","?","T","M","E","M","E","M","E","?","M","B",null,"R","M","M","?","M","$","T","M","?","M","$","E","?","E","M","B"],"character_chosen":"THE_CHAMP","items_purchased":["Dead Branch","Eternal Feather","champ:BerserkerStyle"],"campfire_rested":0,"item_purchase_floors":[23,23,23],"current_hp_per_floor":[90,90,90,90,90,90,90,90,76,76,60,65,52,52,52,48,100,100,90,90,90,78,78,78,65,65,67,67,52,52,40,42,0,0,0],"gold":100,"neow_bonus":"THREE_ENEMY_KILL","is_daily":false,"chose_seed":false,"campfire_upgraded":2,"win_rate":0.0,"timestamp":1613868208,"path_taken":["R","M","?","?","M","?","T","M","E","M","E","?","E","?","M","BOSS","R","M","M","?","M","$","T","M","?","M","$","E","?","E","M","BOSS"],"items_purchased_type":["Relic","Relic","Card"],"build_version":"2020-12-22","purchased_purges":0,"victory":false,"max_hp_per_floor":[90,90,90,90,90,90,90,90,90,95,95,100,100,100,100,100,100,100,100,100,100,100,100,100,100,90,92,92,92,92,92,94,94,94,94],"relic_stats":{"Lizard Tail":47,"Singing Bowl":4,"counters":[21,91],"Dead Branch":[32],"Eternal Feather":0,"Bag of Preparation":[34],"Question Card":19,"Cursed Key":1,"obtain_stats":[{"Lantern":31,"Singing Bowl":7,"Dead Branch":23,"bronze:DecasWashers":24,"champ:ChampionCrown":0,"downfall:HeartsMalice":0,"Eternal Feather":23,"Bag of Preparation":9,"Question Card":3,"Cursed Key":17,"sneckomod:BabySnecko":30,"Lizard Tail":13,"champ:LiftRelic":4,"Bottled Lightning":11,"Toy Ornithopter":29},{"Lantern":19,"Singing Bowl":2,"Dead Branch":14,"bronze:DecasWashers":14,"champ:ChampionCrown":0,"downfall:HeartsMalice":0,"Eternal Feather":14,"Bag of Preparation":4,"Question Card":1,"Cursed Key":10,"sneckomod:BabySnecko":18,"Lizard Tail":8,"champ:LiftRelic":1,"Bottled Lightning":6,"Toy Ornithopter":18},{"Lantern":77,"Singing Bowl":0,"Dead Branch":57,"bronze:DecasWashers":57,"champ:ChampionCrown":0,"downfall:HeartsMalice":0,"Eternal Feather":57,"Bag of Preparation":8,"Question Card":0,"Cursed Key":40,"sneckomod:BabySnecko":73,"Lizard Tail":28,"champ:LiftRelic":0,"Bottled Lightning":17,"Toy Ornithopter":73}],"Toy Ornithopter":5},"card_choices":[{"not_picked":["champ:Haymaker","champ:StanceDance"],"picked":"champ:FancyFootwork","floor":2.0},{"not_picked":["champ:CrownThrow","champ:Haymaker","champ:GladiatorStyle"],"picked":"champ:FaceSlap","floor":5.0},{"not_picked":["champ:BerserkerStyle","champ:FalseCounter","champ:BladeFlurry"],"picked":"champ:AdrenalArmor","floor":8.0},{"not_picked":["champ:EndlessRage","champ:GutPunch","champ:Shatter"],"picked":"champ:SkillfulDodge","floor":9.0},{"not_picked":["champ:FocusedDefense","champ:FanOfKnives","champ:ShieldWall"],"picked":"champ:Haymaker","floor":10.0},{"not_picked":["champ:SwordSigil","champ:Endure","champ:FancyFootwork"],"picked":"champ:HoldFirm","floor":11.0},{"not_picked":["champ:BladeFlurry","champ:Circumvent","champ:SetATrap"],"picked":"champ:BerserkersShout","floor":12.0},{"not_picked":["champ:FaceSlap","champ:FancyFootwork","champ:CalledShot"],"picked":"champ:BringItOn","floor":13.0},{"not_picked":["champ:DeathBlow","champ:CrookedStrike","champ:HoldFirm"],"picked":"champ:TornadoPunch","floor":15.0},{"not_picked":["champ:Devastate","champ:DancingMaster","champ:GladiatorForm"],"picked":"champ:StrikeOfGenius","floor":16.0},{"not_picked":["champ:BladeFlurry","champ:FlashCut","champ:BerserkersShout"],"picked":"champ:SwordSigil","floor":19},{"not_picked":["champ:Haymaker+1","champ:BringItOn","champ:CrownThrow+1"],"picked":"champ:GutPunch+1","floor":20},{"not_picked":["champ:ShieldSigil+1","champ:BerserkersShout+1","champ:FancyFootwork"],"picked":"champ:HeartStrike","floor":22},{"not_picked":["champ:SetATrap","champ:CrownThrow+1","champ:ShieldThrow"],"picked":"champ:VampiricStrike","floor":23},{"not_picked":["champ:TornadoPunch","champ:EnGarde","champ:AdrenalArmor+1"],"picked":"champ:ArenaPreparation","floor":25},{"not_picked":["champ:BladeFlurry+1","champ:CrownThrow+1","champ:DefensiveShout","champ:BerserkersShout"],"picked":"Singing Bowl","floor":27},{"not_picked":["champ:GutPunch","champ:IronFortress","champ:CrownThrow"],"picked":"champ:FocusedBerserking+1","floor":28},{"not_picked":["champ:SwordThrow","champ:Shatter","champ:ShieldSigil+1"],"picked":"champ:EnGarde+1","floor":29},{"not_picked":["champ:CrownThrow","champ:BladeFlurry+1","champ:SwordSigil"],"picked":"champ:Duel+1","floor":31},{"not_picked":["champ:AdrenalArmor+1","champ:Haymaker+1","champ:IronFortress","champ:Circumvent"],"picked":"Singing Bowl","floor":32}],"player_experience":1111294,"relics_obtained":[{"floor":7.0,"key":"Singing Bowl"},{"floor":9.0,"key":"Bag of Preparation"},{"floor":11.0,"key":"Bottled Lightning"},{"floor":13.0,"key":"Lizard Tail"},{"floor":24,"key":"bronze:DecasWashers"},{"floor":29,"key":"Toy Ornithopter"},{"floor":31,"key":"Lantern"}],"event_choices":[{"damage_healed":0,"gold_gain":0,"player_choice":"Ignored","damage_taken":0,"max_hp_gain":0,"max_hp_loss":0,"event_name":"Ghosts","floor":21,"gold_loss":0}],"is_beta":false,"boss_relics":[{"not_picked":["Busted Crown","Pandora\u0027s Box"],"picked":"Cursed Key"}],"items_purged_floors":[],"is_endless":false,"potions_floor_spawned":[9,10,11,12,15,27,29,31,32],"killed_by":"WA_ARCHETYPE_CALM","ascension_level":1}}