{"host":"ddvck86s030ss9ck","time":1613942789,"event":{"mods":["Act Like it!","Aspiration","BaseMod","Challenge The Spire","Conspire","Energized Spire","Gensokyo","GifTheSpireLib","Halation","Hubris","Infinite Spire","Ironclad Rager","Koishi","Minty Spire (QoL Compilation)","Quick Restart","Replay The Spire","Slumbering Mod","Small Relic Pack","StSLib","Stuff the Spire","The Animator","The Jungle","The Poker Player","The Wild Card","TheBandit"],"gold_per_floor":[118,118,136,236,252,286,306,306,306,70,70,70,90,106,106,201,201,216,216,216,251,251],"floor_reached":21,"language":"ENG","playtime":970,"items_purged":[],"score":310,"play_id":"d5034a2e-b083-46cb-b840-eaff98a3917e","local_time":"20210221212629","is_ascension_mode":true,"campfire_choices":[{"floor":8.0,"key":"REST"}],"circlet_count":0,"master_deck":["Eruption","Vigilance","conspire:GhostlyStrike","conspire:GhostlyStrike","conspire:GhostlyStrike","conspire:GhostlyStrike+1","conspire:GhostlyDefend","conspire:GhostlyDefend","conspire:GhostlyDefend","conspire:GhostlyDefend","Halt","Consecrate","CarveReality","JustLucky","FlurryOfBlows","Wallop+1","Replay:ManipulateFuture","DevaForm","ReachHeaven+1","theSlumbering:ExplosivesCache+1","Overencumbered","Hallucinations"],"relics":["PureWater","Snack Pack","Pantograph","Molten Egg 2","PreservedInsect","relicPack:KazumaCape","Ring of Fangs","Ring of Fury"],"acts_visited":["Exordium","TheCity"],"potions_floor_usage":[18,21,21],"damage_taken":[{"damage":0.0,"enemies":"2 Louse","floor":1.0,"turns":2.0},{"damage":5.0,"enemies":"Small Slimes","floor":3.0,"turns":5.0},{"damage":0.0,"enemies":"Cultist","floor":5.0,"turns":2.0},{"damage":38.0,"enemies":"3 Sentries","floor":6.0,"turns":11.0},{"damage":11.0,"enemies":"3 Louse","floor":7.0,"turns":2.0},{"damage":5.0,"enemies":"Exordium Wildlife","floor":13.0,"turns":3.0},{"damage":0,"enemies":"Blue Slaver","floor":14,"turns":2},{"damage":66,"enemies":"Hexaghost","floor":16,"turns":10},{"damage":54,"enemies":"conspire:FuzzyDice","floor":18,"turns":6},{"damage":11,"enemies":"2 Thieves","floor":21,"turns":1}],"seed_played":"6154422014790108878","potions_obtained":[{"floor":3.0,"key":"ColorlessPotion"},{"floor":5.0,"key":"LiquidMemories"},{"floor":13.0,"key":"CultistPotion"},{"floor":14,"key":"Energy Potion"}],"is_trial":false,"path_per_floor":["M","?","M","?","M","E","M","R","T","$","?","T","M","M","R","B",null,"M","?","?","M"],"character_chosen":"WATCHER","items_purchased":["theSlumbering:StoneHearth","FlurryOfBlows","Flashbang"],"campfire_rested":1,"item_purchase_floors":[10,10,10],"current_hp_per_floor":[65,65,60,60,60,22,13,34,34,34,34,34,35,37,58,16,58,8,8,8,0,0],"gold":251,"neow_bonus":"WATCHER_MONK","is_daily":false,"chose_seed":false,"campfire_upgraded":0,"win_rate":0.0,"timestamp":1613942789,"path_taken":["M","?","M","?","M","E","?","R","T","$","?","?","M","M","R","BOSS","M","?","?","M"],"items_purchased_type":["Card","Card","Potion"],"build_version":"2020-12-22","purchased_purges":0,"victory":false,"max_hp_per_floor":[72,72,72,72,72,72,72,72,72,72,72,72,72,72,72,72,72,72,72,72,72,72],"card_choices":[{"not_picked":["Evaluate","JustLucky"],"picked":"Halt","floor":1.0},{"not_picked":["Evaluate","Sanctity"],"picked":"Consecrate","floor":3.0},{"not_picked":["FearNoEvil","JustLucky","ClearTheMind"],"picked":"SKIP","floor":5.0},{"not_picked":["Replay:Vibes","SandsOfTime"],"picked":"CarveReality","floor":6.0},{"not_picked":["CutThroughFate","WindmillStrike"],"picked":"JustLucky","floor":7.0},{"not_picked":["Weave+1","CutThroughFate+1"],"picked":"Wallop+1","floor":13.0},{"not_picked":["ClearTheMind","BowlingBash+1"],"picked":"Replay:ManipulateFuture","floor":14},{"not_picked":["Vault","Replay:LoomingThreat"],"picked":"DevaForm","floor":16},{"not_picked":["FlyingSleeves+1","BowlingBash+1"],"picked":"ReachHeaven+1","floor":18}],"player_experience":960910,"relics_obtained":[{"floor":6.0,"key":"Snack Pack"},{"floor":9.0,"key":"Pantograph"},{"floor":12.0,"key":"PreservedInsect"},{"floor":20,"key":"Ring of Fangs"},{"floor":20,"key":"Ring of Fury"}],"event_choices":[{"damage_healed":0.0,"max_hp_gain":0.0,"max_hp_loss":0.0,"gold_gain":0.0,"event_name":"conspire:LoneGhost","player_choice":"Agree","floor":2.0,"gold_loss":0.0,"damage_taken":0.0},{"damage_healed":0.0,"max_hp_gain":0.0,"max_hp_loss":0.0,"gold_gain":100.0,"event_name":"Golden Shrine","player_choice":"Pray","floor":4.0,"gold_loss":0.0,"damage_taken":0.0},{"damage_healed":0,"gold_gain":0,"cards_transformed":["theSlumbering:StoneHearth","Injury"],"player_choice":"Became Test Subject","damage_taken":0,"max_hp_gain":0,"max_hp_loss":0,"event_name":"Drug Dealer","floor":19,"gold_loss":0,"cards_obtained":["theSlumbering:ExplosivesCache","Overencumbered"]}],"is_beta":false,"boss_relics":[{"not_picked":["Snecko Eye","SlaversCollar"],"picked":"relicPack:KazumaCape"}],"items_purged_floors":[],"is_endless":false,"potions_floor_spawned":[3,5,13,14],"killed_by":"2 Thieves","ascension_level":9}}