{"host":"hszimsrtxxc2k25w","time":1613919966,"event":{"mods":["AchievementEnabler","BaseMod","Colored Map","DeckTracker","Minty Spire (QoL Compilation)","Rare Cards Sparkle","SuperFastMode"],"gold_per_floor":[111,124,49,99,117,117,132,132,156,166,182,18,28,48,48,48,48],"floor_reached":16,"language":"KOR","playtime":368,"items_purged":["Strike_R"],"score":192,"play_id":"3f158504-aae4-4bc9-84ec-4123eda27b7d","local_time":"20210222000606","is_ascension_mode":true,"campfire_choices":[{"data":"Anger","floor":6.0,"key":"SMITH"},{"data":"Armaments","floor":8.0,"key":"SMITH"},{"data":"Immolate","floor":15.0,"key":"SMITH"}],"circlet_count":0,"master_deck":["AscendersBane","Strike_R","Strike_R","Strike_R","Defend_R","Defend_R","Defend_R","Defend_R","Bash","Anger+1","Shrug It Off","Evolve","Armaments+1","Dark Embrace","Feed","Immolate+1","Feel No Pain"],"relics":["Burning Blood","Pen Nib"],"acts_visited":["Exordium"],"potions_floor_usage":[16],"damage_taken":[{"damage":2.0,"enemies":"2 Louse","floor":1.0,"turns":4.0},{"damage":1.0,"enemies":"Cultist","floor":2.0,"turns":3.0},{"damage":2.0,"enemies":"Jaw Worm","floor":5.0,"turns":3.0},{"damage":6.0,"enemies":"Blue Slaver","floor":7.0,"turns":4.0},{"damage":25.0,"enemies":"Lots of Slimes","floor":10.0,"turns":7.0},{"damage":9.0,"enemies":"Exordium Thugs","floor":11.0,"turns":5.0},{"damage":7.0,"enemies":"Exordium Wildlife","floor":13.0,"turns":3.0},{"damage":7.0,"enemies":"Large Slime","floor":14.0,"turns":5.0},{"damage":26,"enemies":"The Guardian","floor":16,"turns":5}],"seed_played":"3542970328916430646","potions_obtained":[{"floor":2.0,"key":"LiquidBronze"},{"floor":5.0,"key":"Weak Potion"}],"is_trial":false,"path_per_floor":["M","M","$","?","M","R","M","R","T","M","M","$","M","M","R","B"],"character_chosen":"IRONCLAD","items_purchased":["Immolate"],"campfire_rested":0,"item_purchase_floors":[12],"current_hp_per_floor":[72,75,75,68,72,72,72,72,72,53,50,50,52,51,51,25,25],"gold":48,"neow_bonus":"REMOVE_CARD","is_daily":false,"chose_seed":false,"campfire_upgraded":3,"win_rate":0.0,"timestamp":1613919966,"path_taken":["M","M","$","?","M","R","M","R","T","M","?","?","M","M","R","BOSS"],"items_purchased_type":["Card"],"build_version":"2020-12-22","purchased_purges":1,"victory":false,"max_hp_per_floor":[75,75,75,75,75,75,75,75,75,75,75,75,78,78,78,78,78],"card_choices":[{"not_picked":["True Grit","Dual Wield"],"picked":"Anger","floor":1.0},{"not_picked":["Anger","Cleave"],"picked":"Shrug It Off","floor":2.0},{"not_picked":["Ghostly Armor","Heavy Blade"],"picked":"Evolve","floor":5.0},{"not_picked":["Headbutt","Sever Soul"],"picked":"Armaments","floor":7.0},{"not_picked":["Evolve","Seeing Red"],"picked":"Dark Embrace","floor":10.0},{"not_picked":["Iron Wave","Armaments"],"picked":"Feed","floor":11.0},{"not_picked":["Havoc","True Grit"],"picked":"Feel No Pain","floor":13.0},{"not_picked":["Disarm","Intimidate","Limit Break"],"picked":"SKIP","floor":14.0}],"player_experience":683308,"relics_obtained":[{"floor":9.0,"key":"Pen Nib"}],"event_choices":[{"damage_healed":0.0,"max_hp_gain":0.0,"max_hp_loss":0.0,"gold_gain":50.0,"event_name":"FaceTrader","player_choice":"Touch","floor":4.0,"gold_loss":0.0,"damage_taken":7.0}],"is_beta":false,"boss_relics":[],"items_purged_floors":[3],"is_endless":false,"potions_floor_spawned":[2,5,14],"killed_by":"The Guardian","ascension_level":20}}