{"host":"7am2it9afgpzdoy6","time":1613898112,"event":{"mods":["2.2 Compatiblity","Act Like it!","Aspiration","BaseMod","Become a monster 百变怪","Colored Powertips","Conspire","Downfall","Friendly Minions","Gensokyo","Hubris","Infinite Spire","Koishi","LagranYue(拉格朗・月)","Lobotomy","LobotomyExtend","Mimic Mod","Minty Spire (QoL Compilation)","Quick Restart","Reimu（博丽灵梦）","Remilia（蕾米莉亚）","Replay The Spire","RumiaBox-露米娅的神秘盒子","Shop Mod","StSLib","The Jungle","Waifu the Spire","Wandering Minibosses","Yuyuko","[IsaacMod]以撒尖塔"],"gold_per_floor":[99,133,133,133,58,111,137,152,152,235,250,264,275,275,289,391,391,341,359,396,146,162,58,58,8,61,11,53,38,65,107,126,252,252,202,214,254,267,354,369,369,403,353,353,478,478,504,520,537,634,634,584,603,603,653,653,653,653],"floor_reached":56,"language":"ZHS","playtime":10840,"items_purged":[],"score":980,"play_id":"93deead2-0912-4bf0-b8dc-2d49106ea65a","local_time":"20210221170152","is_ascension_mode":true,"campfire_choices":[{"data":"Slimebound:Strike_Slimebound","floor":18,"key":"PURGE"},{"data":"GremboGang","floor":25,"key":"SMITH"},{"data":"Slimebound:RallyTheTroops","floor":27,"key":"SMITH"},{"data":"Slimebound:Split","floor":43,"key":"SMITH"},{"data":"hubris:InfiniteBlow+22","floor":52,"key":"SMITH"}],"circlet_count":0,"master_deck":["Slimebound:Strike_Slimebound","Slimebound:Tackle","Slimebound:Defend_Slimebound","Slimebound:Defend_Slimebound","Slimebound:Split+1","Slimebound:CorrosiveSpit","BettingIsNotGood+1","Slimebound:RollThrough","Slimebound:Repurpose","Slimebound:OozeBath","Slimebound:Schlurp","Slimebound:GoopSpray","Slimebound:RallyTheTroops+1","Slimebound:LevelUp","Slimebound:FormOfPuddle","Slimebound:ComboTackle","Slimebound:LeechLife","Slimebound:MassFeed","Slimebound:SamplingLick+1","Slimebound:GoopSpray+1","GremboGang+1","Slimebound:Prepare+1","Flash of Steel","Slimebound:SamplingLick+1","Slimebound:LeechLife+1","Slimebound:ProtectTheBoss+1","Parasite","Slimebound:MegaLick","hubris:NaturalOne","hubris:InfiniteBlow+23","Slimebound:SplitBruiser+1","expansioncontent:Chronoboost","infinitespire:Execution","Slimebound:SlimeSpikes+1","Slimebound:Teamwork+1","Slimebound:LeechEnergy"],"relics":["Slimebound:AbsorbEndCombat","HushsDoor","LagranYue:RandomDrawCardRelic","BFFS","LetterFromLob","Slimebound:GreedOozeRelic","Blood Vial","Boot","aspiration:ChemicalBlood","SoulBox","Golden Egg","aspiration:Lifesprig","AnarchistCookbook","Ring of Chaos","HornCleat","TheBible","hubris:Icosahedron","Pondfish Scales","Simple Rune","Sozu","Matryoshka","Ccalipers","hubris:Towel"],"acts_visited":["Exordium","TheCity","TheBeyond","Exordium"],"potions_floor_usage":[16,16,16,16,16,19,23,28,29,30,32,33,33,36,37,37,40,45,45,45,45,45,49,50,50],"damage_taken":[{"damage":5,"enemies":"Cultist","floor":2,"turns":4},{"damage":12,"enemies":"Replay:BlueRogue","floor":6,"turns":7},{"damage":0,"enemies":"2 Louse","floor":8,"turns":2},{"damage":12,"enemies":"Lagavulin","floor":10,"turns":6},{"damage":6,"enemies":"Jaw Worm","floor":11,"turns":3},{"damage":5,"enemies":"downfall:LooterAlt","floor":12,"turns":2},{"damage":0,"enemies":"3 Louse","floor":13,"turns":2},{"damage":0,"enemies":"conspire:2 RoseBushes","floor":15,"turns":3},{"damage":50,"enemies":"DF_ARCHETYPE_STREAMLINE","floor":16,"turns":9},{"damage":4,"enemies":"3 Byrds","floor":19,"turns":3},{"damage":6,"enemies":"Shell Parasite","floor":20,"turns":7},{"damage":16,"enemies":"Snake Plant","floor":22,"turns":3},{"damage":6,"enemies":"downfall:FleeingMerchant","floor":23,"turns":4},{"damage":3,"enemies":"Book of Stabbing","floor":26,"turns":5},{"damage":19,"enemies":"Centurion and Healer","floor":28,"turns":6},{"damage":0,"enemies":"downfall:FleeingMerchant","floor":29,"turns":4},{"damage":17,"enemies":"Slavers","floor":30,"turns":5},{"damage":0,"enemies":"conspire:HollyBat","floor":31,"turns":6},{"damage":14,"enemies":"Snake Plant","floor":32,"turns":3},{"damage":32,"enemies":"IC_MUSHROOM_ARCHETYPE","floor":33,"turns":9},{"damage":0,"enemies":"3 Shapes","floor":36,"turns":4},{"damage":0,"enemies":"3 Darklings","floor":37,"turns":6},{"damage":14,"enemies":"Writhing Mass","floor":38,"turns":6},{"damage":17,"enemies":"Jaw Worm Horde","floor":40,"turns":4},{"damage":0,"enemies":"R_Hoarder","floor":42,"turns":5},{"damage":12,"enemies":"infinitespire:Three Voidlings","floor":45,"turns":5},{"damage":85,"enemies":"Nightmare_Alpha","floor":45,"turns":13},{"damage":20,"enemies":"Nightmare","floor":47,"turns":4},{"damage":0,"enemies":"Spire Growth","floor":48,"turns":3},{"damage":8,"enemies":"3 Darklings","floor":49,"turns":5},{"damage":0,"enemies":"WA_ARCHETYPE_DIVINITY","floor":50,"turns":3},{"damage":0,"enemies":"Small Slimes","floor":53,"turns":2},{"damage":0,"enemies":"Hiden Room Battle","floor":55,"turns":4}],"seed_played":"-4049551940010838963","potions_obtained":[{"floor":0,"key":"Fire Potion"},{"floor":0,"key":"Toxic Potion"},{"floor":0,"key":"Block Potion"},{"floor":8,"key":"Regen Potion"},{"floor":16,"key":"DuplicationPotion"},{"floor":19,"key":"GrandPatriotsElixir:ReiMu"},{"floor":26,"key":"CultistPotion"},{"floor":28,"key":"Strength Potion"},{"floor":30,"key":"Dexterity Potion"},{"floor":37,"key":"AttackPotion"},{"floor":42,"key":"Cursed Concoction"},{"floor":45,"key":"PowerPotion"},{"floor":45,"key":"GrandPatriotsElixir:ReiMu"}],"is_trial":false,"path_per_floor":["R","M","?","?","?","E","T","M","?","E","M","M","M","?","M","B",null,"R","M","M","?","M","$","T","R","E","R","M","$","E","M","M","B",null,"R","M","M","M","?","M","T","E","R","?","?","?","NM","M","M","B",null,"R","M","AVR","?","?"],"character_chosen":"SLIMEBOUND","items_purchased":["Slimebound:MassFeed","Flash of Steel"],"campfire_rested":0,"item_purchase_floors":[17,23],"current_hp_per_floor":[65,61,61,61,61,59,59,63,63,57,57,56,65,65,65,36,61,61,70,71,71,65,67,67,67,74,74,67,81,81,81,71,57,81,81,81,84,88,73,79,79,92,92,92,27,27,29,48,73,82,95,95,95,95,88,88,88,88],"gold":653,"neow_bonus":"THREE_SMALL_POTIONS","is_daily":false,"chose_seed":false,"campfire_upgraded":4,"win_rate":0.0,"timestamp":1613898112,"path_taken":["R","M","?","?","?","E","T","M","?","E","M","M","?","?","M","BOSS","R","M","M","?","M","$","T","R","E","R","?","$","E","M","M","BOSS","R","M","M","M","?","M","T","E","R","?","?","?","NM","M","M","BOSS","R","M","AVR","?","?"],"items_purchased_type":["Card","Card"],"build_version":"2020-12-22","purchased_purges":0,"victory":false,"max_hp_per_floor":[65,65,65,65,65,65,65,65,65,65,65,65,65,65,65,65,61,61,70,73,73,77,77,77,77,77,77,81,81,81,81,81,81,81,81,81,84,88,88,92,92,92,92,92,95,95,95,95,95,95,95,95,95,95,95,95,95,95],"card_choices":[{"not_picked":[],"picked":"BettingIsNotGood","floor":0},{"not_picked":["Slimebound:LevelUp","Slimebound:SplitMire"],"picked":"Slimebound:Repurpose","floor":2},{"not_picked":["Slimebound:SplitMire","Slimebound:ForwardTackle"],"picked":"Slimebound:OozeBath","floor":6},{"not_picked":["Slimebound:GoopTackle","Slimebound:SpikyOuterGoop"],"picked":"Slimebound:Schlurp","floor":8},{"not_picked":["Slimebound:SlimeBrawl","Slimebound:RainOfGoop"],"picked":"Slimebound:GoopSpray","floor":10},{"not_picked":["Slimebound:GoopSpray","Slimebound:SamplingLick"],"picked":"Slimebound:RallyTheTroops","floor":11},{"not_picked":["Slimebound:TongueLash","Slimebound:ItLooksTasty"],"picked":"Slimebound:LevelUp","floor":12},{"not_picked":["Slimebound:SplitMire","Slimebound:PressTheAttack"],"picked":"Slimebound:FormOfPuddle","floor":13},{"not_picked":["Slimebound:AcidTongue","Slimebound:FinishingTackle"],"picked":"Slimebound:ComboTackle","floor":15},{"not_picked":["Slimebound:MinionMaster","Slimebound:RallyTheTroops"],"picked":"Slimebound:LeechLife","floor":16},{"not_picked":["Slimebound:SplitAcid","Slimebound:ComboTackle"],"picked":"Slimebound:SamplingLick+1","floor":19},{"not_picked":["Slimebound:SlimeTap","Slimebound:RainOfGoop"],"picked":"Slimebound:GoopSpray+1","floor":20},{"not_picked":["Slimebound:ComboTackle","Slimebound:Chomp"],"picked":"Slimebound:Prepare+1","floor":22},{"not_picked":["Slimebound:Schlurp","Slimebound:Replication","Slimebound:SplitAcid"],"picked":"SKIP","floor":23},{"not_picked":["Slimebound:FirmFortitude","Slimebound:RejuvenatingLick","Slimebound:LeechingTouch"],"picked":"SKIP","floor":26},{"not_picked":["Slimebound:SlimeBarrage","Slimebound:TongueLash","Slimebound:Prepare"],"picked":"SKIP","floor":28},{"not_picked":["Slimebound:Prepare","Slimebound:GoopTackle+1"],"picked":"Slimebound:SamplingLick+1","floor":29},{"not_picked":["Slimebound:RallyTheTroops","Slimebound:Dissolve+1","Slimebound:Replication"],"picked":"SKIP","floor":30},{"not_picked":["Slimebound:DisruptingSlam","Slimebound:LeechEnergy","Slimebound:SplitBruiser"],"picked":"SKIP","floor":31},{"not_picked":["Slimebound:LivingWall+1","Slimebound:SplitAcid","Slimebound:FormOfPuddle"],"picked":"SKIP","floor":32},{"not_picked":["Slimebound:SplitMire+1","Slimebound:SplitLeeching+1"],"picked":"Slimebound:ProtectTheBoss+1","floor":36},{"not_picked":["Slimebound:PressTheAttack+1","Slimebound:SplitBruiser","Slimebound:SplitMire"],"picked":"SKIP","floor":37},{"not_picked":["Slimebound:DisruptingSlam","Slimebound:PressTheAttack+1","Slimebound:SplitMire+1"],"picked":"SKIP","floor":38},{"not_picked":["Slimebound:RainOfGoop","Slimebound:GoopSpray","Slimebound:LeechEnergy"],"picked":"SKIP","floor":40},{"not_picked":["Slimebound:Dissolve","Slimebound:Prepare"],"picked":"Slimebound:MegaLick","floor":42},{"not_picked":["infinitespire:SealOfDarkness+","infinitespire:Execution"],"picked":"hubris:InfiniteBlow+22","floor":45},{"not_picked":["Slimebound:ItLooksTasty","Slimebound:SamplingLick"],"picked":"Slimebound:SplitBruiser+1","floor":45},{"not_picked":["expansioncontent:InvincibleStrength","expansioncontent:HyperBeam"],"picked":"expansioncontent:Chronoboost","floor":46},{"not_picked":["hubris:Rewind","infinitespire:UltimateForm"],"picked":"infinitespire:Execution","floor":47},{"not_picked":["Slimebound:LivingWall","Slimebound:LeechingTouch"],"picked":"Slimebound:SlimeSpikes+1","floor":47},{"not_picked":["Slimebound:LeechingTouch+1","Slimebound:SamplingLick","Slimebound:FinishingTackle+1"],"picked":"SKIP","floor":48},{"not_picked":["Slimebound:ComboTackle+1","Slimebound:TongueLash+1","Slimebound:Schlurp"],"picked":"SKIP","floor":49},{"not_picked":["Slimebound:SlimeSlap","Slimebound:SelfFormingGoo"],"picked":"Slimebound:Teamwork","floor":50},{"not_picked":["Slimebound:LeechingTouch","Slimebound:SplitAcid","Slimebound:LevelUp"],"picked":"SKIP","floor":53},{"not_picked":["Slimebound:ComboTackle","Slimebound:RollThrough"],"picked":"Slimebound:LeechEnergy","floor":55}],"player_experience":212906,"relics_obtained":[{"floor":2,"key":"LetterFromLob"},{"floor":6,"key":"Blood Vial"},{"floor":7,"key":"Boot"},{"floor":10,"key":"aspiration:ChemicalBlood"},{"floor":24,"key":"Golden Egg"},{"floor":26,"key":"aspiration:Lifesprig"},{"floor":30,"key":"AnarchistCookbook"},{"floor":41,"key":"HornCleat"},{"floor":42,"key":"TheBible"},{"floor":45,"key":"Pondfish Scales"},{"floor":47,"key":"Simple Rune"},{"floor":55,"key":"Matryoshka"},{"floor":55,"key":"Ccalipers"}],"event_choices":[{"damage_healed":0,"gold_gain":0,"player_choice":"Leave","damage_taken":0,"max_hp_gain":0,"max_hp_loss":0,"event_name":"conspire:Investor","floor":3,"gold_loss":0},{"cards_removed":["Slimebound:Defend_Slimebound"],"damage_healed":0,"gold_gain":0,"player_choice":"Card Removal","damage_taken":0,"max_hp_gain":0,"max_hp_loss":0,"event_name":"The Cleric","floor":9,"gold_loss":0},{"damage_healed":0,"gold_gain":0,"player_choice":"Fight","damage_taken":0,"max_hp_gain":0,"max_hp_loss":0,"event_name":"HidenRoomEvent","floor":55,"gold_loss":0}],"is_beta":false,"boss_relics":[{"not_picked":["Honey Jar","hubris:VirtuousBlindfold"],"picked":"SoulBox"},{"not_picked":[]},{"not_picked":["Kintsugi","hubris:BlackHole"],"picked":"Ring of Chaos"},{"not_picked":[]},{"not_picked":["Replay:Drink Me","aspiration:SecretTechniqueScroll"],"picked":"Sozu"},{"not_picked":[]}],"items_purged_floors":[],"is_endless":true,"potions_floor_spawned":[8,10,12,15,19,26,28,30,31,37,42,45,47,48,55],"ascension_level":1}}