{"host":"qxzkmpmxk64zbkoo","time":1613877156,"event":{"mods":["Aspiration","BaseMod","BetterRewards","Downfall","Hermit","Marisa????????","Minty Spire (QoL Compilation)","Relic Stats","Replay The Spire","Shop Mod","StS++","StSLib","The Cursed","The Marked","The Servant 0.9.4","TheVacant"],"gold_per_floor":[113,188,18,18,98,98,123,123,123,145,188,188,222,202,202,309,309,353,353,353,7,35,35,78,78,128,182,182,224,224,271,271,404,404,448,448,157,182,242,273,273,305,305],"floor_reached":42,"language":"ENG","playtime":2614,"items_purged":["theVacant:VacantStarterStrike","Regret"],"score":472,"play_id":"95d954b1-076f-4856-9f08-5e332fdedf46","local_time":"20210220211236","is_ascension_mode":false,"campfire_choices":[{"data":"theVacant:Release","floor":6,"key":"SMITH"},{"data":"theVacant:Soothe","floor":8,"key":"SMITH"},{"data":"theVacant:ShriekingBlast","floor":12,"key":"SMITH"},{"data":"theVacant:GraveDigger","floor":15,"key":"SMITH"},{"data":"theVacant:DeathSpiral","floor":25,"key":"SMITH"},{"floor":28,"key":"REST"},{"data":"theVacant:Sneeze","floor":32,"key":"SMITH"},{"floor":41,"key":"REST"}],"circlet_count":0,"master_deck":["theVacant:VacantStarterStrike","theVacant:VacantStarterStrike","theVacant:VacantStarterDefend+1","theVacant:VacantStarterDefend","theVacant:VacantStarterDefend","theVacant:VacantStarterDefend","theVacant:Release+1","theVacant:Crunch","theVacant:Soothe+1","theVacant:VoidEmbrace","theVacant:Jab","theVacant:LichStrike+1","theVacant:GraveDigger+1","theVacant:ShriekingBlast+1","theVacant:Recover","theVacant:TheAnvil","theVacant:Sneeze+1","ReplayTheSpireMod:Doomed","theVacant:Dig","theVacant:GraveWave","Amnesia","theVacant:WaitInWrath+1","theVacant:DeathSpiral+1","theVacant:BattleScars","Writhe","theVacant:LashOut+1","theVacant:MindBreak","theVacant:Fling+1","theVacant:Expand+1","ReplayTheSpireMod:Splinters","theVacant:Fling+1","theVacant:TwistFate+1"],"relics":["theVacant:BrassGoblet","NeowsBlessing","Replay:Bandana","Replay:Accelerometer","Mirror","ChewingGum","aspiration:RitualStick","Replay:PocketPolymizer","Torii","ReplayTheSpireMod:Ring of Collecting","Ring of Searing","Pondfish Scales","Ring of Greed","Smiling Mask","The Courier","Toy Ornithopter","Painkiller Herb","Chemical X","Gremlin Food","BranchBurnRelic"],"acts_visited":["Exordium","TheCity","TheBeyond"],"potions_floor_usage":[16,39,39,39],"damage_taken":[{"damage":0,"enemies":"2 Louse","floor":1,"turns":1},{"damage":0,"enemies":"3 Sentries","floor":7,"turns":1},{"damage":0,"enemies":"Jaw Worm","floor":10,"turns":1},{"damage":25,"enemies":"Gremlin Nob","floor":11,"turns":5},{"damage":16,"enemies":"Small Slimes","floor":13,"turns":4},{"damage":39,"enemies":"Slime Boss","floor":16,"turns":8},{"damage":29,"enemies":"Shell Parasite","floor":18,"turns":5},{"damage":0,"enemies":"Spheric Guardian","floor":22,"turns":3},{"damage":13,"enemies":"Cultist and Chosen","floor":24,"turns":4},{"damage":46,"enemies":"Book of Stabbing","floor":27,"turns":5},{"damage":6,"enemies":"Snake Plant","floor":29,"turns":5},{"damage":32,"enemies":"Centurion and Healer","floor":31,"turns":4},{"damage":7,"enemies":"Automaton","floor":33,"turns":4},{"damage":35,"enemies":"3 Shapes","floor":35,"turns":3},{"damage":9,"enemies":"Orb Walker","floor":38,"turns":2},{"damage":51,"enemies":"2 Orb Walkers","floor":39,"turns":4},{"damage":30,"enemies":"Spire Growth","floor":40,"turns":3},{"damage":88,"enemies":"Giant Head","floor":42,"turns":7}],"seed_played":"8842775671436815083","potions_obtained":[{"floor":10,"key":"bronze:BurnAndBuffPotion"},{"floor":14,"key":"Death Potion"},{"floor":18,"key":"CultistPotion"},{"floor":24,"key":"StSpp:ScatteredWeakPotion"}],"is_trial":false,"path_per_floor":["M","?","$","?","?","R","E","R","T","M","E","R","M","?","R","B",null,"M","?","?","$","M","?","M","R","T","E","R","M","?","M","R","B",null,"?","?","T","?","?","?","T","E"],"character_chosen":"THE_VACANT","items_purchased":["theVacant:VoidEmbrace","theVacant:Jab","Torii","theVacant:Dig","Chemical X","Gremlin Food"],"campfire_rested":2,"item_purchase_floors":[3,3,21,21,37,37],"current_hp_per_floor":[80,69,69,69,69,69,69,69,69,69,55,55,45,45,45,21,80,60,44,44,44,44,44,41,41,41,20,44,56,56,31,31,30,80,51,51,51,50,34,4,28,0,0],"gold":305,"neow_bonus":"THREE_ENEMY_KILL","is_daily":false,"chose_seed":false,"campfire_upgraded":6,"win_rate":0.0,"timestamp":1613877156,"path_taken":["M","?","$","?","?","R","E","R","T","M","E","R","M","?","R","BOSS","M","?","?","$","?","?","M","R","T","E","R","M","?","M","R","BOSS","?","?","T","?","?","?","T","E"],"items_purchased_type":["Card","Card","Relic","Card","Relic","Relic"],"build_version":"2020-12-22","purchased_purges":2,"victory":false,"max_hp_per_floor":[80,80,80,80,80,80,80,80,80,80,80,80,80,80,80,80,80,80,80,80,80,80,80,80,80,80,80,80,80,80,80,80,80,80,80,80,80,80,83,83,83,86,86],"relic_stats":{"Torii":44,"counters":[18,69],"Chemical X":[1],"Smiling Mask":30,"obtain_stats":[{"Gremlin Food":37,"Replay:Accelerometer":9,"theVacant:BrassGoblet":0,"Replay:PocketPolymizer":20,"NeowsBlessing":0,"Torii":21,"Dead Branch":39,"Painkiller Herb":34,"The Courier":26,"Ring of Greed":26,"Smiling Mask":26,"aspiration:RitualStick":19,"Ring of Searing":23,"BranchBurnRelic":41,"Replay:Bandana":7,"Pondfish Scales":26,"ReplayTheSpireMod:Ring of Collecting":23,"ChewingGum":17,"Chemical X":37,"Mirror":11,"Toy Ornithopter":27},{"Gremlin Food":14,"Replay:Accelerometer":2,"theVacant:BrassGoblet":0,"Replay:PocketPolymizer":7,"NeowsBlessing":0,"Torii":7,"Dead Branch":16,"Painkiller Herb":13,"The Courier":9,"Ring of Greed":9,"Smiling Mask":9,"aspiration:RitualStick":7,"Ring of Searing":8,"BranchBurnRelic":17,"Replay:Bandana":2,"Pondfish Scales":9,"ReplayTheSpireMod:Ring of Collecting":8,"ChewingGum":6,"Chemical X":14,"Mirror":4,"Toy Ornithopter":10},{"Gremlin Food":53,"Replay:Accelerometer":2,"theVacant:BrassGoblet":0,"Replay:PocketPolymizer":25,"NeowsBlessing":0,"Torii":25,"Dead Branch":59,"Painkiller Herb":50,"The Courier":32,"Ring of Greed":32,"Smiling Mask":32,"aspiration:RitualStick":25,"Ring of Searing":28,"BranchBurnRelic":62,"Replay:Bandana":2,"Pondfish Scales":32,"ReplayTheSpireMod:Ring of Collecting":28,"ChewingGum":20,"Chemical X":53,"Mirror":8,"Toy Ornithopter":37}],"aspiration:RitualStick":[0],"Toy Ornithopter":15},"card_choices":[{"not_picked":["theVacant:BattleScars","theVacant:CursedBlast"],"picked":"theVacant:Soothe","floor":1},{"not_picked":["theVacant:Soothe","theVacant:Thoughtseize"],"picked":"theVacant:LichStrike","floor":7},{"not_picked":["theVacant:Jab","theVacant:Soothe"],"picked":"theVacant:GraveDigger","floor":10},{"not_picked":["theVacant:Return","theVacant:Exorcise"],"picked":"theVacant:ShriekingBlast","floor":11},{"not_picked":["theVacant:BattleScars","theVacant:ShriekingBlast"],"picked":"theVacant:Recover","floor":13},{"not_picked":["theVacant:Exorcise","theVacant:DarkStrike"],"picked":"theVacant:TheAnvil","floor":16},{"not_picked":["theVacant:Barrage","theVacant:IntoTheAbyss+1"],"picked":"theVacant:Sneeze","floor":18},{"not_picked":["theVacant:Enrage+1","theVacant:Return"],"picked":"theVacant:GraveWave","floor":22},{"not_picked":["theVacant:BattleScars","theVacant:GraveDigger+1"],"picked":"theVacant:WaitInWrath+1","floor":24},{"not_picked":["theVacant:Jab","theVacant:Enrage"],"picked":"theVacant:BattleScars","floor":27},{"not_picked":["theVacant:OnSecondThought","theVacant:GraveWave+1","theVacant:LichStrike+1"],"picked":"SKIP","floor":29},{"not_picked":["theVacant:Hex+1","theVacant:GraveWave"],"picked":"theVacant:LashOut+1","floor":31},{"not_picked":["theVacant:FromNothing","theVacant:TheAnvil"],"picked":"theVacant:MindBreak","floor":33},{"not_picked":["theVacant:Anguish","theVacant:Husk+1"],"picked":"theVacant:Fling+1","floor":35},{"not_picked":["theVacant:Hex+1","theVacant:SurpriseAttack"],"picked":"theVacant:Expand+1","floor":38},{"not_picked":["theVacant:Cower+1","theVacant:EyePoke+1"],"picked":"theVacant:Fling+1","floor":39},{"not_picked":["theVacant:ShriekingBlast","theVacant:IntoTheAbyss+1"],"picked":"theVacant:TwistFate+1","floor":40}],"player_experience":393987,"relics_obtained":[{"floor":7,"key":"Replay:Bandana"},{"floor":9,"key":"Replay:Accelerometer"},{"floor":11,"key":"Mirror"},{"floor":23,"key":"ReplayTheSpireMod:Ring of Collecting"},{"floor":23,"key":"Ring of Searing"},{"floor":26,"key":"Pondfish Scales"},{"floor":26,"key":"Ring of Greed"},{"floor":26,"key":"Smiling Mask"},{"floor":26,"key":"The Courier"},{"floor":27,"key":"Toy Ornithopter"},{"floor":39,"key":"Dead Branch"}],"event_choices":[{"damage_healed":0,"gold_gain":75,"player_choice":"Gather Gold","damage_taken":11,"max_hp_gain":0,"max_hp_loss":0,"event_name":"World of Goop","floor":2,"gold_loss":0},{"damage_healed":0,"gold_gain":0,"player_choice":"Bought 1 Potion","damage_taken":0,"max_hp_gain":0,"max_hp_loss":0,"event_name":"The Woman in Blue","floor":14,"gold_loss":0},{"cards_removed":["Delirium"],"damage_healed":0,"gold_gain":0,"player_choice":"Purged","damage_taken":0,"max_hp_gain":0,"max_hp_loss":0,"event_name":"Purifier","floor":36,"gold_loss":0},{"damage_healed":0,"gold_gain":0,"player_choice":"Fight","damage_taken":0,"max_hp_gain":0,"max_hp_loss":0,"event_name":"Mysterious Sphere","floor":39,"gold_loss":0}],"is_beta":false,"boss_relics":[{"not_picked":["Replay:Drink Me","StSpp:Magatama"],"picked":"ChewingGum"},{"not_picked":["Tiny House","Astrolabe"],"picked":"Painkiller Herb"}],"items_purged_floors":[3,37],"is_endless":false,"potions_floor_spawned":[10,18,24,33,35],"killed_by":"Giant Head","ascension_level":0}}