{"host":"21o28mgl9u9ntir2","time":1613915856,"event":{"mods":["BaseMod","BetterRewards","Colored Powertips","Minty Spire (QoL Compilation)","Quick Restart","Remove Card Discount Mod","SOS（斯巴达之子）","Spicy Shops","StSLib","SuperFastMode","[IsaacMod]以撒尖塔","【遗物卡牌】REMEMod","残留之物"],"gold_per_floor":[116,131,181,195,40,40,65,65,146,221,251,251,272,272,272,402,402,416,416,416,341,341,367,367,393,393,408,422,422,433,460,460,565,615,626,626,646,646,646,646,672,692,766,766,800,811,846,846,846,846,846,846,846,873,873],"floor_reached":56,"language":"ZHS","playtime":1572,"items_purged":["PlaceholderMod:BaseStrike","PlaceholderMod:BaseDefend","PlaceholderMod:PoisonAbsorb","PlaceholderMod:BaseDefend","PlaceholderMod:BaseStrike","PlaceholderMod:BaseDefend","PlaceholderMod:BaseStrike","PlaceholderMod:PoisonWhip","PlaceholderMod:BaseStrike","PlaceholderMod:BaseDefend","PlaceholderMod:BaseDefend","PlaceholderMod:HardStinger+1","PlaceholderMod:NutritionAbsorb+1"],"score":2468,"play_id":"7df086d1-0ad7-4b50-ba65-f8092ea96b39","local_time":"20210221215736","is_ascension_mode":true,"campfire_choices":[{"data":"PlaceholderMod:PoisonExcitation","floor":6.0,"key":"SMITH"},{"data":"PlaceholderMod:FinalSpray","floor":8.0,"key":"SMITH"},{"floor":15.0,"key":"RECALL"},{"data":"PlaceholderMod:DiffusionPoison","floor":24.0,"key":"SMITH"},{"data":"PlaceholderMod:HardStinger","floor":32.0,"key":"SMITH"},{"data":"PlaceholderMod:DiffusionPoison","floor":40.0,"key":"SMITH"}],"circlet_count":0,"master_deck":["PlaceholderMod:BaseStrike+1","PlaceholderMod:PoisonExcitation+1","PlaceholderMod:FinalSpray+1","PlaceholderMod:BaseStrike+1","PlaceholderMod:PoisonAbsorb+1","PlaceholderMod:CorePoison+1","PlaceholderMod:HardStinger+1","PlaceholderMod:DirectingGroup+1","PlaceholderMod:DiffusionPoison+1","PlaceholderMod:DiffusionPoison+1"],"relics":["PlaceholderMod:Tancle","HushsDoor","REME_ComplimentaryCards","BookofShadows","Pear","Torii","DeadEye","Omamori","Orrery","Strange Spoon","Ginger","Membership Card","Lee\u0027s Waffle","Toxic Egg 2","Bag of Preparation","Orichalcum","Singing Bowl","Gremlin Horn","PlaceholderMod:Abhoth","Potion Belt","Juzu Bracelet","Shuriken","Vajra","Turnip","Bottled Flame","Letter Opener","AnarchistCookbook","Bloody Idol","Coffee Dripper","GuppysHairball","GuppysHead","MomsKnife","Lantern","SteamSale","REME_LimitBreaker","Mercury Hourglass","Toy Ornithopter","TheAbacus","Art of War","Thread and Needle","Leech","TheBible","SalivaCoin","Tiny House","GuppysTail","Happy Flower","BelialBook","Nunchaku","BookOfRevelations","Bronze Scales","Sling","Eternal Feather","Frozen Eye","HowToJump","DeathBook","PlaceholderMod:DaolothFragment","Boot","TheBean","FossilizedHelix","ClockworkSouvenir","D6","SatanicBible","HandDrill","NineVolt","InkBottle","Kunai"],"acts_visited":["Exordium","TheCity","TheBeyond","TheEnding"],"potions_floor_usage":[55,55,55,55,55,55,55,55,55,55,55,55,55,55,55],"damage_taken":[{"damage":0.0,"enemies":"Jaw Worm","floor":1.0,"turns":3.0},{"damage":0.0,"enemies":"Cultist","floor":2.0,"turns":3.0},{"damage":0.0,"enemies":"Hiden Room Battle","floor":3.0,"turns":1.0},{"damage":1.0,"enemies":"Small Slimes","floor":4.0,"turns":2.0},{"damage":0.0,"enemies":"Gremlin Nob","floor":7.0,"turns":1.0},{"damage":0.0,"enemies":"3 Sentries","floor":11.0,"turns":5.0},{"damage":0.0,"enemies":"Looter","floor":13.0,"turns":2.0},{"damage":0.0,"enemies":"Hexaghost","floor":16.0,"turns":2.0},{"damage":0.0,"enemies":"Spheric Guardian","floor":18.0,"turns":2.0},{"damage":0.0,"enemies":"Book of Stabbing","floor":23.0,"turns":2.0},{"damage":0.0,"enemies":"REME_1_Revenger","floor":25.0,"turns":2.0},{"damage":0.0,"enemies":"Chosen","floor":27.0,"turns":2.0},{"damage":0.0,"enemies":"Shelled Parasite and Fungi","floor":28.0,"turns":1.0},{"damage":0.0,"enemies":"Cultist and Chosen","floor":30.0,"turns":2.0},{"damage":0.0,"enemies":"Gremlin Leader","floor":31.0,"turns":2.0},{"damage":0.0,"enemies":"Collector","floor":33.0,"turns":2.0},{"damage":0.0,"enemies":"3 Shapes","floor":35.0,"turns":1.0},{"damage":0.0,"enemies":"Orb Walker","floor":37.0,"turns":1.0},{"damage":0.0,"enemies":"Reptomancer","floor":41.0,"turns":2.0},{"damage":0.0,"enemies":"Writhing Mass","floor":42.0,"turns":2.0},{"damage":0,"enemies":"Nemesis","floor":45,"turns":1},{"damage":0,"enemies":"4 Shapes","floor":46,"turns":1},{"damage":0,"enemies":"Reptomancer","floor":47,"turns":2},{"damage":0,"enemies":"Time Eater","floor":50,"turns":3},{"damage":0,"enemies":"Shield and Spear","floor":54,"turns":2},{"damage":0,"enemies":"LittleHush","floor":55,"turns":10}],"seed_played":"-1092307047898591113","potions_obtained":[{"floor":2.0,"key":"DuplicationPotion"},{"floor":4.0,"key":"LiquidMemories"},{"floor":11.0,"key":"SkillPotion"},{"floor":23.0,"key":"PowerPotion"},{"floor":34.0,"key":"Block Potion"}],"is_trial":false,"path_per_floor":["M","M","?","M","$","R","E","R","T","?","E","?","M","?","R","B",null,"M","?","?","$","?","E","R","E","T","M","M","?","M","E","R","B",null,"M","$","M","?","$","R","E","M","T","R","E","M","E","$","R","B",null,"R","$","E","B",null],"character_chosen":"THE_PLACEHOLDER","items_purchased":["Pear","Torii","DeadEye","Bomb","Omamori","Orrery","PlaceholderMod:FinalSpray","PlaceholderMod:HardStinger","Strange Spoon","Ginger","Membership Card","Lee\u0027s Waffle","Toxic Egg 2","PlaceholderMod:PoisonAbsorb+1","Bag of Preparation","Orichalcum","Singing Bowl","Gremlin Horn","PlaceholderMod:Abhoth","PlaceholderMod:CorePoison+1","Potion Belt","Juzu Bracelet","PlaceholderMod:HardStinger+1","Turnip","GuppysHairball","GuppysHead","MomsKnife","SteamSale","REME_LimitBreaker","Mercury Hourglass","Toy Ornithopter","TheAbacus","Art of War","REME_GoldPotion","EntropicBrew","GuppysTail","PlaceholderMod:DiffusionPoison","Happy Flower","BelialBook","Nunchaku","PowerPotion","BookOfRevelations","Bronze Scales","Sling","Eternal Feather","Frozen Eye","Boot","TheBean","FossilizedHelix","ClockworkSouvenir","EntropicBrew","D6","SatanicBible","HandDrill","NineVolt","InkBottle"],"campfire_rested":0,"item_purchase_floors":[0,0,0,0,0,0,0,0,0,0,0,0,0,0,0,0,0,0,0,0,0,0,0,5,17,17,17,21,21,21,21,21,21,21,21,34,34,36,36,36,36,39,39,39,39,39,48,48,48,48,48,53,53,53,53,53],"current_hp_per_floor":[97,97,97,98,98,98,100,100,100,89,91,91,93,93,93,93,45,47,47,32,42,42,49,49,51,51,53,55,55,57,59,59,61,50,52,52,54,51,51,51,53,55,55,55,57,59,61,61,61,61,61,61,61,63,63],"gold":873,"neow_bonus":"","is_daily":false,"chose_seed":false,"campfire_upgraded":5,"win_rate":0.0,"timestamp":1613915856,"path_taken":["M","M","?","M","$","R","E","R","T","?","E","?","M","?","R","BOSS","M","?","?","$","?","E","R","E","T","M","M","?","M","E","R","BOSS","M","$","M","?","$","R","E","M","T","R","E","M","E","?","R","BOSS","R","$","E","BOSS"],"items_purchased_type":["Relic","Relic","Relic","Card","Relic","Relic","Card","Card","Relic","Relic","Relic","Relic","Relic","Card","Relic","Relic","Relic","Relic","Relic","Card","Relic","Relic","Card","Relic","Relic","Relic","Relic","Relic","Relic","Relic","Relic","Relic","Relic","Potion","Potion","Relic","Card","Relic","Relic","Relic","Potion","Relic","Relic","Relic","Relic","Relic","Relic","Relic","Relic","Relic","Potion","Relic","Relic","Relic","Relic","Relic"],"build_version":"2020-12-22","purchased_purges":13,"victory":true,"max_hp_per_floor":[97,97,97,99,99,99,101,101,101,101,103,95,97,97,97,97,45,47,47,47,47,47,49,49,51,51,53,55,55,57,59,59,61,50,52,52,54,51,51,51,53,55,55,55,57,59,61,61,61,61,61,61,61,63,63],"card_choices":[{"not_picked":["PlaceholderMod:GrowthForm","PlaceholderMod:StrongAcid"],"picked":"PlaceholderMod:PoisonExcitation","floor":0.0},{"not_picked":["PlaceholderMod:Corrosion","PlaceholderMod:Internalization"],"picked":"PlaceholderMod:PoisonAbsorb","floor":0.0},{"not_picked":["PlaceholderMod:ConsolidateHit","PlaceholderMod:DiffusionChemical"],"picked":"Bomb","floor":0.0},{"not_picked":["PlaceholderMod:ComplexForm","PlaceholderMod:HighConcentration","PlaceholderMod:ThreeBenzyolStart"],"picked":"Singing Bowl","floor":1.0},{"not_picked":["PlaceholderMod:AttackAsDefend","PlaceholderMod:Internalization+1"],"picked":"Bomb","floor":2.0},{"not_picked":["PlaceholderMod:NearChange+1","PlaceholderMod:HealingAttack"],"picked":"PlaceholderMod:DirectingGroup+1","floor":3.0},{"not_picked":["PlaceholderMod:StressReaction+1","PlaceholderMod:Colorful","PlaceholderMod:TriggerStrike"],"picked":"Singing Bowl","floor":4.0},{"not_picked":["PlaceholderMod:SevereHeat+1","PlaceholderMod:SubstitutionNucleophilic1","PlaceholderMod:GrowthForm"],"picked":"Singing Bowl","floor":7.0},{"not_picked":["PlaceholderMod:Polyp+1","PlaceholderMod:NearChange+1","PlaceholderMod:Turn+1"],"picked":"Singing Bowl","floor":11.0},{"not_picked":["PlaceholderMod:ParasiteChange+1","PlaceholderMod:DissolvingSpikes","PlaceholderMod:HardStrike"],"picked":"Singing Bowl","floor":13.0},{"not_picked":["PlaceholderMod:Inner","PlaceholderMod:CorePoison+1"],"picked":"PlaceholderMod:DiffusionPoison","floor":16.0},{"not_picked":["PlaceholderMod:SprayAttack+1","PlaceholderMod:HighConcentration+1","PlaceholderMod:TriggerStrike"],"picked":"Singing Bowl","floor":18.0},{"not_picked":["PlaceholderMod:EvolutionSpray","PlaceholderMod:Turn+1","PlaceholderMod:SpinBlade"],"picked":"Singing Bowl","floor":23.0},{"not_picked":["PlaceholderMod:AbsorbTouch","PlaceholderMod:DirectingGroup+1","PlaceholderMod:HardStinger+1"],"picked":"Singing Bowl","floor":25.0},{"not_picked":["PlaceholderMod:HardStrike","PlaceholderMod:MultipleOxi+1","PlaceholderMod:HornyBlast"],"picked":"Singing Bowl","floor":27.0},{"not_picked":["PlaceholderMod:CycleAttack","PlaceholderMod:SelectReaction+1","PlaceholderMod:Stable+1"],"picked":"Singing Bowl","floor":28.0},{"not_picked":["PlaceholderMod:StressReaction+1","PlaceholderMod:DirectingGroup+1","PlaceholderMod:AttackAsDefend"],"picked":"Singing Bowl","floor":30.0},{"not_picked":["PlaceholderMod:CycleAttack","PlaceholderMod:Corrosion+1","PlaceholderMod:HardStrike+1"],"picked":"Singing Bowl","floor":31.0},{"not_picked":["PlaceholderMod:DoublePoint+1","PlaceholderMod:BlastSpray","PlaceholderMod:Activation+1"],"picked":"Singing Bowl","floor":33.0},{"not_picked":["PlaceholderMod:Internalization+1","PlaceholderMod:HardStinger+1","PlaceholderMod:Sweep+1"],"picked":"Singing Bowl","floor":34.0},{"not_picked":["PlaceholderMod:DissolvingSpikes","PlaceholderMod:Package+1","PlaceholderMod:StrongAcid+1"],"picked":"Singing Bowl","floor":35.0},{"not_picked":["PlaceholderMod:AttackAsDefend+1","PlaceholderMod:SpinBlade+1","PlaceholderMod:ProliferateStrike+1"],"picked":"Singing Bowl","floor":37.0},{"not_picked":["PlaceholderMod:PoisonAbsorb+1","PlaceholderMod:Internalization+1","PlaceholderMod:Activation+1"],"picked":"Singing Bowl","floor":41.0},{"not_picked":["PlaceholderMod:InnerStable+1","PlaceholderMod:AttackAsDefend","PlaceholderMod:HornyBlast"],"picked":"Singing Bowl","floor":42.0},{"not_picked":["PlaceholderMod:HighConcentration+1","PlaceholderMod:AttackAsDefend","PlaceholderMod:TriggerStrike"],"picked":"Singing Bowl","floor":45},{"not_picked":["PlaceholderMod:PoisonAbsorb+1","PlaceholderMod:Polyp+1","PlaceholderMod:ContinueSpray+1"],"picked":"Singing Bowl","floor":46},{"not_picked":["PlaceholderMod:StressReaction+1","PlaceholderMod:DirectingGroup+1","PlaceholderMod:InnerStable+1"],"picked":"Singing Bowl","floor":47},{"not_picked":["PlaceholderMod:HardStrike","PlaceholderMod:Package+1","PlaceholderMod:ProliferateStrike+1"],"picked":"Singing Bowl","floor":54}],"player_experience":757611,"relics_obtained":[{"floor":3.0,"key":"Shuriken"},{"floor":3.0,"key":"Vajra"},{"floor":7.0,"key":"Bottled Flame"},{"floor":9.0,"key":"Letter Opener"},{"floor":11.0,"key":"AnarchistCookbook"},{"floor":23.0,"key":"Thread and Needle"},{"floor":25.0,"key":"Leech"},{"floor":26.0,"key":"TheBible"},{"floor":31.0,"key":"SalivaCoin"},{"floor":41.0,"key":"HowToJump"},{"floor":45,"key":"DeathBook"},{"floor":47,"key":"PlaceholderMod:DaolothFragment"},{"floor":54,"key":"Kunai"}],"event_choices":[{"damage_healed":0.0,"max_hp_gain":0.0,"max_hp_loss":0.0,"gold_gain":0.0,"event_name":"HidenRoomEvent","player_choice":"Fight","floor":3.0,"gold_loss":0.0,"damage_taken":0.0},{"damage_healed":0.0,"max_hp_gain":0.0,"max_hp_loss":0.0,"gold_gain":75.0,"event_name":"World of Goop","player_choice":"Gather Gold","floor":10.0,"gold_loss":0.0,"damage_taken":11.0},{"damage_healed":0.0,"max_hp_gain":0.0,"max_hp_loss":8.0,"gold_gain":0.0,"event_name":"Golden Idol","player_choice":"Lose Max HP","floor":12.0,"gold_loss":0.0,"damage_taken":0.0,"relics_obtained":["Golden Idol"]},{"damage_healed":0.0,"max_hp_gain":0.0,"max_hp_loss":0.0,"gold_gain":0.0,"cards_transformed":["PlaceholderMod:Crystal"],"event_name":"Living Wall","player_choice":"Change","floor":14.0,"gold_loss":0.0,"damage_taken":0.0,"cards_obtained":["PlaceholderMod:NutritionAbsorb"]},{"damage_healed":0.0,"max_hp_gain":0.0,"max_hp_loss":0.0,"gold_gain":0.0,"event_name":"Forgotten Altar","player_choice":"Gave Idol","floor":19.0,"relics_lost":["Golden Idol"],"gold_loss":0.0,"damage_taken":0.0,"relics_obtained":["Bloody Idol"]},{"damage_healed":0.0,"max_hp_gain":0.0,"max_hp_loss":0.0,"gold_gain":0.0,"event_name":"Beggar","player_choice":"Ignored","floor":22.0,"gold_loss":0.0,"damage_taken":0.0},{"damage_healed":0.0,"max_hp_gain":0.0,"max_hp_loss":0.0,"gold_gain":0.0,"event_name":"Vampires","player_choice":"Ignored","floor":29.0,"gold_loss":0.0,"damage_taken":0.0},{"damage_healed":0.0,"max_hp_gain":0.0,"max_hp_loss":3.0,"gold_gain":0.0,"event_name":"Winding Halls","player_choice":"Max HP","floor":38.0,"gold_loss":0.0,"damage_taken":0.0}],"is_beta":false,"boss_relics":[{"not_picked":["Snecko Eye","REME_ChargedStone"],"picked":"Coffee Dripper"},{"not_picked":[]},{"not_picked":["Runic Dome","Runic Pyramid"],"picked":"Tiny House"},{"not_picked":[]}],"items_purged_floors":[0,0,0,0,5,5,5,5,21,21,21,34,36],"is_endless":false,"potions_floor_spawned":[2,4,11,23,28,30,35,41,46,47],"ascension_level":5}}