{"host":"o88u0awh8mkwl1l8","time":1613869781,"event":{"mods":["BaseMod","Colored Map","Highlight Path","Minty Spire (QoL Compilation)","Relic Sorter"],"gold_per_floor":[109,122,122,132,11,11,11,54,54,88,113,131,131,131,131],"floor_reached":14,"language":"JPN","playtime":688,"items_purged":["Regret"],"score":200,"play_id":"04b6fe9c-a540-413d-aad8-d17ecd8892ee","local_time":"20210221100941","is_ascension_mode":true,"campfire_choices":[{"data":"Uppercut","floor":6.0,"key":"SMITH"},{"data":"Berserk","floor":13,"key":"SMITH"}],"circlet_count":0,"master_deck":["AscendersBane","Strike_R","Strike_R","Strike_R","Strike_R","Strike_R","Defend_R","Defend_R","Defend_R","Defend_R","Bash","Immolate","Uppercut+1","Headbutt","Berserk+1","Injury","Reaper+1","Dropkick+1","Armaments"],"relics":["Burning Blood","The Courier","Golden Idol","Molten Egg 2","Orichalcum","Blue Candle"],"acts_visited":["Exordium"],"potions_floor_usage":[8,10],"damage_taken":[{"damage":4.0,"enemies":"Jaw Worm","floor":1.0,"turns":3.0},{"damage":7.0,"enemies":"Small Slimes","floor":2.0,"turns":2.0},{"damage":0.0,"enemies":"Cultist","floor":4.0,"turns":2.0},{"damage":30,"enemies":"Lagavulin","floor":8,"turns":6},{"damage":20,"enemies":"Gremlin Nob","floor":10,"turns":4},{"damage":11,"enemies":"Looter","floor":11,"turns":3},{"damage":7,"enemies":"Blue Slaver","floor":12,"turns":3},{"damage":24,"enemies":"3 Sentries","floor":14,"turns":2}],"seed_played":"-4447874039722752565","potions_obtained":[{"floor":2.0,"key":"Ancient Potion"},{"floor":4.0,"key":"SkillPotion"}],"is_trial":false,"path_per_floor":["M","M","?","M","$","R","?","E","T","E","M","M","R","E"],"character_chosen":"IRONCLAD","items_purchased":["Berserk"],"campfire_rested":0,"item_purchase_floors":[5],"current_hp_per_floor":[70,69,43,49,49,49,49,25,25,16,18,17,17,0,0],"gold":131,"neow_bonus":"THREE_RARE_CARDS","is_daily":false,"chose_seed":false,"campfire_upgraded":2,"win_rate":0.0,"timestamp":1613869781,"path_taken":["M","M","?","M","$","R","?","E","T","E","M","M","R","E"],"items_purchased_type":["Card"],"build_version":"2020-12-22","purchased_purges":1,"victory":false,"max_hp_per_floor":[75,75,75,75,75,75,75,75,75,75,75,75,75,75,75],"card_choices":[{"not_picked":["Brutality","Berserk"],"picked":"Immolate","floor":0.0},{"not_picked":["Sword Boomerang","Clash"],"picked":"Uppercut","floor":1.0},{"not_picked":["Wild Strike","Clothesline"],"picked":"Headbutt","floor":2.0},{"not_picked":["Combust","Carnage","Wild Strike"],"picked":"SKIP","floor":4.0},{"not_picked":["Shockwave","Metallicize"],"picked":"Reaper+1","floor":8},{"not_picked":["Thunderclap+1","Rage"],"picked":"Dropkick+1","floor":10},{"not_picked":["Uppercut+1","Havoc"],"picked":"Armaments","floor":11},{"not_picked":["Rage","Burning Pact","Pummel+1"],"picked":"SKIP","floor":12},{"not_picked":["Rage","Burning Pact","Pummel+1"],"picked":"SKIP","floor":12}],"player_experience":1316057,"relics_obtained":[{"floor":8,"key":"Molten Egg 2"},{"floor":9,"key":"Orichalcum"},{"floor":10,"key":"Blue Candle"}],"event_choices":[{"damage_healed":0.0,"max_hp_gain":0.0,"max_hp_loss":0.0,"gold_gain":0.0,"event_name":"Scrap Ooze","player_choice":"Success","floor":3.0,"gold_loss":0.0,"damage_taken":26.0,"relics_obtained":["The Courier"]},{"damage_healed":0.0,"max_hp_gain":0.0,"max_hp_loss":0.0,"gold_gain":0.0,"event_name":"Golden Idol","player_choice":"Take Wound","floor":7.0,"gold_loss":0.0,"damage_taken":0.0,"relics_obtained":["Golden Idol"],"cards_obtained":["Injury"]}],"is_beta":false,"boss_relics":[],"items_purged_floors":[5],"is_endless":false,"potions_floor_spawned":[2,4],"killed_by":"3 Sentries","ascension_level":20}}