{"host":"snczp9esof91ppiq","time":1613895532,"event":{"mods":["AchievementEnabler","BaseMod","Better Match","Better Note","Better Sensory Stone","Better Skull","Colored Map","Colored Powertips","Hermit","Minty Spire (QoL Compilation)","Relic Stats","StSLib"],"gold_per_floor":[116,116,127,139,153,153,180,25,75,94,194,208,208,219,219,293,293,311,326,43,63,63],"floor_reached":21,"language":"ENG","playtime":1108,"items_purged":["Strike_R"],"score":311,"play_id":"3a959a5b-f95d-48cc-83eb-9d2edc423678","local_time":"20210221021852","is_ascension_mode":true,"campfire_choices":[{"data":"True Grit","floor":6,"key":"SMITH"},{"floor":13,"key":"REST"},{"data":"Shrug It Off","floor":15,"key":"SMITH"}],"circlet_count":0,"master_deck":["AscendersBane","Strike_R","Strike_R","Strike_R","Strike_R","Defend_R","Defend_R","Defend_R","Defend_R","Bash","True Grit+1","Cleave+1","True Grit+1","Pommel Strike","Twin Strike","Thunderclap+1","Intimidate","Shrug It Off+1","Juggernaut+1","Inflame+1","Inflame+1","HandOfGreed"],"relics":["Burning Blood","Frozen Egg 2","Membership Card","Bag of Marbles","Mark of Pain","Whetstone"],"acts_visited":["Exordium","TheCity"],"potions_floor_usage":[7,14,16,16,21],"damage_taken":[{"damage":8,"enemies":"2 Louse","floor":1,"turns":3},{"damage":1,"enemies":"Cultist","floor":3,"turns":4},{"damage":3,"enemies":"Jaw Worm","floor":4,"turns":3},{"damage":0,"enemies":"3 Louse","floor":5,"turns":5},{"damage":37,"enemies":"Lagavulin","floor":7,"turns":8},{"damage":7,"enemies":"Looter","floor":10,"turns":3},{"damage":9,"enemies":"Red Slaver","floor":12,"turns":3},{"damage":1,"enemies":"Large Slime","floor":14,"turns":4},{"damage":15,"enemies":"Slime Boss","floor":16,"turns":11},{"damage":25,"enemies":"Chosen","floor":18,"turns":5},{"damage":54,"enemies":"3 Byrds","floor":19,"turns":6},{"damage":27,"enemies":"Sentry and Sphere","floor":21,"turns":3}],"seed_played":"-7862253144510452260","potions_obtained":[{"floor":3,"key":"Block Potion"},{"floor":4,"key":"Swift Potion"},{"floor":10,"key":"Swift Potion"},{"floor":14,"key":"SteroidPotion"}],"is_trial":false,"path_per_floor":["M","?","M","M","M","R","E","$","T","M","?","M","R","M","R","B",null,"M","M","$","M"],"character_chosen":"IRONCLAD","items_purchased":["Membership Card","Regen Potion","HandOfGreed","Whetstone","CultistPotion"],"campfire_rested":1,"item_purchase_floors":[8,20,20,20,20],"current_hp_per_floor":[73,73,78,81,82,82,51,51,51,50,50,47,71,76,76,67,78,59,11,11,0,0],"gold":63,"neow_bonus":"TEN_PERCENT_HP_BONUS","is_daily":false,"chose_seed":false,"campfire_upgraded":2,"win_rate":0.0,"timestamp":1613895532,"path_taken":["M","?","?","M","M","R","E","$","T","M","?","?","R","M","R","BOSS","M","M","$","M"],"items_purchased_type":["Relic","Potion","Card","Relic","Potion"],"build_version":"2020-12-22","purchased_purges":1,"victory":false,"max_hp_per_floor":[82,82,82,82,82,82,82,82,82,82,82,82,82,82,82,82,82,82,82,82,82,82],"relic_stats":{"counters":[12,58],"Whetstone":["Cleave","Thunderclap"],"obtain_stats":[{"Mark of Pain":17,"Bag of Marbles":9,"Membership Card":8,"Whetstone":20,"Frozen Egg 2":7,"Burning Blood":0},{"Mark of Pain":9,"Bag of Marbles":5,"Membership Card":5,"Whetstone":11,"Frozen Egg 2":5,"Burning Blood":0},{"Mark of Pain":44,"Bag of Marbles":23,"Membership Card":23,"Whetstone":55,"Frozen Egg 2":23,"Burning Blood":0}],"Burning Blood":61},"card_choices":[{"not_picked":["Havoc","Burning Pact"],"picked":"True Grit","floor":1},{"not_picked":["Heavy Blade","Headbutt"],"picked":"Cleave","floor":3},{"not_picked":["Second Wind","Warcry"],"picked":"True Grit","floor":4},{"not_picked":["Berserk","Thunderclap"],"picked":"Pommel Strike","floor":5},{"not_picked":["Flex","Body Slam"],"picked":"Twin Strike","floor":7},{"not_picked":["Shockwave","Bloodletting"],"picked":"Thunderclap","floor":10},{"not_picked":["Carnage","Whirlwind"],"picked":"Intimidate","floor":12},{"not_picked":["Infernal Blade","Ghostly Armor"],"picked":"Shrug It Off","floor":14},{"not_picked":["Impervious","Bludgeon"],"picked":"Juggernaut+1","floor":16},{"not_picked":["Armaments","Twin Strike"],"picked":"Inflame+1","floor":18},{"not_picked":["Armaments","Rupture+1"],"picked":"Inflame+1","floor":19}],"player_experience":935107,"relics_obtained":[{"floor":7,"key":"Frozen Egg 2"},{"floor":9,"key":"Bag of Marbles"}],"event_choices":[{"damage_healed":0,"gold_gain":0,"player_choice":"Forge","damage_taken":0,"max_hp_gain":0,"max_hp_loss":0,"event_name":"Accursed Blacksmith","floor":2,"gold_loss":0,"cards_upgraded":["True Grit"]},{"damage_healed":0,"gold_gain":100,"player_choice":"Pray","damage_taken":0,"max_hp_gain":0,"max_hp_loss":0,"event_name":"Golden Shrine","floor":11,"gold_loss":0}],"is_beta":false,"boss_relics":[{"not_picked":["Black Star","Philosopher\u0027s Stone"],"picked":"Mark of Pain"}],"items_purged_floors":[20],"is_endless":false,"potions_floor_spawned":[3,4,10,14],"killed_by":"Sentry and Sphere","ascension_level":14}}