{"host":"pfy6u49v5s5r680p","time":1613886054,"event":{"mods":["BaseMod","Colored Map","DeckTracker","Highlight Path","Keyboard Shortcuts","Minty Spire (QoL Compilation)","Permanent Neow","Quick Restart","StSLib","SuperFastMode","everything is the same but u backflip on backflip"],"gold_per_floor":[118,43,55,66,66,93,93,105,105,121,21,40,70,23,23,125,125,142,157,157,32,42,42,42,77,100,131,143,166,178,203,215,227,227],"floor_reached":33,"language":"KOR","playtime":799,"items_purged":["Strike_B","Strike_B","Heatsinks"],"score":261,"play_id":"396476a1-e707-4096-9c39-e5b21cceacbe","local_time":"20210221144054","is_ascension_mode":true,"campfire_choices":[{"data":"Thunder Strike","floor":7.0,"key":"SMITH"},{"floor":15.0,"key":"REST"},{"data":"Zap","floor":23.0,"key":"SMITH"},{"data":"Zap","floor":28.0,"key":"SMITH"},{"floor":32.0,"key":"REST"}],"circlet_count":0,"master_deck":["Zap+1","Dualcast","Thunder Strike+1","Tempest","Coolheaded","Static Discharge","Zap+1","Dark Shackles","Redo","Redo","Hyperbeam","Multi-Cast","Defragment","Go for the Eyes","Core Surge","Go for the Eyes","Recycle","Hologram+1"],"relics":["Cracked Core","Centennial Puzzle","Whetstone","Pandora\u0027s Box","Red Mask","MawBank"],"acts_visited":["Exordium","TheCity"],"potions_floor_usage":[33],"damage_taken":[{"damage":6.0,"enemies":"Jaw Worm","floor":1.0,"turns":3.0},{"damage":0.0,"enemies":"Cultist","floor":3.0,"turns":2.0},{"damage":3.0,"enemies":"Small Slimes","floor":4.0,"turns":2.0},{"damage":25.0,"enemies":"Lagavulin","floor":6.0,"turns":5.0},{"damage":12.0,"enemies":"Exordium Wildlife","floor":8.0,"turns":2.0},{"damage":3.0,"enemies":"Red Slaver","floor":10.0,"turns":3.0},{"damage":1.0,"enemies":"2 Fungi Beasts","floor":12.0,"turns":3.0},{"damage":8.0,"enemies":"Hexaghost","floor":16.0,"turns":7.0},{"damage":10.0,"enemies":"3 Byrds","floor":18.0,"turns":3.0},{"damage":10.0,"enemies":"Spheric Guardian","floor":19.0,"turns":3.0},{"damage":18.0,"enemies":"3 Cultists","floor":22.0,"turns":4.0},{"damage":10.0,"enemies":"Masked Bandits","floor":25.0,"turns":2.0},{"damage":6.0,"enemies":"Cultist and Chosen","floor":27.0,"turns":4.0},{"damage":12.0,"enemies":"Shelled Parasite and Fungi","floor":29.0,"turns":4.0},{"damage":0.0,"enemies":"Snake Plant","floor":31.0,"turns":3.0},{"damage":32,"enemies":"Champ","floor":33,"turns":5}],"seed_played":"-7318481927301534654","potions_obtained":[{"floor":1.0,"key":"AttackPotion"},{"floor":4.0,"key":"Strength Potion"},{"floor":10.0,"key":"Explosive Potion"},{"floor":22.0,"key":"Regen Potion"},{"floor":27.0,"key":"DistilledChaos"},{"floor":29.0,"key":"AttackPotion"}],"is_trial":false,"path_per_floor":["M","$","M","M","?","E","R","M","T","M","$","M","?","$","R","B",null,"M","M","?","$","M","R","$","?","T","M","R","M","?","M","R","B"],"character_chosen":"DEFECT","items_purchased":["Redo"],"campfire_rested":2,"item_purchase_floors":[14],"current_hp_per_floor":[62,62,62,59,59,34,34,22,22,19,19,18,18,18,38,30,68,58,48,48,48,30,30,30,25,25,19,19,7,7,7,27,0,0],"gold":227,"neow_bonus":"THREE_RARE_CARDS","is_daily":false,"chose_seed":false,"campfire_upgraded":3,"win_rate":0.0,"timestamp":1613886054,"path_taken":["M","$","M","M","?","E","R","M","T","M","$","?","?","$","R","BOSS","M","M","?","$","?","R","$","?","T","M","R","M","?","M","R","BOSS"],"items_purchased_type":["Card"],"build_version":"2020-12-22","purchased_purges":3,"victory":false,"max_hp_per_floor":[68,68,68,68,68,68,68,68,68,68,68,68,68,68,68,68,68,68,68,68,68,68,68,68,68,68,68,68,68,68,68,68,68,68],"card_choices":[{"not_picked":["Meteor Strike","Reboot"],"picked":"Thunder Strike","floor":0.0},{"not_picked":["Leap","Rebound"],"picked":"Tempest","floor":1.0},{"not_picked":["Beam Cell","Turbo"],"picked":"Coolheaded","floor":3.0},{"not_picked":["Fusion","Capacitor","Reprogram"],"picked":"SKIP","floor":4.0},{"not_picked":["Reprogram","Rip and Tear"],"picked":"Redo","floor":6.0},{"not_picked":["Sunder","Rebound"],"picked":"Redo","floor":8.0},{"not_picked":["Compile Driver","Defragment","Lockon"],"picked":"SKIP","floor":10.0},{"not_picked":["Doom and Gloom","Capacitor","Beam Cell"],"picked":"SKIP","floor":12.0},{"not_picked":["Seek","Core Surge"],"picked":"Hyperbeam","floor":16.0},{"not_picked":["Genetic Algorithm","Turbo","Ball Lightning"],"picked":"SKIP","floor":18.0},{"not_picked":["Streamline","Barrage"],"picked":"Recycle","floor":19.0},{"not_picked":["Aggregate","Heatsinks+1","Gash"],"picked":"SKIP","floor":22.0},{"not_picked":["Capacitor","Coolheaded"],"picked":"Hologram+1","floor":27.0},{"not_picked":["Chill","Compile Driver+1","Rebound"],"picked":"SKIP","floor":29.0},{"not_picked":["Force Field+1","Streamline","Rip and Tear"],"picked":"SKIP","floor":31.0}],"player_experience":176437,"relics_obtained":[{"floor":6.0,"key":"Centennial Puzzle"},{"floor":9.0,"key":"Whetstone"},{"floor":25.0,"key":"Red Mask"},{"floor":26.0,"key":"MawBank"}],"event_choices":[{"damage_healed":0.0,"max_hp_gain":0.0,"max_hp_loss":0.0,"gold_gain":0.0,"event_name":"Match and Keep!","player_choice":"3 cards matched","floor":5.0,"gold_loss":0.0,"damage_taken":0.0,"cards_obtained":["Static Discharge","Zap","Dark Shackles"]},{"damage_healed":0.0,"max_hp_gain":0.0,"max_hp_loss":0.0,"gold_gain":30.0,"event_name":"Dead Adventurer","player_choice":"Searched \u00272\u0027 times","floor":13.0,"gold_loss":0.0,"damage_taken":0.0},{"damage_healed":0.0,"max_hp_gain":0.0,"max_hp_loss":0.0,"gold_gain":0.0,"cards_transformed":["Reprogram"],"event_name":"Transmorgrifier","player_choice":"Transformed","floor":20.0,"gold_loss":0.0,"damage_taken":0.0,"cards_obtained":["Heatsinks"]},{"damage_healed":0.0,"max_hp_gain":0.0,"max_hp_loss":0.0,"gold_gain":0.0,"event_name":"Masked Bandits","player_choice":"Fought Bandits","floor":25.0,"gold_loss":0.0,"damage_taken":0.0},{"cards_removed":["Redo"],"damage_healed":0.0,"max_hp_gain":0.0,"max_hp_loss":0.0,"gold_gain":0.0,"event_name":"Back to Basics","player_choice":"Elegance","floor":30.0,"gold_loss":0.0,"damage_taken":0.0}],"is_beta":false,"boss_relics":[{"not_picked":["Fusion Hammer","Inserter"],"picked":"Pandora\u0027s Box"}],"items_purged_floors":[2,11,21],"is_endless":false,"potions_floor_spawned":[1,4,10,22,27,29],"killed_by":"Champ","ascension_level":1}}