{"host":"vdpaduzlq0qlaikq","time":1613877873,"event":{"mods":["AchievementEnabler","BaseMod","Better Third Choice","BetterRewards","Colored Map","Downfall","Gold Saver","Hermit","Jorbs\u0027s Wanderer Trilogy","Minty Spire (QoL Compilation)","Relic Filter","Spicy Shops","StSLib","The Necromancer"],"gold_per_floor":[715,730,880,142,156,191,102,102,102,114,133,133,133,143,143,218,218,234,234,234,252,263,298,317,317,340,351,42,72,92,111,111,184,184,198,215,146,171,171,171,35,35,35,35,48,68,68,114,114,114,114,114,114,71,103,103],"floor_reached":57,"language":"ENG","playtime":2658,"items_purged":["Doubt"],"score":3188,"play_id":"b29eae71-b3a7-4ee9-bdb2-bae476a1e00c","local_time":"20210221002433","is_ascension_mode":true,"campfire_choices":[{"floor":8,"key":"REST"},{"data":"Seek","floor":13,"key":"SMITH"},{"data":"Defragment","floor":15,"key":"SMITH"},{"data":"Defragment","floor":25,"key":"SMITH"},{"data":"Tempest","floor":32,"key":"SMITH"},{"data":"Storm","floor":40,"key":"SMITH"},{"data":"Storm","floor":42,"key":"SMITH"},{"data":"Buffer","floor":44,"key":"SMITH"},{"data":"Capacitor","floor":47,"key":"SMITH"},{"floor":49,"key":"RECALL"},{"data":"Biased Cognition","floor":53,"key":"SMITH"}],"circlet_count":0,"master_deck":["AscendersBane","Strike_B","Defend_B+1","Defend_B","Defend_B","Zap+1","Dualcast","Loop","Defragment+1","Echo Form","Seek+1","Turbo","Loop","Defragment+1","Leap","Thunder Strike","Ball Lightning","Self Repair","BootSequence","Defragment+1","Heatsinks","Capacitor+1","Self Repair","Tempest+1","Biased Cognition+1","Buffer+1","Storm+1","Electrodynamics","Storm+1"],"relics":["Cracked Core","Lantern","Toy Ornithopter","Pear","StoneCalendar","Pantograph","Matryoshka","Guardian:PocketSentry","TungstenRod","Happy Flower","Ancient Tea Set","Bronze Scales","Anchor","Omamori","War Paint","Mummified Hand","Empty Cage","Prayer Wheel","The Courier","DataDisk","Oddly Smooth Stone","Toolbox","Emotion Chip","Boot","Question Card","Bird Faced Urn","Nunchaku"],"acts_visited":["Exordium","TheCity","TheBeyond","TheEnding"],"potions_floor_usage":[6,16,16,23,23,29,35,50,55,55],"damage_taken":[{"damage":0,"enemies":"Jaw Worm","floor":1,"turns":3},{"damage":7,"enemies":"2 Louse","floor":2,"turns":2},{"damage":3,"enemies":"Cultist","floor":5,"turns":3},{"damage":54,"enemies":"Gremlin Nob","floor":6,"turns":5},{"damage":0,"enemies":"Large Slime","floor":10,"turns":4},{"damage":0,"enemies":"Looter","floor":11,"turns":2},{"damage":2,"enemies":"3 Louse","floor":14,"turns":3},{"damage":8,"enemies":"Slime Boss","floor":16,"turns":6},{"damage":2,"enemies":"Shell Parasite","floor":18,"turns":4},{"damage":0,"enemies":"Chosen","floor":21,"turns":4},{"damage":2,"enemies":"Snake Plant","floor":22,"turns":3},{"damage":22,"enemies":"Slavers","floor":23,"turns":4},{"damage":8,"enemies":"Chosen and Byrds","floor":24,"turns":4},{"damage":4,"enemies":"Snecko","floor":27,"turns":3},{"damage":33,"enemies":"Gremlin Leader","floor":29,"turns":4},{"damage":25,"enemies":"Shelled Parasite and Fungi","floor":30,"turns":4},{"damage":0,"enemies":"Snake Plant","floor":31,"turns":3},{"damage":19,"enemies":"Champ","floor":33,"turns":5},{"damage":23,"enemies":"3 Darklings","floor":35,"turns":3},{"damage":0,"enemies":"Orb Walker","floor":36,"turns":2},{"damage":17,"enemies":"Mind Bloom Boss Battle","floor":38,"turns":4},{"damage":4,"enemies":"Jaw Worm Horde","floor":45,"turns":2},{"damage":0,"enemies":"Spire Growth","floor":46,"turns":1},{"damage":0,"enemies":"2 Orb Walkers","floor":48,"turns":2},{"damage":44,"enemies":"Time Eater","floor":50,"turns":7},{"damage":27,"enemies":"Awakened One","floor":51,"turns":4},{"damage":36,"enemies":"Shield and Spear","floor":55,"turns":3},{"damage":64,"enemies":"The Heart","floor":56,"turns":5}],"seed_played":"-1498336655083881469","potions_obtained":[{"floor":5,"key":"bronze:BurnAndBuffPotion"},{"floor":10,"key":"Swift Potion"},{"floor":11,"key":"DuplicationPotion"},{"floor":16,"key":"DistilledChaos"},{"floor":22,"key":"SkillPotion"},{"floor":24,"key":"Strength Potion"},{"floor":27,"key":"bronze:BurnAndBuffPotion"},{"floor":33,"key":"DistilledChaos"},{"floor":38,"key":"Regen Potion"}],"is_trial":false,"path_per_floor":["M","M","?","$","M","E","?","R","T","M","M","?","R","M","R","B",null,"M","?","$","M","M","E","M","R","T","M","$","E","M","M","R","B",null,"M","M","$","?","?","R","$","R","T","R","M","M","R","?","R","B","B",null,"R","$","E","B",null],"character_chosen":"DEFECT","items_purchased":["Lantern","Toy Ornithopter","Loop","Pear","Defragment","StoneCalendar","Pantograph","Matryoshka","Guardian:PocketSentry","TungstenRod","Happy Flower","Ancient Tea Set","Bronze Scales","Echo Form","Seek","DataDisk","Heatsinks","Capacitor","Self Repair","Toolbox","Storm","Boot","PowerPotion"],"campfire_rested":1,"item_purchase_floors":[0,0,0,0,0,0,0,0,0,0,0,0,0,4,4,28,28,28,28,37,41,41,54],"current_hp_per_floor":[74,67,67,67,64,15,15,39,39,39,39,33,33,31,31,58,75,73,73,73,73,71,66,65,65,65,68,68,61,57,71,71,81,81,72,79,79,71,71,71,71,71,71,71,74,81,81,81,81,65,81,81,81,81,75,53],"gold":103,"neow_bonus":"","is_daily":false,"chose_seed":false,"campfire_upgraded":9,"win_rate":0.0,"timestamp":1613877873,"path_taken":["M","M","?","$","M","E","?","R","T","M","?","?","R","M","R","BOSS","M","?","$","M","M","E","M","R","T","M","$","E","M","M","R","BOSS","M","M","$","?","?","R","$","R","T","R","M","M","R","?","R","BOSS","BOSS","R","$","E","BOSS"],"items_purchased_type":["Relic","Relic","Card","Relic","Card","Relic","Relic","Relic","Relic","Relic","Relic","Relic","Relic","Card","Card","Relic","Card","Card","Card","Relic","Card","Relic","Potion"],"build_version":"2020-12-22","purchased_purges":1,"victory":true,"max_hp_per_floor":[81,81,81,81,81,81,81,81,81,81,81,81,81,81,81,81,81,81,81,81,81,81,81,81,81,81,81,81,81,81,81,81,81,81,81,81,81,81,81,81,81,81,81,81,81,81,81,81,81,81,81,81,81,81,81,81],"card_choices":[{"not_picked":["Sweeping Beam","Rebound","Turbo"],"picked":"SKIP","floor":1},{"not_picked":["FTL","Streamline","Barrage"],"picked":"SKIP","floor":2},{"not_picked":["Hologram","Aggregate"],"picked":"Turbo","floor":5},{"not_picked":["Chill","Go for the Eyes"],"picked":"Loop","floor":6},{"not_picked":["Coolheaded","Barrage"],"picked":"Defragment","floor":10},{"not_picked":["Gash","Redo"],"picked":"Leap","floor":11},{"not_picked":["Compile Driver","Hologram","Darkness"],"picked":"SKIP","floor":14},{"not_picked":["Rainbow","Multi-Cast"],"picked":"Thunder Strike","floor":16},{"not_picked":["Leap","Go for the Eyes","Force Field"],"picked":"SKIP","floor":18},{"not_picked":["BootSequence","Rebound"],"picked":"Ball Lightning","floor":21},{"not_picked":["Coolheaded","Streamline"],"picked":"Self Repair","floor":22},{"not_picked":["Cold Snap","Fusion","Compile Driver"],"picked":"SKIP","floor":23},{"not_picked":["Thunder Strike","Barrage"],"picked":"BootSequence","floor":24},{"not_picked":["Barrage","Redo","Coolheaded"],"picked":"SKIP","floor":24},{"not_picked":["Scrape+1","Compile Driver"],"picked":"Defragment+1","floor":27},{"not_picked":["Hologram","Leap","Sweeping Beam"],"picked":"SKIP","floor":27},{"not_picked":["All For One","Beam Cell"],"picked":"Tempest","floor":29},{"not_picked":["Stack","Ball Lightning","Darkness+1"],"picked":"SKIP","floor":30},{"not_picked":["Streamline","Rebound","Cold Snap"],"picked":"SKIP","floor":30},{"not_picked":["Melter+1","Capacitor"],"picked":"Biased Cognition","floor":31},{"not_picked":["Steam+1","Glacier","Darkness"],"picked":"SKIP","floor":31},{"not_picked":["Multi-Cast","Core Surge"],"picked":"Buffer","floor":33},{"not_picked":["Tempest+1","Genetic Algorithm+1"],"picked":"Storm","floor":35},{"not_picked":["Rebound","Steam","Leap"],"picked":"SKIP","floor":35},{"not_picked":["Aggregate","Cold Snap","Coolheaded"],"picked":"SKIP","floor":36},{"not_picked":["Recycle+1","Streamline","FTL"],"picked":"SKIP","floor":36},{"not_picked":["Go for the Eyes","Tempest"],"picked":"Electrodynamics","floor":38},{"not_picked":["Blizzard+1","Cold Snap+1","Rebound+1","Coolheaded+1"],"picked":"SKIP","floor":45},{"not_picked":["Double Energy","Rebound","Barrage+1","Ball Lightning"],"picked":"SKIP","floor":45},{"not_picked":["Hologram","Streamline","Rebound","Cold Snap+1"],"picked":"SKIP","floor":46},{"not_picked":["Sweeping Beam","Redo+1","Steam","Darkness"],"picked":"SKIP","floor":46},{"not_picked":["Conserve Battery","Rebound","Ball Lightning","Rip and Tear"],"picked":"SKIP","floor":55}],"player_experience":762167,"relics_obtained":[{"floor":6,"key":"Anchor"},{"floor":9,"key":"War Paint"},{"floor":9,"key":"Mummified Hand"},{"floor":23,"key":"Prayer Wheel"},{"floor":26,"key":"The Courier"},{"floor":29,"key":"Oddly Smooth Stone"},{"floor":38,"key":"Emotion Chip"},{"floor":43,"key":"Question Card"},{"floor":48,"key":"Bird Faced Urn"},{"floor":55,"key":"Nunchaku"}],"event_choices":[{"damage_healed":0,"gold_gain":150,"player_choice":"AGREE","damage_taken":730,"max_hp_gain":0,"max_hp_loss":0,"event_name":"betterThird:BetterSerpent","floor":3,"gold_loss":0},{"damage_healed":0,"gold_gain":0,"player_choice":"Paid Gold","damage_taken":0,"relics_obtained":["Omamori"],"max_hp_gain":0,"max_hp_loss":0,"event_name":"WeMeetAgain","floor":7,"gold_loss":89},{"cards_removed":["Strike_B"],"damage_healed":0,"gold_gain":0,"player_choice":"Card Removal","damage_taken":7,"max_hp_gain":0,"max_hp_loss":0,"event_name":"Golden Wing","floor":12,"gold_loss":0},{"damage_healed":0,"gold_gain":0,"player_choice":"Fight","damage_taken":0,"max_hp_gain":0,"max_hp_loss":0,"event_name":"MindBloom","floor":38,"gold_loss":0},{"cards_removed":["Strike_B"],"damage_healed":0,"gold_gain":0,"player_choice":"Removed Attack","damage_taken":0,"max_hp_gain":0,"max_hp_loss":0,"event_name":"Falling","floor":39,"gold_loss":0},{"damage_healed":0,"gold_gain":0,"player_choice":"Fight","damage_taken":0,"max_hp_gain":0,"max_hp_loss":0,"event_name":"Mysterious Sphere","floor":48,"gold_loss":0}],"is_beta":false,"boss_relics":[{"not_picked":["FrozenCore","bronze:MakeshiftBattery"],"picked":"Empty Cage"},{"not_picked":["Cursed Key","Busted Crown","Coffee Dripper"]}],"items_purged_floors":[4],"is_endless":false,"potions_floor_spawned":[5,10,11,16,22,24,27,33,38],"ascension_level":20}}