{"host":"7hgb9mjb8q1kiawz","time":1613939903,"event":{"mods":["BaseMod","Better Third Choice","Colored Map","Downfall","Marisa????????","Minty Spire (QoL Compilation)","Replay The Spire","StSLib","The Cursed","The Disciple","The Servant 0.9.4"],"gold_per_floor":[116,0,0,25,25,69,138,152,152,193,193,227,78,91,91,190,190,210,210,210,116,134,134,147,160,160,160,174,174,199,199,199,277,277,290,24,35,51,66,91,101,128,128,159,345,397,397,19,19,19,19,19,19,51,51,51],"floor_reached":55,"language":"ENG","playtime":5751,"items_purged":["Burn+1","Strike_G","Regret"],"score":1450,"play_id":"86a6fef3-fa0f-4d44-b91c-99624d61974d","local_time":"20210221213823","is_ascension_mode":true,"campfire_choices":[{"floor":15,"key":"REST"},{"data":"Envenom","floor":23,"key":"SMITH"},{"data":"Replay:Bag of Tricks","floor":27,"key":"SMITH"},{"data":"Noxious Fumes","floor":29,"key":"SMITH"},{"data":"Doppelganger","floor":32,"key":"SMITH"},{"floor":49,"key":"RECALL"},{"data":"A Thousand Cuts","floor":52,"key":"SMITH"}],"circlet_count":0,"master_deck":["AscendersBane","Strike_G","Strike_G","Strike_G","Strike_G","Defend_G","Defend_G","Defend_G","Defend_G","Defend_G","Survivor","Neutralize","All Out Attack","Enlightenment","Noxious Fumes+1","Deflect","Quick Slash","Replay:Bag of Tricks+1","Deadly Poison","Hidden Blade","Fluid Movement","Bullet Time","Envenom+1","Blade Dance+1","Draining Mist+1","Well Laid Plans","Dagger Spray","Escape Plan+1","Doppelganger+1","After Image","Fluid Movement+1","Acrobatics","A Thousand Cuts+1","Acrobatics","Prepared","Deadly Poison+1","Prepared","Infinite Blades"],"relics":["Ring of the Snake","NeowsBlessing","Bloody Idol","Paper Crane","FossilizedHelix","Mummified Hand","ReplayTheSpireMod:Shallot","Guardian:PocketSentry","Sozu","Ring of Fangs","Ring of Hypnosis","Onion Ring","Pantograph","ReplayFunnel","Cursed Key","Chemical X","Durian","Juzu Bracelet","Sundial","CatCart","Sling","Tough Bandages"],"acts_visited":["Exordium","TheCity","TheBeyond","TheEnding"],"potions_floor_usage":[7,12,12,46],"damage_taken":[{"damage":0,"enemies":"2 Louse","floor":1,"turns":1},{"damage":0,"enemies":"Small Slimes","floor":4,"turns":1},{"damage":0,"enemies":"Gremlin Nob","floor":6,"turns":1},{"damage":22,"enemies":"Gremlin Nob","floor":7,"turns":4},{"damage":0,"enemies":"Jaw Worm","floor":8,"turns":5},{"damage":11,"enemies":"3 Sentries","floor":10,"turns":7},{"damage":14,"enemies":"Gremlin Nob","floor":12,"turns":5},{"damage":0,"enemies":"3 Louse","floor":14,"turns":2},{"damage":18,"enemies":"Fading Forest","floor":16,"turns":13},{"damage":16,"enemies":"Spheric Guardian","floor":18,"turns":6},{"damage":0,"enemies":"2 Thieves","floor":22,"turns":4},{"damage":5,"enemies":"Snake Plant","floor":24,"turns":4},{"damage":0,"enemies":"Centurion and Healer","floor":25,"turns":8},{"damage":0,"enemies":"3 Cultists","floor":28,"turns":4},{"damage":11,"enemies":"Gremlin Leader","floor":30,"turns":6},{"damage":11,"enemies":"Champ","floor":33,"turns":12},{"damage":0,"enemies":"Orb Walker","floor":35,"turns":3},{"damage":0,"enemies":"3 Darklings","floor":37,"turns":5},{"damage":5,"enemies":"Spire Growth","floor":38,"turns":5},{"damage":0,"enemies":"Maw","floor":39,"turns":6},{"damage":53,"enemies":"Reptomancer","floor":40,"turns":8},{"damage":0,"enemies":"Writhing Mass","floor":41,"turns":5},{"damage":0,"enemies":"Giant Head","floor":42,"turns":7},{"damage":0,"enemies":"Reptomancer","floor":44,"turns":5},{"damage":6,"enemies":"Orin","floor":46,"turns":9},{"damage":0,"enemies":"Replay:Hell Engine","floor":50,"turns":12},{"damage":17,"enemies":"Shield and Spear","floor":54,"turns":5},{"damage":107,"enemies":"The Heart","floor":55,"turns":9}],"seed_played":"-6136212736983237473","potions_obtained":[{"floor":6,"key":"SkillPotion"},{"floor":7,"key":"Venom Potion"},{"floor":10,"key":"Swift Potion"},{"floor":16,"key":"Strength Potion"}],"is_trial":false,"path_per_floor":["M","?","?","M","$","E","?","M","T","E","?","E","$","M","R","B",null,"M","?","?","?","M","R","M","M","T","R","M","R","E","?","R","B",null,"M","$","M","M","M","E","M","E","T","E","?","?","?","$","R","B",null,"R","$","E","B"],"character_chosen":"THE_SILENT","items_purchased":["Fluid Movement","Chemical X","Sling","Infinite Blades"],"campfire_rested":1,"item_purchase_floors":[13,36,48,48],"current_hp_per_floor":[59,65,65,65,65,65,43,43,43,32,32,18,18,18,37,41,59,43,43,43,43,53,53,53,58,58,58,63,63,57,57,57,59,64,65,65,65,65,65,22,27,32,32,37,14,13,13,13,13,38,62,62,62,50,0,0],"gold":51,"neow_bonus":"THREE_ENEMY_KILL","is_daily":false,"chose_seed":false,"campfire_upgraded":5,"win_rate":0.0,"timestamp":1613939903,"path_taken":["M","?","?","M","?","E","?","M","T","E","?","E","$","M","R","BOSS","M","?","?","?","M","R","M","?","T","R","M","R","E","?","R","BOSS","M","$","M","M","M","E","M","E","T","E","?","?","?","?","R","BOSS","R","$","E","BOSS"],"items_purchased_type":["Card","Relic","Relic","Card"],"build_version":"2020-12-22","purchased_purges":3,"victory":false,"max_hp_per_floor":[66,72,65,65,65,65,65,65,65,65,65,65,65,65,65,65,65,65,65,65,65,65,65,65,65,65,65,65,65,65,65,65,65,65,65,65,65,65,65,70,70,70,70,70,70,70,70,70,70,70,70,70,70,70,70,70],"card_choices":[{"not_picked":["Poisoned Stab","Prepared"],"picked":"All Out Attack","floor":1},{"not_picked":["Acrobatics","Eviscerate"],"picked":"Noxious Fumes","floor":4},{"not_picked":["Crippling Poison","Backflip"],"picked":"Deflect","floor":6},{"not_picked":["Cloak And Dagger","Hidden Blade"],"picked":"Quick Slash","floor":7},{"not_picked":["Slice","Sneak Up"],"picked":"Replay:Bag of Tricks","floor":8},{"not_picked":["Poisoned Stab","Slice"],"picked":"Deadly Poison","floor":10},{"not_picked":["Terror","Flying Knee"],"picked":"Hidden Blade","floor":12},{"not_picked":["Terror","Finisher"],"picked":"Bullet Time","floor":14},{"not_picked":["ReplayTheSpireMod:From All Sides","Wraith Form v2"],"picked":"Envenom","floor":16},{"not_picked":["Acrobatics+1","Deadly Poison"],"picked":"Blade Dance+1","floor":18},{"not_picked":["Slice","Cloak And Dagger"],"picked":"Draining Mist+1","floor":22},{"not_picked":["Flying Knee+1","Leg Sweep"],"picked":"Well Laid Plans","floor":24},{"not_picked":["Outmaneuver","Terror"],"picked":"Dagger Spray","floor":25},{"not_picked":["PiercingWail","Deflect"],"picked":"Escape Plan+1","floor":28},{"not_picked":["Underhanded Strike","Cloak And Dagger"],"picked":"Doppelganger","floor":30},{"not_picked":["Die Die Die","Glass Knife"],"picked":"After Image","floor":33},{"not_picked":["Sucker Punch+1","Dagger Spray"],"picked":"Fluid Movement+1","floor":35},{"not_picked":["ReplayTheSpireMod:Shiv Toss","Distraction+1","Outmaneuver+1"],"picked":"SKIP","floor":37},{"not_picked":["Dodge and Roll+1","Dagger Spray+1"],"picked":"Acrobatics","floor":38},{"not_picked":["Flying Knee+1","Cloak And Dagger","Outmaneuver"],"picked":"SKIP","floor":39},{"not_picked":["ReplayTheSpireMod:The Works+1","Backflip"],"picked":"A Thousand Cuts","floor":40},{"not_picked":["ReplayTheSpireMod:The Works+1","Slice"],"picked":"Acrobatics","floor":41},{"not_picked":["Outmaneuver+1","Sucker Punch"],"picked":"Prepared","floor":42},{"not_picked":["Dodge and Roll+1","Quick Slash","Flying Knee+1"],"picked":"SKIP","floor":44},{"not_picked":["Sucker Punch","Dagger Spray"],"picked":"Deadly Poison+1","floor":45},{"not_picked":["Phantasmal Killer","Blade Dance"],"picked":"Prepared","floor":46},{"not_picked":["Sneak Up","Flying Knee+1","Dagger Spray"],"picked":"SKIP","floor":54}],"player_experience":898505,"relics_obtained":[{"floor":6,"key":"Paper Crane"},{"floor":7,"key":"FossilizedHelix"},{"floor":9,"key":"Mummified Hand"},{"floor":10,"key":"ReplayTheSpireMod:Shallot"},{"floor":12,"key":"Guardian:PocketSentry"},{"floor":20,"key":"Ring of Fangs"},{"floor":20,"key":"Ring of Hypnosis"},{"floor":26,"key":"Pantograph"},{"floor":30,"key":"ReplayFunnel"},{"floor":40,"key":"Durian"},{"floor":42,"key":"Juzu Bracelet"},{"floor":44,"key":"Sundial"},{"floor":46,"key":"CatCart"},{"floor":54,"key":"Tough Bandages"}],"event_choices":[{"damage_healed":0,"gold_gain":0,"player_choice":"RENOUNCE","damage_taken":116,"max_hp_gain":0,"max_hp_loss":0,"event_name":"betterThird:BetterSerpent","floor":2,"gold_loss":116,"cards_obtained":["Enlightenment"]},{"damage_healed":0,"gold_gain":0,"player_choice":"Lose Max HP","damage_taken":0,"relics_obtained":["Golden Idol"],"max_hp_gain":0,"max_hp_loss":7,"event_name":"Golden Idol","floor":3,"gold_loss":0},{"damage_healed":0,"gold_gain":30,"player_choice":"Searched \u00272\u0027 times","damage_taken":0,"max_hp_gain":0,"max_hp_loss":0,"event_name":"Dead Adventurer","floor":7,"gold_loss":0},{"damage_healed":32,"gold_gain":0,"player_choice":"Embrace Burn","damage_taken":0,"max_hp_gain":0,"max_hp_loss":65,"event_name":"betterThird:BetterShining","floor":11,"gold_loss":0},{"damage_healed":0,"gold_gain":0,"player_choice":"Gave Idol","damage_taken":0,"relics_obtained":["Bloody Idol"],"max_hp_gain":0,"max_hp_loss":0,"event_name":"Forgotten Altar","floor":19,"relics_lost":["Golden Idol"],"gold_loss":0},{"damage_healed":0,"gold_gain":0,"player_choice":"Paid Gold","damage_taken":0,"relics_obtained":["Onion Ring"],"max_hp_gain":0,"max_hp_loss":0,"event_name":"WeMeetAgain","floor":21,"gold_loss":94},{"cards_removed":["Languid"],"damage_healed":0,"gold_gain":0,"player_choice":"Purged","damage_taken":0,"max_hp_gain":0,"max_hp_loss":0,"event_name":"Purifier","floor":31,"gold_loss":0},{"damage_healed":0,"gold_gain":0,"player_choice":"Fight","damage_taken":0,"max_hp_gain":0,"max_hp_loss":0,"event_name":"OrinTheCat","floor":46,"gold_loss":0},{"damage_healed":0,"gold_gain":0,"player_choice":"Ignored","damage_taken":0,"max_hp_gain":0,"max_hp_loss":0,"event_name":"Tomb of Lord Red Mask","floor":47,"gold_loss":0}],"is_beta":false,"boss_relics":[{"not_picked":["Ring of Chaos","Empty Cage"],"picked":"Sozu"},{"not_picked":["SacredBark","Honey Jar"],"picked":"Cursed Key"}],"items_purged_floors":[13,36,48],"is_endless":false,"potions_floor_spawned":[6,7,10,16,24,28,30,35,37,44,46],"killed_by":"The Heart","ascension_level":19}}