{"host":"jnwpic7n5215v3xq","time":1613871067,"event":{"mods":["2.2 Compatiblity","AchievementEnabler","Act Like it!","Aspiration","BaseMod","BetterRewards","Colored Powertips","Energized Spire","Infinite Spire","Marisa????????","Minty Spire (QoL Compilation)","Pale of the Ancients","Quick Restart","Spikes Relics","StSLib","The Cursed"],"gold_per_floor":[125,156,156,156,156,186,186,226,226,226,267,111,150,231,231,360,360,394,457,466,466,466,466,494,494,494,494,514,514,556,556,556,583,583],"floor_reached":33,"language":"ENG","playtime":2340,"items_purged":[],"score":421,"play_id":"b0ae4c98-e279-46e4-a8da-d32734501185","local_time":"20210221023107","is_ascension_mode":false,"campfire_choices":[{"floor":7,"key":"REST"},{"floor":10,"key":"REST"},{"floor":15,"key":"REST"},{"floor":23,"key":"REST"},{"floor":29,"key":"REST"},{"floor":32,"key":"REST"}],"circlet_count":0,"master_deck":["Strike_MRS+1","Defend_MRS+1","Defend_MRS+1","MasterSpark","UpSweep","PowerUp","WitchOfGreed","Singularity","AsteroidBelt","PulseMagic","MysteriousBeam","Doubt","infinitespire:Pacifist","infinitespire:SevenWalls","EarthLightRay","Robbery","MagicAbsorber","MilkyWay","MaximisePower","BinaryStars+1","Robbery+1","DragonMeteor+1","OortCloud","ChargingUp+1","SuperPerseids+1","EventHorizon","Dodge and Roll","Crippling Poison","Flechettes"],"relics":["MiniHakkero","Sundial","Question Card","Anchor","infinitespire:CursedDice","aspiration:Lifesprig","Chemical X","Mercury Hourglass","Astrolabe","Red Mask","MealTicket","aspiration:RitualStick","InkBottle"],"acts_visited":["Exordium","TheCity"],"potions_floor_usage":[6,6,11,11,16,16,16,16,16,16,18,20,30,33],"damage_taken":[{"damage":8,"enemies":"Small Slimes","floor":1,"turns":4},{"damage":4,"enemies":"2 Louse","floor":2,"turns":4},{"damage":18,"enemies":"Gremlin Nob","floor":6,"turns":4},{"damage":11,"enemies":"Lagavulin","floor":8,"turns":7},{"damage":32,"enemies":"Cultist","floor":11,"turns":7},{"damage":0,"enemies":"2 Fungi Beasts","floor":13,"turns":4},{"damage":22,"enemies":"3 Sentries","floor":14,"turns":7},{"damage":31,"enemies":"Slime Boss","floor":16,"turns":7},{"damage":24,"enemies":"Shell Parasite","floor":18,"turns":6},{"damage":48,"enemies":"Masked Bandits","floor":19,"turns":7},{"damage":16,"enemies":"2 Thieves","floor":20,"turns":4},{"damage":13,"enemies":"Slavers","floor":24,"turns":3},{"damage":0,"enemies":"3 Cultists","floor":28,"turns":5},{"damage":35,"enemies":"Chosen and Byrds","floor":30,"turns":7},{"damage":45,"enemies":"Automaton","floor":33,"turns":11}],"seed_played":"-3930486915753078311","potions_obtained":[{"floor":1,"key":"ShroomBrew"},{"floor":2,"key":"Explosive Potion"},{"floor":8,"key":"Fruit Juice"},{"floor":8,"key":"DuplicationPotion"},{"floor":11,"key":"Dexterity Potion"},{"floor":13,"key":"StarNLove"},{"floor":14,"key":"EntropicBrew"},{"floor":16,"key":"AttackPotion"},{"floor":19,"key":"LiquidBronze"},{"floor":20,"key":"AttackPotion"},{"floor":30,"key":"SpeedPotion"}],"is_trial":false,"path_per_floor":["M","M","?","?","?","E","R","E","T","R","M","$","M","?","R","B",null,"M","?","M","?","?","R","E","?","T","?","M","R","M","?","R","B"],"character_chosen":"MARISA","items_purchased":["PowerUp","WitchOfGreed","Sundial","Singularity","AsteroidBelt","Chemical X"],"campfire_rested":6,"item_purchase_floors":[0,0,0,0,0,12],"current_hp_per_floor":[45,41,41,46,46,28,52,45,45,69,46,46,50,32,57,30,85,61,17,5,33,33,58,45,28,28,28,32,57,22,6,33,0,0],"gold":583,"neow_bonus":"","is_daily":false,"chose_seed":false,"campfire_upgraded":0,"win_rate":0.0,"timestamp":1613871067,"path_taken":["M","M","?","?","?","E","R","E","T","R","M","$","M","?","R","BOSS","M","?","M","?","?","R","E","?","T","?","M","R","?","?","R","BOSS"],"items_purchased_type":["Card","Card","Relic","Card","Card","Relic"],"build_version":"2020-12-22","purchased_purges":0,"victory":false,"max_hp_per_floor":[75,75,75,80,80,80,80,80,80,80,85,85,85,85,85,85,85,85,85,85,85,85,85,85,85,85,85,85,85,85,90,90,90,90],"card_choices":[{"not_picked":["NonDirectionalLaser","EnergyRecoil"],"picked":"PulseMagic","floor":1},{"not_picked":["ShootingEcho","NonDirectionalLaser"],"picked":"MysteriousBeam","floor":2},{"not_picked":["infinitespire:Menacing","infinitespire:NeuralNetwork"],"picked":"infinitespire:SevenWalls","floor":5},{"not_picked":["6A","WitchLeyline","AsteroidBelt"],"picked":"EarthLightRay","floor":6},{"not_picked":["NonDirectionalLaser","DarkMatter","WitchOfGreed"],"picked":"Robbery","floor":8},{"not_picked":["Robbery","GrandCross","ShootTheMoon"],"picked":"MagicAbsorber","floor":11},{"not_picked":["GrandCross","BlazeAway","DarkMatter"],"picked":"MilkyWay","floor":13},{"not_picked":["6A","WitchLeyline","StarlightTyphoon"],"picked":"DC","floor":14},{"not_picked":["SatelliteIllusion","StarDustReverie","EscapeVelocity"],"picked":"MaximisePower","floor":16},{"not_picked":["Acceleration","6A","AsteroidBelt+1"],"picked":"OortCloud","floor":18},{"not_picked":["MeteoricShower","LuminesStrike+1","RefractionSpark"],"picked":"ChargingUp+1","floor":19},{"not_picked":["EnergyFlow","UnstableBomb","AsteroidBelt"],"picked":"SuperPerseids+1","floor":20},{"not_picked":["MaximisePower","WitchOfGreed","ChargeUpSpray+1"],"picked":"EventHorizon","floor":24},{"not_picked":["BlazeAway","EnergyRecoil","ChargingUp","PulseMagic"],"picked":"SKIP","floor":28},{"not_picked":["MeteoricShower","DC","ShootingEcho","StarlightTyphoon"],"picked":"SKIP","floor":30},{"not_picked":["MeteoricShower","DC","ShootingEcho","StarlightTyphoon"],"picked":"SKIP","floor":30}],"player_experience":274025,"relics_obtained":[{"floor":3,"key":"Question Card"},{"floor":6,"key":"Anchor"},{"floor":8,"key":"infinitespire:CursedDice"},{"floor":9,"key":"aspiration:Lifesprig"},{"floor":19,"key":"Red Mask"},{"floor":24,"key":"MealTicket"},{"floor":26,"key":"InkBottle"}],"event_choices":[{"damage_healed":0,"gold_gain":0,"player_choice":"Donut","damage_taken":0,"max_hp_gain":5,"max_hp_loss":0,"event_name":"Big Fish","floor":4,"gold_loss":0},{"damage_healed":0,"gold_gain":0,"player_choice":"Searched \u00273\u0027 times","damage_taken":0,"relics_obtained":["Mercury Hourglass"],"max_hp_gain":0,"max_hp_loss":0,"event_name":"Dead Adventurer","floor":14,"gold_loss":0},{"damage_healed":0,"gold_gain":0,"player_choice":"Fought Bandits","damage_taken":0,"max_hp_gain":0,"max_hp_loss":0,"event_name":"Masked Bandits","floor":19,"gold_loss":0},{"damage_healed":28,"gold_gain":0,"player_choice":"Heal","damage_taken":0,"max_hp_gain":0,"max_hp_loss":0,"event_name":"The Library","floor":21,"gold_loss":0},{"damage_healed":0,"gold_gain":0,"player_choice":"Simplicity","damage_taken":0,"max_hp_gain":0,"max_hp_loss":0,"event_name":"Back to Basics","floor":22,"gold_loss":0,"cards_upgraded":["Strike_MRS","Defend_MRS","Defend_MRS","Defend_MRS","Defend_MRS"]},{"damage_healed":0,"gold_gain":0,"player_choice":"Shed Blood","damage_taken":21,"max_hp_gain":5,"max_hp_loss":0,"event_name":"Forgotten Altar","floor":31,"gold_loss":0}],"is_beta":false,"boss_relics":[{"not_picked":["Runic Dome","Sozu"],"picked":"Astrolabe"}],"items_purged_floors":[],"is_endless":false,"potions_floor_spawned":[2,8,13,20,30],"killed_by":"Automaton","ascension_level":0}}