{"host":"en4narc5947t7k9n","time":1613925002,"event":{"mods":["AchievementEnabler","BaseMod","Colored Map","Minty Spire (QoL Compilation)","SuperFastMode"],"gold_per_floor":[112,122,139,153,153,184,184,37,37,37,37,56,76,1,1,1,1],"floor_reached":16,"language":"KOR","playtime":821,"items_purged":["Strike_G"],"score":102,"play_id":"5bea8e0c-72ac-4120-918d-6c1995f7f20a","local_time":"20210222013002","is_ascension_mode":false,"campfire_choices":[{"floor":7,"key":"RECALL"},{"floor":10,"key":"REST"},{"data":"Adrenaline","floor":15,"key":"SMITH"}],"circlet_count":0,"master_deck":["Strike_G","Strike_G","Strike_G","Strike_G","Defend_G","Defend_G","Defend_G","Defend_G","Defend_G","Survivor","Neutralize","Skewer","Deadly Poison","Heel Hook","Expertise","Adrenaline+1","Prepared"],"relics":["Ring of the Snake","NeowsBlessing","Bottled Lightning","Omamori"],"acts_visited":["Exordium"],"potions_floor_usage":[6,12,16],"damage_taken":[{"damage":0,"enemies":"Cultist","floor":1,"turns":1},{"damage":0,"enemies":"Small Slimes","floor":2,"turns":1},{"damage":0,"enemies":"2 Louse","floor":3,"turns":1},{"damage":18,"enemies":"Exordium Thugs","floor":4,"turns":7},{"damage":17,"enemies":"Gremlin Nob","floor":6,"turns":5},{"damage":12,"enemies":"Gremlin Gang","floor":12,"turns":7},{"damage":23,"enemies":"Lots of Slimes","floor":13,"turns":7},{"damage":19,"enemies":"The Guardian","floor":16,"turns":8}],"seed_played":"-1644207390823876036","potions_obtained":[{"floor":1,"key":"BlessingOfTheForge"},{"floor":6,"key":"Fire Potion"},{"floor":12,"key":"SpeedPotion"}],"is_trial":false,"path_per_floor":["M","M","M","M","?","E","R","$","T","R","?","M","M","$","R","B"],"character_chosen":"THE_SILENT","items_purchased":["Omamori"],"campfire_rested":1,"item_purchase_floors":[8],"current_hp_per_floor":[70,70,70,52,45,28,28,28,28,49,49,37,14,14,14,0,0],"gold":1,"neow_bonus":"THREE_ENEMY_KILL","is_daily":false,"chose_seed":false,"campfire_upgraded":1,"win_rate":0.0,"timestamp":1613925002,"path_taken":["M","M","?","M","?","E","R","$","T","R","?","M","M","$","R","BOSS"],"items_purchased_type":["Relic"],"build_version":"2020-12-22","purchased_purges":1,"victory":false,"max_hp_per_floor":[70,70,70,70,70,70,70,70,70,70,70,70,70,70,70,70,70],"card_choices":[{"not_picked":["Well Laid Plans","Backflip"],"picked":"Skewer","floor":1},{"not_picked":["Sucker Punch","Finisher"],"picked":"Deadly Poison","floor":2},{"not_picked":["Sucker Punch","Backflip"],"picked":"Heel Hook","floor":3},{"not_picked":["Slice","Outmaneuver"],"picked":"Catalyst","floor":4},{"not_picked":["Predator","Underhanded Strike"],"picked":"Expertise","floor":6},{"not_picked":["Deflect","Blade Dance"],"picked":"Adrenaline","floor":12},{"not_picked":["Outmaneuver","Dash"],"picked":"Prepared","floor":13}],"player_experience":138184,"relics_obtained":[{"floor":6,"key":"Bottled Lightning"}],"event_choices":[{"cards_removed":["Catalyst"],"damage_healed":0,"gold_gain":0,"player_choice":"Card Removal","damage_taken":7,"max_hp_gain":0,"max_hp_loss":0,"event_name":"Golden Wing","floor":5,"gold_loss":0},{"damage_healed":0,"gold_gain":0,"player_choice":"Ignored","damage_taken":0,"max_hp_gain":0,"max_hp_loss":0,"event_name":"NoteForYourself","floor":11,"gold_loss":0}],"is_beta":false,"boss_relics":[],"items_purged_floors":[14],"is_endless":false,"potions_floor_spawned":[1,6,12],"killed_by":"The Guardian","ascension_level":0}}