{"host":"lzlnscgb2n0l5w2m","time":1613924656,"event":{"mods":["AchievementEnabler","Act Like it!","BaseMod","Block Reminder","Colored Map","Colored Powertips","Highlight Path","Minty Spire (QoL Compilation)","Permanent Neow","Relic Stats","StSLib"],"gold_per_floor":[109,128,53,66,66,96,96,112,112,132,144,144,156,106,106,210,210,221,147,147,166,182,182,182,182,208,208,188,205,218,229,229,229,229],"floor_reached":33,"language":"ZHT","playtime":2058,"items_purged":["Doubt"],"score":339,"play_id":"be4f7223-07d4-418c-9063-c0d3e8b3f21f","local_time":"20210222002416","is_ascension_mode":true,"campfire_choices":[{"data":"Rage","floor":7.0,"key":"SMITH"},{"floor":12.0,"key":"REST"},{"data":"True Grit","floor":15.0,"key":"SMITH"},{"data":"Carnage","floor":23.0,"key":"SMITH"},{"data":"Shockwave","floor":25.0,"key":"SMITH"},{"data":"Battle Trance","floor":27.0,"key":"SMITH"},{"floor":32,"key":"REST"}],"circlet_count":0,"master_deck":["Strike_R","Strike_R","Strike_R","Strike_R","Strike_R","Defend_R","Defend_R","Defend_R","Bash","Rage+1","Inflame","Pommel Strike","Battle Trance+1","Carnage+1","Bloodletting","True Grit+1","Demon Form","Wild Strike+1","Shockwave+1","Writhe","Headbutt+1","Pommel Strike+1","Spot Weakness","Clumsy","Headbutt+1","Seeing Red+1"],"relics":["Burning Blood","FossilizedHelix","Ancient Tea Set","Torii","Shuriken","Cursed Key","Molten Egg 2","Centennial Puzzle"],"acts_visited":["Exordium","TheCity"],"potions_floor_usage":[30,33,33,33],"damage_taken":[{"damage":6.0,"enemies":"Jaw Worm","floor":1.0,"turns":5.0},{"damage":0.0,"enemies":"2 Louse","floor":2.0,"turns":4.0},{"damage":0.0,"enemies":"Small Slimes","floor":4.0,"turns":4.0},{"damage":33.0,"enemies":"3 Sentries","floor":6.0,"turns":11.0},{"damage":0.0,"enemies":"2 Fungi Beasts","floor":8.0,"turns":3.0},{"damage":34.0,"enemies":"Exordium Thugs","floor":10.0,"turns":5.0},{"damage":1.0,"enemies":"Looter","floor":11.0,"turns":2.0},{"damage":0.0,"enemies":"Large Slime","floor":13.0,"turns":3.0},{"damage":18.0,"enemies":"Hexaghost","floor":16.0,"turns":10.0},{"damage":23.0,"enemies":"3 Byrds","floor":18.0,"turns":5.0},{"damage":1.0,"enemies":"Shell Parasite","floor":21.0,"turns":3.0},{"damage":8.0,"enemies":"Centurion and Healer","floor":22.0,"turns":5.0},{"damage":31,"enemies":"Snake Plant","floor":29,"turns":3},{"damage":6,"enemies":"Chosen and Byrds","floor":30,"turns":4},{"damage":15,"enemies":"Sentry and Sphere","floor":31,"turns":4},{"damage":62,"enemies":"Champ","floor":33,"turns":5}],"seed_played":"-1992807426955028009","potions_obtained":[{"floor":4.0,"key":"Fruit Juice"},{"floor":6.0,"key":"DuplicationPotion"},{"floor":10.0,"key":"Block Potion"},{"floor":13.0,"key":"Energy Potion"},{"floor":18.0,"key":"DistilledChaos"},{"floor":22.0,"key":"Weak Potion"},{"floor":28.0,"key":"ElixirPotion"},{"floor":29,"key":"Dexterity Potion"},{"floor":31,"key":"Strength Potion"}],"is_trial":false,"path_per_floor":["M","M","$","M","?","E","R","M","T","M","M","R","M","?","R","B",null,"M","$","?","M","M","R","?","R","T","R","?","M","M","M","R","B"],"character_chosen":"IRONCLAD","items_purchased":["Shockwave"],"campfire_rested":2,"item_purchase_floors":[19],"current_hp_per_floor":[72,78,78,85,73,46,46,52,52,24,29,54,60,60,60,48,76,59,59,59,64,62,62,62,62,62,62,62,37,37,28,53,0,0],"gold":229,"neow_bonus":"ONE_RARE_RELIC","is_daily":false,"chose_seed":false,"campfire_upgraded":5,"win_rate":0.0,"timestamp":1613924656,"path_taken":["M","M","$","M","?","E","R","M","T","M","M","R","M","?","R","BOSS","M","$","?","M","M","R","?","R","T","R","?","M","M","?","R","BOSS"],"items_purchased_type":["Card"],"build_version":"2020-12-22","purchased_purges":1,"victory":false,"max_hp_per_floor":[80,80,80,85,85,85,85,85,85,85,85,85,85,85,85,85,85,85,85,85,85,85,85,85,85,85,85,85,85,85,85,85,85,85],"relic_stats":{"Centennial Puzzle":[9],"Torii":34,"counters":[16,76],"Shuriken":[15],"Cursed Key":1,"obtain_stats":[{"Centennial Puzzle":26,"Torii":6,"Shuriken":9,"Molten Egg 2":20,"Ancient Tea Set":5,"Cursed Key":17,"Burning Blood":0,"FossilizedHelix":0},{"Centennial Puzzle":12,"Torii":4,"Shuriken":5,"Molten Egg 2":10,"Ancient Tea Set":3,"Cursed Key":9,"Burning Blood":0,"FossilizedHelix":0},{"Centennial Puzzle":60,"Torii":24,"Shuriken":27,"Molten Egg 2":52,"Ancient Tea Set":13,"Cursed Key":47,"Burning Blood":0,"FossilizedHelix":0}],"Burning Blood":86},"card_choices":[{"not_picked":["Pommel Strike","Evolve"],"picked":"Rage","floor":1.0},{"not_picked":["Power Through","Dual Wield"],"picked":"Inflame","floor":2.0},{"not_picked":["Clothesline","Clash"],"picked":"Pommel Strike","floor":4.0},{"not_picked":["Burning Pact","Armaments"],"picked":"Battle Trance","floor":6.0},{"not_picked":["Sword Boomerang","Combust"],"picked":"Carnage","floor":8.0},{"not_picked":["Clash","Blood for Blood"],"picked":"Bloodletting","floor":10.0},{"not_picked":["Wild Strike","Feel No Pain"],"picked":"True Grit","floor":11.0},{"not_picked":["Twin Strike","Anger","Thunderclap"],"picked":"SKIP","floor":13.0},{"not_picked":["Offering","Juggernaut"],"picked":"Demon Form","floor":16.0},{"not_picked":["Warcry","Fire Breathing"],"picked":"Wild Strike+1","floor":18.0},{"not_picked":["Blood for Blood+1","Ghostly Armor"],"picked":"Headbutt+1","floor":21.0},{"not_picked":["Dark Embrace","Infernal Blade"],"picked":"Pommel Strike+1","floor":22.0},{"not_picked":["Body Slam+1","Flex"],"picked":"Headbutt+1","floor":29},{"not_picked":["Havoc","Rage","Cleave+1"],"picked":"SKIP","floor":30},{"not_picked":["Thunderclap+1","Blood for Blood+1"],"picked":"Seeing Red+1","floor":31}],"player_experience":291103,"relics_obtained":[{"floor":6.0,"key":"Torii"},{"floor":9.0,"key":"Shuriken"},{"floor":26.0,"key":"Centennial Puzzle"}],"event_choices":[{"damage_healed":0.0,"max_hp_gain":0.0,"max_hp_loss":0.0,"gold_gain":0.0,"event_name":"Scrap Ooze","player_choice":"Success","floor":5.0,"gold_loss":0.0,"damage_taken":12.0,"relics_obtained":["Ancient Tea Set"]},{"cards_removed":["Defend_R"],"damage_healed":0.0,"max_hp_gain":0.0,"max_hp_loss":0.0,"gold_gain":0.0,"event_name":"The Cleric","player_choice":"Card Removal","floor":14.0,"gold_loss":50.0,"damage_taken":0.0},{"damage_healed":0.0,"max_hp_gain":0.0,"max_hp_loss":0.0,"gold_gain":0.0,"event_name":"The Mausoleum","player_choice":"Opened","floor":20.0,"gold_loss":0.0,"damage_taken":0.0,"relics_obtained":["Molten Egg 2"],"cards_obtained":["Writhe"]},{"damage_healed":0.0,"max_hp_gain":0.0,"max_hp_loss":0.0,"gold_gain":0.0,"event_name":"The Library","player_choice":"Read","floor":24.0,"gold_loss":0.0,"damage_taken":0.0,"cards_obtained":["Spot Weakness"]},{"damage_healed":0.0,"max_hp_gain":0.0,"max_hp_loss":0.0,"gold_gain":0.0,"event_name":"The Woman in Blue","player_choice":"Bought 1 Potion","floor":28.0,"gold_loss":0.0,"damage_taken":0.0}],"is_beta":false,"boss_relics":[{"not_picked":["Sozu","Runic Dome"],"picked":"Cursed Key"}],"items_purged_floors":[3],"is_endless":false,"potions_floor_spawned":[4,6,10,13,18,22,29,31],"killed_by":"Champ","ascension_level":7}}