{"host":"yp2ga117svxnbcen","time":1613944301,"event":{"mods":["Act Like it!","Aspiration","BaseMod","BetterRewards","ChefMod","Colored Map","Conspire","Custom Start","Downfall","Elementarium","Gensokyo","GifTheSpireLib","Gold Saver","GungeonMod","Halation","Hallownest","Hermit","HornydragonMod","Hubris","Menagerie","Minty Spire (QoL Compilation)","Quick Restart","Remove Card Discount Mod","Replay The Spire","Shop Mod","Spicy Shops","StSLib","Stuff the Spire","The Blue Laboratory","The IronCluck","egg","slay the spire mod where everything is the same but ironclad has a cowboy hat","??????REMEMod"],"gold_per_floor":[813,1006,1006,1006,1016,1048,781,812,837,837,847,867,720,720,720,823,823,843,599,631,646,561,595,595,392,418,418,418,433,448,448,448,547,547,558,558,518,518,536,570,570,570,570,596,596,606,197,197,197,197],"floor_reached":51,"language":"ENG","playtime":1245,"items_purged":["ReplayTheSpireMod:Splinters","Injury","Strike_B","Dualcast","Strike_B","Strike_B","Strike_B","Pride","StuffTheSpire:LoadUp","Ball Lightning","StuffTheSpire:DeathNote","ReplayTheSpireMod:Splinters","Pain"],"score":1557,"play_id":"cb4db6b9-196f-47b8-bfec-3f5c0d8f89a3","local_time":"20210221135141","is_ascension_mode":true,"campfire_choices":[{"data":"ReplayTheSpireMod:Calculation Training","floor":10.0,"key":"SMITH"},{"data":"ReplayTheSpireMod:Calculation Training","floor":15.0,"key":"SMITH"},{"data":"ReplayTheSpireMod:Calculation Training","floor":28.0,"key":"SMITH"},{"data":"ReplayTheSpireMod:Calculation Training","floor":32.0,"key":"SMITH"},{"data":"StuffTheSpire:ForEach","floor":41,"key":"SMITH"},{"data":"StuffTheSpire:BrainWave","floor":49,"key":"SMITH"}],"circlet_count":0,"master_deck":["Defend_B","Defend_B","Defend_B","Defend_B","Zap","Amplify","Heatsinks","REME_HeartOfCthun","ReplayTheSpireMod:Calculation Training+1","Glacier","StuffTheSpire:Plugnplay","StuffTheSpire:LoadUp","ReplayTheSpireMod:Calculation Training+1","Loop+1","StuffTheSpire:Synthwave+1","StuffTheSpire:ForEach+1","Creative AI+1","ReplayTheSpireMod:Calculation Training+1","ReplayTheSpireMod:Calculation Training+1","Mayhem+1","Replay:Sssssssssshield","REME_SelfUpgrade+1","Multi-Cast","Storm+1","Biased Cognition+1","StuffTheSpire:BrainWave+1","Master of Strategy"],"relics":["Cracked Core","REME_ComplimentaryCards","Membership Card","DataDisk","DemoMod:Orange","Frozen Egg 2","DemoMod:GreenGuonStone","Cables","halation:AfternoonTea","Juzu Bracelet","Replay:Rubber Ducky","StuffTheSpire:Kangaroo","PreservedInsect","halation:Thesaurus","Guardian:BottledAnomaly","StuffTheSpire:HeavyRock","Red Mask","DemoMod:GlassGuonStoneRelic","MealTicket","halation:VictoryRuler","hubris:CrystalStatue","ReplayTheSpireMod:ShopPack","halation:KoshaPiece","DemoMod:WaxWing","Ring of Fury","ReplayTheSpireMod:Ring of Addiction","hubris:EmptyBottle","Chameleon Ring","conspire:Flyswatter","aspiration:SeaSaltIceCream","REME_ComplimentaryCards","Centennial Puzzle","Bottled Lightning","ReplayTheSpireMod:TigerMarble"],"acts_visited":["Exordium","TheCity","TheBeyond"],"potions_floor_usage":[40,40,46,50,50,50,50,50],"damage_taken":[{"damage":0.0,"enemies":"conspire:RoseBush","floor":1.0,"turns":3.0},{"damage":7.0,"enemies":"Jaw Worm","floor":5.0,"turns":3.0},{"damage":3.0,"enemies":"Replay:BlueRogue","floor":6.0,"turns":6.0},{"damage":9.0,"enemies":"3 Sentries","floor":8.0,"turns":4.0},{"damage":0.0,"enemies":"Small Slimes","floor":11.0,"turns":1.0},{"damage":11.0,"enemies":"Red Slaver","floor":12.0,"turns":2.0},{"damage":0.0,"enemies":"The Guardian","floor":16.0,"turns":7.0},{"damage":11.0,"enemies":"Shell Parasite","floor":18.0,"turns":2.0},{"damage":0.0,"enemies":"Masked Bandits","floor":20.0,"turns":1.0},{"damage":0.0,"enemies":"Chosen","floor":21.0,"turns":2.0},{"damage":0.0,"enemies":"Gremlin Leader","floor":23.0,"turns":2.0},{"damage":0.0,"enemies":"3 Cultists","floor":29.0,"turns":2.0},{"damage":0.0,"enemies":"Snake Plant","floor":30.0,"turns":2.0},{"damage":0.0,"enemies":"Collector","floor":33.0,"turns":4.0},{"damage":0.0,"enemies":"3 Darklings","floor":35.0,"turns":3.0},{"damage":0.0,"enemies":"Orb Walker","floor":39.0,"turns":2.0},{"damage":0,"enemies":"Giant Head","floor":40,"turns":2},{"damage":0,"enemies":"R_Hoarder","floor":44,"turns":3},{"damage":0,"enemies":"Jaw Worm Horde","floor":46,"turns":2},{"damage":0,"enemies":"Time Eater","floor":50,"turns":2}],"seed_played":"5624365439650597430","potions_obtained":[{"floor":11.0,"key":"FairyPotion"},{"floor":38.0,"key":"blueLaboratory:RelayPotion"},{"floor":39.0,"key":"blueLaboratory:FruitPunch"},{"floor":44,"key":"Energy Potion"}],"is_trial":false,"path_per_floor":["M","?","?","?","M","E","$","E","T","R","M","M","$","T","R","B",null,"M","$","?","M","?","E","?","$","T","?","R","M","M","?","R","B",null,"M","?","$","?","M","E","R","?","T","E","?","M","$","?","R","B",null],"character_chosen":"DEFECT","items_purchased":["Membership Card","DataDisk","DemoMod:Orange","Amplify","Heatsinks","StuffTheSpire:LoadUp","DollysMirror","Ball Lightning","Cables","Juzu Bracelet","StuffTheSpire:Synthwave+1","Bag of Marbles","PreservedInsect","halation:Thesaurus","StuffTheSpire:HeavyRock","Adrenaline Potion","EntropicBrew","hubris:CrystalStatue","ReplayTheSpireMod:ShopPack","ReplayTheSpireMod:Calculation Training","EssenceOfSteel","Guardian:BlockOnCardUsePotion","Bottled Lightning","ReplayTheSpireMod:TigerMarble","Master of Strategy","Swift Potion"],"campfire_rested":0,"item_purchase_floors":[0,0,0,0,0,7,7,7,7,13,13,13,19,19,19,19,19,25,25,25,25,37,47,47,47,47],"current_hp_per_floor":[87,87,87,97,90,87,87,84,84,84,84,73,73,73,73,73,97,86,86,86,86,86,86,86,86,86,86,86,86,86,66,66,66,97,97,97,97,97,97,103,103,103,103,101,101,101,101,101,101,99],"gold":197,"neow_bonus":"","is_daily":false,"chose_seed":false,"campfire_upgraded":6,"win_rate":0.0,"timestamp":1613944301,"path_taken":["M","?","?","?","?","E","$","E","T","R","M","M","$","?","R","BOSS","M","$","?","M","?","E","?","?","T","?","R","M","M","?","R","BOSS","M","?","$","?","M","E","R","?","T","E","?","M","$","?","R","BOSS"],"items_purchased_type":["Relic","Relic","Relic","Card","Card","Card","Relic","Card","Relic","Relic","Card","Relic","Relic","Relic","Relic","Potion","Potion","Relic","Relic","Card","Potion","Potion","Relic","Relic","Card","Potion"],"build_version":"2020-12-22","purchased_purges":13,"victory":true,"max_hp_per_floor":[87,87,87,97,97,97,97,97,97,97,97,97,97,97,97,97,97,97,97,97,97,97,97,97,97,97,97,97,97,97,97,97,97,97,97,97,97,97,97,103,103,103,103,101,101,101,101,101,101,99],"card_choices":[{"not_picked":["Stack","ReplayTheSpireMod:Dual Polarity","Cold Snap"],"picked":"SKIP","floor":1.0},{"not_picked":["Conserve Battery","Fusion"],"picked":"ReplayTheSpireMod:Calculation Training","floor":2.0},{"not_picked":["Redo","Turbo"],"picked":"Glacier","floor":5.0},{"not_picked":["Go for the Eyes","aspiration:Polymerization"],"picked":"StuffTheSpire:Plugnplay","floor":6.0},{"not_picked":["Coolheaded","StuffTheSpire:NuclearReactor","Hologram"],"picked":"SKIP","floor":8.0},{"not_picked":["Coolheaded","StuffTheSpire:NuclearReactor","Hologram"],"picked":"SKIP","floor":8.0},{"not_picked":["Coolheaded","StuffTheSpire:Coldhearted","Turbo"],"picked":"SKIP","floor":11.0},{"not_picked":["Redo","Consume"],"picked":"Loop+1","floor":12.0},{"not_picked":["hubris:Prefetch","Hyperbeam"],"picked":"StuffTheSpire:ForEach","floor":16.0},{"not_picked":["Compile Driver","Sweeping Beam","Streamline"],"picked":"SKIP","floor":18.0},{"not_picked":["BasicCrystalCard","Leap","Ball Lightning"],"picked":"SKIP","floor":21.0},{"not_picked":["Force Field+1","Time Bomb"],"picked":"Creative AI+1","floor":23.0},{"not_picked":["REME_ProfessionalPlagiarism","Secret Weapon"],"picked":"Mayhem","floor":25.0},{"not_picked":["ReplayTheSpireMod:Trickstab","ReplayTheSpireMod:Private Reserves"],"picked":"Replay:Sssssssssshield","floor":25.0},{"not_picked":["Hologram","Rip and Tear"],"picked":"REME_SelfUpgrade+1","floor":29.0},{"not_picked":["Leap","Doom and Gloom","Coolheaded"],"picked":"SKIP","floor":30.0},{"not_picked":["StuffTheSpire:Purify","Machine Learning+1","hubris:DoWhile","Amplify"],"picked":"Multi-Cast","floor":33.0},{"not_picked":["StuffTheSpire:LoadUp+1","Force Field+1"],"picked":"Storm+1","floor":35.0},{"not_picked":["Hologram+1","REME_Compress","Streamline","Static Discharge+1","Redo+1","Ball Lightning"],"picked":"SKIP","floor":39.0},{"not_picked":["Ball Lightning","Hologram+1","Steam+1","Redo","Coolheaded"],"picked":"Biased Cognition+1","floor":40},{"not_picked":["Stack+1","BasicCrystalCard+1","Genetic Algorithm+1"],"picked":"SKIP","floor":44},{"not_picked":["StuffTheSpire:Innocence","StuffTheSpire:Ambrosia"],"picked":"StuffTheSpire:BrainWave","floor":45},{"not_picked":["Time Bomb","Blizzard+1","Panic Button"],"picked":"SKIP","floor":46}],"player_experience":1187848,"relics_obtained":[{"floor":6.0,"key":"DemoMod:GreenGuonStone"},{"floor":9.0,"key":"halation:AfternoonTea"},{"floor":14.0,"key":"Replay:Rubber Ducky"},{"floor":20.0,"key":"Red Mask"},{"floor":23.0,"key":"halation:VictoryRuler"},{"floor":26.0,"key":"halation:KoshaPiece"},{"floor":38.0,"key":"Ring of Fury"},{"floor":38.0,"key":"ReplayTheSpireMod:Ring of Addiction"},{"floor":38.0,"key":"hubris:EmptyBottle"},{"floor":38.0,"key":"Chameleon Ring"},{"floor":40,"key":"conspire:Flyswatter"},{"floor":43,"key":"aspiration:SeaSaltIceCream"},{"floor":44,"key":"Centennial Puzzle"}],"event_choices":[{"cards_removed":["Amplify"],"damage_healed":0.0,"max_hp_gain":10.0,"max_hp_loss":0.0,"gold_gain":0.0,"event_name":"Bonfire Elementals","player_choice":"Offered Rare","floor":4.0,"gold_loss":0.0,"damage_taken":0.0},{"damage_healed":0.0,"max_hp_gain":0.0,"max_hp_loss":0.0,"gold_gain":0.0,"event_name":"Masked Bandits","player_choice":"Fought Bandits","floor":20.0,"gold_loss":0.0,"damage_taken":0.0},{"damage_healed":0.0,"max_hp_gain":0.0,"max_hp_loss":0.0,"gold_gain":0.0,"event_name":"Addict","player_choice":"Obtained Relic","floor":22.0,"gold_loss":85.0,"damage_taken":0.0,"relics_obtained":["DemoMod:WeirdEgg"]},{"damage_healed":0.0,"max_hp_gain":0.0,"max_hp_loss":0.0,"gold_gain":0.0,"event_name":"The Library","player_choice":"Read","floor":24.0,"gold_loss":0.0,"damage_taken":0.0,"cards_obtained":["ReplayTheSpireMod:Calculation Training"]},{"damage_healed":0.0,"max_hp_gain":0.0,"max_hp_loss":0.0,"gold_gain":0.0,"event_name":"SensoryStone","player_choice":"Memory 1","floor":36.0,"gold_loss":0.0,"damage_taken":0.0},{"damage_healed":0,"gold_gain":0,"player_choice":"Ignored","damage_taken":0,"max_hp_gain":0,"max_hp_loss":0,"event_name":"Falling","floor":42,"gold_loss":0}],"is_beta":false,"boss_relics":[{"not_picked":["halation:PlatinumPhoenix","REME_DuelDisc"],"picked":"StuffTheSpire:Kangaroo"},{"not_picked":["hubris:CrackedHourglass","aspiration:PoetsPen_weak"],"picked":"DemoMod:WaxWing"}],"items_purged_floors":[7,7,13,13,13,13,13,19,19,37,37,47,47],"is_endless":false,"potions_floor_spawned":[5,6,11,20,21,29,39,44],"ascension_level":4}}