{"host":"u8gwyxapu65l7nuk","time":1613865875,"event":{"mods":["BaseMod","Custom Start","Minty Spire (QoL Compilation)","Relic Stats","StSLib"],"gold_per_floor":[115,190,207,207,222,251,233,8,54,54,54,54,73,128,128,230,230,240,12,12,37,49,49,63,95,163,163,163],"floor_reached":27,"language":"ENG","playtime":922,"items_purged":["Strike_G"],"score":243,"play_id":"6282c888-3bfc-480b-b8d9-a49282e098c9","local_time":"20210221080435","is_ascension_mode":true,"campfire_choices":[{"floor":10,"key":"REST"},{"data":"Dash","floor":12,"key":"SMITH"},{"floor":15,"key":"REST"},{"data":"Footwork","floor":23,"key":"SMITH"}],"circlet_count":0,"master_deck":["Strike_G","Strike_G","Defend_G","Defend_G","Defend_G","Defend_G","Defend_G","Survivor","Neutralize","PiercingWail","Accuracy","Dash+1","Quick Slash","Deadly Poison","Calculated Gamble","Caltrops","A Thousand Cuts","Cloak And Dagger+1","Footwork+1","Catalyst","Caltrops+1","Malaise+1"],"relics":["Ring of the Snake","Matryoshka","Blood Vial","Chemical X","Tiny Chest","SacredBark","Vajra","Art of War","Regal Pillow","Toxic Egg 2","Gremlin Horn"],"acts_visited":["Exordium","TheCity"],"potions_floor_usage":[16,25,25,27],"damage_taken":[{"damage":0,"enemies":"Small Slimes","floor":1,"turns":4},{"damage":0,"enemies":"2 Louse","floor":3,"turns":4},{"damage":6,"enemies":"Jaw Worm","floor":5,"turns":5},{"damage":28,"enemies":"Gremlin Nob","floor":6,"turns":6},{"damage":0,"enemies":"Exordium Thugs","floor":7,"turns":5},{"damage":11,"enemies":"Gremlin Gang","floor":13,"turns":9},{"damage":31,"enemies":"The Guardian","floor":16,"turns":12},{"damage":2,"enemies":"Chosen","floor":18,"turns":6},{"damage":9,"enemies":"3 Byrds","floor":22,"turns":6},{"damage":30,"enemies":"Sentry and Sphere","floor":24,"turns":9},{"damage":80,"enemies":"Gremlin Leader","floor":25,"turns":8},{"damage":13,"enemies":"Slavers","floor":27,"turns":3}],"seed_played":"-4358997223323730085","potions_obtained":[{"floor":1,"key":"SteroidPotion"},{"floor":7,"key":"LiquidMemories"},{"floor":16,"key":"Regen Potion"},{"floor":18,"key":"BlessingOfTheForge"},{"floor":25,"key":"Dexterity Potion"}],"is_trial":false,"path_per_floor":["M","?","M","?","M","E","M","$","T","R","?","R","M","?","R","B",null,"M","$","?","T","M","R","M","E","T","E"],"character_chosen":"THE_SILENT","items_purchased":["Chemical X","Footwork","Vajra"],"campfire_rested":2,"item_purchase_floors":[8,19,19],"current_hp_per_floor":[77,66,66,41,35,7,9,9,9,32,32,32,23,23,46,17,77,75,75,75,75,68,68,40,2,2,0,0],"gold":163,"neow_bonus":"TEN_PERCENT_HP_BONUS","is_daily":false,"chose_seed":false,"campfire_upgraded":2,"win_rate":0.0,"timestamp":1613865875,"path_taken":["M","?","M","?","M","E","M","$","T","R","?","R","M","?","R","BOSS","M","$","?","?","?","R","?","E","T","E"],"items_purchased_type":["Relic","Card","Relic"],"build_version":"2020-12-22","purchased_purges":1,"victory":false,"max_hp_per_floor":[77,77,77,77,77,77,77,77,77,77,77,77,77,77,77,77,77,77,77,77,77,77,77,77,77,77,77,77],"relic_stats":{"Blood Vial":14,"Regal Pillow":0,"Gremlin Horn":[0,0],"counters":[12,77],"Tiny Chest":1,"Art of War":[3],"Chemical X":[1],"obtain_stats":[{"Blood Vial":6,"Regal Pillow":21,"Matryoshka":4,"Gremlin Horn":26,"SacredBark":17,"Vajra":19,"Tiny Chest":9,"Art of War":21,"Chemical X":8,"Toxic Egg 2":25,"Ring of the Snake":0},{"Blood Vial":4,"Regal Pillow":8,"Matryoshka":2,"Gremlin Horn":11,"SacredBark":7,"Vajra":8,"Tiny Chest":5,"Art of War":8,"Chemical X":5,"Toxic Egg 2":11,"Ring of the Snake":0},{"Blood Vial":19,"Regal Pillow":51,"Matryoshka":8,"Gremlin Horn":74,"SacredBark":45,"Vajra":51,"Tiny Chest":24,"Art of War":51,"Chemical X":24,"Toxic Egg 2":74,"Ring of the Snake":0}],"Ring of the Snake":[24]},"card_choices":[{"not_picked":["Outmaneuver","Deflect"],"picked":"PiercingWail","floor":1},{"not_picked":["Flying Knee","Deflect"],"picked":"Accuracy","floor":3},{"not_picked":["After Image","Footwork"],"picked":"Dash","floor":5},{"not_picked":["Tactician","Choke"],"picked":"Quick Slash","floor":6},{"not_picked":["Acrobatics","Unload"],"picked":"Deadly Poison","floor":7},{"not_picked":["Poisoned Stab","Prepared"],"picked":"Caltrops","floor":13},{"not_picked":["Tools of the Trade","Bullet Time"],"picked":"A Thousand Cuts","floor":16},{"not_picked":["Choke","Acrobatics"],"picked":"Cloak And Dagger+1","floor":18},{"not_picked":["Poisoned Stab","Dagger Throw+1"],"picked":"Catalyst","floor":22},{"not_picked":["Dodge and Roll","Grand Finale"],"picked":"Caltrops+1","floor":24},{"not_picked":["Calculated Gamble+1","Setup+1"],"picked":"Malaise+1","floor":25}],"player_experience":296513,"relics_obtained":[{"floor":6,"key":"Blood Vial"},{"floor":9,"key":"Tiny Chest"},{"floor":21,"key":"Art of War"},{"floor":21,"key":"Regal Pillow"},{"floor":25,"key":"Toxic Egg 2"},{"floor":26,"key":"Gremlin Horn"}],"event_choices":[{"damage_healed":0,"gold_gain":75,"player_choice":"Gather Gold","damage_taken":11,"max_hp_gain":0,"max_hp_loss":0,"event_name":"World of Goop","floor":2,"gold_loss":0},{"damage_healed":0,"gold_gain":0,"player_choice":"Success","damage_taken":25,"relics_obtained":["Matryoshka"],"max_hp_gain":0,"max_hp_loss":0,"event_name":"Scrap Ooze","floor":4,"gold_loss":0},{"damage_healed":0,"gold_gain":0,"cards_transformed":["Strike_G"],"player_choice":"Change","damage_taken":0,"max_hp_gain":0,"max_hp_loss":0,"event_name":"Living Wall","floor":11,"gold_loss":0,"cards_obtained":["Calculated Gamble"]},{"damage_healed":0,"gold_gain":55,"player_choice":"Gained Gold","damage_taken":0,"max_hp_gain":0,"max_hp_loss":0,"event_name":"Golden Wing","floor":14,"gold_loss":0},{"cards_removed":["Strike_G"],"damage_healed":0,"gold_gain":0,"player_choice":"Purged","damage_taken":0,"max_hp_gain":0,"max_hp_loss":0,"event_name":"Purifier","floor":20,"gold_loss":0}],"is_beta":false,"boss_relics":[{"not_picked":["Runic Pyramid","HoveringKite"],"picked":"SacredBark"}],"items_purged_floors":[8],"is_endless":false,"potions_floor_spawned":[1,7,16,18,22,25],"killed_by":"Slavers","ascension_level":1}}