{"host":"x8s7139x96bc3le0","time":1613919882,"event":{"mods":["AchievementEnabler","BaseMod","Bestiary","Minty Spire (QoL Compilation)","Relic Stats","ojb\u0027s Better Paths Mod","ojb\u0027s Info Mod"],"gold_per_floor":[218,236,249,262,34,63,63,82,82,107,123,123,123,164,164,259,259,278,278,7,20,40,79,79,118,118,118,139,139,159,190,190,190,190],"floor_reached":33,"language":"ENG","playtime":2120,"items_purged":["Strike_G"],"score":565,"play_id":"ec843ffe-de8b-40cd-908b-e4cc929a175b","local_time":"20210221160442","is_ascension_mode":true,"campfire_choices":[{"data":"Glass Knife","floor":7.0,"key":"SMITH"},{"data":"Neutralize","floor":15.0,"key":"SMITH"},{"data":"Tactician","floor":24,"key":"SMITH"},{"data":"Tactician","floor":27,"key":"SMITH"},{"data":"Leg Sweep","floor":32,"key":"SMITH"}],"circlet_count":0,"master_deck":["AscendersBane","Survivor","Neutralize+1","Blade Dance","Crippling Poison","Eviscerate","Glass Knife+1","Malaise","Caltrops","Acrobatics","Dash","Glass Knife","Caltrops","Die Die Die","Prepared","Tactician+1","Storm of Steel","Malaise","Well Laid Plans","Noxious Fumes","Glass Knife","Tactician+1","Leg Sweep+1","Glass Knife+1","Backstab+1","Underhanded Strike+1","Bullet Time","Slice+1","Calculated Gamble"],"relics":["Ring of the Snake","Juzu Bracelet","Pear","Ancient Tea Set","Golden Idol","Eternal Feather","Pandora\u0027s Box","DollysMirror","Lizard Tail","Gremlin Horn","Mercury Hourglass","Centennial Puzzle"],"acts_visited":["Exordium","TheCity"],"potions_floor_usage":[22,23,30,33,33],"damage_taken":[{"damage":10.0,"enemies":"Small Slimes","floor":1.0,"turns":5.0},{"damage":0.0,"enemies":"2 Louse","floor":2.0,"turns":3.0},{"damage":0.0,"enemies":"Cultist","floor":3.0,"turns":5.0},{"damage":6.0,"enemies":"Looter","floor":4.0,"turns":4.0},{"damage":6.0,"enemies":"3 Sentries","floor":6.0,"turns":11.0},{"damage":7.0,"enemies":"Gremlin Gang","floor":8.0,"turns":6.0},{"damage":8.0,"enemies":"Lagavulin","floor":10.0,"turns":6.0},{"damage":2.0,"enemies":"Large Slime","floor":11.0,"turns":6.0},{"damage":18.0,"enemies":"Gremlin Nob","floor":14.0,"turns":4.0},{"damage":9.0,"enemies":"Hexaghost","floor":16.0,"turns":13.0},{"damage":8,"enemies":"2 Thieves","floor":18,"turns":4},{"damage":0,"enemies":"Chosen","floor":21,"turns":4},{"damage":24,"enemies":"Snecko","floor":22,"turns":5},{"damage":27,"enemies":"Book of Stabbing","floor":23,"turns":5},{"damage":37,"enemies":"Gremlin Leader","floor":25,"turns":7},{"damage":2,"enemies":"Cultist and Chosen","floor":28,"turns":4},{"damage":0,"enemies":"Shelled Parasite and Fungi","floor":30,"turns":1},{"damage":30,"enemies":"Book of Stabbing","floor":31,"turns":5},{"damage":37,"enemies":"Collector","floor":33,"turns":6}],"seed_played":"3637064047573697533","potions_obtained":[{"floor":2.0,"key":"Ancient Potion"},{"floor":3.0,"key":"DistilledChaos"},{"floor":8.0,"key":"Energy Potion"},{"floor":11.0,"key":"SpeedPotion"},{"floor":18,"key":"SmokeBomb"},{"floor":22,"key":"SkillPotion"},{"floor":29,"key":"LiquidMemories"},{"floor":29,"key":"Dexterity Potion"},{"floor":30,"key":"DuplicationPotion"}],"is_trial":false,"path_per_floor":["M","M","M","M","$","E","R","M","T","E","M","?","?","E","R","B",null,"M","?","$","M","M","E","R","E","T","R","M","?","M","E","R","B"],"character_chosen":"THE_SILENT","items_purchased":["Glass Knife","Leg Sweep","DollysMirror","Block Potion"],"campfire_rested":0,"item_purchase_floors":[5,20,20,20],"current_hp_per_floor":[53,53,53,47,47,41,41,34,44,36,34,34,19,1,13,4,57,49,73,73,73,49,22,37,37,37,52,50,50,50,20,35,0,0],"gold":190,"neow_bonus":"HUNDRED_GOLD","is_daily":false,"chose_seed":false,"campfire_upgraded":5,"win_rate":0.0,"timestamp":1613919882,"path_taken":["M","M","M","M","$","E","R","M","T","E","M","?","?","E","R","BOSS","M","?","$","M","M","E","R","E","T","R","M","?","M","E","R","BOSS"],"items_purchased_type":["Card","Card","Relic","Potion"],"build_version":"2020-12-22","purchased_purges":1,"victory":false,"max_hp_per_floor":[70,70,70,70,70,70,70,70,80,80,80,74,74,74,74,74,74,74,74,74,74,74,74,74,74,74,74,74,74,74,74,74,74,74],"relic_stats":{"Lizard Tail":37,"Centennial Puzzle":[3],"Gremlin Horn":[3,4],"counters":[19,103],"Golden Idol":68,"Eternal Feather":57,"Pandora\u0027s Box":["Caltrops","Die Die Die","Prepared","Tactician","Storm of Steel","Malaise","Well Laid Plans","Noxious Fumes","Glass Knife"],"Juzu Bracelet":0,"obtain_stats":[{"Lizard Tail":23,"Centennial Puzzle":31,"Pear":9,"Gremlin Horn":25,"Golden Idol":12,"DollysMirror":20,"Eternal Feather":14,"Pandora\u0027s Box":17,"Juzu Bracelet":6,"Ancient Tea Set":10,"Ring of the Snake":0,"Mercury Hourglass":26},{"Lizard Tail":14,"Centennial Puzzle":18,"Pear":6,"Gremlin Horn":15,"Golden Idol":8,"DollysMirror":11,"Eternal Feather":9,"Pandora\u0027s Box":10,"Juzu Bracelet":5,"Ancient Tea Set":7,"Ring of the Snake":0,"Mercury Hourglass":15},{"Lizard Tail":81,"Centennial Puzzle":97,"Pear":34,"Gremlin Horn":88,"Golden Idol":46,"DollysMirror":67,"Eternal Feather":50,"Pandora\u0027s Box":63,"Juzu Bracelet":28,"Ancient Tea Set":40,"Ring of the Snake":0,"Mercury Hourglass":88}],"Ring of the Snake":[38],"Mercury Hourglass":[61]},"card_choices":[{"not_picked":["PiercingWail","Dodge and Roll","Prepared"],"picked":"SKIP","floor":1.0},{"not_picked":["Backflip","Quick Slash"],"picked":"Blade Dance","floor":2.0},{"not_picked":["Accuracy","Predator"],"picked":"Crippling Poison","floor":3.0},{"not_picked":["Flying Knee","Deadly Poison"],"picked":"Eviscerate","floor":4.0},{"not_picked":["Leg Sweep","Eviscerate"],"picked":"Malaise","floor":6.0},{"not_picked":["Deadly Poison","Calculated Gamble"],"picked":"Caltrops","floor":8.0},{"not_picked":["PiercingWail","Underhanded Strike","Outmaneuver"],"picked":"SKIP","floor":10.0},{"not_picked":["Deadly Poison","Poisoned Stab"],"picked":"Acrobatics","floor":11.0},{"not_picked":["Sucker Punch","Tactician"],"picked":"Dash","floor":14.0},{"not_picked":["Die Die Die","Bullet Time"],"picked":"Glass Knife","floor":16.0},{"not_picked":["PiercingWail","Dagger Spray"],"picked":"Tactician","floor":18},{"not_picked":["Caltrops","Sucker Punch"],"picked":"Backstab+1","floor":21},{"not_picked":["Reflex","Bane"],"picked":"Underhanded Strike+1","floor":22},{"not_picked":["Deadly Poison","Dodge and Roll"],"picked":"Bullet Time","floor":23},{"not_picked":["Accuracy","Prepared"],"picked":"Slice+1","floor":25},{"not_picked":["Caltrops","Slice","Prepared"],"picked":"SKIP","floor":28},{"not_picked":["Flying Knee","Finisher"],"picked":"Calculated Gamble","floor":30},{"not_picked":["Skewer","Calculated Gamble","Setup"],"picked":"SKIP","floor":31}],"player_experience":875089,"relics_obtained":[{"floor":6.0,"key":"Juzu Bracelet"},{"floor":9.0,"key":"Pear"},{"floor":10.0,"key":"Ancient Tea Set"},{"floor":14.0,"key":"Eternal Feather"},{"floor":23,"key":"Lizard Tail"},{"floor":25,"key":"Gremlin Horn"},{"floor":26,"key":"Mercury Hourglass"},{"floor":31,"key":"Centennial Puzzle"}],"event_choices":[{"damage_healed":0.0,"max_hp_gain":0.0,"max_hp_loss":6.0,"gold_gain":0.0,"event_name":"Golden Idol","player_choice":"Lose Max HP","floor":12.0,"gold_loss":0.0,"damage_taken":0.0,"relics_obtained":["Golden Idol"]},{"damage_healed":0.0,"max_hp_gain":0.0,"max_hp_loss":0.0,"gold_gain":0.0,"event_name":"Shining Light","player_choice":"Entered Light","floor":13.0,"gold_loss":0.0,"damage_taken":15.0,"cards_upgraded":["Defend_G","Strike_G"]},{"damage_healed":24,"gold_gain":0,"player_choice":"Heal","damage_taken":0,"max_hp_gain":0,"max_hp_loss":0,"event_name":"The Library","floor":19,"gold_loss":0},{"damage_healed":0,"gold_gain":0,"player_choice":"Got Potions","damage_taken":0,"max_hp_gain":0,"max_hp_loss":0,"event_name":"Lab","floor":29,"gold_loss":0}],"is_beta":false,"boss_relics":[{"not_picked":["Philosopher\u0027s Stone","Snecko Eye"],"picked":"Pandora\u0027s Box"}],"items_purged_floors":[5],"is_endless":false,"potions_floor_spawned":[2,3,8,11,18,22,30],"killed_by":"Collector","ascension_level":13}}