{"host":"qxeepl7ydvsgmfdb","time":1613928277,"event":{"mods":["AchievementEnabler","BaseMod","Colored Powertips","Minty Spire (QoL Compilation)","Quick Restart","slay the spire mod where everything is the same but ironclad has a cowboy hat"],"gold_per_floor":[113,388,43,63,74,101,112,143,170,170,3,38,9,22,22,95,95,113,127,42,92,105,105,105],"floor_reached":23,"language":"ENG","playtime":841,"items_purged":["Regret"],"score":437,"play_id":"af616d6d-4409-45de-a3a8-9938b9634259","local_time":"20210221122437","is_ascension_mode":true,"campfire_choices":[{"floor":10.0,"key":"REST"},{"floor":15.0,"key":"REST"}],"circlet_count":0,"master_deck":["AscendersBane","Strike_G","Strike_G","Strike_G","Strike_G","Strike_G","Defend_G","Defend_G","Defend_G","Defend_G","Defend_G","Survivor+1","Neutralize","Blade Dance","Cloak And Dagger+1","Footwork","Dagger Spray","Poisoned Stab","Dagger Spray","Cloak And Dagger","Deflect","Deflect+1","Blade Dance+1"],"relics":["Ring of the Snake","NeowsBlessing","Anchor","Paper Crane","Vajra","Bronze Scales","ClockworkSouvenir","War Paint","SacredBark","Smiling Mask"],"acts_visited":["Exordium","TheCity"],"potions_floor_usage":[],"damage_taken":[{"damage":0.0,"enemies":"2 Louse","floor":1.0,"turns":1.0},{"damage":0.0,"enemies":"Cultist","floor":4.0,"turns":1.0},{"damage":0.0,"enemies":"Jaw Worm","floor":5.0,"turns":1.0},{"damage":24.0,"enemies":"Lagavulin","floor":6.0,"turns":8.0},{"damage":0.0,"enemies":"3 Louse","floor":7.0,"turns":2.0},{"damage":0.0,"enemies":"3 Sentries","floor":8.0,"turns":5.0},{"damage":4.0,"enemies":"Gremlin Nob","floor":12.0,"turns":4.0},{"damage":8.0,"enemies":"Large Slime","floor":14.0,"turns":4.0},{"damage":18.0,"enemies":"The Guardian","floor":16.0,"turns":13.0},{"damage":0.0,"enemies":"3 Byrds","floor":18.0,"turns":2.0},{"damage":14.0,"enemies":"Shell Parasite","floor":19.0,"turns":5.0},{"damage":28.0,"enemies":"Sentry and Sphere","floor":22.0,"turns":6.0},{"damage":22,"enemies":"Slavers","floor":23,"turns":2}],"seed_played":"-4258592196669519737","potions_obtained":[{"floor":6.0,"key":"PowerPotion"},{"floor":7.0,"key":"DistilledChaos"},{"floor":16.0,"key":"Explosive Potion"}],"is_trial":false,"path_per_floor":["M","?","$","M","M","E","M","E","T","R","$","E","$","M","R","B",null,"M","M","?","?","M","E"],"character_chosen":"THE_SILENT","items_purchased":["Anchor","Cloak And Dagger","Footwork","ClockworkSouvenir","Deflect"],"campfire_rested":2,"item_purchase_floors":[3,3,3,11,13],"current_hp_per_floor":[59,59,59,59,59,35,35,35,35,54,54,50,50,42,61,43,60,60,46,46,46,18,0,0],"gold":105,"neow_bonus":"THREE_ENEMY_KILL","is_daily":false,"chose_seed":false,"campfire_upgraded":0,"win_rate":0.0,"timestamp":1613928277,"path_taken":["M","?","$","?","M","E","M","E","T","R","$","E","?","M","R","BOSS","M","M","?","?","M","E"],"items_purchased_type":["Relic","Card","Card","Relic","Card"],"build_version":"2020-12-22","purchased_purges":1,"victory":false,"max_hp_per_floor":[66,66,66,66,66,66,66,66,66,66,66,66,66,66,66,66,66,66,66,66,66,66,66,66],"card_choices":[{"not_picked":["Bouncing Flask","Slice"],"picked":"Blade Dance","floor":1.0},{"not_picked":["Dodge and Roll","Slice"],"picked":"Dagger Spray","floor":4.0},{"not_picked":["Dodge and Roll","Eviscerate"],"picked":"Poisoned Stab","floor":5.0},{"not_picked":["Deflect","Skewer"],"picked":"Dagger Spray","floor":6.0},{"not_picked":["Poisoned Stab","Endless Agony"],"picked":"Cloak And Dagger","floor":7.0},{"not_picked":["Calculated Gamble","Quick Slash","Reflex"],"picked":"SKIP","floor":8.0},{"not_picked":["Bouncing Flask","Underhanded Strike","Catalyst"],"picked":"SKIP","floor":12.0},{"not_picked":["Dodge and Roll","Acrobatics","Bouncing Flask"],"picked":"SKIP","floor":14.0},{"not_picked":["PiercingWail","Quick Slash","Dodge and Roll"],"picked":"SKIP","floor":18.0},{"not_picked":["Concentrate+1","Riddle With Holes"],"picked":"Deflect+1","floor":19.0},{"not_picked":["Caltrops","Sucker Punch"],"picked":"Blade Dance+1","floor":22.0}],"player_experience":189484,"relics_obtained":[{"floor":6.0,"key":"Paper Crane"},{"floor":8.0,"key":"Vajra"},{"floor":9.0,"key":"Bronze Scales"},{"floor":12.0,"key":"War Paint"}],"event_choices":[{"damage_healed":0.0,"max_hp_gain":0.0,"max_hp_loss":0.0,"gold_gain":275.0,"event_name":"Golden Shrine","player_choice":"Desecrate","floor":2.0,"gold_loss":0.0,"damage_taken":0.0,"cards_obtained":["Regret"]},{"damage_healed":0.0,"max_hp_gain":0.0,"max_hp_loss":0.0,"gold_gain":0.0,"event_name":"Addict","player_choice":"Obtained Relic","floor":20.0,"gold_loss":85.0,"damage_taken":0.0,"relics_obtained":["Smiling Mask"]},{"damage_healed":0.0,"max_hp_gain":0.0,"max_hp_loss":0.0,"gold_gain":50.0,"event_name":"Nest","player_choice":"Stole From Cult","floor":21.0,"gold_loss":0.0,"damage_taken":0.0}],"is_beta":false,"boss_relics":[{"not_picked":["Empty Cage","Astrolabe"],"picked":"SacredBark"}],"items_purged_floors":[3],"is_endless":false,"potions_floor_spawned":[6,7,16],"killed_by":"Slavers","ascension_level":17}}