{"host":"dxw0slwvk2p0izr3","time":1613879137,"event":{"mods":["BaseMod","Downfall","Minty Spire (QoL Compilation)","Replay The Spire","Shop Mod","StSLib"],"gold_per_floor":[99,109,19,19,19,38,38,66,166,166,177,77,110,128,143,242,242,142,153,167,185,185,195,195,211,20,39,39,59,87,101,118,118,118,118],"floor_reached":33,"language":"ZHS","playtime":1669,"items_purged":["bronze:Defend","Looming Evil"],"score":339,"play_id":"49b6098f-2b09-45c7-8597-c10bef4ecb47","local_time":"20210221114537","is_ascension_mode":true,"campfire_choices":[{"data":"bronze:Replicate","floor":1.0,"key":"SMITH"},{"floor":10.0,"key":"RECALL"},{"data":"bronze:Iterate","floor":12.0,"key":"SMITH"},{"data":"bronze:Invalidate","floor":18.0,"key":"SMITH"},{"data":"bronze:Separator","floor":28.0,"key":"SMITH"}],"circlet_count":0,"master_deck":["bronze:Strike","bronze:Strike","bronze:Replicate+1","bronze:BronzeOrb","bronze:Branch","bronze:FineTuning+1","bronze:FunctionCard","bronze:InfiniteBeams","bronze:Repulsor","bronze:GetLatest+1","bronze:Separator+1","bronze:DelayedSlice+1","bronze:Terminator"],"relics":["bronze:BronzeCore","Eternal Feather","Replay:Bottled Steam","downfall:HeartBlessingRed","ReplayTheSpireMod:Shallot","downfall:HeartBlessingGreen","MerchantsRug","Sling","Nunchaku"],"acts_visited":["Exordium","TheCity"],"potions_floor_usage":[33],"damage_taken":[{"damage":6.0,"enemies":"Cultist","floor":2.0,"turns":3.0},{"damage":10.0,"enemies":"downfall:FleeingMerchant","floor":3.0,"turns":4.0},{"damage":7.0,"enemies":"Jaw Worm","floor":6.0,"turns":2.0},{"damage":26.0,"enemies":"Lagavulin","floor":8.0,"turns":6.0},{"damage":0.0,"enemies":"Small Slimes","floor":11.0,"turns":2.0},{"damage":0.0,"enemies":"Gremlin Nob","floor":13.0,"turns":2.0},{"damage":0.0,"enemies":"2 Fungi Beasts","floor":14.0,"turns":2.0},{"damage":0.0,"enemies":"Red Slaver","floor":15.0,"turns":2.0},{"damage":19.0,"enemies":"IC_STATUS_ARCHETYPE","floor":16.0,"turns":5.0},{"damage":0.0,"enemies":"3 Byrds","floor":19.0,"turns":4.0},{"damage":9.0,"enemies":"Chosen","floor":20.0,"turns":4.0},{"damage":9.0,"enemies":"Snecko","floor":21.0,"turns":4.0},{"damage":28.0,"enemies":"Snake Plant","floor":23.0,"turns":5.0},{"damage":13.0,"enemies":"Sentry and Sphere","floor":25.0,"turns":4.0},{"damage":0.0,"enemies":"downfall:FleeingMerchant","floor":26.0,"turns":4.0},{"damage":0.0,"enemies":"Snecko","floor":27.0,"turns":3.0},{"damage":0.0,"enemies":"Snake Plant","floor":29.0,"turns":2.0},{"damage":5.0,"enemies":"Book of Stabbing","floor":30.0,"turns":3.0},{"damage":1.0,"enemies":"Centurion and Healer","floor":31.0,"turns":2.0},{"damage":0.0,"enemies":"Cultist and Chosen","floor":32.0,"turns":2.0},{"damage":13,"enemies":"DF_ARCHETYPE_CLAW","floor":33,"turns":3}],"seed_played":"4490068597637416077","potions_obtained":[{"floor":2.0,"key":"Venom Potion"},{"floor":6.0,"key":"champ:CounterPotion"},{"floor":11.0,"key":"Languid Potion"},{"floor":15.0,"key":"Swift Potion"},{"floor":20.0,"key":"Fire Potion"},{"floor":29.0,"key":"Swift Potion"},{"floor":31.0,"key":"Flashbang"}],"is_trial":false,"path_per_floor":["R","M","$","?","T","M","T","E","?","R","M","R","E","M","M","B",null,"R","M","M","M","?","M","T","M","$","M","R","M","E","M","M","B"],"character_chosen":"THE_AUTOMATON","items_purchased":["MerchantsRug","Sling"],"campfire_rested":0,"item_purchase_floors":[26,26],"current_hp_per_floor":[70,64,54,54,54,47,47,21,21,24,24,30,30,30,30,11,70,70,70,61,52,52,24,24,11,11,11,17,17,12,11,11,0,0,0],"gold":118,"neow_bonus":"REMOVE_CARD","is_daily":false,"chose_seed":false,"campfire_upgraded":4,"win_rate":0.0,"timestamp":1613879137,"path_taken":["R","M","?","?","?","M","T","E","?","R","M","R","E","M","M","BOSS","R","M","M","?","?","M","T","M","$","M","R","M","E","?","M","BOSS"],"items_purchased_type":["Relic","Relic"],"build_version":"2020-12-22","purchased_purges":2,"victory":false,"max_hp_per_floor":[70,70,70,70,70,70,70,70,70,70,70,70,70,70,70,70,70,70,70,70,70,70,70,70,70,70,70,70,70,70,70,70,70,70,70],"card_choices":[{"not_picked":["bronze:Overload","bronze:Shield","bronze:Constructor"],"picked":"SKIP","floor":2.0},{"not_picked":["bronze:OilSpill","bronze:Allocate"],"picked":"bronze:Invalidate","floor":3.0},{"not_picked":["bronze:ForLoop","bronze:Turbo","bronze:GetLatest"],"picked":"SKIP","floor":6.0},{"not_picked":["bronze:ItsAFeature","bronze:GetLatest"],"picked":"bronze:BronzeOrb","floor":8.0},{"not_picked":["bronze:CutThrough","bronze:Safeguard"],"picked":"bronze:Iterate","floor":11.0},{"not_picked":["bronze:Repair","bronze:Invalidate","bronze:Iterate"],"picked":"SKIP","floor":13.0},{"not_picked":["bronze:WildBeam","bronze:WhirlingStrike"],"picked":"bronze:Branch","floor":14.0},{"not_picked":["bronze:Shell","bronze:Refactor","bronze:ChildClass"],"picked":"SKIP","floor":15.0},{"not_picked":["bronze:Library","bronze:Virus"],"picked":"bronze:Hardcode","floor":16.0},{"not_picked":["bronze:Fortify","bronze:Constructor"],"picked":"bronze:FineTuning+1","floor":19.0},{"not_picked":["bronze:BuggyMess+1","bronze:OilSpill+1","bronze:WildBeam"],"picked":"SKIP","floor":20.0},{"not_picked":["bronze:CloningBeam","bronze:DarkDash"],"picked":"bronze:InfiniteBeams","floor":21.0},{"not_picked":["bronze:Deprecate","bronze:FineTuning"],"picked":"bronze:Repulsor","floor":23.0},{"not_picked":["bronze:BuggyMess+1","bronze:FineTuning"],"picked":"bronze:GetLatest+1","floor":25.0},{"not_picked":["bronze:WhirlingStrike","bronze:MaxOutput"],"picked":"bronze:Separator","floor":26.0},{"not_picked":["bronze:FineTuning+1","bronze:Overload"],"picked":"bronze:DelayedSlice+1","floor":27.0},{"not_picked":["bronze:Allocate","bronze:Repulsor"],"picked":"bronze:Terminator","floor":29.0},{"not_picked":["bronze:NullPointer","bronze:OilSpill","bronze:ThunderWave"],"picked":"SKIP","floor":30.0},{"not_picked":["bronze:Allocate","bronze:Invalidate","bronze:Refactor"],"picked":"SKIP","floor":31.0},{"not_picked":["bronze:DelayedGuard","bronze:Deprecate+1","bronze:BitShift+1"],"picked":"SKIP","floor":32.0}],"player_experience":111915,"relics_obtained":[{"floor":5.0,"key":"Eternal Feather"},{"floor":7.0,"key":"Replay:Bottled Steam"},{"floor":8.0,"key":"Pocketwatch"},{"floor":13.0,"key":"ReplayTheSpireMod:Shallot"},{"floor":30.0,"key":"Nunchaku"}],"event_choices":[{"cards_removed":["bronze:Strike"],"damage_healed":0.0,"max_hp_gain":0.0,"max_hp_loss":0.0,"gold_gain":0.0,"event_name":"The Cleric","player_choice":"Card Removal","floor":4.0,"gold_loss":0.0,"damage_taken":0.0}],"is_beta":false,"boss_relics":[{"not_picked":["Snecko Eye","bronze:MakeshiftBattery"],"picked":"Ring of Chaos"}],"items_purged_floors":[3,26],"is_endless":false,"potions_floor_spawned":[2,6,11,15,20,21,23,29,31],"killed_by":"DF_ARCHETYPE_CLAW","ascension_level":2}}