{"host":"vl1k6yl86fnmnemm","time":1613924790,"event":{"mods":["BaseMod","Colored Map","Minty Spire (QoL Compilation)","StSLib","Together in Spire"],"gold_per_floor":[113,127,127,127,104,129,145,175,223,173,202,202,202,216,216,317,317,327,343,362,7,26,51,151,51,51,76,96,107,119,138,138,234,234,244,262,262,312,367,396,396,396,396,271,271,287,287,287],"floor_reached":47,"language":"ENG","playtime":3180,"items_purged":["Strike_P","Defend_P","Strike_P"],"score":530,"play_id":"ce7b3d60-5829-4bcf-b358-54bb1dadd3e5","local_time":"20210221172630","is_ascension_mode":false,"campfire_choices":[{"data":"Crescendo","floor":13.0,"key":"SMITH"},{"floor":15.0,"key":"REST"},{"floor":32.0,"key":"REST"},{"floor":41,"key":"REST"},{"floor":45,"key":"REST"}],"circlet_count":0,"master_deck":["Strike_P","Defend_P+1","Defend_P+1","Vigilance","Crescendo+1","CutThroughFate","Evaluate","Consecrate","FlurryOfBlows","Crescendo","Enlightenment","FlurryOfBlows","Ragnarok","Indignation+1","WreathOfFlame","Consecrate","Consecrate","ReachHeaven","EmptyBody+1","Evaluate+1","Conclude","Consecrate+1","Discovery","FlurryOfBlows+1","Crescendo+1"],"relics":["PureWater","NeowsBlessing","War Paint","Question Card","Orichalcum","Shuriken","Sozu","Pen Nib","HornCleat","Bottled Lightning","Pantograph","Fusion Hammer","GoldenEye","Bird Faced Urn","Darkstone Periapt","Frozen Egg 2"],"acts_visited":[],"potions_floor_usage":[47],"damage_taken":[{"damage":0.0,"enemies":"2 Louse","floor":1.0,"turns":1.0},{"damage":0.0,"enemies":"Jaw Worm","floor":2.0,"turns":1.0},{"damage":0.0,"enemies":"Gremlin Nob","floor":6.0,"turns":1.0},{"damage":0.0,"enemies":"Small Slimes","floor":7.0,"turns":1.0},{"damage":2.0,"enemies":"Lagavulin","floor":11.0,"turns":4.0},{"damage":0.0,"enemies":"3 Louse","floor":14.0,"turns":2.0},{"damage":12.0,"enemies":"The Guardian","floor":16.0,"turns":11.0},{"damage":0.0,"enemies":"Spheric Guardian","floor":18.0,"turns":3.0},{"damage":1.0,"enemies":"Shell Parasite","floor":19.0,"turns":3.0},{"damage":0.0,"enemies":"Centurion and Healer","floor":20.0,"turns":2.0},{"damage":0.0,"enemies":"Cultist and Chosen","floor":22.0,"turns":3.0},{"damage":0.0,"enemies":"Gremlin Leader","floor":23.0,"turns":3.0},{"damage":26.0,"enemies":"Slavers","floor":27.0,"turns":4.0},{"damage":0.0,"enemies":"3 Cultists","floor":28.0,"turns":2.0},{"damage":16.0,"enemies":"Snake Plant","floor":29.0,"turns":3.0},{"damage":14.0,"enemies":"Sentry and Sphere","floor":30.0,"turns":4.0},{"damage":0.0,"enemies":"Centurion and Healer","floor":31.0,"turns":2.0},{"damage":0.0,"enemies":"Automaton","floor":33.0,"turns":3.0},{"damage":6.0,"enemies":"3 Shapes","floor":35.0,"turns":3.0},{"damage":0.0,"enemies":"3 Darklings","floor":36.0,"turns":2.0},{"damage":0.0,"enemies":"Mind Bloom Boss Battle","floor":38.0,"turns":2.0},{"damage":20,"enemies":"2 Orb Walkers","floor":39,"turns":3},{"damage":5,"enemies":"Giant Head","floor":40,"turns":5},{"damage":0,"enemies":"Spire Growth","floor":46,"turns":2},{"damage":147,"enemies":"Transient","floor":47,"turns":3}],"seed_played":"-3005834828435882507","potions_obtained":[{"floor":7.0,"key":"SkillPotion"},{"floor":14.0,"key":"GamblersBrew"}],"is_trial":false,"path_per_floor":["M","M","?","?","$","E","M","?","T","?","E","?","R","M","R","B",null,"M","M","M","$","M","E","?","$","T","E","M","M","M","M","R","B",null,"M","M","?","?","?","E","R","?","T","$","R","M","M"],"character_chosen":"WATCHER","items_purchased":["Evaluate","Consecrate","Pen Nib","ReachHeaven"],"campfire_rested":4,"item_purchase_floors":[5,21,21,21],"current_hp_per_floor":[72,72,65,58,58,58,58,58,58,58,56,56,56,56,72,60,72,72,71,71,71,71,71,71,71,71,45,45,29,15,15,36,61,72,66,66,66,72,52,47,68,68,68,68,72,72,0,0],"gold":287,"neow_bonus":"THREE_ENEMY_KILL","is_daily":false,"chose_seed":false,"campfire_upgraded":1,"win_rate":0.0,"timestamp":1613924790,"path_taken":["M","M","?","?","$","E","M","?","T","?","E","?","R","M","R","BOSS","M","M","M","?","?","E","?","$","T","E","M","M","M","?","R","BOSS","M","M","?","?","?","E","R","?","T","$","R","M","M"],"items_purchased_type":["Card","Card","Relic","Card"],"build_version":"2020-12-22","purchased_purges":3,"victory":false,"max_hp_per_floor":[72,72,72,72,72,72,72,72,72,72,72,72,72,72,72,72,72,72,72,72,72,72,72,72,72,72,72,72,72,72,72,72,72,72,72,72,72,72,72,72,72,72,72,72,72,72,72,72],"card_choices":[{"not_picked":["JustLucky","Prostrate"],"picked":"Crescendo","floor":1.0},{"not_picked":["Swivel","Wallop"],"picked":"CutThroughFate","floor":2.0},{"not_picked":["FearNoEvil","Meditate"],"picked":"Consecrate","floor":6.0},{"not_picked":["Nirvana","Worship","Protect"],"picked":"FlurryOfBlows","floor":7.0},{"not_picked":["JustLucky","Prostrate","CutThroughFate"],"picked":"Crescendo","floor":11.0},{"not_picked":["EmptyMind","Perseverance","Swivel"],"picked":"FlurryOfBlows","floor":14.0},{"not_picked":["Vault","Omniscience","Devotion"],"picked":"Ragnarok","floor":16.0},{"not_picked":["FollowUp","MentalFortress","PathToVictory+1"],"picked":"Indignation+1","floor":18.0},{"not_picked":["CutThroughFate","DeceiveReality","FlyingSleeves"],"picked":"WreathOfFlame","floor":19.0},{"not_picked":["FollowUp","Protect","JustLucky"],"picked":"Consecrate","floor":20.0},{"not_picked":["SandsOfTime","ThirdEye","Meditate"],"picked":"EmptyBody+1","floor":22.0},{"not_picked":["Establishment","Crescendo","PathToVictory+1","JustLucky"],"picked":"SKIP","floor":23.0},{"not_picked":["Evaluate","LikeWater+1","ReachHeaven","BowlingBash"],"picked":"SKIP","floor":27.0},{"not_picked":["ThirdEye","SashWhip","ClearTheMind"],"picked":"Evaluate+1","floor":28.0},{"not_picked":["JustLucky","WreathOfFlame","WindmillStrike"],"picked":"Conclude","floor":29.0},{"not_picked":["WreathOfFlame","ForeignInfluence","JustLucky"],"picked":"Consecrate+1","floor":30.0},{"not_picked":["Indignation","PathToVictory","WindmillStrike","Evaluate"],"picked":"SKIP","floor":31.0},{"not_picked":["EmptyMind","Evaluate+1","Halt","Meditate"],"picked":"SKIP","floor":35.0},{"not_picked":["FearNoEvil","WreathOfFlame","EmptyBody","BattleHymn+1"],"picked":"SKIP","floor":36.0},{"not_picked":["Madness","Metamorphosis","PanicButton"],"picked":"Discovery","floor":37.0},{"not_picked":["Omniscience","Crescendo","EmptyMind"],"picked":"FlurryOfBlows+1","floor":40},{"not_picked":["FlyingSleeves+1","WindmillStrike","ThirdEye"],"picked":"Crescendo+1","floor":46}],"player_experience":39243,"relics_obtained":[{"floor":6.0,"key":"Question Card"},{"floor":9.0,"key":"Orichalcum"},{"floor":11.0,"key":"Shuriken"},{"floor":23.0,"key":"HornCleat"},{"floor":26.0,"key":"Bottled Lightning"},{"floor":27.0,"key":"Pantograph"},{"floor":38.0,"key":"GoldenEye"},{"floor":39,"key":"Bird Faced Urn"},{"floor":40,"key":"Darkstone Periapt"},{"floor":43,"key":"Frozen Egg 2"}],"event_choices":[{"damage_healed":0.0,"max_hp_gain":0.0,"max_hp_loss":0.0,"gold_gain":0.0,"event_name":"Scrap Ooze","player_choice":"Success","floor":3.0,"gold_loss":0.0,"damage_taken":7.0,"relics_obtained":["War Paint"]},{"cards_removed":["Defend_P"],"damage_healed":0.0,"max_hp_gain":0.0,"max_hp_loss":0.0,"gold_gain":0.0,"event_name":"Golden Wing","player_choice":"Card Removal","floor":4.0,"gold_loss":0.0,"damage_taken":7.0},{"damage_healed":0.0,"max_hp_gain":0.0,"max_hp_loss":0.0,"gold_gain":30.0,"event_name":"Dead Adventurer","player_choice":"Searched \u00271\u0027 times","floor":8.0,"gold_loss":0.0,"damage_taken":0.0},{"cards_removed":["Strike_P"],"damage_healed":0.0,"max_hp_gain":0.0,"max_hp_loss":0.0,"gold_gain":0.0,"event_name":"The Cleric","player_choice":"Card Removal","floor":10.0,"gold_loss":50.0,"damage_taken":0.0},{"damage_healed":0.0,"max_hp_gain":0.0,"max_hp_loss":0.0,"gold_gain":0.0,"event_name":"Match and Keep!","player_choice":"1 cards matched","floor":12.0,"gold_loss":0.0,"damage_taken":0.0,"cards_obtained":["Enlightenment"]},{"damage_healed":0.0,"max_hp_gain":0.0,"max_hp_loss":0.0,"gold_gain":100.0,"event_name":"Golden Shrine","player_choice":"Pray","floor":24.0,"gold_loss":0.0,"damage_taken":0.0},{"damage_healed":0.0,"max_hp_gain":0.0,"max_hp_loss":0.0,"gold_gain":0.0,"event_name":"SensoryStone","player_choice":"Memory 1","floor":37.0,"gold_loss":0.0,"damage_taken":0.0},{"damage_healed":0.0,"max_hp_gain":0.0,"max_hp_loss":0.0,"gold_gain":0.0,"event_name":"MindBloom","player_choice":"Fight","floor":38.0,"gold_loss":0.0,"damage_taken":0.0},{"damage_healed":0,"gold_gain":0,"player_choice":"Fight","damage_taken":0,"max_hp_gain":0,"max_hp_loss":0,"event_name":"Mysterious Sphere","floor":39,"gold_loss":0},{"cards_removed":["Eruption"],"damage_healed":0,"gold_gain":0,"player_choice":"Removed Attack","damage_taken":0,"max_hp_gain":0,"max_hp_loss":0,"event_name":"Falling","floor":42,"gold_loss":0}],"is_beta":false,"boss_relics":[{"not_picked":["Snecko Eye","Runic Pyramid"],"picked":"Sozu"},{"not_picked":["Tiny House","Runic Dome"],"picked":"Fusion Hammer"}],"items_purged_floors":[21,25,44],"is_endless":false,"potions_floor_spawned":[7,14,22,23,27,28,33,35],"killed_by":"Transient","ascension_level":0}}