{"host":"mo324zvkdr1xwprd","time":1613913186,"event":{"mods":["A Penny For Your Troubles","BaseMod","Better Note","Better Third Choice","BetterRewards","Hermit","Highlight Path","Hubris","Minty Spire (QoL Compilation)","Quick Restart","Rare Cards Sparkle","Shop Mod","StSLib","The Cursed","The Hierophant","The Servant 0.9.4","Transform Curses"],"gold_per_floor":[115,127,143,153,11,11,29,29,54,86,86,236,256,281,281,352,352,370,340,340,32,58,92,103,153,222,236,236,236,256,256,256,335,335,348,373,387,413,383,383,400,412,437,465,484,404,450,149,149,149,149,149],"floor_reached":51,"language":"ENG","playtime":3340,"items_purged":["Doubt"],"score":1939,"play_id":"a5df3a44-9fc0-4653-8c56-7ee70ae28c03","local_time":"20210221131306","is_ascension_mode":true,"campfire_choices":[{"floor":6.0,"key":"REST"},{"data":"hubris:EnhanceAbility","floor":8.0,"key":"SMITH"},{"floor":15.0,"key":"RECALL"},{"floor":32.0,"key":"REST"},{"data":"hubris:DuctTapeCard","floor":40,"key":"SMITH"},{"data":"Flame Barrier","floor":49,"key":"SMITH"}],"circlet_count":0,"master_deck":["AscendersBane","Strike_R","Strike_R+1","Strike_R","Strike_R","Strike_R","Defend_R","Defend_R","Defend_R","Defend_R","Bash","Carnage","Perfected Strike","hubris:EnhanceAbility+1","Finesse","Seeing Red","Flame Barrier+1","Iron Wave","Shrug It Off","Sentinel","Pummel","hubris:ReadiedAction","Clothesline","Pummel","Sword Boomerang","Rage","Dropkick","Shrug It Off","Limit Break","Exhume","Anger+1","Flex","Thunderclap","Rage","Sword Boomerang","Heavy Blade","Warcry+1","Iron Wave","Shrug It Off","Seeing Red","Shrug It Off","Cleave","hubris:DuctTapeCard+2","Immolate","Feel No Pain+1","Twin Strike","Perfected Strike","Thunderclap","Thunderclap","Anger","Impervious","Flex","Ghostly Armor","Flame Barrier+1","Rampage+1","Pummel","Shrug It Off","Dark Shackles","Carnage"],"relics":["Burning Blood","Prayer Wheel","Charon\u0027s Ashes","Toy Ornithopter","Nunchaku","hubris:MedicalManual","Boot","Champion Belt","Membership Card","Happy Flower","Kunai","Tiny Chest","Bottled Tornado","hubris:Backtick","Ice Cream","HornCleat","Sling","Bag of Marbles","Self Forming Clay","Sundial","hubris:DuctTape","MutagenicStrength","hubris:Stopwatch","Pocketwatch","Anchor","hubris:ChampionShield","MealTicket","hubris:Teleporter","hubris:EmptyBottle","hubris:SphereOfDissonance","Whetstone"],"acts_visited":["Exordium","TheCity","TheBeyond"],"potions_floor_usage":[33,33,41,42,44,44,44,47,50,50],"damage_taken":[{"damage":0.0,"enemies":"Small Slimes","floor":1.0,"turns":2.0},{"damage":0.0,"enemies":"2 Louse","floor":2.0,"turns":1.0},{"damage":0.0,"enemies":"Jaw Worm","floor":3.0,"turns":2.0},{"damage":0.0,"enemies":"3 Louse","floor":4.0,"turns":2.0},{"damage":0.0,"enemies":"Exordium Thugs","floor":7.0,"turns":3.0},{"damage":6.0,"enemies":"Gremlin Nob","floor":10.0,"turns":3.0},{"damage":3.0,"enemies":"2 Fungi Beasts","floor":13.0,"turns":2.0},{"damage":0.0,"enemies":"Lagavulin","floor":14.0,"turns":4.0},{"damage":56.0,"enemies":"Hexaghost","floor":16.0,"turns":11.0},{"damage":8.0,"enemies":"Spheric Guardian","floor":18.0,"turns":4.0},{"damage":16.0,"enemies":"2 Thieves","floor":19.0,"turns":4.0},{"damage":31.0,"enemies":"Gremlin Leader","floor":23.0,"turns":8.0},{"damage":0.0,"enemies":"Snecko","floor":24.0,"turns":5.0},{"damage":0.0,"enemies":"Chosen and Byrds","floor":27.0,"turns":5.0},{"damage":0.0,"enemies":"Centurion and Healer","floor":30.0,"turns":4.0},{"damage":60,"enemies":"Champ","floor":33,"turns":12},{"damage":11,"enemies":"3 Darklings","floor":35,"turns":3},{"damage":1,"enemies":"Mind Bloom Boss Battle","floor":36,"turns":8},{"damage":0,"enemies":"Orb Walker","floor":37,"turns":3},{"damage":0,"enemies":"Maw","floor":41,"turns":7},{"damage":0,"enemies":"3 Darklings","floor":42,"turns":4},{"damage":31,"enemies":"Giant Head","floor":44,"turns":7},{"damage":0,"enemies":"Jaw Worm Horde","floor":45,"turns":3},{"damage":27,"enemies":"2 Orb Walkers","floor":47,"turns":5},{"damage":79,"enemies":"Donu and Deca","floor":50,"turns":10},{"damage":20,"enemies":"hubris:GrandSnecko","floor":51,"turns":13}],"seed_played":"8407145147891360103","potions_obtained":[{"floor":3.0,"key":"Fire Potion"},{"floor":7.0,"key":"Energy Potion"},{"floor":13.0,"key":"Fire Potion"},{"floor":14.0,"key":"Fire Potion"},{"floor":16.0,"key":"AttackPotion"},{"floor":19.0,"key":"SkillPotion"},{"floor":24.0,"key":"Fire Potion"},{"floor":27.0,"key":"SpeedPotion"},{"floor":39,"key":"ColorlessPotion"},{"floor":39,"key":"Block Potion"},{"floor":42,"key":"EntropicBrew"},{"floor":44,"key":"ColorlessPotion"},{"floor":47,"key":"Energy Potion"}],"is_trial":false,"path_per_floor":["M","M","M","M","$","R","M","R","T","E","?","?","M","E","R","B",null,"M","M","?","$","T","E","M","?","T","M","?","T","M","?","R","B",null,"M","?","M","T","?","R","M","M","T","E","M","$","?","$","R","B","B"],"character_chosen":"IRONCLAD","items_purchased":["Prayer Wheel","Carnage","Fruit Juice","Perfected Strike","Toy Ornithopter","Nunchaku","hubris:EnhanceAbility","Seeing Red","Flame Barrier","Membership Card","Happy Flower","Kunai","Fruit Juice","HornCleat","Sling","Shrug It Off","Dark Shackles","hubris:EmptyBottle","hubris:SphereOfDissonance","Whetstone"],"campfire_rested":2,"item_purchase_floors":[0,0,0,0,0,0,0,0,0,0,0,5,21,21,21,46,46,48,48,48],"current_hp_per_floor":[37,43,49,55,55,79,80,80,80,80,83,83,83,83,83,33,71,74,64,64,74,74,54,60,60,60,66,66,66,72,72,88,44,77,72,77,83,83,83,83,88,88,88,63,69,84,67,82,82,19,0,0],"gold":149,"neow_bonus":"","is_daily":false,"chose_seed":false,"campfire_upgraded":3,"win_rate":0.0,"timestamp":1613913186,"path_taken":["M","M","M","M","$","R","M","R","T","E","?","?","M","E","R","BOSS","M","M","?","$","?","E","M","?","T","?","?","?","?","?","R","BOSS","M","?","M","?","?","R","M","M","T","E","?","$","?","$","R","BOSS","BOSS"],"items_purchased_type":["Relic","Card","Potion","Card","Relic","Relic","Card","Card","Card","Relic","Relic","Relic","Potion","Relic","Relic","Card","Card","Relic","Relic","Relic"],"build_version":"2020-12-22","purchased_purges":1,"victory":false,"max_hp_per_floor":[80,80,80,80,80,80,80,80,80,80,83,83,83,83,83,83,83,83,83,83,88,88,88,88,88,88,88,88,88,88,88,88,88,88,88,88,88,88,88,88,88,88,88,88,88,88,88,88,88,88,88,88],"card_choices":[{"not_picked":["Armaments","Heavy Blade"],"picked":"Iron Wave","floor":1.0},{"not_picked":["Heavy Blade","Armaments"],"picked":"Shrug It Off","floor":1.0},{"not_picked":["Warcry","Clash"],"picked":"Sentinel","floor":2.0},{"not_picked":["Body Slam","Sentinel"],"picked":"Pummel","floor":2.0},{"not_picked":["Clash","Rupture"],"picked":"hubris:ReadiedAction","floor":3.0},{"not_picked":["Burning Pact","Body Slam"],"picked":"Clothesline","floor":3.0},{"not_picked":["Second Wind","hubris:ReadiedAction"],"picked":"Pummel","floor":4.0},{"not_picked":["Heavy Blade","Shrug It Off"],"picked":"Seeing Red","floor":4.0},{"not_picked":["Flex","Carnage"],"picked":"Sword Boomerang","floor":7.0},{"not_picked":["Heavy Blade","Pommel Strike"],"picked":"Juggernaut","floor":7.0},{"not_picked":["Entrench","Disarm"],"picked":"Rage","floor":10.0},{"not_picked":["Searing Blow","Disarm"],"picked":"Dropkick","floor":13.0},{"not_picked":["Cleave","Havoc"],"picked":"Shrug It Off","floor":13.0},{"not_picked":["Whirlwind","Body Slam"],"picked":"Limit Break","floor":14.0},{"not_picked":["Double Tap","Offering"],"picked":"Exhume","floor":16.0},{"not_picked":["Spot Weakness","Disarm"],"picked":"Anger","floor":18.0},{"not_picked":["Headbutt","Wild Strike"],"picked":"Flex","floor":18.0},{"not_picked":["Body Slam","hubris:ReadiedAction"],"picked":"Thunderclap","floor":19.0},{"not_picked":["hubris:ReadiedAction","Entrench"],"picked":"Rage","floor":19.0},{"not_picked":["Heavy Blade","True Grit"],"picked":"Sword Boomerang","floor":23.0},{"not_picked":["Entrench","Rampage"],"picked":"Heavy Blade","floor":24.0},{"not_picked":["Iron Wave","Heavy Blade+1"],"picked":"Warcry+1","floor":24.0},{"not_picked":["Brutality","Searing Blow"],"picked":"Iron Wave","floor":27.0},{"not_picked":["Spot Weakness","Armaments"],"picked":"Shrug It Off","floor":27.0},{"not_picked":["Fire Breathing","Burning Pact"],"picked":"Shrug It Off","floor":30.0},{"not_picked":["Iron Wave","Shrug It Off"],"picked":"Cleave","floor":30.0},{"not_picked":["Reaper","Limit Break"],"picked":"Immolate","floor":33},{"not_picked":["Rampage","True Grit"],"picked":"Feel No Pain+1","floor":35},{"not_picked":["Havoc","Clothesline+1"],"picked":"Twin Strike","floor":35},{"not_picked":["Clash+1","Heavy Blade"],"picked":"Perfected Strike","floor":36},{"not_picked":["Entrench","Iron Wave"],"picked":"Thunderclap","floor":37},{"not_picked":["Rage","Feel No Pain"],"picked":"Thunderclap","floor":37},{"not_picked":["Spot Weakness","hubris:ReadiedAction"],"picked":"Anger","floor":41},{"not_picked":["Wild Strike","Thunderclap+1"],"picked":"Impervious","floor":41},{"not_picked":["hubris:ReadiedAction+1","Shrug It Off"],"picked":"Flex","floor":42},{"not_picked":["Clash","Power Through"],"picked":"Ghostly Armor","floor":42},{"not_picked":["Power Through+1","Havoc"],"picked":"Flame Barrier+1","floor":44},{"not_picked":["Fire Breathing","Double Tap"],"picked":"Rampage+1","floor":45},{"not_picked":["Sword Boomerang","Flex"],"picked":"Pummel","floor":45},{"not_picked":["Headbutt","Searing Blow+1"],"picked":"Carnage","floor":47}],"player_experience":785926,"relics_obtained":[{"floor":10.0,"key":"Tiny Chest"},{"floor":14.0,"key":"Bottled Tornado"},{"floor":22.0,"key":"Bag of Marbles"},{"floor":23.0,"key":"Self Forming Clay"},{"floor":26.0,"key":"Sundial"},{"floor":29.0,"key":"hubris:DuctTape"},{"floor":36,"key":"Pocketwatch"},{"floor":38,"key":"Anchor"},{"floor":43,"key":"hubris:ChampionShield"},{"floor":44,"key":"MealTicket"},{"floor":47,"key":"hubris:Teleporter"}],"event_choices":[{"damage_healed":0.0,"max_hp_gain":0.0,"max_hp_loss":0.0,"gold_gain":150.0,"event_name":"betterThird:BetterSerpent","player_choice":"AGREE","floor":12.0,"gold_loss":0.0,"damage_taken":86.0},{"damage_healed":0.0,"max_hp_gain":0.0,"max_hp_loss":0.0,"gold_gain":0.0,"event_name":"Vampires","player_choice":"Ignored","floor":20.0,"gold_loss":0.0,"damage_taken":0.0},{"damage_healed":0.0,"max_hp_gain":0.0,"max_hp_loss":0.0,"gold_gain":100.0,"event_name":"The Joust","player_choice":"Bet on Murderer","floor":25.0,"gold_loss":50.0,"damage_taken":0.0},{"damage_healed":0.0,"max_hp_gain":0.0,"max_hp_loss":0.0,"gold_gain":0.0,"event_name":"The Library","player_choice":"Read","floor":28.0,"gold_loss":0.0,"damage_taken":0.0,"cards_obtained":["Seeing Red"]},{"damage_healed":0.0,"max_hp_gain":0.0,"max_hp_loss":0.0,"gold_gain":0.0,"event_name":"Drug Dealer","player_choice":"Inject Mutagens","floor":31.0,"gold_loss":0.0,"damage_taken":0.0,"relics_obtained":["MutagenicStrength"]},{"damage_healed":0,"gold_gain":0,"player_choice":"Fight","damage_taken":0,"max_hp_gain":0,"max_hp_loss":0,"event_name":"MindBloom","floor":36,"gold_loss":0},{"damage_healed":0,"gold_gain":0,"player_choice":"Bought 2 Potions","damage_taken":0,"max_hp_gain":0,"max_hp_loss":0,"event_name":"The Woman in Blue","floor":39,"gold_loss":0},{"damage_healed":0,"gold_gain":0,"player_choice":"Fight","damage_taken":0,"max_hp_gain":0,"max_hp_loss":0,"event_name":"Mysterious Sphere","floor":47,"gold_loss":0}],"is_beta":false,"boss_relics":[{"not_picked":["Runic Cube","hubris:VirtuousBlindfold"],"picked":"hubris:Backtick"},{"not_picked":["Coffee Dripper","Sozu"],"picked":"hubris:Stopwatch"}],"items_purged_floors":[21],"is_endless":false,"potions_floor_spawned":[3,7,13,14,16,19,24,27,42,44,47],"killed_by":"hubris:GrandSnecko","ascension_level":20}}