{"host":"8dojo26n353y1ich","time":1613887959,"event":{"mods":["AchievementEnabler","BaseMod","Colored Powertips","Minty Spire (QoL Compilation)","Quick Restart","StSLib"],"gold_per_floor":[113,127,127,146,71,110,185,185,185,185,185,199,199,199,199,329,329,353,371,384,397,397,397,431,40,63,63,63,103,3,3,3,3,3],"floor_reached":33,"language":"ENG","playtime":1143,"items_purged":["Strike_B","Writhe"],"score":392,"play_id":"f7964e19-e8d9-4901-816c-49d60a22e15b","local_time":"20210221001239","is_ascension_mode":true,"campfire_choices":[{"floor":8,"key":"REST"},{"data":"Loop","floor":11,"key":"SMITH"},{"data":"Zap","floor":13,"key":"SMITH"},{"floor":15,"key":"REST"},{"data":"Chaos","floor":23,"key":"SMITH"},{"data":"Scrape","floor":27,"key":"SMITH"},{"data":"Ball Lightning","floor":32,"key":"SMITH"}],"circlet_count":0,"master_deck":["Strike_B","Strike_B","Defend_B","Defend_B","Defend_B+1","Zap+1","Dualcast","Conserve Battery+1","Loop+1","Scrape+1","Ball Lightning+1","Ball Lightning","Echo Form","Ball Lightning+1","Sweeping Beam+1","Hologram+1","Chaos+1","Conserve Battery+1","Barrage+1"],"relics":["Cracked Core","Bloody Idol","Question Card","Darkstone Periapt","Bronze Scales","Coffee Dripper","Bottled Flame","Lee\u0027s Waffle","White Beast Statue","Potion Belt","Kunai","War Paint"],"acts_visited":["Exordium","TheCity"],"potions_floor_usage":[12,21,33],"damage_taken":[{"damage":0,"enemies":"2 Louse","floor":1,"turns":1},{"damage":0,"enemies":"Jaw Worm","floor":2,"turns":4},{"damage":5,"enemies":"Small Slimes","floor":4,"turns":3},{"damage":28,"enemies":"Lagavulin","floor":6,"turns":6},{"damage":4,"enemies":"2 Fungi Beasts","floor":12,"turns":2},{"damage":18,"enemies":"The Guardian","floor":16,"turns":8},{"damage":6,"enemies":"Spheric Guardian","floor":18,"turns":3},{"damage":28,"enemies":"2 Thieves","floor":19,"turns":3},{"damage":12,"enemies":"Cultist and Chosen","floor":20,"turns":4},{"damage":16,"enemies":"Shelled Parasite and Fungi","floor":21,"turns":4},{"damage":0,"enemies":"Gremlin Leader","floor":24,"turns":6},{"damage":45,"enemies":"Slavers","floor":29,"turns":4},{"damage":54,"enemies":"Automaton","floor":33,"turns":6}],"seed_played":"8261169548941572925","potions_obtained":[{"floor":4,"key":"FocusPotion"},{"floor":6,"key":"Fire Potion"},{"floor":12,"key":"EssenceOfSteel"},{"floor":16,"key":"Fire Potion"},{"floor":20,"key":"Block Potion"},{"floor":24,"key":"Ancient Potion"},{"floor":29,"key":"SpeedPotion"}],"is_trial":false,"path_per_floor":["M","M","?","M","$","E","?","R","T","?","R","M","R","?","R","B",null,"M","M","M","M","?","R","E","$","T","R","?","E","$","?","R","B"],"character_chosen":"DEFECT","items_purchased":["Lee\u0027s Waffle","White Beast Statue"],"campfire_rested":2,"item_purchase_floors":[25,25],"current_hp_per_floor":[75,75,57,52,52,24,13,35,35,40,40,36,36,29,53,35,80,74,46,34,18,18,18,18,87,87,87,93,48,48,48,48,0,0],"gold":3,"neow_bonus":"REMOVE_CARD","is_daily":false,"chose_seed":false,"campfire_upgraded":5,"win_rate":0.0,"timestamp":1613887959,"path_taken":["M","M","?","M","$","E","?","R","T","?","R","M","R","?","R","BOSS","M","M","M","M","?","R","E","$","T","R","?","E","$","?","R","BOSS"],"items_purchased_type":["Relic","Relic"],"build_version":"2020-12-22","purchased_purges":2,"victory":false,"max_hp_per_floor":[75,75,75,75,75,75,75,75,75,80,80,80,80,80,80,80,80,80,80,80,80,80,80,80,87,87,87,93,93,93,93,93,93,93],"card_choices":[{"not_picked":["Streamline","Recycle"],"picked":"Conserve Battery","floor":1},{"not_picked":["Go for the Eyes","Rip and Tear"],"picked":"Loop","floor":2},{"not_picked":["Barrage","Chaos"],"picked":"Scrape","floor":4},{"not_picked":["Steam Power","Hologram"],"picked":"Ball Lightning","floor":6},{"not_picked":["Tempest","Stack","Barrage"],"picked":"Ball Lightning","floor":12},{"not_picked":["Buffer","Thunder Strike","Creative AI"],"picked":"Echo Form","floor":16},{"not_picked":["Coolheaded","Genetic Algorithm","Leap"],"picked":"Ball Lightning+1","floor":18},{"not_picked":["Barrage","Beam Cell","Rebound+1"],"picked":"Sweeping Beam+1","floor":19},{"not_picked":["Steam","Stack+1","Tempest"],"picked":"Hologram+1","floor":20},{"not_picked":["Rebound+1","Echo Form","Fusion"],"picked":"Chaos","floor":21},{"not_picked":["Beam Cell","Sweeping Beam+1","Consume"],"picked":"Conserve Battery+1","floor":24},{"not_picked":["Multi-Cast","Sweeping Beam","Fission"],"picked":"Barrage+1","floor":29}],"player_experience":210266,"relics_obtained":[{"floor":6,"key":"Question Card"},{"floor":9,"key":"Darkstone Periapt"},{"floor":24,"key":"Bottled Flame"},{"floor":26,"key":"Potion Belt"},{"floor":29,"key":"War Paint"}],"event_choices":[{"damage_healed":0,"gold_gain":0,"player_choice":"Take Damage","damage_taken":18,"relics_obtained":["Golden Idol"],"max_hp_gain":0,"max_hp_loss":0,"event_name":"Golden Idol","floor":3,"gold_loss":0},{"damage_healed":0,"gold_gain":75,"player_choice":"Gather Gold","damage_taken":11,"max_hp_gain":0,"max_hp_loss":0,"event_name":"World of Goop","floor":7,"gold_loss":0},{"damage_healed":0,"gold_gain":0,"player_choice":"Donut","damage_taken":0,"max_hp_gain":5,"max_hp_loss":0,"event_name":"Big Fish","floor":10,"gold_loss":0},{"damage_healed":0,"gold_gain":0,"player_choice":"Success","damage_taken":7,"relics_obtained":["Bronze Scales"],"max_hp_gain":0,"max_hp_loss":0,"event_name":"Scrap Ooze","floor":14,"gold_loss":0},{"cards_removed":["Strike_B"],"damage_healed":0,"gold_gain":0,"player_choice":"Elegance","damage_taken":0,"max_hp_gain":0,"max_hp_loss":0,"event_name":"Back to Basics","floor":22,"gold_loss":0},{"damage_healed":0,"gold_gain":0,"player_choice":"Opened","damage_taken":0,"relics_obtained":["Kunai"],"max_hp_gain":0,"max_hp_loss":0,"event_name":"The Mausoleum","floor":28,"gold_loss":0,"cards_obtained":["Writhe"]},{"damage_healed":0,"gold_gain":0,"player_choice":"Gave Idol","damage_taken":0,"relics_obtained":["Bloody Idol"],"max_hp_gain":0,"max_hp_loss":0,"event_name":"Forgotten Altar","floor":31,"relics_lost":["Golden Idol"],"gold_loss":0}],"is_beta":false,"boss_relics":[{"not_picked":["Fusion Hammer","Runic Dome"],"picked":"Coffee Dripper"}],"items_purged_floors":[5,30],"is_endless":false,"potions_floor_spawned":[4,6,12,16,20,24,29],"killed_by":"Automaton","ascension_level":4}}