{"host":"avybiddlniqinkgc","time":1613902399,"event":{"mods":["AchievementEnabler","BaseMod","Colored Map","DeckTracker","Highlight Path","KOR Keyword Fix","Keyboard Shortcuts","Minty Spire (QoL Compilation)","Permanent Neow","Quick Restart","Random Character Button","Rare Cards Sparkle","StSLib","SuperFastMode"],"gold_per_floor":[116,135,155,169,169,187,205,220,220,185,185,206,239,255,255,375,375,398,411,411,336,336,336,106,123,123,44,44,44,73,90,90,187,187,206,206,106,119,71,71,0,0,0,0,0,19,19,38,38,38],"floor_reached":51,"language":"KOR","playtime":1229,"items_purged":["Strike_B","Writhe"],"score":694,"play_id":"bafaabc3-5bb1-4d4d-b6d4-f4b32ab399af","local_time":"20210221191319","is_ascension_mode":false,"campfire_choices":[{"data":"Hologram","floor":11.0,"key":"SMITH"},{"data":"Zap","floor":15.0,"key":"SMITH"},{"data":"Dualcast","floor":23.0,"key":"SMITH"},{"data":"Storm","floor":28.0,"key":"SMITH"},{"data":"Chill","floor":32.0,"key":"SMITH"},{"data":"Coolheaded","floor":40.0,"key":"SMITH"},{"data":"Buffer","floor":42.0,"key":"SMITH"},{"floor":44.0,"key":"DIG"},{"floor":47.0,"key":"DIG"},{"floor":49,"key":"DIG"}],"circlet_count":0,"master_deck":["Defend_B","Defend_B","Defend_B","Zap+1","Dualcast+1","Hologram+1","Streamline","Conserve Battery","Ball Lightning","Ball Lightning","Compile Driver","Conserve Battery","Auto Shields","Cold Snap","Thunder Strike","Skim+1","Hologram+1","Chill+1","Storm+1","Conserve Battery","Biased Cognition","Buffer+1","Amplify+1","Darkness+1","Defragment+1","Heatsinks+1","Sweeping Beam+1","Coolheaded+1","Parasite","Ball Lightning+1","Force Field"],"relics":["Cracked Core","Bloody Idol","Lizard Tail","Letter Opener","Sozu","Blue Candle","Medical Kit","Thread and Needle","Bottled Tornado","Mango","Astrolabe","Red Mask","Shovel","White Beast Statue","Lantern","Bottled Lightning"],"acts_visited":["Exordium","TheCity","TheBeyond"],"potions_floor_usage":[],"damage_taken":[{"damage":1.0,"enemies":"Cultist","floor":1.0,"turns":3.0},{"damage":11.0,"enemies":"2 Louse","floor":2.0,"turns":3.0},{"damage":8.0,"enemies":"Small Slimes","floor":3.0,"turns":2.0},{"damage":5.0,"enemies":"2 Fungi Beasts","floor":4.0,"turns":3.0},{"damage":9.0,"enemies":"Blue Slaver","floor":6.0,"turns":3.0},{"damage":2.0,"enemies":"Looter","floor":7.0,"turns":3.0},{"damage":1.0,"enemies":"Exordium Wildlife","floor":8.0,"turns":3.0},{"damage":0.0,"enemies":"Exordium Thugs","floor":12.0,"turns":3.0},{"damage":16.0,"enemies":"Lagavulin","floor":13.0,"turns":5.0},{"damage":0.0,"enemies":"Looter","floor":14.0,"turns":3.0},{"damage":28.0,"enemies":"Hexaghost","floor":16.0,"turns":9.0},{"damage":9.0,"enemies":"3 Byrds","floor":18.0,"turns":5.0},{"damage":0.0,"enemies":"Spheric Guardian","floor":19.0,"turns":3.0},{"damage":7.0,"enemies":"Snake Plant","floor":25.0,"turns":4.0},{"damage":44.0,"enemies":"Slavers","floor":30.0,"turns":6.0},{"damage":8.0,"enemies":"Centurion and Healer","floor":31.0,"turns":6.0},{"damage":61.0,"enemies":"Automaton","floor":33.0,"turns":11.0},{"damage":1.0,"enemies":"3 Shapes","floor":35.0,"turns":3.0},{"damage":0.0,"enemies":"Orb Walker","floor":38.0,"turns":3.0},{"damage":0.0,"enemies":"Writhing Mass","floor":46.0,"turns":6.0},{"damage":9,"enemies":"3 Darklings","floor":48,"turns":4},{"damage":76,"enemies":"Time Eater","floor":50,"turns":11}],"seed_played":"-4746271856716369066","potions_obtained":[{"floor":3.0,"key":"Dexterity Potion"},{"floor":12.0,"key":"DistilledChaos"},{"floor":13.0,"key":"DistilledChaos"},{"floor":16.0,"key":"SneckoOil"}],"is_trial":false,"path_per_floor":["M","M","M","M","?","M","M","M","T","?","R","M","E","M","R","B",null,"M","M","?","?","?","R","$","M","T","$","R","T","E","M","R","B",null,"M","?","$","M","$","R","?","R","T","R","$","M","R","M","R","B",null],"character_chosen":"DEFECT","items_purchased":["Medical Kit","Storm","Coolheaded"],"campfire_rested":0,"item_purchase_floors":[24,27,39],"current_hp_per_floor":[81,70,62,57,57,48,46,45,45,64,64,64,48,48,48,20,76,67,67,67,67,67,67,67,65,65,65,65,65,40,37,37,26,90,90,90,90,90,90,90,90,90,90,90,90,90,90,86,86,10],"gold":38,"neow_bonus":"TEN_PERCENT_HP_BONUS","is_daily":false,"chose_seed":false,"campfire_upgraded":7,"win_rate":0.0,"timestamp":1613902399,"path_taken":["M","?","M","M","?","M","M","M","T","?","R","M","E","M","R","BOSS","M","M","?","?","?","R","?","M","T","$","R","?","E","M","R","BOSS","M","?","$","?","$","R","?","R","T","R","?","M","R","M","R","BOSS"],"items_purchased_type":["Relic","Card","Card"],"build_version":"2020-12-22","purchased_purges":2,"victory":true,"max_hp_per_floor":[82,82,82,82,76,76,76,76,76,76,76,76,76,76,76,76,76,76,76,76,76,76,76,76,76,76,76,76,76,90,90,90,90,90,90,90,90,90,90,90,90,90,90,90,90,90,90,90,90,90],"card_choices":[{"not_picked":["Barrage","Lockon"],"picked":"Hologram","floor":1.0},{"not_picked":["Hologram","FTL"],"picked":"Streamline","floor":2.0},{"not_picked":["Creative AI","Stack"],"picked":"Conserve Battery","floor":3.0},{"not_picked":["Streamline","Hologram"],"picked":"Ball Lightning","floor":4.0},{"not_picked":["Coolheaded","Gash"],"picked":"Ball Lightning","floor":6.0},{"not_picked":["Consume","Leap"],"picked":"Compile Driver","floor":7.0},{"not_picked":["Rip and Tear","Go for the Eyes"],"picked":"Conserve Battery","floor":8.0},{"not_picked":["Rip and Tear","White Noise"],"picked":"Auto Shields","floor":12.0},{"not_picked":["Steam","Force Field"],"picked":"Cold Snap","floor":13.0},{"not_picked":["Rip and Tear","Hologram"],"picked":"Thunder Strike","floor":14.0},{"not_picked":["Go for the Eyes","Ball Lightning"],"picked":"Skim+1","floor":18.0},{"not_picked":["FTL","Barrage"],"picked":"Hologram+1","floor":19.0},{"not_picked":["Stack","Barrage"],"picked":"Chill","floor":25.0},{"not_picked":["Compile Driver","Stack"],"picked":"Conserve Battery","floor":30.0},{"not_picked":["Consume+1","Ball Lightning"],"picked":"Biased Cognition","floor":31.0},{"not_picked":["Seek","Biased Cognition"],"picked":"Buffer","floor":33.0},{"not_picked":["Leap","Conserve Battery+1"],"picked":"Heatsinks+1","floor":35.0},{"not_picked":["Streamline+1","Redo"],"picked":"Sweeping Beam+1","floor":38.0},{"not_picked":["Redo+1","Beam Cell+1"],"picked":"Ball Lightning+1","floor":46.0},{"not_picked":["Beam Cell","Barrage"],"picked":"Force Field","floor":48}],"player_experience":9377,"relics_obtained":[{"floor":9.0,"key":"Lizard Tail"},{"floor":13.0,"key":"Letter Opener"},{"floor":26.0,"key":"Thread and Needle"},{"floor":29.0,"key":"Bottled Tornado"},{"floor":30.0,"key":"Mango"},{"floor":43.0,"key":"Shovel"},{"floor":44.0,"key":"White Beast Statue"},{"floor":47.0,"key":"Lantern"},{"floor":49,"key":"Bottled Lightning"}],"event_choices":[{"damage_healed":0.0,"max_hp_gain":0.0,"max_hp_loss":6.0,"gold_gain":0.0,"event_name":"Golden Idol","player_choice":"Lose Max HP","floor":5.0,"gold_loss":0.0,"damage_taken":0.0,"relics_obtained":["Golden Idol"]},{"damage_healed":19.0,"max_hp_gain":0.0,"max_hp_loss":0.0,"gold_gain":0.0,"event_name":"The Cleric","player_choice":"Healed","floor":10.0,"gold_loss":35.0,"damage_taken":0.0},{"damage_healed":0.0,"max_hp_gain":0.0,"max_hp_loss":0.0,"gold_gain":0.0,"event_name":"Forgotten Altar","player_choice":"Gave Idol","floor":20.0,"relics_lost":["Golden Idol"],"gold_loss":0.0,"damage_taken":0.0,"relics_obtained":["Bloody Idol"]},{"cards_removed":["Strike_B"],"damage_healed":0.0,"max_hp_gain":0.0,"max_hp_loss":0.0,"gold_gain":0.0,"event_name":"Beggar","player_choice":"Gave Gold","floor":21.0,"gold_loss":75.0,"damage_taken":0.0},{"damage_healed":0.0,"max_hp_gain":0.0,"max_hp_loss":0.0,"gold_gain":0.0,"event_name":"The Mausoleum","player_choice":"Opened","floor":22.0,"gold_loss":0.0,"damage_taken":0.0,"relics_obtained":["Blue Candle"],"cards_obtained":["Writhe"]},{"damage_healed":0.0,"max_hp_gain":0.0,"max_hp_loss":0.0,"gold_gain":0.0,"event_name":"Lab","player_choice":"Got Potions","floor":36.0,"gold_loss":0.0,"damage_taken":0.0},{"damage_healed":0.0,"max_hp_gain":0.0,"max_hp_loss":0.0,"gold_gain":0.0,"event_name":"Tomb of Lord Red Mask","player_choice":"Paid","floor":41.0,"gold_loss":71.0,"damage_taken":0.0,"relics_obtained":["Red Mask"]}],"is_beta":false,"boss_relics":[{"not_picked":["Calling Bell","SacredBark"],"picked":"Sozu"},{"not_picked":["Philosopher\u0027s Stone","Fusion Hammer"],"picked":"Astrolabe"}],"items_purged_floors":[24,37],"is_endless":false,"potions_floor_spawned":[3,12,13,16,18,31,46,48],"ascension_level":0}}