{"host":"o1wkfo8ppvrprpet","time":1613922176,"event":{"mods":["Aspiration","Astrologer","BaseMod","CapriCore","Colored Powertips","Koishi","Minty Spire (QoL Compilation)","MostiFishMod","Reimu£¨²©ÀöÁéÃÎ£©","Replay The Spire","RumiaBox-Â¶Ã×æ«µÄÉñÃØºÐ×Ó","Spicy Shops","StSLib","The Administrix","The Gatherer","The Immortal","Waifu the Spire","Yakumo Yukari mod"],"gold_per_floor":[116,116,56,56,72,72,102,102,102,116,116,41,59,73,73,149,149,160,160,160,160,175,186,86,111,126,126,126,126,126,142,142,159,256,328,328,344,344,363,363,380,380,380,395,395,420,432,432,460,13,13,13],"floor_reached":53,"language":"ZHS","playtime":1903,"items_purged":["Strike_G","Strike_G","Strike_G+1","Defend_G"],"score":1402,"play_id":"91914de6-8265-4991-9729-1b304051b7e9","local_time":"20210221234256","is_ascension_mode":true,"campfire_choices":[{"data":"Deadly Poison","floor":6,"key":"SMITH"},{"data":"Toxin Wave","floor":8,"key":"SMITH"},{"data":"MostiFishMod:PerfectParry","floor":15,"key":"SMITH"},{"data":"Atom Bomb","floor":27,"key":"SMITH"},{"data":"Catalyst","floor":29,"key":"SMITH"},{"data":"Prepared","floor":32,"key":"SMITH"},{"data":"MostiFishMod:GrandStart","floor":42,"key":"SMITH"},{"data":"Catalyst","floor":48,"key":"SMITH"}],"circlet_count":0,"master_deck":["AscendersBane","Defend_G","Defend_G","Defend_G","Defend_G","Survivor","Neutralize+1","Deadly Poison+1","Toxin Wave+1","Prepared+1","Escape Plan","MostiFishMod:PerfectParry+1","Atom Bomb+1","AbeCurse","Catalyst+1","Poisoned Stab","MostiFishMod:GrandStart+1","Catalyst+1","Backflip","Noxious Fumes+1","Noxious Fumes","MostiFishMod:Wind"],"relics":["Ring of the Snake","ThornShield","SynthV:TestCard","PaintedHorse:ReiMu","Gambling Chip","Whetstone","CombinedTypeHook","Abe\u0027s Treasure","Nloth\u0027s Gift","Snake Skull","Pear","aspiration:RitualStick","Painkiller Herb","Molten Egg 2","ReplayFunnel","aspiration:StickyExplosives_weak","The Specimen","Lee\u0027s Waffle"],"acts_visited":["Exordium","TheCity","TheBeyond"],"potions_floor_usage":[13,13,16,31,41,52,52,52],"damage_taken":[{"damage":0,"enemies":"Jaw Worm","floor":1,"turns":4},{"damage":2,"enemies":"Small Slimes","floor":5,"turns":4},{"damage":20,"enemies":"Gremlin Nob","floor":7,"turns":4},{"damage":0,"enemies":"Cultist","floor":10,"turns":3},{"damage":2,"enemies":"Gremlin Gang","floor":13,"turns":3},{"damage":0,"enemies":"Looter","floor":14,"turns":3},{"damage":1,"enemies":"Hexaghost","floor":16,"turns":8},{"damage":0,"enemies":"Spheric Guardian","floor":18,"turns":3},{"damage":1,"enemies":"2 Thieves","floor":22,"turns":3},{"damage":1,"enemies":"Sentry and Sphere","floor":23,"turns":3},{"damage":0,"enemies":"Gremlin Leader","floor":25,"turns":3},{"damage":0,"enemies":"Snake Plant","floor":26,"turns":3},{"damage":8,"enemies":"Snecko","floor":31,"turns":3},{"damage":2,"enemies":"Centurion and Healer","floor":33,"turns":3},{"damage":27,"enemies":"Automaton","floor":35,"turns":6},{"damage":5,"enemies":"3 Shapes","floor":37,"turns":2},{"damage":0,"enemies":"Orb Walker","floor":39,"turns":2},{"damage":0,"enemies":"Jaw Worm Horde","floor":41,"turns":3},{"damage":0,"enemies":"3 Darklings","floor":44,"turns":1},{"damage":11,"enemies":"Giant Head","floor":46,"turns":5},{"damage":4,"enemies":"Maw","floor":47,"turns":4},{"damage":8,"enemies":"R_Hoarder","floor":49,"turns":3},{"damage":55,"enemies":"Awakened One","floor":52,"turns":8}],"seed_played":"-1107667247842018595","potions_obtained":[{"floor":5,"key":"Energy Potion"},{"floor":10,"key":"EntropicBrew"},{"floor":16,"key":"Elixir"},{"floor":25,"key":"Toxic Potion"},{"floor":35,"key":"LiquidBronze"},{"floor":41,"key":"Weak Potion"},{"floor":46,"key":"GhostInAJar"},{"floor":49,"key":"Dexterity Potion"}],"is_trial":false,"path_per_floor":["M","?","?","?","M","R","E","R","T","M","T","$","M","M","R","B",null,"M","?","PTL","PTL","M","M","$","E","M","R","T","R","?","M","R","M","R","B",null,"?","?","?","?","?","T","T","?","T","E","?","T","E","T","T","B",null],"character_chosen":"THE_SILENT","items_purchased":["Lee\u0027s Waffle"],"campfire_rested":0,"item_purchase_floors":[50],"current_hp_per_floor":[59,59,59,59,57,57,37,37,37,37,37,37,35,35,35,34,58,58,58,58,58,57,56,56,56,56,56,66,66,47,39,39,37,37,10,60,55,55,55,55,55,55,55,55,55,44,40,40,32,83,83,28],"gold":13,"neow_bonus":"UPGRADE_CARD","is_daily":false,"chose_seed":false,"campfire_upgraded":8,"win_rate":0.0,"timestamp":1613922176,"path_taken":["M","?","?","?","?","R","E","R","T","M","?","$","?","?","R","BOSS","M","?","PTL","PTL","M","M","$","E","?","R","T","R","?","M","R","M","R","BOSS","?","?","?","?","?","T","?","?","T","E","?","T","E","?","T","BOSS"],"items_purchased_type":["Relic"],"build_version":"2020-12-22","purchased_purges":4,"victory":true,"max_hp_per_floor":[66,66,66,66,66,66,66,66,66,66,66,66,66,66,66,66,66,66,66,66,66,66,66,66,66,66,66,76,76,76,76,76,76,76,76,76,76,76,76,76,76,76,76,76,76,76,76,76,76,83,83,83],"card_choices":[{"not_picked":["Prepared","Bane"],"picked":"Deadly Poison","floor":1},{"not_picked":["Masterful Stab","Outmaneuver","Envenom","Expertise","Deflect"],"picked":"SKIP","floor":5},{"not_picked":["ReplayTheSpireMod:Tripwire","Flechettes","Dodge and Roll","Blade Dance"],"picked":"Toxin Wave","floor":7},{"not_picked":["Flying Knee","ReplayTheSpireMod:Shiv Toss","Well Laid Plans","Poisoned Stab"],"picked":"Prepared","floor":10},{"not_picked":["MostiFishMod:Listen","Sucker Punch","Poisoned Stab","Bane"],"picked":"Escape Plan","floor":13},{"not_picked":["Finisher","Quick Slash","Setup","PiercingWail"],"picked":"MostiFishMod:PerfectParry","floor":14},{"not_picked":["Phantasmal Killer","Night Terror","MostiFishMod:LethalBlade","MostiFishMod:FullyArmed"],"picked":"Atom Bomb","floor":16},{"not_picked":["Hidden Blade","Flying Knee","Bane","Setup","PiercingWail"],"picked":"SKIP","floor":18},{"not_picked":["Outmaneuver","PiercingWail","MostiFishMod:InvigoratingSolution","Bane"],"picked":"Toxin Wave","floor":22},{"not_picked":["Poisoned Stab","Dodge and Roll","Outmaneuver","Flechettes+1"],"picked":"Catalyst","floor":23},{"not_picked":["Underhanded Strike","Doppelganger","Prepared","Flying Knee"],"picked":"MostiFishMod:PreservedThorns","floor":25},{"not_picked":["PiercingWail","MostiFishMod:ThornCasing+1","Acrobatics","MostiFishMod:ShivMaster","Dagger Spray+1"],"picked":"SKIP","floor":26},{"not_picked":["MostiFishMod:VineMother","Eviscerate","Sucker Punch+1","ReplayTheSpireMod:Speed Training","Well Laid Plans"],"picked":"SKIP","floor":31},{"not_picked":["PiercingWail","Heel Hook","MostiFishMod:InvigoratingSolution","MostiFishMod:FrostNova+1"],"picked":"Poisoned Stab","floor":33},{"not_picked":["Deadly Poison","Outmaneuver+1","Flechettes","MostiFishMod:InvigoratingSolution+1"],"picked":"MostiFishMod:GrandStart","floor":37},{"not_picked":["Prepared","MostiFishMod:PerfectParry","Hidden Blade","Dagger Throw"],"picked":"Catalyst","floor":39},{"not_picked":["Acrobatics","Well Laid Plans","Distraction","Slice"],"picked":"MostiFishMod:FullyArmed","floor":41},{"not_picked":["Blade Dance","ReplayTheSpireMod:Shiv Toss","Underhanded Strike+1","Fluid Movement","Prepared"],"picked":"SKIP","floor":44},{"not_picked":["Dagger Spray+1","Terror","Escape Plan","Fluid Movement"],"picked":"Backflip","floor":46},{"not_picked":["Crippling Poison","Outmaneuver","Dodge and Roll","Deadly Poison"],"picked":"Noxious Fumes+1","floor":47},{"not_picked":["Night Terror","Escape Plan","MostiFishMod:HiddenBlade","Leg Sweep"],"picked":"Noxious Fumes","floor":49}],"player_experience":649034,"relics_obtained":[{"floor":1,"key":"SynthV:TestCard"},{"floor":7,"key":"Gambling Chip"},{"floor":9,"key":"Whetstone"},{"floor":11,"key":"CombinedTypeHook"},{"floor":25,"key":"Snake Skull"},{"floor":28,"key":"Pear"},{"floor":43,"key":"Molten Egg 2"},{"floor":45,"key":"ReplayFunnel"},{"floor":46,"key":"aspiration:StickyExplosives_weak"},{"floor":49,"key":"The Specimen"}],"event_choices":[{"damage_healed":0,"gold_gain":0,"player_choice":"ÈûÇ®","damage_taken":0,"relics_obtained":["PaintedHorse:ReiMu"],"max_hp_gain":0,"max_hp_loss":0,"event_name":"yidonshenshe","floor":3,"gold_loss":60},{"damage_healed":0,"gold_gain":0,"player_choice":"Leave","damage_taken":0,"max_hp_gain":0,"max_hp_loss":0,"event_name":"The Cleric","floor":4,"gold_loss":0},{"damage_healed":0,"gold_gain":0,"player_choice":"Traded Relic","damage_taken":0,"relics_obtained":["Nloth\u0027s Gift"],"max_hp_gain":0,"max_hp_loss":0,"event_name":"N\u0027loth","floor":19,"relics_lost":["DaveBox"],"gold_loss":0},{"cards_removed":["Strike_G"],"damage_healed":0,"gold_gain":0,"player_choice":"Purged","damage_taken":0,"max_hp_gain":0,"max_hp_loss":0,"event_name":"Purifier","floor":38,"gold_loss":0},{"cards_removed":["MostiFishMod:PreservedThorns"],"damage_healed":0,"gold_gain":0,"player_choice":"Removed Skill","damage_taken":0,"max_hp_gain":0,"max_hp_loss":0,"event_name":"Falling","floor":40,"gold_loss":0}],"is_beta":false,"boss_relics":[{"not_picked":["Runic Pyramid","Replay:Wanted Poster"],"picked":"Abe\u0027s Treasure"},{"not_picked":["ReplayTheSpireMod:DimensionalGlitch","Calling Bell"],"picked":"Painkiller Herb"}],"items_purged_floors":[12,24,50,50],"is_endless":false,"potions_floor_spawned":[5,10,16,22,25,35,41,46,49],"ascension_level":16}}