{"host":"g5ocrzbvbwpvypv7","time":1613884998,"event":{"mods":["AchievementEnabler","BaseMod","Colored Map","Custom Start","DeckTracker","KOR Keyword Fix","Minty Spire (QoL Compilation)","Rare Cards Sparkle","StSLib","SuperFastMode","everything is the same but u backflip on backflip"],"gold_per_floor":[111,111,122,138,148,148,167,179,204,220,240,20,0,13,13,118,118,135,135,146,162,162,162,196,47,47,47,146,146,158,170,170,170,170],"floor_reached":33,"language":"KOR","playtime":1241,"items_purged":[],"score":393,"play_id":"47f7c8e7-7590-4c54-9e77-38593452d601","local_time":"20210221142318","is_ascension_mode":true,"campfire_choices":[{"floor":6.0,"key":"REST"},{"floor":15.0,"key":"REST"},{"floor":29.0,"key":"REST"},{"data":"Rainbow","floor":32.0,"key":"SMITH"}],"circlet_count":0,"master_deck":["Strike_B","Strike_B","Strike_B","Defend_B","Defend_B","Defend_B","Defend_B","Zap","Dualcast","Capacitor","Sweeping Beam","Loop+1","Streamline","Recycle","Rainbow+1","Rainbow","Redo+1","Coolheaded","Ghostly","Ghostly","Ghostly","Ghostly","Ghostly","Echo Form+1","Electrodynamics+1","Echo Form+1","Self Repair+1"],"relics":["Snecko Eye","Frozen Egg 2","Pen Nib","PreservedInsect","Black Star","Tiny Chest","Lantern","DollysMirror"],"acts_visited":["Exordium","TheCity"],"potions_floor_usage":[33],"damage_taken":[{"damage":9.0,"enemies":"2 Louse","floor":1.0,"turns":3.0},{"damage":15.0,"enemies":"Cultist","floor":3.0,"turns":5.0},{"damage":2.0,"enemies":"Jaw Worm","floor":4.0,"turns":3.0},{"damage":16.0,"enemies":"Blue Slaver","floor":5.0,"turns":3.0},{"damage":15.0,"enemies":"Large Slime","floor":7.0,"turns":7.0},{"damage":10.0,"enemies":"2 Fungi Beasts","floor":8.0,"turns":4.0},{"damage":7.0,"enemies":"3 Louse","floor":10.0,"turns":4.0},{"damage":12.0,"enemies":"Looter","floor":11.0,"turns":3.0},{"damage":0.0,"enemies":"2 Fungi Beasts","floor":14.0,"turns":3.0},{"damage":14.0,"enemies":"The Guardian","floor":16.0,"turns":7.0},{"damage":5.0,"enemies":"Chosen","floor":18.0,"turns":4.0},{"damage":30.0,"enemies":"Shell Parasite","floor":20.0,"turns":6.0},{"damage":19.0,"enemies":"Chosen and Byrds","floor":21.0,"turns":5.0},{"damage":2.0,"enemies":"Book of Stabbing","floor":24.0,"turns":6.0},{"damage":0.0,"enemies":"Colosseum Slavers","floor":27.0,"turns":4.0},{"damage":0.0,"enemies":"Snecko","floor":30.0,"turns":5.0},{"damage":3.0,"enemies":"Cultist and Chosen","floor":31.0,"turns":5.0},{"damage":22,"enemies":"Automaton","floor":33,"turns":6}],"seed_played":"7171976541698454296","potions_obtained":[{"floor":1.0,"key":"FocusPotion"},{"floor":3.0,"key":"LiquidBronze"},{"floor":11.0,"key":"SkillPotion"},{"floor":16.0,"key":"PowerPotion"},{"floor":24.0,"key":"SteroidPotion"}],"is_trial":false,"path_per_floor":["M","?","M","M","M","R","M","M","T","M","M","$","?","M","R","B",null,"M","?","M","M","?","?","E","$","T","?","?","R","M","M","R","B"],"character_chosen":"DEFECT","items_purchased":["Rainbow","PreservedInsect","DollysMirror"],"campfire_rested":3,"item_purchase_floors":[12,12,25],"current_hp_per_floor":[59,59,44,42,26,48,33,23,23,16,4,4,4,4,26,12,59,54,54,24,5,5,5,3,3,3,3,3,14,14,31,31,9,9],"gold":170,"neow_bonus":"BOSS_RELIC","is_daily":false,"chose_seed":false,"campfire_upgraded":1,"win_rate":0.0,"timestamp":1613884998,"path_taken":["M","?","M","M","M","R","M","?","T","M","M","$","?","M","R","BOSS","M","?","M","M","?","?","E","$","T","?","?","R","M","M","R","BOSS"],"items_purchased_type":["Card","Relic","Relic"],"build_version":"2020-12-22","purchased_purges":0,"victory":false,"max_hp_per_floor":[75,75,75,75,75,75,75,75,75,75,75,75,75,75,75,75,75,75,75,75,75,37,37,37,37,37,37,37,37,37,37,37,37,37],"card_choices":[{"not_picked":["Leap","Reinforced Body"],"picked":"Capacitor","floor":1.0},{"not_picked":["Blizzard","Steam"],"picked":"Sweeping Beam","floor":3.0},{"not_picked":["Hologram","Beam Cell","Rip and Tear"],"picked":"SKIP","floor":4.0},{"not_picked":["Reprogram","Doom and Gloom"],"picked":"Loop+1","floor":5.0},{"not_picked":["Conserve Battery","Multi-Cast","Steam"],"picked":"SKIP","floor":7.0},{"not_picked":["Compile Driver","Leap"],"picked":"Streamline","floor":8.0},{"not_picked":["Conserve Battery","Stack"],"picked":"Recycle","floor":10.0},{"not_picked":["Rebound","Turbo","Beam Cell"],"picked":"SKIP","floor":11.0},{"not_picked":["Recycle","Go for the Eyes","Sweeping Beam"],"picked":"SKIP","floor":14.0},{"not_picked":["Multi-Cast","Hyperbeam"],"picked":"Rainbow","floor":16.0},{"not_picked":["Ball Lightning+1","Steam","Beam Cell"],"picked":"SKIP","floor":18.0},{"not_picked":["Steam","Genetic Algorithm"],"picked":"Redo+1","floor":20.0},{"not_picked":["Go for the Eyes+1","Steam"],"picked":"Coolheaded","floor":21.0},{"not_picked":["Machine Learning+1","Reinforced Body"],"picked":"Electrodynamics+1","floor":24.0},{"not_picked":["Cold Snap","Rebound+1"],"picked":"Self Repair+1","floor":30.0},{"not_picked":["Chaos","Go for the Eyes","Beam Cell"],"picked":"SKIP","floor":31.0}],"player_experience":357753,"relics_obtained":[{"floor":9.0,"key":"Pen Nib"},{"floor":24.0,"key":"Tiny Chest"},{"floor":24.0,"key":"Lantern"}],"event_choices":[{"damage_healed":0.0,"max_hp_gain":0.0,"max_hp_loss":0.0,"gold_gain":0.0,"event_name":"WeMeetAgain","player_choice":"Gave Potion","floor":2.0,"gold_loss":0.0,"damage_taken":0.0,"relics_obtained":["Frozen Egg 2"]},{"damage_healed":0.0,"max_hp_gain":0.0,"max_hp_loss":0.0,"gold_gain":0.0,"event_name":"World of Goop","player_choice":"Left Gold","floor":13.0,"gold_loss":20.0,"damage_taken":0.0},{"cards_removed":["Strike_B"],"damage_healed":0.0,"max_hp_gain":0.0,"max_hp_loss":0.0,"gold_gain":0.0,"event_name":"Back to Basics","player_choice":"Elegance","floor":19.0,"gold_loss":0.0,"damage_taken":0.0},{"damage_healed":0.0,"max_hp_gain":0.0,"max_hp_loss":38.0,"gold_gain":0.0,"event_name":"Ghosts","player_choice":"Became a Ghost","floor":22.0,"gold_loss":0.0,"damage_taken":0.0,"cards_obtained":["Ghostly","Ghostly","Ghostly","Ghostly","Ghostly"]},{"damage_healed":0.0,"max_hp_gain":0.0,"max_hp_loss":0.0,"gold_gain":0.0,"event_name":"The Library","player_choice":"Read","floor":23.0,"gold_loss":0.0,"damage_taken":0.0,"cards_obtained":["Echo Form"]},{"damage_healed":0.0,"max_hp_gain":0.0,"max_hp_loss":0.0,"gold_gain":0.0,"event_name":"Colosseum","player_choice":"Fight","floor":27.0,"gold_loss":0.0,"damage_taken":0.0},{"damage_healed":0.0,"max_hp_gain":0.0,"max_hp_loss":0.0,"gold_gain":0.0,"event_name":"Colosseum","player_choice":"Fled From Nobs","floor":27.0,"gold_loss":0.0,"damage_taken":0.0},{"damage_healed":0.0,"max_hp_gain":0.0,"max_hp_loss":0.0,"gold_gain":99.0,"event_name":"Nest","player_choice":"Stole From Cult","floor":28.0,"gold_loss":0.0,"damage_taken":0.0}],"is_beta":false,"boss_relics":[{"not_picked":["Ectoplasm","Runic Pyramid"],"picked":"Black Star"}],"items_purged_floors":[],"is_endless":false,"potions_floor_spawned":[1,3,11,16,24,27],"killed_by":"Automaton","ascension_level":8}}