{"host":"ga4s3hj9m6nkn6gp","time":1613946977,"event":{"mods":["AchievementEnabler","BaseMod","Bestiary","Colored Powertips","Highlight Path","Minty Spire (QoL Compilation)","Relic Stats","everything is the same but u backflip on backflip"],"gold_per_floor":[116,167,317,154,154,184,27,60,60,95,113,113,113,124,124,201,201,212,228,38,51,85,85,85,112,112,129,145,174,224,240,240,317,317,336,558,570,845,403,429,429,442,465,481,508,120,120,155,167,179,191,203,215,8,43,43],"floor_reached":57,"language":"ENG","playtime":3631,"items_purged":["Doubt","Regret","Strike_G"],"score":2867,"play_id":"c2083cc2-598e-4e1e-88b6-4d38f75e487f","local_time":"20210221233617","is_ascension_mode":true,"campfire_choices":[{"data":"Bouncing Flask","floor":13,"key":"SMITH"},{"data":"Eviscerate","floor":15,"key":"SMITH"},{"data":"Acrobatics","floor":23,"key":"SMITH"},{"data":"Acrobatics","floor":32,"key":"SMITH"},{"floor":41,"key":"RECALL"},{"data":"Strike_G","floor":49,"key":"PURGE"},{"data":"Strike_G","floor":53,"key":"PURGE"}],"circlet_count":0,"master_deck":["AscendersBane","Defend_G","Defend_G","Defend_G","Defend_G","Defend_G","Survivor","Neutralize","Footwork","Terror","Bouncing Flask+1","Adrenaline","Backstab","Acrobatics+1","Eviscerate+1","Adrenaline","Blade Dance+1","Dagger Throw","Acrobatics+1","Crippling Poison","Caltrops+1","Noxious Fumes+1","Tools of the Trade+1","Caltrops+1","Tactician","Adrenaline","Tools of the Trade+1","Footwork+1","Mayhem+1","Leg Sweep+1","Phantasmal Killer","Acrobatics","Caltrops+1","PiercingWail"],"relics":["Ring of the Snake","NeowsBlessing","Toy Ornithopter","Tingsha","PreservedInsect","Dream Catcher","Mummified Hand","Tough Bandages","HoveringKite","Membership Card","Red Mask","Bag of Marbles","Frozen Egg 2","Blood Vial","Runic Pyramid","Lee\u0027s Waffle","Eternal Feather","Peace Pipe","Akabeko","Juzu Bracelet","Orrery","Molten Egg 2","MawBank","Medical Kit","Orichalcum"],"acts_visited":["Exordium","TheCity","TheBeyond","TheEnding"],"potions_floor_usage":[10,16,16,22,33,51,56,56],"damage_taken":[{"damage":0,"enemies":"Cultist","floor":1,"turns":1},{"damage":0,"enemies":"Gremlin Nob","floor":6,"turns":1},{"damage":0,"enemies":"Lagavulin","floor":8,"turns":1},{"damage":46,"enemies":"3 Sentries","floor":10,"turns":16},{"damage":1,"enemies":"Jaw Worm","floor":11,"turns":2},{"damage":0,"enemies":"Small Slimes","floor":14,"turns":2},{"damage":12,"enemies":"Hexaghost","floor":16,"turns":9},{"damage":8,"enemies":"2 Thieves","floor":18,"turns":3},{"damage":7,"enemies":"Shell Parasite","floor":19,"turns":3},{"damage":1,"enemies":"Cultist and Chosen","floor":21,"turns":5},{"damage":3,"enemies":"Masked Bandits","floor":22,"turns":3},{"damage":1,"enemies":"Gremlin Leader","floor":25,"turns":3},{"damage":3,"enemies":"Sentry and Sphere","floor":27,"turns":4},{"damage":2,"enemies":"Snake Plant","floor":28,"turns":3},{"damage":3,"enemies":"Book of Stabbing","floor":29,"turns":3},{"damage":2,"enemies":"3 Cultists","floor":31,"turns":3},{"damage":31,"enemies":"Automaton","floor":33,"turns":6},{"damage":5,"enemies":"3 Shapes","floor":35,"turns":3},{"damage":7,"enemies":"3 Darklings","floor":37,"turns":4},{"damage":1,"enemies":"Giant Head","floor":40,"turns":5},{"damage":6,"enemies":"Spire Growth","floor":42,"turns":4},{"damage":0,"enemies":"Maw","floor":44,"turns":5},{"damage":14,"enemies":"Nemesis","floor":45,"turns":3},{"damage":11,"enemies":"Reptomancer","floor":48,"turns":3},{"damage":6,"enemies":"Donu and Deca","floor":50,"turns":7},{"damage":36,"enemies":"Awakened One","floor":51,"turns":11},{"damage":30,"enemies":"Shield and Spear","floor":55,"turns":5},{"damage":39,"enemies":"The Heart","floor":56,"turns":8}],"seed_played":"-3653753408563543384","potions_obtained":[{"floor":1,"key":"SteroidPotion"},{"floor":10,"key":"Weak Potion"},{"floor":11,"key":"AttackPotion"},{"floor":19,"key":"Energy Potion"},{"floor":27,"key":"Poison Potion"},{"floor":28,"key":"Explosive Potion"},{"floor":29,"key":"GamblersBrew"},{"floor":33,"key":"Dexterity Potion"}],"is_trial":false,"path_per_floor":["M","T","?","$","?","E","$","E","T","E","M","?","R","M","R","B",null,"M","M","$","M","?","R","?","E","T","M","M","E","?","M","R","B",null,"M","?","M","?","$","E","R","M","T","M","E","$","?","E","R","B","B",null,"R","$","E","B",null],"character_chosen":"THE_SILENT","items_purchased":["Terror","PreservedInsect","Membership Card","Dagger Throw","Caltrops+1","Lee\u0027s Waffle","Eternal Feather","Peace Pipe","Footwork+1","Mayhem+1","Orrery","Phantasmal Killer","Molten Egg 2","Medical Kit","Acrobatics","Caltrops+1","Energy Potion"],"campfire_rested":0,"item_purchase_floors":[4,7,20,20,39,39,39,39,46,46,46,46,46,54,54,54,54],"current_hp_per_floor":[59,59,59,59,52,52,52,52,52,11,10,10,10,10,10,8,52,44,37,37,36,38,38,38,37,37,34,32,29,29,29,29,5,51,48,48,43,43,73,72,73,67,67,69,57,57,57,48,66,62,33,60,69,69,39,12],"gold":43,"neow_bonus":"THREE_ENEMY_KILL","is_daily":false,"chose_seed":false,"campfire_upgraded":4,"win_rate":0.0,"timestamp":1613946977,"path_taken":["M","?","?","$","?","E","$","E","T","E","M","?","R","M","R","BOSS","M","M","$","M","?","R","?","E","T","?","M","E","?","M","R","BOSS","M","?","M","?","$","E","R","?","T","M","E","$","?","E","R","BOSS","BOSS","R","$","E","BOSS"],"items_purchased_type":["Card","Relic","Relic","Card","Card","Relic","Relic","Relic","Card","Card","Relic","Card","Relic","Relic","Card","Card","Potion"],"build_version":"2020-12-22","purchased_purges":3,"victory":true,"max_hp_per_floor":[66,66,66,66,66,66,66,66,66,66,66,66,66,66,66,66,66,66,66,66,66,66,66,66,66,66,66,66,66,66,66,66,66,66,66,66,66,66,73,73,73,73,73,73,73,73,69,69,69,69,69,69,69,69,69,69],"relic_stats":{"Lee\u0027s Waffle":30,"counters":[28,126],"HoveringKite":[82],"Tingsha":[578],"Eternal Feather":28,"PreservedInsect":445,"Juzu Bracelet":0,"Orichalcum":[18],"MawBank":72,"Medical Kit":[5],"Blood Vial":20,"Peace Pipe":3,"Dream Catcher":0,"Tough Bandages":[648],"Mummified Hand":[101],"obtain_stats":[{"HoveringKite":17,"Juzu Bracelet":45,"Blood Vial":29,"Dream Catcher":8,"Tough Bandages":10,"Mummified Hand":9,"Red Mask":22,"Ring of the Snake":0,"Runic Pyramid":34,"Lee\u0027s Waffle":39,"NeowsBlessing":0,"Tingsha":6,"Eternal Feather":39,"PreservedInsect":7,"Frozen Egg 2":26,"Orichalcum":55,"MawBank":48,"Medical Kit":54,"Akabeko":40,"Peace Pipe":39,"Orrery":46,"Molten Egg 2":46,"Bag of Marbles":25,"Membership Card":20,"Toy Ornithopter":2},{"HoveringKite":7,"Juzu Bracelet":23,"Blood Vial":15,"Dream Catcher":3,"Tough Bandages":4,"Mummified Hand":3,"Red Mask":11,"Ring of the Snake":0,"Runic Pyramid":17,"Lee\u0027s Waffle":19,"NeowsBlessing":0,"Tingsha":2,"Eternal Feather":19,"PreservedInsect":2,"Frozen Egg 2":12,"Orichalcum":27,"MawBank":24,"Medical Kit":26,"Akabeko":20,"Peace Pipe":19,"Orrery":23,"Molten Egg 2":23,"Bag of Marbles":12,"Membership Card":9,"Toy Ornithopter":1},{"HoveringKite":32,"Juzu Bracelet":92,"Blood Vial":59,"Dream Catcher":3,"Tough Bandages":19,"Mummified Hand":3,"Red Mask":46,"Ring of the Snake":0,"Runic Pyramid":68,"Lee\u0027s Waffle":75,"NeowsBlessing":0,"Tingsha":2,"Eternal Feather":75,"PreservedInsect":2,"Frozen Egg 2":49,"Orichalcum":118,"MawBank":95,"Medical Kit":113,"Akabeko":80,"Peace Pipe":75,"Orrery":92,"Molten Egg 2":92,"Bag of Marbles":49,"Membership Card":38,"Toy Ornithopter":1}],"Toy Ornithopter":40,"Ring of the Snake":[56]},"card_choices":[{"not_picked":["Concentrate","Setup"],"picked":"Footwork","floor":1},{"not_picked":["Tactician","Tools of the Trade"],"picked":"Bouncing Flask","floor":6},{"not_picked":["Finisher","Outmaneuver"],"picked":"Adrenaline","floor":8},{"not_picked":["Caltrops","Underhanded Strike"],"picked":"Backstab","floor":10},{"not_picked":["Poisoned Stab","PiercingWail"],"picked":"Acrobatics","floor":11},{"not_picked":["Caltrops","Outmaneuver"],"picked":"Eviscerate","floor":14},{"not_picked":["Envenom","Grand Finale"],"picked":"Adrenaline","floor":16},{"not_picked":["Dagger Spray","Backflip"],"picked":"Blade Dance+1","floor":18},{"not_picked":["Sucker Punch","Bane+1","Catalyst"],"picked":"SKIP","floor":19},{"not_picked":["Well Laid Plans","Slice"],"picked":"Acrobatics","floor":21},{"not_picked":["Bane","Quick Slash","Backflip"],"picked":"SKIP","floor":25},{"not_picked":["Prepared","Quick Slash","Bullet Time"],"picked":"SKIP","floor":27},{"not_picked":["Blur","Endless Agony","Blade Dance"],"picked":"SKIP","floor":28},{"not_picked":["Predator+1","PiercingWail"],"picked":"Caltrops+1","floor":29},{"not_picked":["Outmaneuver","Dagger Throw"],"picked":"Noxious Fumes+1","floor":31},{"not_picked":["A Thousand Cuts+1","Unload"],"picked":"Tools of the Trade+1","floor":33},{"not_picked":["Blade Dance","Sucker Punch","Predator"],"picked":"SKIP","floor":35},{"not_picked":["Blade Dance","Dodge and Roll+1","Deadly Poison+1"],"picked":"SKIP","floor":37},{"not_picked":["Escape Plan","Predator+1"],"picked":"Tactician","floor":40},{"not_picked":["Quick Slash+1","Deadly Poison","Poisoned Stab+1"],"picked":"SKIP","floor":42},{"not_picked":["Bane","Reflex"],"picked":"Adrenaline","floor":44},{"not_picked":["Quick Slash+1","Riddle With Holes+1"],"picked":"Tools of the Trade+1","floor":45},{"not_picked":["Cloak And Dagger","Accuracy+1"],"picked":"Leg Sweep+1","floor":46},{"not_picked":["Slice+1","Sucker Punch+1","Bane+1"],"picked":"SKIP","floor":48},{"not_picked":["Predator+1","Dodge and Roll"],"picked":"PiercingWail","floor":55}],"player_experience":794146,"relics_obtained":[{"floor":2,"key":"Toy Ornithopter"},{"floor":6,"key":"Tingsha"},{"floor":8,"key":"Dream Catcher"},{"floor":9,"key":"Mummified Hand"},{"floor":10,"key":"Tough Bandages"},{"floor":22,"key":"Red Mask"},{"floor":25,"key":"Bag of Marbles"},{"floor":26,"key":"Frozen Egg 2"},{"floor":29,"key":"Blood Vial"},{"floor":40,"key":"Akabeko"},{"floor":45,"key":"Juzu Bracelet"},{"floor":48,"key":"MawBank"},{"floor":55,"key":"Orichalcum"}],"event_choices":[{"damage_healed":0,"gold_gain":150,"player_choice":"AGREE","damage_taken":0,"max_hp_gain":0,"max_hp_loss":0,"event_name":"Liars Game","floor":3,"gold_loss":0,"cards_obtained":["Doubt"]},{"cards_removed":["Strike_G"],"damage_healed":0,"gold_gain":0,"player_choice":"Card Removal","damage_taken":7,"max_hp_gain":0,"max_hp_loss":0,"event_name":"Golden Wing","floor":5,"gold_loss":0},{"damage_healed":0,"gold_gain":0,"player_choice":"Ignored","damage_taken":0,"max_hp_gain":0,"max_hp_loss":0,"event_name":"Shining Light","floor":12,"gold_loss":0},{"damage_healed":0,"gold_gain":0,"player_choice":"Fought Bandits","damage_taken":0,"max_hp_gain":0,"max_hp_loss":0,"event_name":"Masked Bandits","floor":22,"gold_loss":0},{"damage_healed":0,"gold_gain":0,"cards_transformed":["Strike_G"],"player_choice":"Transformed","damage_taken":0,"max_hp_gain":0,"max_hp_loss":0,"event_name":"Transmorgrifier","floor":24,"gold_loss":0,"cards_obtained":["Crippling Poison"]},{"damage_healed":0,"gold_gain":50,"player_choice":"Pray","damage_taken":0,"max_hp_gain":0,"max_hp_loss":0,"event_name":"Golden Shrine","floor":30,"gold_loss":0},{"damage_healed":0,"gold_gain":222,"player_choice":"Wore Mask","damage_taken":0,"max_hp_gain":0,"max_hp_loss":0,"event_name":"Tomb of Lord Red Mask","floor":36,"gold_loss":0},{"damage_healed":0,"gold_gain":275,"player_choice":"Desecrate","damage_taken":0,"max_hp_gain":0,"max_hp_loss":0,"event_name":"Golden Shrine","floor":38,"gold_loss":0,"cards_obtained":["Regret"]},{"damage_healed":0,"gold_gain":0,"player_choice":"Max HP","damage_taken":0,"max_hp_gain":0,"max_hp_loss":4,"event_name":"Winding Halls","floor":47,"gold_loss":0}],"is_beta":false,"boss_relics":[{"not_picked":["Velvet Choker","SlaversCollar"],"picked":"HoveringKite"},{"not_picked":["Busted Crown","Snecko Eye"],"picked":"Runic Pyramid"}],"items_purged_floors":[4,39,54],"is_endless":false,"potions_floor_spawned":[1,10,11,19,27,28,29,33,35,37,42,44,45],"ascension_level":20}}