{"host":"mvhzznpw3ffw85pv","time":1613912391,"event":{"mods":["AchievementEnabler","BaseMod","Bestiary","Block Reminder","Colored Map","Highlight Path","Minty Spire (QoL Compilation)","Relic Stats"],"gold_per_floor":[118,68,88,103,114,114,144,164,190,190,190,190,190,190,190,190,190],"floor_reached":16,"language":"ENG","playtime":761,"items_purged":[],"score":160,"play_id":"0f5db7d7-3be3-4710-b30e-7ae26487f492","local_time":"20210221075951","is_ascension_mode":true,"campfire_choices":[{"data":"Bash","floor":6,"key":"SMITH"},{"data":"Pommel Strike","floor":11,"key":"SMITH"},{"data":"Heavy Blade","floor":13,"key":"SMITH"},{"data":"Defend_R","floor":15,"key":"SMITH"}],"circlet_count":0,"master_deck":["AscendersBane","Strike_R","Strike_R","Strike_R","Defend_R+1","Defend_R","Defend_R","Defend_R","Bash+1","Heavy Blade+1","Pommel Strike+1","Limit Break"],"relics":["Burning Blood","Toy Ornithopter","Calipers","CeramicFish","Lantern"],"acts_visited":["Exordium"],"potions_floor_usage":[16],"damage_taken":[{"damage":6,"enemies":"2 Louse","floor":1,"turns":3},{"damage":14,"enemies":"Jaw Worm","floor":3,"turns":3},{"damage":6,"enemies":"Small Slimes","floor":4,"turns":4},{"damage":10,"enemies":"3 Louse","floor":5,"turns":4},{"damage":32,"enemies":"Gremlin Nob","floor":7,"turns":4},{"damage":9,"enemies":"2 Fungi Beasts","floor":8,"turns":4},{"damage":31,"enemies":"Hexaghost","floor":16,"turns":9}],"seed_played":"-1773037824110977908","potions_obtained":[{"floor":7,"key":"SmokeBomb"},{"floor":8,"key":"Fruit Juice"}],"is_trial":false,"path_per_floor":["M","?","M","M","M","R","E","M","T","?","R","?","R","?","R","B"],"character_chosen":"IRONCLAD","items_purchased":[],"campfire_rested":0,"item_purchase_floors":[],"current_hp_per_floor":[72,72,64,64,60,60,34,31,31,13,13,18,18,18,18,0,0],"gold":190,"neow_bonus":"RANDOM_COMMON_RELIC","is_daily":false,"chose_seed":false,"campfire_upgraded":4,"win_rate":0.0,"timestamp":1613912391,"path_taken":["M","?","M","M","M","R","E","M","T","?","R","?","R","?","R","BOSS"],"items_purchased_type":[],"build_version":"2020-12-22","purchased_purges":0,"victory":false,"max_hp_per_floor":[80,80,80,80,80,80,80,80,80,80,80,85,85,85,85,90,90],"relic_stats":{"counters":[7,31],"CeramicFish":0,"obtain_stats":[{"Lantern":10,"Calipers":7,"CeramicFish":9,"Burning Blood":0,"Toy Ornithopter":0},{"Lantern":6,"Calipers":5,"CeramicFish":6,"Burning Blood":0,"Toy Ornithopter":0},{"Lantern":22,"Calipers":18,"CeramicFish":22,"Burning Blood":0,"Toy Ornithopter":0}],"Burning Blood":36,"Toy Ornithopter":5},"card_choices":[{"not_picked":["True Grit","Perfected Strike"],"picked":"Heavy Blade","floor":1},{"not_picked":["Body Slam","Bloodletting","Rupture"],"picked":"SKIP","floor":3},{"not_picked":["Iron Wave","Thunderclap"],"picked":"Pommel Strike","floor":4},{"not_picked":["Entrench","Rage","True Grit"],"picked":"SKIP","floor":5},{"not_picked":["Entrench","Rage","True Grit"],"picked":"SKIP","floor":5},{"not_picked":["Heavy Blade","Wild Strike"],"picked":"Limit Break","floor":7},{"not_picked":["Warcry","Clothesline","True Grit"],"picked":"SKIP","floor":8}],"player_experience":638137,"relics_obtained":[{"floor":7,"key":"Calipers"},{"floor":9,"key":"CeramicFish"}],"event_choices":[{"cards_removed":["Strike_R"],"damage_healed":0,"gold_gain":0,"player_choice":"Card Removal","damage_taken":0,"max_hp_gain":0,"max_hp_loss":0,"event_name":"The Cleric","floor":2,"gold_loss":50},{"damage_healed":0,"gold_gain":0,"player_choice":"Success","damage_taken":18,"relics_obtained":["Lantern"],"max_hp_gain":0,"max_hp_loss":0,"event_name":"Scrap Ooze","floor":10,"gold_loss":0},{"damage_healed":0,"gold_gain":0,"player_choice":"Donut","damage_taken":0,"max_hp_gain":5,"max_hp_loss":0,"event_name":"Big Fish","floor":12,"gold_loss":0},{"cards_removed":["Strike_R"],"damage_healed":0,"gold_gain":0,"player_choice":"Forget","damage_taken":0,"max_hp_gain":0,"max_hp_loss":0,"event_name":"Living Wall","floor":14,"gold_loss":0}],"is_beta":false,"boss_relics":[],"items_purged_floors":[],"is_endless":false,"potions_floor_spawned":[7,8],"killed_by":"Hexaghost","ascension_level":12}}