{"host":"tzyzz5n7hg2ni9q2","time":1613898522,"event":{"mods":["BaseMod","Minty Spire (QoL Compilation)","Quick Restart"],"gold_per_floor":[116,80,80,97,111,139,139,157,157,157,187,187,187],"floor_reached":12,"language":"ENG","playtime":199,"items_purged":[],"score":133,"play_id":"0ba763e2-303c-4a37-ba94-2ecce0fa0a13","local_time":"20210221100842","is_ascension_mode":true,"campfire_choices":[{"data":"Entrench","floor":7,"key":"SMITH"},{"data":"Body Slam","floor":10,"key":"SMITH"}],"circlet_count":0,"master_deck":["AscendersBane","Strike_R","Strike_R","Strike_R","Strike_R","Defend_R","Defend_R","Defend_R","Defend_R","Bash","Body Slam+1","Entrench+1","Perfected Strike","Cleave","Inflame","Offering","Armaments"],"relics":["Burning Blood","NeowsBlessing","Shuriken","StrikeDummy","Odd Mushroom"],"acts_visited":["Exordium"],"potions_floor_usage":[6,12],"damage_taken":[{"damage":0,"enemies":"Jaw Worm","floor":1,"turns":1},{"damage":0,"enemies":"Cultist","floor":4,"turns":1},{"damage":0,"enemies":"2 Louse","floor":5,"turns":1},{"damage":23,"enemies":"Gremlin Nob","floor":6,"turns":4},{"damage":19,"enemies":"Blue Slaver","floor":8,"turns":3},{"damage":27,"enemies":"The Mushroom Lair","floor":11,"turns":3},{"damage":26,"enemies":"Lagavulin","floor":12,"turns":3}],"seed_played":"-7864574800371922523","potions_obtained":[{"floor":5,"key":"DistilledChaos"},{"floor":8,"key":"FearPotion"}],"is_trial":false,"path_per_floor":["M","$","?","M","M","E","R","M","T","R","?","E"],"character_chosen":"IRONCLAD","items_purchased":["Entrench"],"campfire_rested":0,"item_purchase_floors":[2],"current_hp_per_floor":[74,74,74,75,75,58,58,45,45,45,24,0,0],"gold":187,"neow_bonus":"THREE_ENEMY_KILL","is_daily":false,"chose_seed":false,"campfire_upgraded":2,"win_rate":0.0,"timestamp":1613898522,"path_taken":["M","$","?","?","M","E","R","M","T","R","?","E"],"items_purchased_type":["Card"],"build_version":"2020-12-22","purchased_purges":0,"victory":false,"max_hp_per_floor":[75,75,75,75,75,75,75,75,75,75,75,75,75],"card_choices":[{"not_picked":["Flex","Heavy Blade"],"picked":"Body Slam","floor":1},{"not_picked":["Pommel Strike","Headbutt"],"picked":"Cleave","floor":4},{"not_picked":["Body Slam","Dark Embrace"],"picked":"Inflame","floor":5},{"not_picked":["Battle Trance","Clothesline"],"picked":"Offering","floor":6},{"not_picked":["Body Slam","Thunderclap"],"picked":"Armaments","floor":8}],"player_experience":318120,"relics_obtained":[{"floor":6,"key":"Shuriken"},{"floor":9,"key":"StrikeDummy"},{"floor":11,"key":"Odd Mushroom"}],"event_choices":[{"damage_healed":0,"gold_gain":0,"cards_transformed":["Strike_R"],"player_choice":"Transformed","damage_taken":0,"max_hp_gain":0,"max_hp_loss":0,"event_name":"Transmorgrifier","floor":3,"gold_loss":0,"cards_obtained":["Perfected Strike"]},{"damage_healed":0,"gold_gain":0,"player_choice":"Fought Mushrooms","damage_taken":0,"max_hp_gain":0,"max_hp_loss":0,"event_name":"Mushrooms","floor":11,"gold_loss":0}],"is_beta":false,"boss_relics":[],"items_purged_floors":[],"is_endless":false,"potions_floor_spawned":[5,8],"killed_by":"Lagavulin","ascension_level":14}}