{"host":"l8n56n8abrvcftzc","time":1613891069,"event":{"mods":["Act Like it!","Arknights","BaseMod","Better Note","Better Third Choice","Colored Map","DeckTracker","Googly Eyes","Highlight Path","Minty Spire (QoL Compilation)","Permanent Neow","Relic Stats","StSLib","SuperFastMode","Uncapped"],"gold_per_floor":[119,136,136,154,174,200,200,210,210,210,235,235,235,235,235,235,235],"floor_reached":16,"language":"ENG","playtime":982,"items_purged":[],"score":110,"play_id":"45762d71-29e8-4422-836e-6240ad8379fb","local_time":"20210220230429","is_ascension_mode":false,"campfire_choices":[{"floor":7,"key":"REST"},{"floor":10,"key":"REST"},{"data":"ats:Part Time Job","floor":12,"key":"SMITH"},{"data":"ats:Sunburst","floor":15,"key":"SMITH"}],"circlet_count":0,"master_deck":["ats:Strike C","ats:Strike V","ats:Armor Crushing Shot","ats:Defend","ats:Defend","ats:Defend","ats:Emotion Absorption+1","ats:Sunburst+1","ats:Ignite","ats:Part Time Job+1","ats:Ignite","ats:Thermite Blade","ats:Apocalypse","ats:Revitalization"],"relics":["ats:Sanity","ats:Originium","Calipers","Matryoshka","Question Card"],"acts_visited":["Exordium"],"potions_floor_usage":[5,11],"damage_taken":[{"damage":1,"enemies":"Jaw Worm","floor":1,"turns":3},{"damage":5,"enemies":"Small Slimes","floor":2,"turns":3},{"damage":1,"enemies":"Cultist","floor":4,"turns":3},{"damage":7,"enemies":"2 Fungi Beasts","floor":5,"turns":4},{"damage":40,"enemies":"3 Sentries","floor":6,"turns":7},{"damage":11,"enemies":"Blue Slaver","floor":8,"turns":4},{"damage":28,"enemies":"Gremlin Nob","floor":11,"turns":4},{"damage":62,"enemies":"Hexaghost","floor":16,"turns":9}],"seed_played":"-8975055914760453317","potions_obtained":[{"floor":1,"key":"ats:Burn Big Potion"},{"floor":8,"key":"Energy Potion"}],"is_trial":false,"path_per_floor":["M","M","?","M","M","E","R","M","T","R","E","R","?","?","R","B"],"character_chosen":"DOCTOR_CLASS","items_purchased":[],"campfire_rested":2,"item_purchase_floors":[],"current_hp_per_floor":[50,45,38,37,36,2,23,15,15,36,14,14,38,38,38,12,12],"gold":235,"neow_bonus":"REMOVE_TWO","is_daily":false,"chose_seed":false,"campfire_upgraded":2,"win_rate":0.0,"timestamp":1613891069,"path_taken":["M","M","?","M","M","E","R","M","T","R","E","R","?","?","R","BOSS"],"items_purchased_type":[],"build_version":"2020-12-22","purchased_purges":0,"victory":false,"max_hp_per_floor":[72,72,72,72,72,72,72,72,72,72,72,72,72,72,72,72,72],"relic_stats":{"counters":[8,36],"Question Card":0,"obtain_stats":[{"Calipers":6,"Matryoshka":9,"ats:Originium":6,"ats:Sanity":0,"Question Card":11},{"Calipers":5,"Matryoshka":6,"ats:Originium":5,"ats:Sanity":0,"Question Card":7},{"Calipers":20,"Matryoshka":23,"ats:Originium":20,"ats:Sanity":0,"Question Card":27}]},"card_choices":[{"not_picked":["ats:Consecutive Shot Auto","ats:Ignite"],"picked":"ats:Sunburst","floor":1},{"not_picked":["ats:Magnetic Hammer","ats:Consecutive Shot Auto"],"picked":"ats:Ignite","floor":2},{"not_picked":["ats:Healing Strengthening","ats:Explosion Area Strengthen"],"picked":"ats:Part Time Job","floor":4},{"not_picked":["ats:Cat Scratch","ats:Closed Bolt Burst Fire"],"picked":"ats:Ignite","floor":5},{"not_picked":["ats:Flexible Camouflage","ats:Thermite Blade","ats:Absolute Focus"],"picked":"SKIP","floor":6},{"not_picked":["ats:Flexible Camouflage","ats:Absolute Focus"],"picked":"ats:Thermite Blade","floor":6},{"not_picked":["ats:Powerful Strike","ats:Blood Oath"],"picked":"ats:Apocalypse","floor":8},{"not_picked":["ats:Sunburst","ats:Thermite Blade"],"picked":"ats:Revitalization","floor":11}],"player_experience":791800,"relics_obtained":[{"floor":6,"key":"ats:Originium"},{"floor":6,"key":"Calipers"},{"floor":9,"key":"Matryoshka"},{"floor":11,"key":"ats:Originium"},{"floor":11,"key":"Question Card"}],"event_choices":[{"cards_removed":["ats:Strike S"],"damage_healed":0,"gold_gain":0,"player_choice":"Card Removal","damage_taken":7,"max_hp_gain":0,"max_hp_loss":0,"event_name":"Golden Wing","floor":3,"gold_loss":0},{"damage_healed":24,"gold_gain":0,"player_choice":"Banana","damage_taken":0,"max_hp_gain":0,"max_hp_loss":0,"event_name":"Big Fish","floor":13,"gold_loss":0},{"damage_healed":0,"gold_gain":0,"player_choice":"Upgraded","damage_taken":0,"max_hp_gain":0,"max_hp_loss":0,"event_name":"Upgrade Shrine","floor":14,"gold_loss":0,"cards_upgraded":["ats:Emotion Absorption"]}],"is_beta":false,"boss_relics":[],"items_purged_floors":[],"is_endless":false,"potions_floor_spawned":[1,8],"killed_by":"Hexaghost","ascension_level":0}}