{"host":"121m0oxswv9tg9hk","time":1613925837,"event":{"mods":["BaseMod","Better Altar","Better Third Choice","Hubris","Ironclad Rager","MarisaÅiñ∂âJÅ@ñÇóùçπÅj","Minty Spire (QoL Compilation)","Replay The Spire","StSLib","The Cursed","The Gatherer","The Hierophant"],"gold_per_floor":[110,131,131,156,182,182,212,17,17,47,47,72,122,84,84,120,120],"floor_reached":16,"language":"ENG","playtime":1076,"items_purged":["Writhe"],"score":138,"play_id":"71d139af-da25-4cab-997f-b70dbff16087","local_time":"20210221174357","is_ascension_mode":true,"campfire_choices":[{"data":"hierophant:ChurchCoffers","floor":6,"key":"SMITH"},{"floor":11,"key":"REST"},{"floor":15,"key":"REST"}],"circlet_count":0,"master_deck":["hierophant:Strike_Hierophant","hierophant:Strike_Hierophant","hierophant:Strike_Hierophant","hierophant:Strike_Hierophant","hierophant:Punish","hierophant:Defend_Hierophant","hierophant:Defend_Hierophant","hierophant:Defend_Hierophant","hierophant:Defend_Hierophant","hierophant:ChurchCoffers+1","hierophant:Doubloon","hierophant:Remorse","hierophant:FieryStrike","hierophant:Shelter","hierophant:OrnateBuckler","hierophant:Community","hierophant:FieryStrike","hierophant:Doubloon","hierophant:Refuge","hierophant:ArchangelShield","hierophant:Sermon"],"relics":["Sozu","Counterbalance","Lizard Tail","ReplayTheSpireMod:TigerMarble","Replay:Mystery Machine"],"acts_visited":["Exordium"],"potions_floor_usage":[],"damage_taken":[{"damage":0,"enemies":"2 Louse","floor":1,"turns":1},{"damage":4,"enemies":"Small Slimes","floor":2,"turns":3},{"damage":0,"enemies":"Cultist","floor":4,"turns":3},{"damage":5,"enemies":"3 Louse","floor":5,"turns":3},{"damage":51,"enemies":"Lagavulin","floor":7,"turns":11},{"damage":20,"enemies":"3 Sentries","floor":10,"turns":9},{"damage":16,"enemies":"Exordium Wildlife","floor":12,"turns":6},{"damage":43,"enemies":"Gremlin Nob","floor":13,"turns":6},{"damage":2,"enemies":"Looter","floor":14,"turns":5},{"damage":29,"enemies":"Hexaghost","floor":16,"turns":14}],"seed_played":"4847005248482779996","potions_obtained":[],"is_trial":false,"path_per_floor":["M","M","?","M","M","R","E","$","T","E","R","M","E","M","R","B"],"character_chosen":"HIEROPHANT","items_purchased":["hierophant:Community","hierophant:FieryStrike"],"campfire_rested":2,"item_purchase_floors":[8,8],"current_hp_per_floor":[75,71,71,71,66,66,15,15,15,37,59,43,4,2,24,0,0],"gold":120,"neow_bonus":"BOSS_RELIC","is_daily":false,"chose_seed":false,"campfire_upgraded":1,"win_rate":0.0,"timestamp":1613925837,"path_taken":["M","M","?","M","M","R","E","$","T","E","R","M","E","M","R","BOSS"],"items_purchased_type":["Card","Card"],"build_version":"2020-12-22","purchased_purges":1,"victory":false,"max_hp_per_floor":[75,75,75,75,75,75,75,75,75,75,75,75,75,75,75,75,75],"card_choices":[{"not_picked":["hierophant:Zeal","hierophant:Mercenaries"],"picked":"hierophant:Remorse","floor":1},{"not_picked":["hierophant:Purify","hierophant:Sermon"],"picked":"hierophant:FieryStrike","floor":2},{"not_picked":["hierophant:Repentance","hierophant:AuricBeam","hierophant:Levitation"],"picked":"SKIP","floor":4},{"not_picked":["hierophant:ThreeLashes","hierophant:DisplayOfPower"],"picked":"hierophant:Shelter","floor":5},{"not_picked":["hierophant:Embezzle","hierophant:Bribe"],"picked":"hierophant:OrnateBuckler","floor":7},{"not_picked":["hierophant:SolarFlare","hierophant:Remorse"],"picked":"hierophant:Refuge","floor":10},{"not_picked":["hierophant:RecallFunds","hierophant:Prophecy"],"picked":"hierophant:ArchangelShield","floor":12},{"not_picked":["hierophant:ThreeLashes","hierophant:Community"],"picked":"hierophant:Sermon","floor":13},{"not_picked":["hierophant:Prophecy","hierophant:SecretStash","hierophant:Sermon"],"picked":"SKIP","floor":14}],"player_experience":2461502,"relics_obtained":[{"floor":7,"key":"Counterbalance"},{"floor":9,"key":"Lizard Tail"},{"floor":10,"key":"ReplayTheSpireMod:TigerMarble"},{"floor":13,"key":"Replay:Mystery Machine"}],"event_choices":[],"is_beta":false,"boss_relics":[],"items_purged_floors":[8],"is_endless":false,"potions_floor_spawned":[5,7,10,13],"killed_by":"Hexaghost","ascension_level":3}}