{"host":"yq854828l1wg20je","time":1613889909,"event":{"mods":["AchievementEnabler","BaseMod","Colored Powertips","Downfall","Hubris","Minty Spire (QoL Compilation)","Quick Restart","READ ME - Snecko Mod","Replay The Spire","StSLib","The Construct","The Cursed","The Disciple","The Senshi","The Servant 0.9.4"],"gold_per_floor":[109,125,205,205,20,50,70,70,70,70,85,85,104,127,127,224,224,236,14,29,40,40,67,87,87,87,100,100,116,127,157,157,253,253,263,1,17,17,17,17,35,35,107,107,127,156,172,224,224,224],"floor_reached":51,"language":"ENG","playtime":5119,"items_purged":[],"score":674,"play_id":"c98e2b10-192a-4a5b-84e5-4e9aa89749d5","local_time":"20210221014509","is_ascension_mode":false,"campfire_choices":[{"floor":8.0,"key":"REST"},{"floor":10.0,"key":"REST"},{"floor":12.0,"key":"REST"},{"floor":15.0,"key":"REST"},{"floor":25.0,"key":"REST"},{"floor":28.0,"key":"REST"},{"floor":32,"key":"REST"},{"floor":40,"key":"REST"},{"data":"Solidify","floor":42,"key":"SMITH"},{"data":"Initiator","floor":44,"key":"SMITH"},{"floor":49,"key":"REST"}],"circlet_count":0,"master_deck":["Defend_S","Defend_S+1","Defend_S+1","Defend_S","KidneyShot+1","Exchange+1","RealityMarble","Spin","BestPractice+1","LightFlow+1","DualDimension","Reset","Ricochet","Initiator+1","CurseOfTheBell","Alleviate","InstantArmor+1","Replace+1","Slimebound:Tackle+1","Slimebound:Tackle+1","Hightail","SilverBlades","InstantArmor+1","Revamp+1","Solidify+1","Moonlight+1","Ricochet+1","Barrier+1","Spin+1","InstantArmor+1","Rearm"],"relics":["Uniform","hubris:TinFlute","hubris:Towel","Gremlin Food","Vajra","Replay:Baseball","Odd Mushroom","Calling Bell","ReplayTheSpireMod:TigerMarble","ReplayTheSpireMod:Shallot","Gambling Chip","Pen Nib","MealTicket","Unceasing Top","Lizard Tail","Astrolabe","Mummified Hand","ReplayFunnel","Frozen Egg 2","Iron Hammer","Replay:Towering Pillar of Hats"],"acts_visited":["Exordium","TheCity","TheBeyond"],"potions_floor_usage":[31,31,50,50,50],"damage_taken":[{"damage":1.0,"enemies":"Cultist","floor":1.0,"turns":5.0},{"damage":10.0,"enemies":"Small Slimes","floor":2.0,"turns":3.0},{"damage":33.0,"enemies":"3 Sentries","floor":6.0,"turns":5.0},{"damage":1.0,"enemies":"Jaw Worm","floor":7.0,"turns":2.0},{"damage":26.0,"enemies":"Lots of Slimes","floor":11.0,"turns":3.0},{"damage":0.0,"enemies":"3 Louse","floor":13.0,"turns":2.0},{"damage":7.0,"enemies":"The Mushroom Lair","floor":14.0,"turns":3.0},{"damage":19.0,"enemies":"Hexaghost","floor":16.0,"turns":9.0},{"damage":0.0,"enemies":"Spheric Guardian","floor":18.0,"turns":1.0},{"damage":15.0,"enemies":"2 Thieves","floor":20.0,"turns":4.0},{"damage":7.0,"enemies":"Centurion and Healer","floor":21.0,"turns":4.0},{"damage":0.0,"enemies":"Cultist and Chosen","floor":24.0,"turns":4.0},{"damage":22.0,"enemies":"Snecko","floor":27.0,"turns":8.0},{"damage":3.0,"enemies":"Centurion and Healer","floor":29.0,"turns":4.0},{"damage":1.0,"enemies":"Cultist and Chosen","floor":30.0,"turns":3.0},{"damage":12,"enemies":"Book of Stabbing","floor":31,"turns":5},{"damage":15,"enemies":"hubris:MusketHawk","floor":33,"turns":13},{"damage":0,"enemies":"3 Darklings","floor":35,"turns":4},{"damage":0,"enemies":"Orb Walker","floor":37,"turns":4},{"damage":0,"enemies":"hubris:Merchant","floor":39,"turns":1},{"damage":0,"enemies":"Transient","floor":41,"turns":5},{"damage":0,"enemies":"4 Shapes","floor":45,"turns":4},{"damage":0,"enemies":"R_Hoarder","floor":46,"turns":7},{"damage":0,"enemies":"Jaw Worm Horde","floor":47,"turns":4},{"damage":27,"enemies":"2 Orb Walkers","floor":48,"turns":6},{"damage":39,"enemies":"Donu and Deca","floor":50,"turns":8}],"seed_played":"6851557835057718095","potions_obtained":[{"floor":1.0,"key":"Guardian:BlockOnCardUsePotion"},{"floor":2.0,"key":"Swift Potion"},{"floor":7.0,"key":"SpeedPotion"},{"floor":14.0,"key":"Swift Potion"},{"floor":20.0,"key":"Strength Potion"},{"floor":24.0,"key":"Adrenaline Potion"},{"floor":30.0,"key":"LifebloodPotion"},{"floor":33,"key":"Strength Potion"},{"floor":35,"key":"Strength Potion"},{"floor":46,"key":"Elixir"},{"floor":47,"key":"Reflective Coating"}],"is_trial":false,"path_per_floor":["M","M","T","?","$","E","M","R","T","R","M","R","M","?","R","B",null,"M","$","M","M","?","T","M","R","T","M","R","M","M","E","R","B",null,"M","$","M","?","$","R","M","R","T","R","M","E","M","?","R","B",null],"character_chosen":"THE_SERVANT","items_purchased":["Gremlin Food","BestPractice","InstantArmor","Pen Nib","Mummified Hand"],"campfire_rested":9,"item_purchase_floors":[5,5,19,19,36],"current_hp_per_floor":[64,54,54,54,54,21,20,39,39,58,32,51,51,44,63,44,65,65,65,50,43,43,43,43,62,62,40,59,56,55,43,62,50,65,65,65,65,65,65,65,65,65,65,65,65,65,65,38,57,18],"gold":224,"neow_bonus":"TRANSFORM_CARD","is_daily":false,"chose_seed":false,"campfire_upgraded":2,"win_rate":0.0,"timestamp":1613889909,"path_taken":["M","?","?","?","$","E","M","R","T","R","M","R","M","?","R","BOSS","M","$","M","M","?","?","M","R","T","M","R","M","M","E","R","BOSS","M","$","?","?","$","R","M","R","T","R","M","E","?","?","R","BOSS"],"items_purchased_type":["Relic","Card","Card","Relic","Relic"],"build_version":"2020-12-22","purchased_purges":0,"victory":true,"max_hp_per_floor":[65,65,65,65,65,65,65,65,65,65,65,65,65,65,65,65,65,65,65,65,65,65,65,65,65,65,65,65,65,65,65,65,65,65,65,65,65,65,65,65,65,65,65,65,65,65,65,65,65,65],"card_choices":[{"not_picked":["Rewind","FastForward"],"picked":"Starlight","floor":1.0},{"not_picked":["ReturningBlade","ShatteredReality"],"picked":"Spin","floor":2.0},{"not_picked":["Luminosity","Shuttle"],"picked":"LightFlow","floor":6.0},{"not_picked":["Starlight","Desolation"],"picked":"DualDimension","floor":7.0},{"not_picked":["Read","Advance"],"picked":"Reset","floor":11.0},{"not_picked":["RealityMarble","DoubleEdge","Defy"],"picked":"SKIP","floor":13.0},{"not_picked":["Reset","Spin"],"picked":"Ricochet","floor":14.0},{"not_picked":["Sunlight","ForgedInTime"],"picked":"Initiator","floor":16.0},{"not_picked":["Rearm","DualDimension"],"picked":"Alleviate","floor":18.0},{"not_picked":["BestPractice","FastForward"],"picked":"Replace","floor":20.0},{"not_picked":["ShatteredReality","Desolation+1"],"picked":"MoonPhase","floor":21.0},{"not_picked":["Rewind","Potential"],"picked":"Hightail","floor":24.0},{"not_picked":["ShatteredReality","Shuttle"],"picked":"SilverBlades","floor":27.0},{"not_picked":["Revamp","Spin","Potential"],"picked":"SKIP","floor":29.0},{"not_picked":["BottledTime","FanOfKnives"],"picked":"InstantArmor+1","floor":30.0},{"not_picked":["Replace","Ricochet"],"picked":"Revamp+1","floor":31},{"not_picked":["Initiator","Dilation"],"picked":"Solidify","floor":33},{"not_picked":["Unruled","Replace"],"picked":"Spin+1","floor":35},{"not_picked":["ShatteredReality+1","Spin+1"],"picked":"InstantArmor+1","floor":37},{"not_picked":["DoubleEdge+1","Spin+1"],"picked":"Rearm","floor":41},{"not_picked":["BottledTime+1","Foresight+1","Unruled"],"picked":"SKIP","floor":45},{"not_picked":["ShatteredReality+1","Defy+1","Read+1"],"picked":"SKIP","floor":46},{"not_picked":["SurpressingFire+1","TimeWarp","FastForward"],"picked":"SKIP","floor":47}],"player_experience":38540,"relics_obtained":[{"floor":3.0,"key":"hubris:TinFlute"},{"floor":6.0,"key":"Vajra"},{"floor":9.0,"key":"Replay:Baseball"},{"floor":14.0,"key":"Odd Mushroom"},{"floor":17.0,"key":"ReplayTheSpireMod:TigerMarble"},{"floor":17.0,"key":"ReplayTheSpireMod:Shallot"},{"floor":17.0,"key":"Gambling Chip"},{"floor":23.0,"key":"MealTicket"},{"floor":26.0,"key":"Unceasing Top"},{"floor":31,"key":"Lizard Tail"},{"floor":43,"key":"Frozen Egg 2"},{"floor":46,"key":"Iron Hammer"},{"floor":48,"key":"Replay:Towering Pillar of Hats"}],"event_choices":[{"damage_healed":0.0,"max_hp_gain":0.0,"max_hp_loss":0.0,"gold_gain":0.0,"event_name":"Mushrooms","player_choice":"Fought Mushrooms","floor":14.0,"gold_loss":0.0,"damage_taken":0.0},{"damage_healed":0,"gold_gain":0,"player_choice":"Gave Potion","damage_taken":0,"relics_obtained":["ReplayFunnel"],"max_hp_gain":0,"max_hp_loss":0,"event_name":"WeMeetAgain","floor":38,"gold_loss":0},{"damage_healed":0,"gold_gain":0,"player_choice":"Fight","damage_taken":0,"max_hp_gain":0,"max_hp_loss":0,"event_name":"Mysterious Sphere","floor":48,"gold_loss":0}],"is_beta":false,"boss_relics":[{"not_picked":["SacredBark","Black Star"],"picked":"Calling Bell"},{"not_picked":["hubris:GrandSneckoEye","hubris:RunicObelisk"],"picked":"Astrolabe"}],"items_purged_floors":[],"is_endless":false,"potions_floor_spawned":[1,2,7,14,20,24,30,31,33,35,37,46,47],"ascension_level":0}}