{"host":"Luke","time":1613930005,"event":{"mods":["BaseMod","Downfall","Hermit","Minty Spire (QoL Compilation)","StSLib","The Exalted"],"gold_per_floor":[10,30,44,44,60,92,92,92,146,146,146,146,160,174,174,275,275,292,292,292,309,309,309,327,19,19,51,51,63,75,75,75,178,178,193,44,44,90,106,106,117,117,140,175,195,22,22,49,49,49,49],"floor_reached":50,"language":"ENG","playtime":2274,"items_purged":[],"score":520,"play_id":"332a8e54-b928-4b4d-800e-57ef14226f5d","local_time":"20210221175325","is_ascension_mode":false,"campfire_choices":[{"floor":7,"key":"REST"},{"floor":12,"key":"RECALL"},{"floor":15,"key":"REST"},{"data":"hermit:HeroicBravado","floor":23,"key":"SMITH"},{"floor":32,"key":"REST"},{"floor":40,"key":"REST"},{"floor":42,"key":"REST"},{"floor":49,"key":"REST"}],"circlet_count":0,"master_deck":["hermit:Strike_Hermit","hermit:Strike_Hermit","hermit:Strike_Hermit","hermit:Defend_Hermit","hermit:Defend_Hermit","hermit:Defend_Hermit","hermit:Snapshot","hermit:Covet","hermit:WideOpen+1","hermit:GoldenBullet","hermit:TakeAim+1","hermit:WideOpen","hermit:BlackWind+1","Parasite","hermit:Quickdraw+1","hermit:Shortfuse+1","hermit:HeroicBravado+1","hermit:Desperado+1","hermit:Headshot+1","hermit:Headshot+1","hermit:HoleUp+1","hermit:CalledShot+1","hermit:CursedWeapon+1","hermit:Combo","Slimebound:CheckThePlaybook","downfall:Icky","hermit:BlackWind+1","hermit:Enervate+1","Jack Of All Trades","Dramatic Entrance+1","hermit:HoleUp+1","hermit:Gestalt+1","hermit:LowProfile","hermit:Enervate+1"],"relics":["hermit:ClaspedLocket","Molten Egg 2","SlaversCollar","TungstenRod","Bromod:ArcaneConsequence","Bromod:ArcaneTempo","hermit:PetGhost","Thread and Needle","MealTicket","Bromod:ArcaneMomentum","Membership Card","Bromod:ArcaneUltimatum"],"acts_visited":["Exordium","TheCity","TheBeyond"],"potions_floor_usage":[6,16,27,29,30,39,48],"damage_taken":[{"damage":0,"enemies":"Cultist","floor":1,"turns":3},{"damage":1,"enemies":"2 Louse","floor":2,"turns":2},{"damage":7,"enemies":"Small Slimes","floor":3,"turns":4},{"damage":20,"enemies":"2 Fungi Beasts","floor":5,"turns":4},{"damage":14,"enemies":"Gremlin Nob","floor":6,"turns":3},{"damage":8,"enemies":"Red Slaver","floor":13,"turns":2},{"damage":5,"enemies":"Blue Slaver","floor":14,"turns":2},{"damage":55,"enemies":"The Guardian","floor":16,"turns":9},{"damage":6,"enemies":"Chosen","floor":18,"turns":4},{"damage":1,"enemies":"Spheric Guardian","floor":21,"turns":3},{"damage":0,"enemies":"Snake Plant","floor":24,"turns":1},{"damage":47,"enemies":"Book of Stabbing","floor":27,"turns":6},{"damage":0,"enemies":"Centurion and Healer","floor":29,"turns":2},{"damage":0,"enemies":"Snecko","floor":30,"turns":2},{"damage":31,"enemies":"Champ","floor":33,"turns":9},{"damage":24,"enemies":"3 Darklings","floor":35,"turns":4},{"damage":40,"enemies":"2 Orb Walkers","floor":38,"turns":3},{"damage":4,"enemies":"3 Shapes","floor":39,"turns":2},{"damage":13,"enemies":"Jaw Worm Horde","floor":41,"turns":2},{"damage":14,"enemies":"Reptomancer","floor":44,"turns":4},{"damage":5,"enemies":"Sphere and 2 Shapes","floor":45,"turns":3},{"damage":43,"enemies":"Nemesis","floor":48,"turns":9},{"damage":100031,"enemies":"Time Eater","floor":50,"turns":5}],"seed_played":"-6880912115748541205","potions_obtained":[{"floor":5,"key":"BlessingOfTheForge"},{"floor":14,"key":"Guardian:BlockOnCardUsePotion"},{"floor":16,"key":"BlessingOfTheForge"},{"floor":18,"key":"Energy Potion"},{"floor":27,"key":"SteroidPotion"},{"floor":35,"key":"BlessingOfTheForge"},{"floor":39,"key":"SpeedPotion"},{"floor":44,"key":"PowerPotion"},{"floor":48,"key":"Guardian:BlockOnCardUsePotion"}],"is_trial":false,"path_per_floor":["M","M","M","$","M","E","R","?","T","$","?","R","M","M","R","B",null,"M","?","?","M","?","R","M","$","T","E","?","M","M","?","R","B",null,"M","$","?","?","M","R","M","R","T","E","M","$","?","E","R","B"],"character_chosen":"HERMIT","items_purchased":["TungstenRod","hermit:PetGhost","Membership Card","hermit:Enervate+1"],"campfire_rested":6,"item_purchase_floors":[25,36,46,46],"current_hp_per_floor":[75,74,67,67,47,33,55,73,73,73,58,58,50,45,67,12,75,69,69,55,54,80,80,80,80,80,33,33,33,33,33,57,26,80,56,56,52,12,8,32,19,43,43,29,24,39,39,1,25,0,0],"gold":49,"neow_bonus":"TRANSFORM_TWO_CARDS","is_daily":false,"chose_seed":false,"campfire_upgraded":1,"win_rate":0.0,"timestamp":1613930005,"path_taken":["M","?","M","?","M","E","R","?","T","$","?","R","M","M","R","BOSS","M","?","?","M","?","R","M","$","T","E","?","?","M","?","R","BOSS","M","$","?","?","M","R","M","R","T","E","M","$","?","E","R","BOSS"],"items_purchased_type":["Relic","Relic","Relic","Card"],"build_version":"2020-12-18","purchased_purges":0,"victory":false,"max_hp_per_floor":[75,75,75,75,75,75,75,75,75,75,75,75,75,75,75,75,75,75,75,80,80,80,80,80,80,80,80,80,80,80,80,80,80,80,80,80,80,80,80,80,80,80,80,80,80,80,80,80,80,80,80],"card_choices":[{"not_picked":["hermit:TrackingShot","hermit:SprayPray"],"picked":"hermit:WideOpen","floor":1},{"not_picked":["hermit:Feint","hermit:Midnight"],"picked":"hermit:GoldenBullet","floor":2},{"not_picked":["hermit:Headshot","hermit:Snipe"],"picked":"hermit:TakeAim","floor":3},{"not_picked":["hermit:Vantage","hermit:TrackingShot"],"picked":"hermit:WideOpen","floor":5},{"not_picked":["hermit:Coalescence","hermit:TrackingShot+1"],"picked":"hermit:BlackWind+1","floor":6},{"not_picked":["hermit:Brawl","hermit:Snipe"],"picked":"hermit:Quickdraw+1","floor":13},{"not_picked":["hermit:Roulette+1","hermit:Virtue"],"picked":"hermit:Shortfuse+1","floor":14},{"not_picked":["hermit:FromBeyond","hermit:Adapt"],"picked":"hermit:HeroicBravado","floor":16},{"not_picked":["hermit:LuckOfTheDraw","hermit:Feint"],"picked":"hermit:Desperado+1","floor":18},{"not_picked":["hermit:Manifest","hermit:LoneWolf"],"picked":"hermit:Headshot+1","floor":21},{"not_picked":["hermit:Dive","hermit:Gestalt"],"picked":"hermit:HoleUp+1","floor":24},{"not_picked":["hermit:Combo","hermit:ItchyTrigger+1"],"picked":"hermit:CalledShot+1","floor":27},{"not_picked":["hermit:Desperado+1","hermit:Coalescence"],"picked":"hermit:CursedWeapon+1","floor":29},{"not_picked":["hermit:Misfire+1","hermit:Vantage"],"picked":"hermit:Combo","floor":30},{"not_picked":["hermit:FromBeyond","hermit:EternalForm"],"picked":"hermit:BlackWind+1","floor":33},{"not_picked":["hermit:Brawl+1","hermit:LowProfile"],"picked":"hermit:Enervate+1","floor":35},{"not_picked":["Forethought","Blind"],"picked":"Jack Of All Trades","floor":37},{"not_picked":["Dark Shackles","The Bomb"],"picked":"Dramatic Entrance+1","floor":37},{"not_picked":["hermit:Snipe+1","hermit:Shortfuse+1"],"picked":"hermit:HoleUp+1","floor":38},{"not_picked":["hermit:Desperado+1","hermit:HoleUp"],"picked":"hermit:Gestalt+1","floor":39},{"not_picked":["hermit:Feint","hermit:LuckOfTheDraw"],"picked":"hermit:LowProfile","floor":41},{"not_picked":["hermit:DeadMansHand","hermit:Manifest"],"picked":"hermit:Purgatory+1","floor":44},{"not_picked":["hermit:CalledShot+1","hermit:Misfire+1","hermit:Snipe"],"picked":"SKIP","floor":45},{"not_picked":["hermit:Manifest","hermit:Misfire+1","hermit:Virtue"],"picked":"SKIP","floor":48}],"player_experience":767894,"relics_obtained":[{"floor":6,"key":"Molten Egg 2"},{"floor":26,"key":"Bromod:ArcaneConsequence"},{"floor":27,"key":"Bromod:ArcaneTempo"},{"floor":38,"key":"Thread and Needle"},{"floor":43,"key":"MealTicket"},{"floor":44,"key":"Bromod:ArcaneMomentum"},{"floor":48,"key":"Bromod:ArcaneUltimatum"}],"event_choices":[{"damage_healed":18,"gold_gain":0,"player_choice":"Healed and dodged fight","damage_taken":0,"max_hp_gain":0,"max_hp_loss":0,"event_name":"Mushrooms","floor":8,"gold_loss":0,"cards_obtained":["Parasite"]},{"damage_healed":0,"gold_gain":0,"player_choice":"Entered Light","damage_taken":15,"max_hp_gain":0,"max_hp_loss":0,"event_name":"Shining Light","floor":11,"gold_loss":0,"cards_upgraded":["hermit:WideOpen","hermit:TakeAim"]},{"damage_healed":0,"gold_gain":0,"cards_transformed":["hermit:DeadMansHand","hermit:PistolWhip"],"player_choice":"Became Test Subject","damage_taken":0,"max_hp_gain":0,"max_hp_loss":0,"event_name":"Drug Dealer","floor":19,"gold_loss":0,"cards_obtained":["hermit:Headshot","hermit:TakeAim"]},{"damage_healed":0,"gold_gain":0,"player_choice":"Shed Blood","damage_taken":19,"max_hp_gain":5,"max_hp_loss":0,"event_name":"Forgotten Altar","floor":20,"gold_loss":0},{"damage_healed":26,"gold_gain":0,"player_choice":"Heal","damage_taken":0,"max_hp_gain":0,"max_hp_loss":0,"event_name":"The Library","floor":22,"gold_loss":0},{"cards_removed":["hermit:TakeAim"],"damage_healed":0,"gold_gain":0,"player_choice":"Purged","damage_taken":0,"max_hp_gain":0,"max_hp_loss":0,"event_name":"Purifier","floor":28,"gold_loss":0},{"damage_healed":0,"gold_gain":0,"player_choice":"Memory 2","damage_taken":5,"max_hp_gain":0,"max_hp_loss":0,"event_name":"SensoryStone","floor":37,"gold_loss":0},{"damage_healed":0,"gold_gain":0,"player_choice":"Fight","damage_taken":0,"max_hp_gain":0,"max_hp_loss":0,"event_name":"Mysterious Sphere","floor":38,"gold_loss":0},{"cards_removed":["hermit:Purgatory"],"damage_healed":0,"gold_gain":0,"player_choice":"Removed Attack","damage_taken":0,"max_hp_gain":0,"max_hp_loss":0,"event_name":"Falling","floor":47,"gold_loss":0}],"is_beta":true,"boss_relics":[{"not_picked":["Empty Cage","Ectoplasm"],"picked":"SlaversCollar"},{"not_picked":["Snecko Eye","Velvet Choker"],"picked":"hermit:ClaspedLocket"}],"items_purged_floors":[],"is_endless":false,"potions_floor_spawned":[5,14,16,18,27,35,39,44,48],"killed_by":"Time Eater","ascension_level":0}}