{"host":"p48otulg9rbkrcsk","time":1613896708,"event":{"mods":["BaseMod","Colored Map","Minty Spire (QoL Compilation)","Quick Restart","StSLib","The Administrix","The Animator","[功能]功能增强和修复MOD"],"gold_per_floor":[213,198,198,198,198,224,224,254,305,317,277,242,274,287,287,382,382,397,377,377,476,476,476,510,510,510,510,530,530,805,800,800,901,901,920,931,926,974,974,1008,1008,1008,1008,1039,1057,1089,1089,1089,1089,1089,1089,1089,1084,1119,1119],"floor_reached":56,"language":"ZHS","playtime":2904,"items_purged":["AdministrixMod:Strike_Administrix","AdministrixMod:Strike_Administrix","AdministrixMod:Defend_Administrix","AdministrixMod:BegetEternity","Parasite","AdministrixMod:Strike_Administrix","AdministrixMod:Defend_Administrix","AdministrixMod:Defend_Administrix","AdministrixMod:Strike_Administrix+1","AdministrixMod:LuminaryPath+1","AdministrixMod:Defend_Administrix","AdministrixMod:WickedPunishment+1","AdministrixMod:CrackingPangu","AdministrixMod:GirlsDoItBetter","AdministrixMod:SipOfSparks","Regret","AdministrixMod:NoblePath+1","AdministrixMod:ImmortalGrace+1"],"score":1536,"play_id":"09865d64-16af-4b0b-a95f-b0e0ecaa0e8a","local_time":"20210221163828","is_ascension_mode":false,"campfire_choices":[{"data":"AdministrixMod:NoblePath","floor":15,"key":"SMITH"},{"floor":23,"key":"RECALL"},{"floor":25,"key":"REST"},{"floor":27,"key":"REST"},{"floor":29,"key":"REST"},{"floor":32,"key":"REST"},{"floor":41,"key":"REST"},{"floor":47,"key":"REST"},{"floor":49,"key":"REST"},{"floor":52,"key":"REST"}],"circlet_count":0,"master_deck":["AdministrixMod:RedCloak+1","AdministrixMod:BlueCloak+1","AdministrixMod:ChooseYourEnd+1","Master of Strategy+1","AdministrixMod:PassageOfAges+1","AdministrixMod:HarmonicReverence+1","AdministrixMod:SyncreticPlunge+1","AdministrixMod:HiddenPower+1","AdministrixMod:HarmonicReverence+1","AdministrixMod:HiddenPower+1","AdministrixMod:StarSwordSoul+1","AdministrixMod:HarmonicReverence+1","AdministrixMod:HarmonicReverence"],"relics":["AdministrixMod:ConductorRitualBaton","Juzu Bracelet","Bottled Flame","OrangePellets","Meat on the Bone","Bronze Scales","Frozen Eye","Smiling Mask","Potion Belt","Strange Spoon","Whetstone","Gambling Chip","Tiny Chest","Fusion Hammer","Singing Bowl","Sundial","Medical Kit","MutagenicStrength","Regal Pillow","War Paint","TheAbacus","Oddly Smooth Stone","White Beast Statue","Orichalcum","HandDrill","Gremlin Horn","Philosopher\u0027s Stone","Centennial Puzzle","Happy Flower","Lee\u0027s Waffle","AdministrixMod:PrescriptionBottle","Blood Vial","Membership Card","AdministrixMod:AbandonedRose","Mark of the Bloom","Blue Candle","AdministrixMod:CrackedTaijitu","StoneCalendar","Shuriken","Mummified Hand","Toolbox","ClockworkSouvenir","FossilizedHelix","Vajra","Unceasing Top"],"acts_visited":["Exordium","TheCity","TheBeyond","TheEnding"],"potions_floor_usage":[50,50,50],"damage_taken":[{"damage":0,"enemies":"Small Slimes","floor":1,"turns":3},{"damage":10,"enemies":"Gremlin Nob","floor":6,"turns":3},{"damage":19,"enemies":"Lagavulin","floor":8,"turns":5},{"damage":0,"enemies":"Cultist","floor":10,"turns":3},{"damage":0,"enemies":"Gremlin Nob","floor":13,"turns":2},{"damage":0,"enemies":"2 Louse","floor":14,"turns":2},{"damage":16,"enemies":"The Guardian","floor":16,"turns":6},{"damage":0,"enemies":"3 Byrds","floor":18,"turns":1},{"damage":0,"enemies":"Book of Stabbing","floor":24,"turns":2},{"damage":0,"enemies":"Shell Parasite","floor":28,"turns":1},{"damage":0,"enemies":"Collector","floor":33,"turns":2},{"damage":0,"enemies":"3 Shapes","floor":35,"turns":1},{"damage":0,"enemies":"3 Darklings","floor":36,"turns":2},{"damage":1,"enemies":"Nemesis","floor":40,"turns":3},{"damage":3,"enemies":"Giant Head","floor":44,"turns":2},{"damage":8,"enemies":"Writhing Mass","floor":45,"turns":2},{"damage":11,"enemies":"Nemesis","floor":46,"turns":4},{"damage":0,"enemies":"Donu and Deca","floor":50,"turns":2},{"damage":0,"enemies":"Shield and Spear","floor":54,"turns":1},{"damage":3,"enemies":"The Heart","floor":55,"turns":3}],"seed_played":"5023673412988505688","potions_obtained":[{"floor":1,"key":"EssenceOfSteel"},{"floor":8,"key":"DistilledChaos"},{"floor":8,"key":"Explosive Potion"},{"floor":10,"key":"Dexterity Potion"},{"floor":10,"key":"GamblersBrew"},{"floor":54,"key":"GamblersBrew"}],"is_trial":false,"path_per_floor":["M","$","?","$","?","E","?","E","T","M","$","?","E","M","R","B",null,"M","$","?","?","$","R","E","R","T","R","M","R","?","$","R","B",null,"M","M","$","T","$","E","R","?","T","E","M","E","R","$","R","B",null,"R","$","E","B",null],"character_chosen":"TheAdministrix","items_purchased":["Juzu Bracelet","Bottled Flame","OrangePellets","AdministrixMod:WickedPunishment","Master of Strategy","Meat on the Bone","Bronze Scales","Frozen Eye","AdministrixMod:LuminaryPath","AdministrixMod:CrackingPangu","Strange Spoon","Whetstone","Gambling Chip","AdministrixMod:ImmortalGrace","AdministrixMod:HarmonicReverence","Singing Bowl","Sundial","AdministrixMod:HiddenPower","Medical Kit","Regal Pillow","War Paint","TheAbacus","AdministrixMod:HarmonicReverence","Orichalcum","HandDrill","Gremlin Horn","AdministrixMod:HiddenPower","Centennial Puzzle","Happy Flower","Lee\u0027s Waffle","AdministrixMod:HarmonicReverence","Blood Vial","Membership Card","Shuriken","Mummified Hand","Toolbox","AdministrixMod:HarmonicReverence","ClockworkSouvenir","FossilizedHelix","Vajra","Energy Potion","LiquidBronze"],"campfire_rested":8,"item_purchase_floors":[2,2,2,2,2,4,4,4,4,4,11,11,11,11,11,19,19,19,19,22,22,22,22,31,31,31,31,37,37,37,37,39,39,48,48,48,48,53,53,53,53,53],"current_hp_per_floor":[65,65,65,65,65,55,65,46,46,46,46,61,61,61,61,45,62,62,62,62,62,62,62,64,64,64,64,66,66,66,66,66,66,66,68,70,77,77,77,78,79,79,79,76,68,57,57,57,57,57,57,57,57,57,54],"gold":1119,"neow_bonus":"HUNDRED_GOLD","is_daily":false,"chose_seed":false,"campfire_upgraded":1,"win_rate":0.0,"timestamp":1613896708,"path_taken":["M","$","?","$","?","E","?","E","T","M","$","?","E","M","R","BOSS","M","$","?","?","$","R","E","R","T","R","M","R","?","$","R","BOSS","M","M","$","?","$","E","R","?","T","E","M","E","R","$","R","BOSS","R","$","E","BOSS"],"items_purchased_type":["Relic","Relic","Relic","Card","Card","Relic","Relic","Relic","Card","Card","Relic","Relic","Relic","Card","Card","Relic","Relic","Card","Relic","Relic","Relic","Relic","Card","Relic","Relic","Relic","Card","Relic","Relic","Relic","Card","Relic","Relic","Relic","Relic","Relic","Card","Relic","Relic","Relic","Potion","Potion"],"build_version":"2020-12-22","purchased_purges":18,"victory":true,"max_hp_per_floor":[65,65,65,65,65,65,65,65,65,65,62,62,62,62,62,62,62,62,62,62,62,62,62,64,64,64,64,66,66,66,66,66,66,66,68,70,77,77,77,79,79,79,79,81,83,85,85,85,85,85,85,85,85,87,87],"card_choices":[{"not_picked":["AdministrixMod:JustRewards","AdministrixMod:Transcension"],"picked":"AdministrixMod:ChooseYourEnd","floor":1},{"not_picked":["AdministrixMod:Untouchable","AdministrixMod:TouchOfCinnabar","AdministrixMod:CastOffRegrets"],"picked":"SKIP","floor":6},{"not_picked":["AdministrixMod:CrackingPangu","AdministrixMod:ImmortalPurity"],"picked":"AdministrixMod:SipOfSparks","floor":8},{"not_picked":["AdministrixMod:XianArts","AdministrixMod:TouchOfCinnabar"],"picked":"AdministrixMod:PassageOfAges","floor":10},{"not_picked":["AdministrixMod:SealAway","AdministrixMod:PassageOfAges"],"picked":"AdministrixMod:NoblePath","floor":13},{"not_picked":["AdministrixMod:TrickOfTheLight","AdministrixMod:RebukeDesires","AdministrixMod:LifeforceNet"],"picked":"SKIP","floor":14},{"not_picked":["AdministrixMod:Mastermind","AdministrixMod:TenDesires"],"picked":"AdministrixMod:GirlsDoItBetter","floor":16},{"not_picked":["AdministrixMod:MixOfMercury","AdministrixMod:Overdrive+1"],"picked":"AdministrixMod:SyncreticPlunge+1","floor":18},{"not_picked":["AdministrixMod:SyncreticPlunge+1","AdministrixMod:LifeforceNet","AdministrixMod:ReachToHeaven"],"picked":"Singing Bowl","floor":24},{"not_picked":["AdministrixMod:Metempsychosis+1","AdministrixMod:TrickOfTheLight","AdministrixMod:SipOfSparks"],"picked":"Singing Bowl","floor":28},{"not_picked":["AdministrixMod:LuminaryPath","AdministrixMod:CosmosControl"],"picked":"AdministrixMod:StarSwordSoul","floor":33},{"not_picked":["AdministrixMod:LightOfYourLife+1","AdministrixMod:BloodBargain","AdministrixMod:Katabasis+1"],"picked":"Singing Bowl","floor":35},{"not_picked":["AdministrixMod:FuneraryRites","AdministrixMod:TrickOfTheLight+1","AdministrixMod:ExtolVirtue+1"],"picked":"Singing Bowl","floor":36},{"not_picked":["AdministrixMod:ImmortalPurity","AdministrixMod:AmassedMasks","AdministrixMod:ChooseYourEnd"],"picked":"Singing Bowl","floor":40},{"not_picked":["AdministrixMod:Katabasis+1","AdministrixMod:LightOfYourLife+1","AdministrixMod:TrickOfTheLight+1"],"picked":"Singing Bowl","floor":44},{"not_picked":["AdministrixMod:PassageOfAges","AdministrixMod:BloodBargain","AdministrixMod:SealAway"],"picked":"Singing Bowl","floor":45},{"not_picked":["AdministrixMod:RegentEdict+1","AdministrixMod:SealAway+1","AdministrixMod:CrackingPangu+1"],"picked":"Singing Bowl","floor":46},{"not_picked":["AdministrixMod:RebukeDesires","AdministrixMod:NoblePath+1","AdministrixMod:FuneraryRites"],"picked":"Singing Bowl","floor":54}],"player_experience":203253,"relics_obtained":[{"floor":6,"key":"Smiling Mask"},{"floor":8,"key":"Potion Belt"},{"floor":13,"key":"Tiny Chest"},{"floor":24,"key":"Oddly Smooth Stone"},{"floor":26,"key":"White Beast Statue"},{"floor":38,"key":"AdministrixMod:PrescriptionBottle"},{"floor":40,"key":"AdministrixMod:AbandonedRose"},{"floor":43,"key":"Blue Candle"},{"floor":44,"key":"AdministrixMod:CrackedTaijitu"},{"floor":46,"key":"StoneCalendar"},{"floor":54,"key":"Unceasing Top"}],"event_choices":[{"damage_healed":0,"gold_gain":0,"player_choice":"1 cards matched","damage_taken":0,"max_hp_gain":0,"max_hp_loss":0,"event_name":"Match and Keep!","floor":3,"gold_loss":0,"cards_obtained":["AdministrixMod:BegetEternity"]},{"damage_healed":0,"gold_gain":0,"player_choice":"Grow","damage_taken":0,"max_hp_gain":0,"max_hp_loss":0,"event_name":"Living Wall","floor":5,"gold_loss":0,"cards_upgraded":["AdministrixMod:LuminaryPath"]},{"damage_healed":16,"gold_gain":0,"player_choice":"Healed and dodged fight","damage_taken":0,"max_hp_gain":0,"max_hp_loss":0,"event_name":"Mushrooms","floor":7,"gold_loss":0,"cards_obtained":["Parasite"]},{"damage_healed":15,"gold_gain":0,"player_choice":"Healed","damage_taken":0,"max_hp_gain":0,"max_hp_loss":0,"event_name":"The Cleric","floor":12,"gold_loss":35},{"damage_healed":0,"gold_gain":0,"player_choice":"Inject Mutagens","damage_taken":0,"relics_obtained":["MutagenicStrength"],"max_hp_gain":0,"max_hp_loss":0,"event_name":"Drug Dealer","floor":20,"gold_loss":0},{"damage_healed":0,"gold_gain":99,"player_choice":"Stole From Cult","damage_taken":0,"max_hp_gain":0,"max_hp_loss":0,"event_name":"Nest","floor":21,"gold_loss":0},{"damage_healed":0,"gold_gain":275,"player_choice":"Desecrate","damage_taken":0,"max_hp_gain":0,"max_hp_loss":0,"event_name":"Golden Shrine","floor":30,"gold_loss":0,"cards_obtained":["Regret"]},{"damage_healed":0,"gold_gain":0,"player_choice":"Upgrade","damage_taken":0,"relics_obtained":["Mark of the Bloom"],"max_hp_gain":0,"max_hp_loss":0,"event_name":"MindBloom","floor":42,"gold_loss":0,"cards_upgraded":["AdministrixMod:BlueCloak","AdministrixMod:ChooseYourEnd","AdministrixMod:PassageOfAges","AdministrixMod:ImmortalGrace","AdministrixMod:HarmonicReverence","AdministrixMod:HiddenPower","AdministrixMod:HarmonicReverence","AdministrixMod:HiddenPower","AdministrixMod:StarSwordSoul","AdministrixMod:HarmonicReverence"]}],"is_beta":false,"boss_relics":[{"not_picked":["Pandora\u0027s Box","Sozu"],"picked":"Fusion Hammer"},{"not_picked":["Velvet Choker","Empty Cage"],"picked":"Philosopher\u0027s Stone"}],"items_purged_floors":[2,2,2,11,11,11,11,11,11,11,11,19,19,19,19,31,37,53],"is_endless":false,"potions_floor_spawned":[1,8,8,10,10,13,13,16,16,18,28,28,28,33,33,35,35,35,36,36,36,40,44,44,45,45,45,46,46,46,46,54,54],"ascension_level":0}}