{"host":"jt67skv49snb75sm","time":1613945547,"event":{"mods":["BaseMod","Bestiary","Minty Spire (QoL Compilation)","Relic Stats"],"gold_per_floor":[115,129,129,143,31,56,56,84,84,96,96,96],"floor_reached":11,"language":"ENG","playtime":742,"items_purged":[],"score":166,"play_id":"906fe503-9511-4113-909d-5cc76da40351","local_time":"20210221231227","is_ascension_mode":true,"campfire_choices":[{"floor":7.0,"key":"REST"}],"circlet_count":0,"master_deck":["AscendersBane","Strike_G","Strike_G","Strike_G","Strike_G","Strike_G+1","Defend_G+1","Defend_G","Defend_G","Defend_G","Defend_G","Survivor","Neutralize","Skewer","Well Laid Plans","Quick Slash","Deadly Poison","Masterful Stab","Cloak And Dagger+1"],"relics":["Ring of the Snake","Pen Nib","Sundial","Bottled Tornado","Toxic Egg 2"],"acts_visited":["Exordium"],"potions_floor_usage":[11,11],"damage_taken":[{"damage":10.0,"enemies":"Jaw Worm","floor":1.0,"turns":5.0},{"damage":1.0,"enemies":"Cultist","floor":2.0,"turns":4.0},{"damage":4.0,"enemies":"Small Slimes","floor":4.0,"turns":4.0},{"damage":19.0,"enemies":"3 Sentries","floor":6.0,"turns":11.0},{"damage":6.0,"enemies":"Gremlin Nob","floor":8.0,"turns":3.0},{"damage":8.0,"enemies":"Blue Slaver","floor":10.0,"turns":4.0},{"damage":2,"enemies":"Lagavulin","floor":11,"turns":5}],"seed_played":"-6357351863300563784","potions_obtained":[{"floor":2.0,"key":"FearPotion"},{"floor":8.0,"key":"SkillPotion"},{"floor":10.0,"key":"Energy Potion"}],"is_trial":false,"path_per_floor":["M","M","?","M","$","E","R","E","T","M","E"],"character_chosen":"THE_SILENT","items_purchased":["GhostInAJar"],"campfire_rested":1,"item_purchase_floors":[5],"current_hp_per_floor":[49,48,28,24,24,5,24,18,18,10,8,8],"gold":96,"neow_bonus":"RANDOM_COMMON_RELIC","is_daily":false,"chose_seed":false,"campfire_upgraded":0,"win_rate":0.0,"timestamp":1613945547,"path_taken":["M","M","?","M","?","E","R","E","T","?","E"],"items_purchased_type":["Potion"],"build_version":"2020-12-22","purchased_purges":0,"victory":false,"max_hp_per_floor":[66,66,66,66,66,66,66,66,66,66,66,66],"relic_stats":{"counters":[7,36],"Sundial":[2],"Pen Nib":[7],"obtain_stats":[{"Sundial":6,"Pen Nib":0,"Bottled Tornado":8,"Toxic Egg 2":9,"Ring of the Snake":0},{"Sundial":4,"Pen Nib":0,"Bottled Tornado":5,"Toxic Egg 2":5,"Ring of the Snake":0},{"Sundial":24,"Pen Nib":0,"Bottled Tornado":27,"Toxic Egg 2":27,"Ring of the Snake":0}],"Ring of the Snake":[14]},"card_choices":[{"not_picked":["Prepared","Backflip"],"picked":"Skewer","floor":1.0},{"not_picked":["Prepared","Calculated Gamble"],"picked":"Well Laid Plans","floor":2.0},{"not_picked":["Dodge and Roll","Concentrate"],"picked":"Quick Slash","floor":4.0},{"not_picked":["Catalyst","Quick Slash"],"picked":"Deadly Poison","floor":6.0},{"not_picked":["A Thousand Cuts","Tactician"],"picked":"Masterful Stab","floor":8.0},{"not_picked":["Dash","Caltrops"],"picked":"Cloak And Dagger+1","floor":10.0}],"player_experience":866252,"relics_obtained":[{"floor":6.0,"key":"Sundial"},{"floor":8.0,"key":"Bottled Tornado"},{"floor":9.0,"key":"Toxic Egg 2"}],"event_choices":[{"damage_healed":0.0,"max_hp_gain":0.0,"max_hp_loss":0.0,"gold_gain":0.0,"event_name":"Shining Light","player_choice":"Entered Light","floor":3.0,"gold_loss":0.0,"damage_taken":20.0,"cards_upgraded":["Defend_G","Strike_G"]}],"is_beta":false,"boss_relics":[],"items_purged_floors":[],"is_endless":false,"potions_floor_spawned":[2,8,10],"killed_by":"Lagavulin","ascension_level":20}}