{"host":"8i6urbfw19gmz7qf","time":1613881990,"event":{"mods":["AchievementEnabler","Aspiration","BaseMod","Colored Map","Conspire","Energized Spire","Friendly Minions","Halation","Hermit","Highlight Path","Hubris","Minty Spire (QoL Compilation)","Quick Restart","READ ME - Snecko Mod","Random Character Button","Replay The Spire","Robot Space Explorer","StSLib","Synergy Search","The Cursed","The Jungle","The Marked","The Necromancer"],"gold_per_floor":[110,59,72,72,87,118,118,118,165,165,165,165,175,188,257,359,359,377,377,391,391,391,391,411,411,488,506,506,523,523,523,523,523,523],"floor_reached":33,"language":"ENG","playtime":1798,"items_purged":[],"score":245,"play_id":"12dc31e3-faa0-4d41-a774-3235f1131c65","local_time":"20210220203310","is_ascension_mode":false,"campfire_choices":[{"data":"hermit:Quickdraw","floor":7.0,"key":"SMITH"},{"floor":10.0,"key":"REST"},{"data":"hermit:NoHoldsBarred","floor":23.0,"key":"SMITH"},{"floor":25,"key":"REST"},{"data":"hermit:Vantage","floor":30,"key":"SMITH"}],"circlet_count":0,"master_deck":["hermit:Strike_Hermit","hermit:Strike_Hermit","hermit:Strike_Hermit","hermit:Strike_Hermit","hermit:Defend_Hermit","hermit:Defend_Hermit","hermit:Defend_Hermit","hermit:Defend_Hermit","hermit:Snapshot","hermit:Covet","hermit:Misfire","hermit:Ricochet","hermit:Quickdraw+1","hermit:EyeOfTheStorm+1","hermit:Dive","hermit:Gestalt","hermit:TrackingShot","hermit:Reprieve","hermit:Quickdraw","hermit:NoHoldsBarred+1","hermit:HoleUp+1","hermit:Vantage+1","hermit:Deadeye+1"],"relics":["hermit:Momento","NeowsBlessing","Mango","Orichalcum","hubris:Towel","conspire:DeflatedDodgeball","halation:ForbiddenBikini","Replay:Rubber Ducky","Mercury Hourglass"],"acts_visited":["Exordium","Exordium"],"potions_floor_usage":[33,33,33],"damage_taken":[{"damage":0.0,"enemies":"Jaw Worm","floor":1.0,"turns":1.0},{"damage":0.0,"enemies":"2 Louse","floor":3.0,"turns":1.0},{"damage":0.0,"enemies":"Small Slimes","floor":5.0,"turns":1.0},{"damage":22.0,"enemies":"3 Sentries","floor":6.0,"turns":5.0},{"damage":0.0,"enemies":"Looter","floor":13.0,"turns":3.0},{"damage":5.0,"enemies":"Lots of Slimes","floor":14.0,"turns":3.0},{"damage":72.0,"enemies":"Hexaghost","floor":16.0,"turns":12.0},{"damage":19.0,"enemies":"Shell Parasite","floor":18.0,"turns":7.0},{"damage":9.0,"enemies":"theJungle:GiantWrat","floor":20.0,"turns":6.0},{"damage":17.0,"enemies":"theJungle:Snecko_Cultist_And_Trap","floor":24.0,"turns":5.0},{"damage":2,"enemies":"theJungle:SlimyTreeVines","floor":27,"turns":7},{"damage":0,"enemies":"theJungle:2_Snecko_Cultists","floor":29,"turns":3},{"damage":103,"enemies":"theJungle:TotemBoss","floor":33,"turns":7}],"seed_played":"455441133182476578","potions_obtained":[{"floor":3.0,"key":"Venom Potion"},{"floor":13.0,"key":"SkillPotion"},{"floor":14.0,"key":"hermit:BlackBile"},{"floor":16.0,"key":"SteroidPotion"},{"floor":20.0,"key":"Venom Potion"},{"floor":29,"key":"Flashbang"}],"is_trial":false,"path_per_floor":["M","$","M","?","M","E","R","?","T","R","?","T","M","M","R_BF","B",null,"M","$","M","?","T","R","M","R","T","M","?","M","R","$","R_BF","B"],"character_chosen":"HERMIT","items_purchased":["hermit:Ricochet"],"campfire_rested":2,"item_purchase_floors":[2],"current_hp_per_floor":[75,75,75,75,75,67,67,67,67,89,89,89,89,84,84,12,89,70,70,61,61,61,61,44,70,70,82,82,82,82,82,89,0,0],"gold":523,"neow_bonus":"THREE_ENEMY_KILL","is_daily":false,"chose_seed":false,"campfire_upgraded":3,"win_rate":0.0,"timestamp":1613881990,"path_taken":["M","$","M","?","M","E","R","?","T","R","?","?","M","M","R_BF","BOSS","M","?","?","?","?","R","M","R","T","M","?","M","R","$","R_BF","BOSS"],"items_purchased_type":["Card"],"build_version":"2020-12-22","purchased_purges":0,"victory":false,"max_hp_per_floor":[75,75,75,75,75,89,89,89,89,89,89,89,89,89,89,89,89,89,89,89,89,89,89,89,89,89,89,89,89,89,89,89,89,89],"card_choices":[{"not_picked":["hermit:HoleUp","hermit:LoneWolf"],"picked":"hermit:Misfire","floor":1.0},{"not_picked":["hermit:SprayPray","hermit:Misfire"],"picked":"hermit:Quickdraw","floor":3.0},{"not_picked":["hermit:HighCaliber","hermit:Coalescence"],"picked":"hermit:EyeOfTheStorm","floor":5.0},{"not_picked":["hermit:TakeCover","hermit:SprayPray"],"picked":"hermit:Dive","floor":6.0},{"not_picked":["hermit:Ricochet","hermit:NoHoldsBarred"],"picked":"hermit:Gestalt","floor":13.0},{"not_picked":["hermit:Misfire","hermit:Cheat"],"picked":"hermit:TrackingShot","floor":14.0},{"not_picked":["hermit:Magnum","hermit:BlackWind"],"picked":"hermit:Reprieve","floor":16.0},{"not_picked":["hermit:Ricochet","hermit:Deadeye"],"picked":"hermit:Quickdraw","floor":18.0},{"not_picked":["hermit:DeadMansHand","hermit:Snipe"],"picked":"hermit:NoHoldsBarred","floor":20.0},{"not_picked":["hermit:Determination","hermit:WideOpen"],"picked":"hermit:HoleUp+1","floor":24.0},{"not_picked":["hermit:HoleUp","hermit:Horror"],"picked":"hermit:Vantage","floor":27},{"not_picked":["hermit:CalledShot+1","hermit:WideOpen"],"picked":"hermit:Deadeye","floor":29}],"player_experience":51261,"relics_obtained":[{"floor":6.0,"key":"Mango"},{"floor":9.0,"key":"Orichalcum"},{"floor":12.0,"key":"conspire:DeflatedDodgeball"},{"floor":22.0,"key":"Replay:Rubber Ducky"},{"floor":26,"key":"Mercury Hourglass"}],"event_choices":[{"damage_healed":0.0,"max_hp_gain":0.0,"max_hp_loss":0.0,"gold_gain":0.0,"event_name":"conspire:LoneGhost","player_choice":"Disagree","floor":4.0,"gold_loss":0.0,"damage_taken":0.0},{"damage_healed":0.0,"max_hp_gain":0.0,"max_hp_loss":0.0,"gold_gain":0.0,"event_name":"conspire:Investor","player_choice":"Leave","floor":8.0,"gold_loss":0.0,"damage_taken":0.0}],"is_beta":false,"boss_relics":[{"not_picked":["hermit:BartenderGlass","halation:Yufonium"],"picked":"halation:ForbiddenBikini"}],"items_purged_floors":[],"is_endless":false,"potions_floor_spawned":[3,13,14,16,20,29],"killed_by":"theJungle:TotemBoss","ascension_level":0}}