{"host":"t75twhtg6c476ygg","time":1613921787,"event":{"mods":["AchievementEnabler","BaseMod","Colored Powertips","Minty Spire (QoL Compilation)","Quick Restart","Relic Stats","StSLib","SuperFastMode"],"gold_per_floor":[114,482,482,557,57,87,87,117,117,192,222,252,294,336,348,460,472,499,511,523,550,562,604,616,658,670,712,299,329,4,19,19,119,119,134,136,136,861,911,941,966,996,1046,1046,1076,0,30,60,60,60,160,160,1,31,31],"floor_reached":56,"language":"ENG","playtime":1598,"items_purged":["Anger","RitualDagger","Reaper","Metallicize+1"],"score":2205,"play_id":"1d3cd265-c97a-4c2f-ab06-ac01580001ec","local_time":"20210221153627","daily_mods":["SealedDeck","Flight","Elite Swarm"],"is_ascension_mode":false,"campfire_choices":[{"data":"1","floor":15.0,"key":"LIFT"},{"data":"2","floor":32,"key":"LIFT"},{"data":"3","floor":44,"key":"LIFT"},{"floor":49,"key":"DIG"},{"floor":52,"key":"DIG"}],"circlet_count":0,"master_deck":["Meteor Strike+1","Limit Break+1"],"relics":["Burning Blood","Snecko Eye","Tiny Chest","Nunchaku","Pear","Paper Frog","Smiling Mask","FossilizedHelix","Unceasing Top","Bronze Scales","White Beast Statue","Letter Opener","Girya","MawBank","MealTicket","Mercury Hourglass","Calling Bell","Orichalcum","Pantograph","Thread and Needle","GremlinMask","Juzu Bracelet","HornCleat","Eternal Feather","Meat on the Bone","Membership Card","Art of War","Ancient Tea Set","Sundial","Akabeko","Ornamental Fan","Medical Kit","SlaversCollar","Shovel","Strange Spoon","Regal Pillow","Anchor","TungstenRod","Bag of Preparation","Oddly Smooth Stone","Dream Catcher","Red Skull","Blue Candle","Red Mask","Singing Bowl","Ginger","Self Forming Clay","The Courier","Bottled Flame","Gremlin Horn","OrangePellets","Shuriken","InkBottle","Mummified Hand","Pocketwatch","Bag of Marbles","Charon\u0027s Ashes","StrikeDummy","Lantern","Blood Vial","Ice Cream","Happy Flower","Vajra"],"acts_visited":["Exordium","TheCity","TheBeyond","TheEnding"],"potions_floor_usage":[50,50,55],"damage_taken":[{"damage":0.0,"enemies":"Small Slimes","floor":1.0,"turns":1.0},{"damage":28.0,"enemies":"Gremlin Nob","floor":6.0,"turns":4.0},{"damage":0.0,"enemies":"Lagavulin","floor":8.0,"turns":1.0},{"damage":0.0,"enemies":"Gremlin Nob","floor":11.0,"turns":1.0},{"damage":0.0,"enemies":"Lagavulin","floor":12.0,"turns":1.0},{"damage":0.0,"enemies":"Gremlin Nob","floor":13.0,"turns":1.0},{"damage":0.0,"enemies":"Lagavulin","floor":14.0,"turns":1.0},{"damage":0.0,"enemies":"The Guardian","floor":16.0,"turns":1.0},{"damage":0.0,"enemies":"Chosen","floor":18.0,"turns":1.0},{"damage":0.0,"enemies":"2 Thieves","floor":21.0,"turns":1.0},{"damage":0.0,"enemies":"Book of Stabbing","floor":23.0,"turns":1.0},{"damage":0.0,"enemies":"Slavers","floor":25.0,"turns":1.0},{"damage":12.0,"enemies":"Gremlin Leader","floor":27.0,"turns":2.0},{"damage":0,"enemies":"Slavers","floor":29,"turns":1},{"damage":0,"enemies":"Cultist and Chosen","floor":31,"turns":1},{"damage":0,"enemies":"Collector","floor":33,"turns":1},{"damage":0,"enemies":"3 Darklings","floor":35,"turns":1},{"damage":0,"enemies":"2 Orb Walkers","floor":36,"turns":1},{"damage":0,"enemies":"Mind Bloom Boss Battle","floor":39,"turns":1},{"damage":0,"enemies":"Reptomancer","floor":40,"turns":2},{"damage":0,"enemies":"Giant Head","floor":42,"turns":1},{"damage":0,"enemies":"Nemesis","floor":45,"turns":1},{"damage":0,"enemies":"Reptomancer","floor":47,"turns":1},{"damage":0,"enemies":"Nemesis","floor":48,"turns":1},{"damage":0,"enemies":"Donu and Deca","floor":50,"turns":1},{"damage":0,"enemies":"Shield and Spear","floor":54,"turns":2},{"damage":12,"enemies":"The Heart","floor":55,"turns":3}],"seed_played":"-7397021786818157212","potions_obtained":[{"floor":6.0,"key":"SkillPotion"},{"floor":11.0,"key":"GamblersBrew"},{"floor":12.0,"key":"ElixirPotion"},{"floor":42,"key":"SteroidPotion"},{"floor":47,"key":"DistilledChaos"},{"floor":54,"key":"HeartOfIron"}],"is_trial":false,"path_per_floor":["M","$","?","?","$","E","?","E","T","T","E","E","E","E","R","B",null,"M","?","?","M","?","E","T","E","T","E","$","E","$","M","R","B",null,"M","?","?","$","?","E","T","E","T","R","E","?","E","E","R","B",null,"R","$","E","B",null],"character_chosen":"IRONCLAD","items_purchased":["Tiny Chest","Nunchaku","Flex","Barricade","Whirlwind","Pear","Paper Frog","Membership Card","Art of War","Ancient Tea Set","Fruit Juice","Weak Potion","Akabeko","Ornamental Fan","Medical Kit","Strange Spoon","Regal Pillow","Anchor","Gremlin Horn","OrangePellets","Shuriken","InkBottle","Mummified Hand","Pocketwatch","Bag of Marbles","Charon\u0027s Ashes","StrikeDummy","Lantern","Blood Vial","Ice Cream","Happy Flower"],"campfire_rested":0,"item_purchase_floors":[2,2,2,2,2,5,5,28,28,28,28,28,30,30,30,38,38,38,53,53,53,53,53,53,53,53,53,53,53,53,53],"current_hp_per_floor":[80,80,80,69,79,57,62,68,68,68,78,88,95,95,95,95,95,95,89,89,95,95,95,95,95,95,89,100,100,100,100,100,100,100,100,100,100,100,100,100,100,100,100,100,100,100,102,104,104,104,104,104,104,106,100],"gold":31,"neow_bonus":"","is_daily":true,"chose_seed":false,"campfire_upgraded":0,"win_rate":0.0,"timestamp":1613921787,"path_taken":["M","$","?","?","$","E","?","E","T","?","E","E","E","E","R","BOSS","M","?","?","M","?","E","?","E","T","E","$","E","$","M","R","BOSS","M","?","?","$","?","E","?","E","T","R","E","?","E","E","R","BOSS","R","$","E","BOSS"],"items_purchased_type":["Relic","Relic","Card","Card","Card","Relic","Relic","Relic","Relic","Relic","Potion","Potion","Relic","Relic","Relic","Relic","Relic","Relic","Relic","Relic","Relic","Relic","Relic","Relic","Relic","Relic","Relic","Relic","Relic","Relic","Relic"],"build_version":"2020-12-22","purchased_purges":4,"victory":true,"max_hp_per_floor":[80,80,80,80,90,90,95,95,95,95,95,95,95,95,95,95,95,95,95,95,95,95,95,95,95,95,95,100,100,100,100,100,100,100,100,100,100,100,100,100,100,100,100,100,100,100,102,104,104,104,104,104,104,106,106],"relic_stats":{"Regal Pillow":0,"Singing Bowl":6,"Gremlin Horn":[1,1],"Juzu Bracelet":1,"Bag of Preparation":[0],"Ginger":[5],"Smiling Mask":38,"Burning Blood":39,"Blood Vial":0,"Nunchaku":[16],"Dream Catcher":0,"Shovel":2,"Sundial":[48],"Mummified Hand":[0],"Pantograph":0,"Tiny Chest":3,"MealTicket":6,"InkBottle":[1],"Happy Flower":[1],"counters":[27,34],"Self Forming Clay":[18],"Blue Candle":[0],"Eternal Feather":0,"Charon\u0027s Ashes":[9],"Letter Opener":[60],"Orichalcum":[6],"MawBank":192,"Medical Kit":[4],"Mercury Hourglass":[131],"Strange Spoon":[2],"OrangePellets":[0],"Ornamental Fan":[112],"Shuriken":[2],"Bronze Scales":[51],"Snecko Eye":[61,65,57,70],"Art of War":[0],"obtain_stats":[{"Ice Cream":53,"Gremlin Horn":53,"Vajra":54,"Ginger":48,"Blood Vial":53,"HornCleat":25,"Sundial":29,"MealTicket":13,"Girya":11,"Pear":5,"Happy Flower":53,"Blue Candle":45,"Oddly Smooth Stone":41,"Eternal Feather":26,"Charon\u0027s Ashes":53,"Letter Opener":10,"Akabeko":30,"SlaversCollar":34,"OrangePellets":53,"Bottled Flame":52,"Shuriken":53,"Bronze Scales":8,"Snecko Eye":0,"StrikeDummy":53,"Unceasing Top":7,"Meat on the Bone":27,"Pocketwatch":53,"Regal Pillow":38,"Lantern":53,"Singing Bowl":47,"GremlinMask":22,"Juzu Bracelet":23,"Bag of Preparation":40,"Smiling Mask":5,"Ancient Tea Set":28,"Burning Blood":0,"Nunchaku":2,"Dream Catcher":42,"Shovel":36,"Mummified Hand":53,"Pantograph":17,"Tiny Chest":2,"Red Mask":46,"Red Skull":43,"InkBottle":53,"Paper Frog":5,"Self Forming Clay":49,"Thread and Needle":17,"The Courier":51,"Orichalcum":17,"MawBank":12,"Medical Kit":30,"White Beast Statue":9,"Mercury Hourglass":14,"Calling Bell":17,"Strange Spoon":38,"Anchor":38,"Ornamental Fan":30,"Art of War":28,"Bag of Marbles":53,"Bottled Lightning":24,"Membership Card":28,"FossilizedHelix":6,"TungstenRod":39},{"Ice Cream":25,"Gremlin Horn":25,"Vajra":26,"Ginger":24,"Blood Vial":25,"HornCleat":12,"Sundial":14,"MealTicket":6,"Girya":4,"Pear":1,"Happy Flower":25,"Blue Candle":22,"Oddly Smooth Stone":20,"Eternal Feather":12,"Charon\u0027s Ashes":25,"Letter Opener":3,"Akabeko":14,"SlaversCollar":16,"OrangePellets":25,"Bottled Flame":25,"Shuriken":25,"Bronze Scales":3,"Snecko Eye":0,"StrikeDummy":25,"Unceasing Top":2,"Meat on the Bone":13,"Pocketwatch":25,"Regal Pillow":18,"Lantern":25,"Singing Bowl":23,"GremlinMask":10,"Juzu Bracelet":11,"Bag of Preparation":20,"Smiling Mask":1,"Ancient Tea Set":13,"Burning Blood":0,"Nunchaku":1,"Dream Catcher":21,"Shovel":18,"Mummified Hand":25,"Pantograph":8,"Tiny Chest":1,"Red Mask":22,"Red Skull":21,"InkBottle":25,"Paper Frog":1,"Self Forming Clay":24,"Thread and Needle":8,"The Courier":25,"Orichalcum":8,"MawBank":5,"Medical Kit":14,"White Beast Statue":3,"Mercury Hourglass":7,"Calling Bell":8,"Strange Spoon":18,"Anchor":18,"Ornamental Fan":14,"Art of War":13,"Bag of Marbles":25,"Bottled Lightning":11,"Membership Card":13,"FossilizedHelix":2,"TungstenRod":19},{"Ice Cream":29,"Gremlin Horn":29,"Vajra":31,"Ginger":28,"Blood Vial":29,"HornCleat":15,"Sundial":18,"MealTicket":9,"Girya":7,"Pear":1,"Happy Flower":29,"Blue Candle":26,"Oddly Smooth Stone":24,"Eternal Feather":15,"Charon\u0027s Ashes":29,"Letter Opener":6,"Akabeko":18,"SlaversCollar":20,"OrangePellets":29,"Bottled Flame":29,"Shuriken":29,"Bronze Scales":6,"Snecko Eye":0,"StrikeDummy":29,"Unceasing Top":5,"Meat on the Bone":17,"Pocketwatch":29,"Regal Pillow":22,"Lantern":29,"Singing Bowl":27,"GremlinMask":13,"Juzu Bracelet":14,"Bag of Preparation":24,"Smiling Mask":1,"Ancient Tea Set":17,"Burning Blood":0,"Nunchaku":1,"Dream Catcher":25,"Shovel":22,"Mummified Hand":29,"Pantograph":11,"Tiny Chest":1,"Red Mask":26,"Red Skull":25,"InkBottle":29,"Paper Frog":1,"Self Forming Clay":28,"Thread and Needle":11,"The Courier":29,"Orichalcum":11,"MawBank":8,"Medical Kit":18,"White Beast Statue":6,"Mercury Hourglass":10,"Calling Bell":11,"Strange Spoon":22,"Anchor":22,"Ornamental Fan":18,"Art of War":17,"Bag of Marbles":29,"Bottled Lightning":14,"Membership Card":17,"FossilizedHelix":5,"TungstenRod":23}],"Unceasing Top":[141],"TungstenRod":6,"Meat on the Bone":0,"Pocketwatch":[0]},"card_choices":[{"not_picked":["Rampage","Anger","True Grit"],"picked":"SKIP","floor":1.0},{"not_picked":["Brutality","Impervious"],"picked":"Barricade","floor":6.0},{"not_picked":["Barricade","Offering"],"picked":"Reaper","floor":8.0},{"not_picked":["Demon Form","Corruption","Reaper"],"picked":"SKIP","floor":11.0},{"not_picked":["Juggernaut","Exhume","Immolate"],"picked":"SKIP","floor":12.0},{"not_picked":["Feed","Impervious","Exhume"],"picked":"SKIP","floor":13.0},{"not_picked":["Exhume","Berserk","Demon Form"],"picked":"SKIP","floor":14.0},{"not_picked":["Exhume","Berserk","Demon Form"],"picked":"SKIP","floor":14.0},{"not_picked":["Searing Blow+1","Reckless Charge+1"],"picked":"Flex+1","floor":18.0},{"not_picked":["Twin Strike","Headbutt","Metallicize"],"picked":"SKIP","floor":21.0},{"not_picked":["Feed","Immolate","Exhume"],"picked":"SKIP","floor":23.0},{"not_picked":["Reaper","Berserk","Brutality"],"picked":"SKIP","floor":25.0},{"not_picked":["Reaper","Brutality","Barricade"],"picked":"SKIP","floor":27.0},{"not_picked":["Limit Break","Bludgeon","Juggernaut"],"picked":"SKIP","floor":29},{"not_picked":["Twin Strike+1","Seeing Red"],"picked":"Metallicize","floor":31},{"not_picked":["Twin Strike+1","Shockwave+1","Whirlwind"],"picked":"SKIP","floor":35},{"not_picked":["Immolate","Demon Form","Reaper"],"picked":"SKIP","floor":40},{"not_picked":["Offering","Demon Form","Corruption"],"picked":"SKIP","floor":42},{"not_picked":["Reaper","Corruption"],"picked":"Limit Break","floor":45},{"not_picked":["Berserk","Exhume","Juggernaut"],"picked":"Singing Bowl","floor":47},{"not_picked":["Bludgeon","Barricade","Brutality"],"picked":"Singing Bowl","floor":48},{"not_picked":["Feed","Limit Break","Brutality"],"picked":"Singing Bowl","floor":54}],"player_experience":467801,"relics_obtained":[{"floor":6.0,"key":"FossilizedHelix"},{"floor":8.0,"key":"Bronze Scales"},{"floor":9.0,"key":"White Beast Statue"},{"floor":10.0,"key":"Letter Opener"},{"floor":11.0,"key":"Girya"},{"floor":12.0,"key":"MawBank"},{"floor":13.0,"key":"MealTicket"},{"floor":14.0,"key":"Mercury Hourglass"},{"floor":17.0,"key":"Orichalcum"},{"floor":17.0,"key":"Pantograph"},{"floor":17.0,"key":"Thread and Needle"},{"floor":23.0,"key":"Juzu Bracelet"},{"floor":24.0,"key":"Bottled Lightning"},{"floor":25.0,"key":"HornCleat"},{"floor":26.0,"key":"Eternal Feather"},{"floor":27.0,"key":"Meat on the Bone"},{"floor":29,"key":"Sundial"},{"floor":36,"key":"Shovel"},{"floor":39,"key":"TungstenRod"},{"floor":40,"key":"Bag of Preparation"},{"floor":41,"key":"Oddly Smooth Stone"},{"floor":42,"key":"Dream Catcher"},{"floor":43,"key":"Red Skull"},{"floor":45,"key":"Blue Candle"},{"floor":47,"key":"Singing Bowl"},{"floor":48,"key":"Ginger"},{"floor":49,"key":"Self Forming Clay"},{"floor":52,"key":"Bottled Flame"},{"floor":54,"key":"Vajra"}],"event_choices":[{"damage_healed":0.0,"max_hp_gain":0.0,"max_hp_loss":0.0,"gold_gain":0.0,"event_name":"Liars Game","player_choice":"Ignored","floor":3.0,"gold_loss":0.0,"damage_taken":0.0},{"damage_healed":0.0,"max_hp_gain":0.0,"max_hp_loss":0.0,"gold_gain":75.0,"event_name":"World of Goop","player_choice":"Gather Gold","floor":4.0,"gold_loss":0.0,"damage_taken":11.0},{"damage_healed":0.0,"max_hp_gain":5.0,"max_hp_loss":0.0,"gold_gain":0.0,"event_name":"Big Fish","player_choice":"Donut","floor":7.0,"gold_loss":0.0,"damage_taken":0.0},{"damage_healed":0.0,"max_hp_gain":0.0,"max_hp_loss":0.0,"gold_gain":0.0,"event_name":"Nest","player_choice":"Joined the Cult","floor":19.0,"gold_loss":0.0,"damage_taken":6.0,"cards_obtained":["RitualDagger"]},{"damage_healed":0.0,"max_hp_gain":0.0,"max_hp_loss":0.0,"gold_gain":0.0,"event_name":"Ghosts","player_choice":"Ignored","floor":20.0,"gold_loss":0.0,"damage_taken":0.0},{"damage_healed":0.0,"max_hp_gain":0.0,"max_hp_loss":0.0,"gold_gain":0.0,"event_name":"FaceTrader","player_choice":"Trade","floor":22.0,"gold_loss":0.0,"damage_taken":0.0,"relics_obtained":["GremlinMask"]},{"damage_healed":0,"gold_gain":0,"player_choice":"Fight","damage_taken":0,"max_hp_gain":0,"max_hp_loss":0,"event_name":"Mysterious Sphere","floor":36,"gold_loss":0},{"damage_healed":0,"gold_gain":0,"player_choice":"Forge","damage_taken":0,"max_hp_gain":0,"max_hp_loss":0,"event_name":"Accursed Blacksmith","floor":37,"gold_loss":0,"cards_upgraded":["Metallicize"]},{"damage_healed":0,"gold_gain":0,"player_choice":"Fight","damage_taken":0,"max_hp_gain":0,"max_hp_loss":0,"event_name":"MindBloom","floor":39,"gold_loss":0},{"damage_healed":0,"gold_gain":0,"player_choice":"Paid","damage_taken":0,"relics_obtained":["Red Mask"],"max_hp_gain":0,"max_hp_loss":0,"event_name":"Tomb of Lord Red Mask","floor":46,"gold_loss":1076}],"is_beta":false,"boss_relics":[{"not_picked":["Coffee Dripper","Velvet Choker"],"picked":"Calling Bell"},{"not_picked":["Philosopher\u0027s Stone","Tiny House"],"picked":"SlaversCollar"}],"items_purged_floors":[2,28,30,38],"is_endless":false,"potions_floor_spawned":[6,11,12,13,14,16,18,21,23,25,27,29,31,33,35,36,39,40,42,45,47,48,54],"ascension_level":0}}