{"host":"s2xhrqek2k470vtc","time":1613887919,"event":{"mods":["AchievementEnabler","BaseMod","Better Match","Better Note","Block Reminder","Colored Map","Colored Powertips","Curses Come First","DeckTracker","Highlight Path","Minty Spire (QoL Compilation)","Quick Restart","Random Character Button","StSLib","SuperFastMode","Unceasing Turn Reminder"],"gold_per_floor":[115,126,126,136,155,155,183,258,304,304,99,116,132,162,162,234,234,253,128,138,151,151,151,171,171,218,252,80,80,80],"floor_reached":29,"language":"ENG","playtime":1924,"items_purged":["Strike_R"],"score":610,"play_id":"b4a6bfbb-7e11-44bd-ac7e-5a9f8d719774","local_time":"20210221001159","is_ascension_mode":true,"campfire_choices":[{"floor":6,"key":"REST"},{"floor":10,"key":"REST"},{"data":"True Grit","floor":15,"key":"SMITH"},{"floor":23,"key":"REST"},{"floor":25,"key":"REST"}],"circlet_count":0,"master_deck":["AscendersBane","Strike_R","Strike_R","Strike_R","Defend_R","Defend_R","Defend_R","Defend_R","Bash","Rampage","Disarm","True Grit+1","Intimidate","Spot Weakness","Battle Trance","Dropkick","Clash","Feed","Twin Strike+1","Pummel+1","Body Slam","Body Slam+1","Anger","Offering","Disarm","Shrug It Off"],"relics":["Runic Pyramid","Kunai","Art of War","Happy Flower","Toy Ornithopter","Philosopher\u0027s Stone","Omamori","HornCleat"],"acts_visited":["Exordium","TheCity"],"potions_floor_usage":[12,12,14,14,16,21],"damage_taken":[{"damage":12,"enemies":"Jaw Worm","floor":1,"turns":2},{"damage":1,"enemies":"Cultist","floor":2,"turns":3},{"damage":3,"enemies":"2 Louse","floor":4,"turns":4},{"damage":12,"enemies":"Red Slaver","floor":5,"turns":5},{"damage":32,"enemies":"3 Sentries","floor":7,"turns":12},{"damage":1,"enemies":"3 Louse","floor":12,"turns":5},{"damage":7,"enemies":"Gremlin Gang","floor":13,"turns":7},{"damage":8,"enemies":"Gremlin Nob","floor":14,"turns":3},{"damage":0,"enemies":"The Guardian","floor":16,"turns":9},{"damage":33,"enemies":"3 Byrds","floor":18,"turns":6},{"damage":23,"enemies":"Spheric Guardian","floor":20,"turns":4},{"damage":18,"enemies":"Centurion and Healer","floor":21,"turns":4},{"damage":12,"enemies":"3 Cultists","floor":24,"turns":5},{"damage":46,"enemies":"Book of Stabbing","floor":27,"turns":5},{"damage":27,"enemies":"Snake Plant","floor":29,"turns":1}],"seed_played":"-7770480035092747517","potions_obtained":[{"floor":1,"key":"BloodPotion"},{"floor":4,"key":"FearPotion"},{"floor":13,"key":"EntropicBrew"},{"floor":14,"key":"BloodPotion"},{"floor":18,"key":"Weak Potion"}],"is_trial":false,"path_per_floor":["M","M","?","M","M","R","E","?","T","R","$","M","M","E","R","B",null,"M","?","M","M","?","R","M","R","T","E","$","M"],"character_chosen":"IRONCLAD","items_purchased":["Happy Flower","Battle Trance","Disarm","Shrug It Off"],"campfire_rested":4,"item_purchase_floors":[11,11,28,28],"current_hp_per_floor":[56,55,48,45,33,55,23,12,12,34,34,48,41,33,33,53,70,37,37,17,7,7,31,19,43,43,24,24,0,0],"gold":80,"neow_bonus":"BOSS_RELIC","is_daily":false,"chose_seed":false,"campfire_upgraded":1,"win_rate":0.0,"timestamp":1613887919,"path_taken":["M","M","?","M","M","R","E","?","T","R","?","?","M","E","R","BOSS","M","?","M","M","?","R","M","R","T","E","$","M"],"items_purchased_type":["Relic","Card","Card","Card"],"build_version":"2020-12-22","purchased_purges":1,"victory":false,"max_hp_per_floor":[75,75,75,75,75,75,75,75,75,75,75,75,75,75,75,75,75,75,75,78,81,81,81,81,81,81,81,81,81,81],"card_choices":[{"not_picked":["Metallicize","Rupture"],"picked":"Rampage","floor":1},{"not_picked":["Cleave","Inflame"],"picked":"Disarm","floor":2},{"not_picked":["Perfected Strike","Heavy Blade"],"picked":"True Grit","floor":4},{"not_picked":["Thunderclap","Havoc"],"picked":"Intimidate","floor":5},{"not_picked":["Clash","Evolve"],"picked":"Spot Weakness","floor":7},{"not_picked":["Perfected Strike","Metallicize","Sentinel"],"picked":"SKIP","floor":12},{"not_picked":["Headbutt","Rupture"],"picked":"Dropkick","floor":13},{"not_picked":["Sword Boomerang","Headbutt"],"picked":"Clash","floor":14},{"not_picked":["Double Tap","Juggernaut"],"picked":"Feed","floor":16},{"not_picked":["Perfected Strike+1","Havoc"],"picked":"Twin Strike+1","floor":18},{"not_picked":["Dual Wield+1","Combust+1"],"picked":"Pummel+1","floor":19},{"not_picked":["True Grit","Shrug It Off"],"picked":"Body Slam","floor":20},{"not_picked":["Iron Wave+1","Sword Boomerang"],"picked":"Body Slam+1","floor":21},{"not_picked":["Rage","Pummel+1"],"picked":"Anger","floor":24},{"not_picked":["Hemokinesis","Thunderclap"],"picked":"Offering","floor":27}],"player_experience":2306200,"relics_obtained":[{"floor":7,"key":"Kunai"},{"floor":9,"key":"Art of War"},{"floor":14,"key":"Toy Ornithopter"},{"floor":26,"key":"Omamori"},{"floor":27,"key":"HornCleat"}],"event_choices":[{"cards_removed":["Strike_R"],"damage_healed":0,"gold_gain":0,"player_choice":"Card Removal","damage_taken":7,"max_hp_gain":0,"max_hp_loss":0,"event_name":"Golden Wing","floor":3,"gold_loss":0},{"damage_healed":0,"gold_gain":75,"player_choice":"Gather Gold","damage_taken":11,"max_hp_gain":0,"max_hp_loss":0,"event_name":"World of Goop","floor":8,"gold_loss":0},{"damage_healed":0,"gold_gain":0,"player_choice":"2","damage_taken":0,"max_hp_gain":0,"max_hp_loss":0,"event_name":"betterMatch:BetterMatch","floor":19,"gold_loss":0,"cards_obtained":["betterMatch:UncommonCard"]},{"damage_healed":0,"gold_gain":0,"player_choice":"Ignored","damage_taken":0,"max_hp_gain":0,"max_hp_loss":0,"event_name":"N\u0027loth","floor":22,"gold_loss":0}],"is_beta":false,"boss_relics":[{"not_picked":["SacredBark","Tiny House"],"picked":"Philosopher\u0027s Stone"}],"items_purged_floors":[28],"is_endless":false,"potions_floor_spawned":[1,4,7,13,14,18,20],"killed_by":"Snake Plant","ascension_level":20}}