{"host":"51f9r4o9zca2xpvz","time":1613920387,"event":{"mods":["AchievementEnabler","BaseMod","Minty Spire (QoL Compilation)"],"gold_per_floor":[116,135,135,187,198,232,232,244,244,244,244,244,263,137,137,233,233,246,171,11,11,11,11,11],"floor_reached":23,"language":"ENG","playtime":1563,"items_purged":["Blizzard"],"score":187,"play_id":"0cac821d-6db4-41a1-afd0-3946d25330de","local_time":"20210221071307","is_ascension_mode":false,"campfire_choices":[{"data":"Doom and Gloom","floor":10,"key":"SMITH"},{"data":"Darkness","floor":12,"key":"SMITH"},{"data":"Redo","floor":15,"key":"SMITH"}],"circlet_count":0,"master_deck":["Strike_B","Strike_B","Defend_B","Defend_B","Defend_B","Defend_B","Zap","Dualcast","Swift Strike","Leap","Doom and Gloom+1","Darkness+1","Coolheaded","Redo+1","Ball Lightning","Multi-Cast","Thunder Strike","Redo","Clumsy","Fusion","Decay"],"relics":["Cracked Core","Eternal Feather","Bottled Flame","Inserter"],"acts_visited":["Exordium","TheCity"],"potions_floor_usage":[23,23],"damage_taken":[{"damage":2,"enemies":"Small Slimes","floor":1,"turns":3},{"damage":0,"enemies":"2 Louse","floor":2,"turns":3},{"damage":2,"enemies":"Jaw Worm","floor":5,"turns":2},{"damage":31,"enemies":"Lagavulin","floor":6,"turns":5},{"damage":2,"enemies":"Blue Slaver","floor":8,"turns":3},{"damage":3,"enemies":"2 Fungi Beasts","floor":13,"turns":3},{"damage":23,"enemies":"The Guardian","floor":16,"turns":7},{"damage":4,"enemies":"Shell Parasite","floor":18,"turns":5},{"damage":33,"enemies":"2 Thieves","floor":19,"turns":5},{"damage":42,"enemies":"Slavers","floor":23,"turns":3}],"seed_played":"-679387818663982727","potions_obtained":[{"floor":1,"key":"PotionOfCapacity"},{"floor":2,"key":"Energy Potion"},{"floor":6,"key":"EssenceOfSteel"},{"floor":13,"key":"EssenceOfSteel"}],"is_trial":false,"path_per_floor":["M","M","?","?","M","E","?","M","T","R","?","R","M","$","R","B",null,"M","M","$","?","?","E"],"character_chosen":"DEFECT","items_purchased":["Ball Lightning","Thunder Strike","Redo"],"campfire_rested":0,"item_purchase_floors":[14,20,20],"current_hp_per_floor":[73,73,73,73,71,40,40,38,38,47,65,74,71,71,75,52,75,71,38,38,38,38,0,0],"gold":11,"neow_bonus":"RANDOM_COLORLESS","is_daily":false,"chose_seed":false,"campfire_upgraded":3,"win_rate":0.0,"timestamp":1613920387,"path_taken":["M","M","?","?","?","E","?","M","T","R","?","R","M","?","R","BOSS","M","M","$","?","?","E"],"items_purchased_type":["Card","Card","Card"],"build_version":"2020-12-22","purchased_purges":1,"victory":false,"max_hp_per_floor":[75,75,75,75,75,75,75,75,75,75,75,75,75,75,75,75,75,75,75,75,72,72,72,72],"card_choices":[{"not_picked":["Forethought","Impatience"],"picked":"Swift Strike","floor":0},{"not_picked":["Steam Power","Beam Cell"],"picked":"Leap","floor":1},{"not_picked":["Reinforced Body","Beam Cell"],"picked":"Doom and Gloom","floor":2},{"not_picked":["Go for the Eyes","Melter"],"picked":"Darkness","floor":5},{"not_picked":["Stack","Chill","FTL"],"picked":"SKIP","floor":6},{"not_picked":["BootSequence","Streamline"],"picked":"Coolheaded","floor":8},{"not_picked":["Stack","Ball Lightning"],"picked":"Redo","floor":13},{"not_picked":["Seek","Fission"],"picked":"Multi-Cast","floor":16},{"not_picked":["Cold Snap","Sweeping Beam+1","Go for the Eyes"],"picked":"SKIP","floor":18},{"not_picked":["Streamline","Double Energy","Reinforced Body"],"picked":"SKIP","floor":19}],"player_experience":26327,"relics_obtained":[{"floor":6,"key":"Eternal Feather"},{"floor":9,"key":"Bottled Flame"}],"event_choices":[{"damage_healed":0,"gold_gain":0,"player_choice":"Leave","damage_taken":0,"max_hp_gain":0,"max_hp_loss":0,"event_name":"The Cleric","floor":3,"gold_loss":0},{"damage_healed":0,"gold_gain":52,"player_choice":"Gained Gold","damage_taken":0,"max_hp_gain":0,"max_hp_loss":0,"event_name":"Golden Wing","floor":4,"gold_loss":0},{"damage_healed":0,"gold_gain":0,"cards_transformed":["Strike_B"],"player_choice":"Change","damage_taken":0,"max_hp_gain":0,"max_hp_loss":0,"event_name":"Living Wall","floor":7,"gold_loss":0,"cards_obtained":["Blizzard"]},{"damage_healed":18,"gold_gain":0,"player_choice":"Healed and dodged fight","damage_taken":0,"max_hp_gain":0,"max_hp_loss":0,"event_name":"Mushrooms","floor":11,"gold_loss":0,"cards_obtained":["Parasite"]},{"damage_healed":0,"gold_gain":0,"cards_transformed":["Parasite","Strike_B"],"player_choice":"Became Test Subject","damage_taken":0,"max_hp_gain":0,"max_hp_loss":0,"event_name":"Drug Dealer","floor":21,"gold_loss":0,"cards_obtained":["Clumsy","Fusion"]},{"damage_healed":0,"gold_gain":0,"player_choice":"Cursed","damage_taken":0,"max_hp_gain":0,"max_hp_loss":0,"event_name":"Wheel of Change","floor":22,"gold_loss":0,"cards_obtained":["Decay"]}],"is_beta":false,"boss_relics":[{"not_picked":["Calling Bell","Astrolabe"],"picked":"Inserter"}],"items_purged_floors":[14],"is_endless":false,"potions_floor_spawned":[1,2,6,13,18],"killed_by":"Slavers","ascension_level":0}}