{"host":"7zq0fgva91iwgkd5","time":1613937864,"event":{"mods":["AchievementEnabler","BaseMod","Bestiary","Card Forge","Colored Map","Curses Come First","DeckTracker","Minty Spire (QoL Compilation)","Quick Restart","Rare Cards Sparkle","Remove Card Discount Mod","StSLib"],"gold_per_floor":[19,19,169,185,460,498,66,82,82,140,209,209,242,242,242,336,336,356,26,26,26,50,94,94,129,129,141,192,204,235,291,303,409,484,509,854,37,37,47,47,80,80,80,80,90,107,107,132,132,132,132],"floor_reached":50,"language":"ENG","playtime":1421,"items_purged":[],"score":1198,"play_id":"c5330c59-ad71-4306-bcd8-205f8a5f8e82","local_time":"20210221210424","is_ascension_mode":true,"campfire_choices":[{"floor":12,"key":"RECALL"},{"floor":15,"key":"REST"},{"floor":24,"key":"REST"},{"floor":32,"key":"REST"},{"floor":40,"key":"REST"},{"floor":44,"key":"REST"},{"floor":47,"key":"REST"},{"floor":49,"key":"REST"}],"circlet_count":0,"master_deck":["AscendersBane","Defend_R+1","Defend_R+1","Bash+1","Feed+1","Ghostly Armor+1","Immolate+1","Cleave+1","Flame Barrier+1","Twin Strike+1","Barricade+1","Bite+1","Bite+1","Bite+1","Bite+1","Bite+1","Clothesline+1","Fire Breathing+1","Reaper+1","Dark Shackles+1","Whirlwind+1","Cleave+1"],"relics":["Burning Blood","Hammer of Thor","Seething Fire","Anvil of the Gods","Blue Candle","Matryoshka","Medical Kit","Pear","Anchor","Question Card","Darkstone Periapt","Busted Crown","Sling","Strawberry","Frozen Egg 2","Sundial","MawBank","Meat on the Bone","Enchiridion","White Beast Statue","Blood Vial","Tiny House","Self Forming Clay","InkBottle","Frozen Eye","Shuriken","StoneCalendar","CaptainsWheel"],"acts_visited":["Exordium","TheCity","TheBeyond"],"potions_floor_usage":[23,25,33,38,38,41,46,46,50],"damage_taken":[{"damage":0,"enemies":"Cultist","floor":1,"turns":2},{"damage":0,"enemies":"Jaw Worm","floor":4,"turns":2},{"damage":5,"enemies":"Gremlin Nob","floor":6,"turns":3},{"damage":1,"enemies":"Small Slimes","floor":8,"turns":2},{"damage":10,"enemies":"3 Sentries","floor":11,"turns":2},{"damage":7,"enemies":"Lagavulin","floor":13,"turns":4},{"damage":19,"enemies":"Hexaghost","floor":16,"turns":8},{"damage":0,"enemies":"Spheric Guardian","floor":18,"turns":3},{"damage":11,"enemies":"2 Thieves","floor":22,"turns":4},{"damage":50,"enemies":"Slavers","floor":23,"turns":6},{"damage":36,"enemies":"Book of Stabbing","floor":25,"turns":5},{"damage":12,"enemies":"Gremlin Leader","floor":28,"turns":4},{"damage":0,"enemies":"Chosen and Byrds","floor":30,"turns":4},{"damage":10,"enemies":"Book of Stabbing","floor":31,"turns":4},{"damage":91,"enemies":"Collector","floor":33,"turns":13},{"damage":62,"enemies":"3 Darklings","floor":35,"turns":7},{"damage":75,"enemies":"2 Orb Walkers","floor":38,"turns":4},{"damage":0,"enemies":"Orb Walker","floor":39,"turns":4},{"damage":36,"enemies":"Reptomancer","floor":41,"turns":5},{"damage":43,"enemies":"Spire Growth","floor":45,"turns":6},{"damage":44,"enemies":"Transient","floor":46,"turns":6},{"damage":73,"enemies":"Giant Head","floor":48,"turns":8},{"damage":136,"enemies":"Donu and Deca","floor":50,"turns":8}],"seed_played":"-1141640931469110410","potions_obtained":[{"floor":1,"key":"SmokeBomb"},{"floor":11,"key":"DuplicationPotion"},{"floor":23,"key":"LiquidBronze"},{"floor":25,"key":"Block Potion"},{"floor":33,"key":"DuplicationPotion"},{"floor":39,"key":"DistilledChaos"},{"floor":41,"key":"ElixirPotion"},{"floor":45,"key":"Weak Potion"},{"floor":46,"key":"BloodPotion"},{"floor":48,"key":"SteroidPotion"}],"is_trial":false,"path_per_floor":["M","?","?","M","?","E","$","M","T","?","?","R","E","?","R","B",null,"M","$","?","?","M","E","R","E","T","?","E","?","M","E","R","B",null,"M","?","$","?","M","R","E","?","T","R","M","M","R","E","R","B"],"character_chosen":"IRONCLAD","items_purchased":["Matryoshka","Medical Kit","Sling","Strawberry","Self Forming Clay","InkBottle","Frozen Eye","Dark Shackles"],"campfire_rested":7,"item_purchase_floors":[7,7,19,19,37,37,37,37],"current_hp_per_floor":[88,88,88,89,89,89,89,93,103,103,103,103,106,61,94,81,104,114,121,85,85,80,53,78,57,57,36,42,59,74,89,89,41,82,63,63,63,23,52,80,70,70,70,94,65,80,94,51,79,0,0],"gold":132,"neow_bonus":"TWENTY_PERCENT_HP_BONUS","is_daily":false,"chose_seed":false,"campfire_upgraded":0,"win_rate":0.0,"timestamp":1613937864,"path_taken":["M","?","?","M","?","E","$","?","T","?","?","R","E","?","R","BOSS","M","$","?","?","M","E","R","E","T","?","E","?","?","E","R","BOSS","M","?","$","?","M","R","E","?","T","R","M","M","R","E","R","BOSS"],"items_purchased_type":["Relic","Relic","Relic","Relic","Relic","Relic","Relic","Card"],"build_version":"2020-12-22","purchased_purges":0,"victory":false,"max_hp_per_floor":[89,89,89,89,89,89,89,93,103,103,107,107,111,111,111,111,111,115,122,85,85,85,85,85,85,85,85,85,85,85,89,89,89,94,94,94,94,94,94,94,94,94,94,94,94,94,94,94,94,94,94],"card_choices":[{"not_picked":["Evolve","Reckless Charge"],"picked":"Flame Barrier","floor":1},{"not_picked":["Perfected Strike","Body Slam"],"picked":"Twin Strike","floor":4},{"not_picked":["Dual Wield","Havoc","Clash"],"picked":"SKIP","floor":6},{"not_picked":["Twin Strike","Headbutt","Body Slam"],"picked":"SKIP","floor":8},{"not_picked":["Seeing Red","Flex"],"picked":"Barricade","floor":13},{"not_picked":["True Grit","Second Wind+1"],"picked":"SKIP","floor":18},{"not_picked":["Seeing Red"],"picked":"Clothesline+1","floor":22},{"not_picked":["Searing Blow","Heavy Blade"],"picked":"SKIP","floor":23},{"not_picked":["Intimidate+1"],"picked":"Fire Breathing+1","floor":25},{"not_picked":["Immolate","Rampage"],"picked":"SKIP","floor":28},{"not_picked":["Cleave+1","Body Slam"],"picked":"SKIP","floor":30},{"not_picked":["Warcry+1","Burning Pact"],"picked":"SKIP","floor":31},{"not_picked":["Juggernaut+1"],"picked":"Reaper","floor":33},{"not_picked":["Uppercut","Armaments+1"],"picked":"SKIP","floor":35},{"not_picked":["Feel No Pain+1","True Grit"],"picked":"SKIP","floor":39},{"not_picked":["Searing Blow"],"picked":"Whirlwind","floor":41},{"not_picked":["Havoc","Sword Boomerang"],"picked":"SKIP","floor":45},{"not_picked":["Bloodletting"],"picked":"Cleave+1","floor":46},{"not_picked":["Brutality+1","Wild Strike+1"],"picked":"SKIP","floor":48}],"player_experience":183234,"relics_obtained":[{"floor":6,"key":"Blue Candle"},{"floor":9,"key":"Pear"},{"floor":11,"key":"Anchor"},{"floor":13,"key":"Question Card"},{"floor":23,"key":"Frozen Egg 2"},{"floor":25,"key":"Sundial"},{"floor":26,"key":"MawBank"},{"floor":26,"key":"Meat on the Bone"},{"floor":27,"key":"Enchiridion"},{"floor":28,"key":"White Beast Statue"},{"floor":31,"key":"Blood Vial"},{"floor":41,"key":"Shuriken"},{"floor":43,"key":"StoneCalendar"},{"floor":48,"key":"CaptainsWheel"}],"event_choices":[{"damage_healed":0,"gold_gain":0,"player_choice":"Take Wound","damage_taken":0,"relics_obtained":["Golden Idol"],"max_hp_gain":0,"max_hp_loss":0,"event_name":"Golden Idol","floor":2,"gold_loss":0,"cards_obtained":["Injury"]},{"damage_healed":0,"gold_gain":150,"player_choice":"AGREE","damage_taken":0,"max_hp_gain":0,"max_hp_loss":0,"event_name":"Liars Game","floor":3,"gold_loss":0,"cards_obtained":["Doubt"]},{"damage_healed":0,"gold_gain":275,"player_choice":"Desecrate","damage_taken":0,"max_hp_gain":0,"max_hp_loss":0,"event_name":"Golden Shrine","floor":5,"gold_loss":0,"cards_obtained":["Regret"]},{"damage_healed":0,"gold_gain":58,"player_choice":"Gained Gold","damage_taken":0,"max_hp_gain":0,"max_hp_loss":0,"event_name":"Golden Wing","floor":10,"gold_loss":0},{"damage_healed":0,"gold_gain":30,"player_choice":"Searched \u00273\u0027 times","damage_taken":0,"max_hp_gain":0,"max_hp_loss":0,"event_name":"Dead Adventurer","floor":11,"gold_loss":0},{"damage_healed":0,"gold_gain":0,"player_choice":"Success","damage_taken":45,"relics_obtained":["Darkstone Periapt"],"max_hp_gain":0,"max_hp_loss":0,"event_name":"Scrap Ooze","floor":14,"gold_loss":0},{"damage_healed":0,"gold_gain":0,"player_choice":"Became a vampire","damage_taken":0,"max_hp_gain":0,"max_hp_loss":37,"event_name":"Vampires","floor":20,"gold_loss":0,"cards_obtained":["Bite","Bite","Bite","Bite","Bite"]},{"cards_removed":["Anger"],"damage_healed":0,"gold_gain":0,"player_choice":"Elegance","damage_taken":0,"max_hp_gain":0,"max_hp_loss":0,"event_name":"Back to Basics","floor":21,"gold_loss":0},{"damage_healed":0,"gold_gain":0,"player_choice":"Obtained Book","damage_taken":21,"max_hp_gain":0,"max_hp_loss":0,"event_name":"Cursed Tome","floor":27,"gold_loss":0},{"damage_healed":17,"gold_gain":0,"player_choice":"Heal","damage_taken":0,"max_hp_gain":0,"max_hp_loss":0,"event_name":"The Library","floor":29,"gold_loss":0},{"damage_healed":0,"gold_gain":333,"player_choice":"Gave Idol","damage_taken":0,"max_hp_gain":0,"max_hp_loss":0,"event_name":"The Moai Head","floor":36,"relics_lost":["Golden Idol"],"gold_loss":0},{"damage_healed":0,"gold_gain":0,"player_choice":"Fight","damage_taken":0,"max_hp_gain":0,"max_hp_loss":0,"event_name":"Mysterious Sphere","floor":38,"gold_loss":0},{"damage_healed":0,"gold_gain":0,"player_choice":"0 cards matched","damage_taken":0,"max_hp_gain":0,"max_hp_loss":0,"event_name":"Match and Keep!","floor":42,"gold_loss":0,"cards_obtained":[]}],"is_beta":false,"boss_relics":[{"not_picked":["Philosopher\u0027s Stone","Coffee Dripper"],"picked":"Busted Crown"},{"not_picked":["Empty Cage","Runic Dome"],"picked":"Tiny House"}],"items_purged_floors":[],"is_endless":false,"potions_floor_spawned":[1,11,18,23,25,28,30,31,33,35,38,39,41,45,46,48],"killed_by":"Donu and Deca","ascension_level":17}}