{"host":"zs3tguvuxkh90jf4","time":1613882275,"event":{"mods":["AchievementEnabler","BaseMod","Better Silent Start","Better-Laid Plans","BetterRewards","Block Reminder","Colored Map","Colored Powertips","Gold Saver","Minty Spire (QoL Compilation)","Shop Mod","StSLib","Transform Curses"],"gold_per_floor":[1870,945,1120,1195,596,626,626,626,701,651,478,508,508,538,550,662,674,701,713,725,752,450,480,480,510,510,510,510,540,265,180,180,280,280,295,320,342,156,156,186,186,216,266,296,296,0,30,60,60,60],"floor_reached":51,"language":"ENG","playtime":1844,"items_purged":["Doubt","Flex"],"score":1153,"play_id":"7cc72e57-a838-4bdf-9956-e215d13445d9","local_time":"20210220203755","daily_mods":["SealedDeck","Flight","Elite Swarm"],"is_ascension_mode":false,"campfire_choices":[{"data":"Body Slam","floor":13,"key":"SMITH"},{"data":"Body Slam","floor":15,"key":"SMITH"},{"data":"Limit Break","floor":32,"key":"SMITH"},{"data":"Barricade","floor":49,"key":"SMITH"}],"circlet_count":0,"master_deck":["Hemokinesis","Thunderclap","Shrug It Off","Shrug It Off","Intimidate","Pommel Strike","Shrug It Off","Body Slam+1","Heavy Blade","Entrench","Barricade+1","Whirlwind","Panacea","Body Slam+1","Metallicize","Impervious","Cleave","Juggernaut","Demon Form","CurseOfTheBell","Flex+1","Rupture","Reaper","Impervious","RitualDagger","Inflame","Limit Break+1","Offering","Shockwave+1","Fire Breathing","Limit Break+1","Feed"],"relics":["Burning Blood","Nunchaku","Tiny Chest","MerchantsRug","Ancient Tea Set","Pear","FossilizedHelix","Bronze Scales","White Beast Statue","Letter Opener","Membership Card","Girya","MawBank","Calling Bell","MealTicket","Mercury Hourglass","Thread and Needle","Enchiridion","FaceOfCleric","Ice Cream","Akabeko","Orichalcum","Pantograph","Bottled Lightning","HornCleat","Juzu Bracelet","Paper Frog","Anchor","Strange Spoon","Eternal Feather","SlaversCollar","Bag of Preparation","Shovel","OrangePellets","Regal Pillow","Meat on the Bone","Sundial","Oddly Smooth Stone","Dream Catcher","Bottled Tornado","Red Mask","Red Skull","Singing Bowl"],"acts_visited":["Exordium","TheCity","TheBeyond"],"potions_floor_usage":[16,23,33,37,50,50,50],"damage_taken":[{"damage":4,"enemies":"Small Slimes","floor":1,"turns":3},{"damage":24,"enemies":"Gremlin Nob","floor":6,"turns":4},{"damage":0,"enemies":"Lagavulin","floor":12,"turns":6},{"damage":7,"enemies":"Gremlin Nob","floor":14,"turns":4},{"damage":30,"enemies":"The Guardian","floor":16,"turns":7},{"damage":0,"enemies":"Chosen","floor":18,"turns":3},{"damage":8,"enemies":"2 Thieves","floor":21,"turns":3},{"damage":43,"enemies":"Book of Stabbing","floor":23,"turns":5},{"damage":13,"enemies":"Slavers","floor":25,"turns":3},{"damage":9,"enemies":"Gremlin Leader","floor":29,"turns":7},{"damage":14,"enemies":"Collector","floor":33,"turns":7},{"damage":0,"enemies":"3 Darklings","floor":35,"turns":3},{"damage":52,"enemies":"2 Orb Walkers","floor":37,"turns":5},{"damage":0,"enemies":"Reptomancer","floor":40,"turns":2},{"damage":6,"enemies":"Giant Head","floor":42,"turns":5},{"damage":0,"enemies":"Nemesis","floor":44,"turns":3},{"damage":11,"enemies":"Reptomancer","floor":47,"turns":5},{"damage":0,"enemies":"Nemesis","floor":48,"turns":5},{"damage":11,"enemies":"Donu and Deca","floor":50,"turns":6}],"seed_played":"-7397021786818157212","potions_obtained":[{"floor":6,"key":"SkillPotion"},{"floor":16,"key":"PowerPotion"},{"floor":23,"key":"Fruit Juice"},{"floor":25,"key":"SmokeBomb"},{"floor":33,"key":"PowerPotion"},{"floor":37,"key":"AttackPotion"},{"floor":47,"key":"AttackPotion"}],"is_trial":false,"path_per_floor":["M","$","?","?","$","E","?","T","T","?","$","E","R","E","R","B",null,"M","?","?","M","$","E","T","E","T","?","?","E","$","?","R","B",null,"M","T","?","$","?","E","?","E","T","E","T","?","E","E","R","B",null],"character_chosen":"IRONCLAD","items_purchased":["Nunchaku","Barricade","Flex","Whirlwind","Tiny Chest","MerchantsRug","Explosive Potion","LiquidMemories","Panacea","Ancient Tea Set","Pear","Body Slam","Metallicize","Membership Card","Cleave","Ice Cream","Akabeko","Rupture","Paper Frog","Anchor","Strange Spoon","OrangePellets","Fire Breathing","Regal Pillow"],"campfire_rested":0,"item_purchase_floors":[2,2,2,2,2,2,2,2,2,5,5,5,5,11,11,22,22,22,30,30,30,38,38,38],"current_hp_per_floor":[80,80,80,69,79,61,61,61,61,61,61,67,67,66,66,42,90,90,74,74,73,88,57,57,51,51,45,45,43,58,58,73,100,100,101,101,71,86,86,98,98,99,99,100,100,100,101,104,104,100],"gold":60,"neow_bonus":"","is_daily":true,"chose_seed":false,"campfire_upgraded":4,"win_rate":0.0,"timestamp":1613882275,"path_taken":["M","$","?","?","$","E","?","?","T","?","$","E","R","E","R","BOSS","M","?","?","M","$","E","?","E","T","?","?","E","$","?","R","BOSS","M","?","?","$","?","E","?","E","T","E","?","?","E","E","R","BOSS"],"items_purchased_type":["Relic","Card","Card","Card","Relic","Relic","Potion","Potion","Card","Relic","Relic","Card","Card","Relic","Card","Relic","Relic","Card","Relic","Relic","Relic","Relic","Card","Relic"],"build_version":"2020-12-22","purchased_purges":2,"victory":true,"max_hp_per_floor":[80,80,80,80,90,90,90,90,90,90,90,90,90,90,90,90,90,90,90,90,91,91,97,97,98,98,98,98,99,99,99,99,100,100,101,101,102,102,97,98,98,99,99,100,100,100,101,104,104,105],"card_choices":[{"not_picked":["Rampage","Anger","True Grit"],"picked":"SKIP","floor":1},{"not_picked":["Brutality","Barricade"],"picked":"Impervious","floor":6},{"not_picked":["Barricade","Double Tap"],"picked":"Juggernaut","floor":12},{"not_picked":["Berserk","Juggernaut","Exhume"],"picked":"SKIP","floor":14},{"not_picked":["Exhume","Berserk"],"picked":"Demon Form","floor":16},{"not_picked":["Searing Blow+1","Reckless Charge+1"],"picked":"Flex+1","floor":18},{"not_picked":["Twin Strike","Headbutt","Metallicize"],"picked":"SKIP","floor":21},{"not_picked":["Brutality","Barricade"],"picked":"Reaper","floor":23},{"not_picked":["Reaper","Barricade"],"picked":"Impervious","floor":25},{"not_picked":["Brutality","Bludgeon"],"picked":"Limit Break","floor":29},{"not_picked":["Double Tap","Fiend Fire"],"picked":"Offering","floor":33},{"not_picked":["Twin Strike+1","Whirlwind"],"picked":"Shockwave+1","floor":35},{"not_picked":["Reaper","Demon Form"],"picked":"Limit Break","floor":40},{"not_picked":["Corruption","Berserk","Impervious"],"picked":"SKIP","floor":42},{"not_picked":["Berserk","Demon Form"],"picked":"Feed","floor":44},{"not_picked":["Bludgeon","Barricade","Impervious"],"picked":"SKIP","floor":47},{"not_picked":["Offering","Feed","Immolate"],"picked":"Singing Bowl","floor":48}],"player_experience":606692,"relics_obtained":[{"floor":6,"key":"FossilizedHelix"},{"floor":8,"key":"White Beast Statue"},{"floor":9,"key":"Letter Opener"},{"floor":12,"key":"Girya"},{"floor":14,"key":"MawBank"},{"floor":17,"key":"MealTicket"},{"floor":17,"key":"Mercury Hourglass"},{"floor":17,"key":"Thread and Needle"},{"floor":19,"key":"Enchiridion"},{"floor":23,"key":"Orichalcum"},{"floor":24,"key":"Pantograph"},{"floor":25,"key":"Bottled Lightning"},{"floor":26,"key":"HornCleat"},{"floor":29,"key":"Juzu Bracelet"},{"floor":36,"key":"Bag of Preparation"},{"floor":37,"key":"Shovel"},{"floor":40,"key":"Meat on the Bone"},{"floor":42,"key":"Sundial"},{"floor":43,"key":"Oddly Smooth Stone"},{"floor":44,"key":"Dream Catcher"},{"floor":45,"key":"Bottled Tornado"},{"floor":47,"key":"Red Skull"},{"floor":48,"key":"Singing Bowl"}],"event_choices":[{"damage_healed":0,"gold_gain":175,"player_choice":"AGREE","damage_taken":0,"max_hp_gain":0,"max_hp_loss":0,"event_name":"Liars Game","floor":3,"gold_loss":0,"cards_obtained":["Doubt"]},{"damage_healed":0,"gold_gain":75,"player_choice":"Gather Gold","damage_taken":11,"max_hp_gain":0,"max_hp_loss":0,"event_name":"World of Goop","floor":4,"gold_loss":0},{"damage_healed":0,"gold_gain":0,"player_choice":"Box","damage_taken":0,"relics_obtained":["Bronze Scales"],"max_hp_gain":0,"max_hp_loss":0,"event_name":"Big Fish","floor":7,"gold_loss":0,"cards_obtained":["Regret"]},{"cards_removed":["Regret"],"damage_healed":0,"gold_gain":0,"player_choice":"Card Removal","damage_taken":0,"max_hp_gain":0,"max_hp_loss":0,"event_name":"The Cleric","floor":10,"gold_loss":50},{"damage_healed":0,"gold_gain":0,"player_choice":"Obtained Book","damage_taken":16,"max_hp_gain":0,"max_hp_loss":0,"event_name":"Cursed Tome","floor":19,"gold_loss":0},{"damage_healed":0,"gold_gain":0,"player_choice":"Trade","damage_taken":0,"relics_obtained":["FaceOfCleric"],"max_hp_gain":0,"max_hp_loss":0,"event_name":"FaceTrader","floor":20,"gold_loss":0},{"damage_healed":0,"gold_gain":0,"player_choice":"Joined the Cult","damage_taken":6,"max_hp_gain":0,"max_hp_loss":0,"event_name":"Nest","floor":27,"gold_loss":0,"cards_obtained":["RitualDagger"]},{"damage_healed":0,"gold_gain":0,"player_choice":"1 cards matched","damage_taken":0,"max_hp_gain":0,"max_hp_loss":0,"event_name":"Match and Keep!","floor":28,"gold_loss":0,"cards_obtained":["Inflame"]},{"damage_healed":0,"gold_gain":0,"player_choice":"Obtained Relic","damage_taken":0,"relics_obtained":["Eternal Feather"],"max_hp_gain":0,"max_hp_loss":0,"event_name":"Addict","floor":31,"gold_loss":85},{"damage_healed":0,"gold_gain":0,"player_choice":"Fight","damage_taken":0,"max_hp_gain":0,"max_hp_loss":0,"event_name":"Mysterious Sphere","floor":37,"gold_loss":0},{"damage_healed":0,"gold_gain":0,"player_choice":"Max HP","damage_taken":0,"max_hp_gain":0,"max_hp_loss":5,"event_name":"Winding Halls","floor":39,"gold_loss":0},{"damage_healed":0,"gold_gain":0,"player_choice":"Forge","damage_taken":0,"max_hp_gain":0,"max_hp_loss":0,"event_name":"Accursed Blacksmith","floor":41,"gold_loss":0,"cards_upgraded":["Limit Break"]},{"damage_healed":0,"gold_gain":0,"player_choice":"Paid","damage_taken":0,"relics_obtained":["Red Mask"],"max_hp_gain":0,"max_hp_loss":0,"event_name":"Tomb of Lord Red Mask","floor":46,"gold_loss":296}],"is_beta":false,"boss_relics":[{"not_picked":["Coffee Dripper","Velvet Choker"],"picked":"Calling Bell"},{"not_picked":["Philosopher\u0027s Stone","Tiny House"],"picked":"SlaversCollar"}],"items_purged_floors":[5,22],"is_endless":false,"potions_floor_spawned":[6,12,14,16,18,21,23,25,29,33,35,37,40,42,44,47,48],"ascension_level":0}}