{"host":"s2xhrqek2k470vtc","time":1613885014,"event":{"mods":["AchievementEnabler","BaseMod","Better Match","Better Note","Block Reminder","Colored Map","Colored Powertips","Curses Come First","DeckTracker","Highlight Path","Minty Spire (QoL Compilation)","Quick Restart","Random Character Button","StSLib","SuperFastMode","Unceasing Turn Reminder"],"gold_per_floor":[113,125,144,294,294,294,320,320,320,320,320],"floor_reached":10,"language":"ENG","playtime":329,"items_purged":[],"score":132,"play_id":"07c94483-f479-4c57-ad83-5373ffc1292b","local_time":"20210220232334","is_ascension_mode":true,"campfire_choices":[{"data":"Zap","floor":6,"key":"SMITH"},{"data":"Dualcast","floor":8,"key":"SMITH"}],"circlet_count":0,"master_deck":["AscendersBane","Strike_B","Strike_B","Strike_B","Strike_B","Defend_B","Defend_B","Defend_B","Defend_B","Zap+1","Dualcast+1","Streamline","Coolheaded","Doubt","Machine Learning"],"relics":["Cracked Core","NeowsBlessing","Singing Bowl","Gremlin Horn"],"acts_visited":["Exordium"],"potions_floor_usage":[7],"damage_taken":[{"damage":0,"enemies":"Small Slimes","floor":1,"turns":1},{"damage":0,"enemies":"2 Louse","floor":2,"turns":1},{"damage":0,"enemies":"Jaw Worm","floor":3,"turns":1},{"damage":25,"enemies":"Lagavulin","floor":7,"turns":7},{"damage":53,"enemies":"Gremlin Nob","floor":10,"turns":4}],"seed_played":"3039414339898211430","potions_obtained":[{"floor":2,"key":"AttackPotion"}],"is_trial":false,"path_per_floor":["M","M","M","?","?","R","E","R","T","E"],"character_chosen":"DEFECT","items_purchased":[],"campfire_rested":0,"item_purchase_floors":[],"current_hp_per_floor":[64,64,64,64,69,69,44,44,44,0,0],"gold":320,"neow_bonus":"THREE_ENEMY_KILL","is_daily":false,"chose_seed":false,"campfire_upgraded":2,"win_rate":0.0,"timestamp":1613885014,"path_taken":["M","M","M","?","?","R","E","R","T","E"],"items_purchased_type":[],"build_version":"2020-12-22","purchased_purges":0,"victory":false,"max_hp_per_floor":[71,71,71,71,76,76,76,76,76,76,76],"card_choices":[{"not_picked":["Storm","Redo"],"picked":"Streamline","floor":1},{"not_picked":["Blizzard","Steam Power","Stack"],"picked":"SKIP","floor":2},{"not_picked":["Steam","Compile Driver"],"picked":"Coolheaded","floor":3},{"not_picked":["Leap","Multi-Cast"],"picked":"Machine Learning","floor":7}],"player_experience":2304620,"relics_obtained":[{"floor":7,"key":"Singing Bowl"},{"floor":9,"key":"Gremlin Horn"}],"event_choices":[{"damage_healed":0,"gold_gain":150,"player_choice":"AGREE","damage_taken":0,"max_hp_gain":0,"max_hp_loss":0,"event_name":"Liars Game","floor":4,"gold_loss":0,"cards_obtained":["Doubt"]},{"damage_healed":0,"gold_gain":0,"player_choice":"Donut","damage_taken":0,"max_hp_gain":5,"max_hp_loss":0,"event_name":"Big Fish","floor":5,"gold_loss":0}],"is_beta":false,"boss_relics":[],"items_purged_floors":[],"is_endless":false,"potions_floor_spawned":[2],"killed_by":"Gremlin Nob","ascension_level":20}}