{"host":"g3js2eermvvpeiqn","time":1613878418,"event":{"mods":["BaseMod","DeckTracker","Downfall","Minty Spire (QoL Compilation)","Quick Restart","StSLib"],"gold_per_floor":[114,114,114,5,23,55,20,51,51,51,82,7,19,19,19,19,19],"floor_reached":16,"language":"ENG","playtime":460,"items_purged":["Strike_G"],"score":282,"play_id":"7169e404-10d7-480e-b225-e533407bb1a9","local_time":"20210220213338","is_ascension_mode":true,"campfire_choices":[{"floor":10.0,"key":"REST"},{"data":"Well Laid Plans","floor":15.0,"key":"SMITH"}],"circlet_count":0,"master_deck":["AscendersBane","Strike_G+1","Strike_G","Strike_G","Defend_G+1","Defend_G","Defend_G","Defend_G","Defend_G","Survivor","Neutralize","Eviscerate","Dagger Spray","Well Laid Plans+1","Adrenaline","Backflip","Footwork"],"relics":["Ring of the Snake","NeowsBlessing","Turnip","Snake Skull","Nunchaku","Incense Burner","Gremlin Horn"],"acts_visited":["Exordium"],"potions_floor_usage":[16],"damage_taken":[{"damage":0.0,"enemies":"Small Slimes","floor":1.0,"turns":1.0},{"damage":0.0,"enemies":"2 Louse","floor":5.0,"turns":1.0},{"damage":0.0,"enemies":"3 Sentries","floor":6.0,"turns":2.0},{"damage":8.0,"enemies":"Gremlin Nob","floor":8.0,"turns":3.0},{"damage":28.0,"enemies":"Lagavulin","floor":11.0,"turns":8.0},{"damage":0.0,"enemies":"Jaw Worm","floor":13.0,"turns":6.0},{"damage":3,"enemies":"The Guardian","floor":16,"turns":7}],"seed_played":"-7046776378101327021","potions_obtained":[{"floor":6.0,"key":"Strength Potion"},{"floor":8.0,"key":"Explosive Potion"}],"is_trial":false,"path_per_floor":["M","?","?","$","M","E","?","E","T","R","E","$","M","?","R","B"],"character_chosen":"THE_SILENT","items_purchased":["Dagger Spray","SteroidPotion"],"campfire_rested":1,"item_purchase_floors":[4,4],"current_hp_per_floor":[59,48,28,28,28,28,28,20,20,39,11,11,11,11,11,8,8],"gold":19,"neow_bonus":"THREE_ENEMY_KILL","is_daily":false,"chose_seed":false,"campfire_upgraded":1,"win_rate":0.0,"timestamp":1613878418,"path_taken":["M","?","?","$","M","E","?","E","T","R","E","?","?","?","R","BOSS"],"items_purchased_type":["Card","Potion"],"build_version":"2020-12-22","purchased_purges":1,"victory":false,"max_hp_per_floor":[66,66,66,66,66,66,66,66,66,66,66,66,66,66,66,66,66],"card_choices":[{"not_picked":["PiercingWail","Bane"],"picked":"Eviscerate","floor":1.0},{"not_picked":["Predator","Sucker Punch"],"picked":"Well Laid Plans","floor":5.0},{"not_picked":["Prepared","Blade Dance","Flying Knee"],"picked":"SKIP","floor":6.0},{"not_picked":["Blade Dance","Deflect"],"picked":"Adrenaline","floor":8.0},{"not_picked":["Sucker Punch","Cloak And Dagger","Flying Knee"],"picked":"SKIP","floor":11.0},{"not_picked":["Blade Dance","Infinite Blades"],"picked":"Backflip","floor":13.0}],"player_experience":1522843,"relics_obtained":[{"floor":6.0,"key":"Snake Skull"},{"floor":8.0,"key":"Nunchaku"},{"floor":9.0,"key":"Incense Burner"},{"floor":11.0,"key":"Gremlin Horn"}],"event_choices":[{"damage_healed":0.0,"max_hp_gain":0.0,"max_hp_loss":0.0,"gold_gain":0.0,"event_name":"Scrap Ooze","player_choice":"Success","floor":2.0,"gold_loss":0.0,"damage_taken":11.0,"relics_obtained":["Turnip"]},{"damage_healed":0.0,"max_hp_gain":0.0,"max_hp_loss":0.0,"gold_gain":0.0,"event_name":"Shining Light","player_choice":"Entered Light","floor":3.0,"gold_loss":0.0,"damage_taken":20.0,"cards_upgraded":["Strike_G","Defend_G"]},{"damage_healed":0.0,"max_hp_gain":0.0,"max_hp_loss":0.0,"gold_gain":0.0,"event_name":"World of Goop","player_choice":"Left Gold","floor":7.0,"gold_loss":35.0,"damage_taken":0.0},{"damage_healed":0.0,"max_hp_gain":0.0,"max_hp_loss":0.0,"gold_gain":0.0,"cards_transformed":["Strike_G"],"event_name":"Transmorgrifier","player_choice":"Transformed","floor":14.0,"gold_loss":0.0,"damage_taken":0.0,"cards_obtained":["Footwork"]}],"is_beta":false,"boss_relics":[],"items_purged_floors":[12],"is_endless":false,"potions_floor_spawned":[6,8],"killed_by":"The Guardian","ascension_level":20}}