{"host":"pjgcdp3h1plnbocs","time":1613906347,"event":{"mods":["AchievementEnabler","BaseMod","Colored Map","Downfall","Highlight Path","Minty Spire (QoL Compilation)","StSLib"],"gold_per_floor":[109,122,122,122,132,160,171,171,171,191,214,253,203,234,234,355,355,380,380,380,53,67,108,108,108,108],"floor_reached":25,"language":"ENG","playtime":895,"items_purged":["Strike_B"],"score":337,"play_id":"bf24680e-7f75-4163-84d5-cff52826e574","local_time":"20210221121907","is_ascension_mode":true,"campfire_choices":[{"floor":15,"key":"RECALL"},{"floor":24,"key":"REST"}],"circlet_count":0,"master_deck":["Strike_B","Defend_B","Defend_B","Defend_B","Zap","Dualcast","Go for the Eyes","Chaos+1","Beam Cell","Cold Snap","Cold Snap","Seek","Redo"],"relics":["Cracked Core","NeowsBlessing","Orichalcum","Golden Idol","DataDisk","Bottled Flame","Pen Nib","Empty Cage","Nilry\u0027s Codex","Cables","HornCleat"],"acts_visited":["Exordium","TheCity"],"potions_floor_usage":[23,23],"damage_taken":[{"damage":0,"enemies":"Cultist","floor":1,"turns":1},{"damage":0,"enemies":"2 Louse","floor":2,"turns":1},{"damage":0,"enemies":"Small Slimes","floor":5,"turns":1},{"damage":20,"enemies":"Lagavulin","floor":6,"turns":6},{"damage":6,"enemies":"Looter","floor":7,"turns":3},{"damage":0,"enemies":"2 Fungi Beasts","floor":10,"turns":2},{"damage":12,"enemies":"Exordium Wildlife","floor":11,"turns":4},{"damage":9,"enemies":"Gremlin Nob","floor":12,"turns":4},{"damage":4,"enemies":"Lagavulin","floor":14,"turns":6},{"damage":13,"enemies":"Slime Boss","floor":16,"turns":10},{"damage":5,"enemies":"3 Byrds","floor":18,"turns":5},{"damage":0,"enemies":"Spheric Guardian","floor":22,"turns":3},{"damage":14,"enemies":"Gremlin Leader","floor":23,"turns":9},{"damage":38,"enemies":"Book of Stabbing","floor":25,"turns":8}],"seed_played":"7040461998680028896","potions_obtained":[{"floor":6,"key":"Block Potion"},{"floor":7,"key":"Dexterity Potion"},{"floor":10,"key":"Weak Potion"}],"is_trial":false,"path_per_floor":["M","M","T","?","M","E","M","?","T","M","M","E","?","E","R","B",null,"M","?","?","$","M","E","R","E"],"character_chosen":"DEFECT","items_purchased":["Cables"],"campfire_rested":1,"item_purchase_floors":[21],"current_hp_per_floor":[68,68,68,68,68,48,42,42,42,42,30,21,21,17,17,4,53,48,32,32,32,32,18,38,0,0],"gold":108,"neow_bonus":"THREE_ENEMY_KILL","is_daily":false,"chose_seed":false,"campfire_upgraded":0,"win_rate":0.0,"timestamp":1613906347,"path_taken":["M","M","?","?","?","E","M","?","T","M","M","E","?","E","R","BOSS","M","?","?","?","M","E","R","E"],"items_purchased_type":["Relic"],"build_version":"2020-12-22","purchased_purges":1,"victory":false,"max_hp_per_floor":[75,75,75,75,75,75,75,69,69,69,69,69,69,69,69,69,69,69,69,69,69,69,69,69,69,69],"card_choices":[{"not_picked":["Conserve Battery","Turbo"],"picked":"Go for the Eyes","floor":1},{"not_picked":["Storm","Stack"],"picked":"Chaos","floor":2},{"not_picked":["Go for the Eyes","Self Repair","Aggregate"],"picked":"SKIP","floor":5},{"not_picked":["Stack","Hyperbeam"],"picked":"Beam Cell","floor":6},{"not_picked":["Heatsinks","Storm"],"picked":"Cold Snap","floor":7},{"not_picked":["Rebound","Beam Cell","Stack"],"picked":"SKIP","floor":10},{"not_picked":["Steam","Reinforced Body"],"picked":"Cold Snap","floor":11},{"not_picked":["Hello World","Auto Shields","Sweeping Beam"],"picked":"SKIP","floor":12},{"not_picked":["Steam","White Noise","Static Discharge"],"picked":"SKIP","floor":14},{"not_picked":["Hyperbeam","Core Surge"],"picked":"Seek","floor":16},{"not_picked":["Hologram","Conserve Battery"],"picked":"Redo","floor":18},{"not_picked":["Doom and Gloom","Coolheaded","Ball Lightning"],"picked":"SKIP","floor":22},{"not_picked":["Compile Driver","Sweeping Beam","Biased Cognition"],"picked":"SKIP","floor":23}],"player_experience":250335,"relics_obtained":[{"floor":6,"key":"Orichalcum"},{"floor":9,"key":"DataDisk"},{"floor":12,"key":"Bottled Flame"},{"floor":14,"key":"Pen Nib"},{"floor":19,"key":"Nilry\u0027s Codex"},{"floor":23,"key":"HornCleat"}],"event_choices":[{"damage_healed":0,"gold_gain":0,"player_choice":"Upgraded","damage_taken":0,"max_hp_gain":0,"max_hp_loss":0,"event_name":"Upgrade Shrine","floor":4,"gold_loss":0,"cards_upgraded":["Chaos"]},{"damage_healed":0,"gold_gain":0,"player_choice":"Lose Max HP","damage_taken":0,"relics_obtained":["Golden Idol"],"max_hp_gain":0,"max_hp_loss":6,"event_name":"Golden Idol","floor":8,"gold_loss":0},{"cards_removed":["Strike_B"],"damage_healed":0,"gold_gain":0,"player_choice":"Card Removal","damage_taken":0,"max_hp_gain":0,"max_hp_loss":0,"event_name":"The Cleric","floor":13,"gold_loss":50},{"damage_healed":0,"gold_gain":0,"player_choice":"Obtained Book","damage_taken":16,"max_hp_gain":0,"max_hp_loss":0,"event_name":"Cursed Tome","floor":19,"gold_loss":0}],"is_beta":false,"boss_relics":[{"not_picked":["Snecko Eye","Tiny House"],"picked":"Empty Cage"}],"items_purged_floors":[21],"is_endless":false,"potions_floor_spawned":[6,7,10,16,18],"killed_by":"Book of Stabbing","ascension_level":8}}