{"host":"jx3f6ezc0g3s9edc","time":1613927434,"event":{"mods":["AchievementEnabler","BaseMod","Bestiary","Colored Map","Highlight Path","Minty Spire (QoL Compilation)","StSLib"],"gold_per_floor":[119,25,25,40,40,40,40,40,40,66,82,82,82,114,114,214,214,226,242,242,254,138,138,153,186,234,234,254,254,254,272,272,272,272],"floor_reached":33,"language":"ENG","playtime":2118,"items_purged":["Strike_P"],"score":328,"play_id":"9799e134-d30c-4282-addb-5cdbba163817","local_time":"20210221121034","is_ascension_mode":true,"campfire_choices":[{"floor":6.0,"key":"REST"},{"floor":8.0,"key":"REST"},{"floor":13.0,"key":"REST"},{"floor":15.0,"key":"RECALL"},{"floor":23.0,"key":"REST"},{"floor":27,"key":"REST"},{"floor":30,"key":"REST"},{"floor":32,"key":"REST"}],"circlet_count":0,"master_deck":["Strike_P","Defend_P","Defend_P","Defend_P+1","Eruption","Vigilance","JustLucky","CrushJoints+1","Study","Sanctity","Wallop","Tantrum","CutThroughFate","Blasphemy","MentalFortress","FollowUp+1","InnerPeace","ReachHeaven+1","SignatureMove"],"relics":["Fusion Hammer","Toy Ornithopter","TeardropLocket","Lizard Tail","Omamori","Empty Cage","Yang","Art of War"],"acts_visited":["Exordium","TheCity"],"potions_floor_usage":[25],"damage_taken":[{"damage":4.0,"enemies":"2 Louse","floor":1.0,"turns":3.0},{"damage":0.0,"enemies":"Jaw Worm","floor":4.0,"turns":2.0},{"damage":29.0,"enemies":"Gremlin Nob","floor":10.0,"turns":5.0},{"damage":0.0,"enemies":"Small Slimes","floor":11.0,"turns":2.0},{"damage":6.0,"enemies":"3 Sentries","floor":14.0,"turns":5.0},{"damage":16.0,"enemies":"Hexaghost","floor":16.0,"turns":6.0},{"damage":16.0,"enemies":"2 Thieves","floor":18.0,"turns":4.0},{"damage":0.0,"enemies":"3 Byrds","floor":19.0,"turns":4.0},{"damage":51.0,"enemies":"Sentry and Sphere","floor":21.0,"turns":7.0},{"damage":8.0,"enemies":"Centurion and Healer","floor":24.0,"turns":6.0},{"damage":16,"enemies":"Book of Stabbing","floor":25,"turns":4},{"damage":13,"enemies":"Cultist and Chosen","floor":28,"turns":7},{"damage":52,"enemies":"Shelled Parasite and Fungi","floor":31,"turns":6},{"damage":70,"enemies":"Collector","floor":33,"turns":5}],"seed_played":"609527858876896458","potions_obtained":[{"floor":1.0,"key":"Ancient Potion"},{"floor":4.0,"key":"Weak Potion"},{"floor":14.0,"key":"GamblersBrew"},{"floor":18.0,"key":"Fire Potion"},{"floor":21.0,"key":"PowerPotion"},{"floor":28,"key":"LiquidMemories"}],"is_trial":false,"path_per_floor":["M","$","?","M","?","R","?","R","T","E","M","?","R","E","R","B",null,"M","M","?","M","$","R","M","E","T","R","M","?","R","M","R","B"],"character_chosen":"WATCHER","items_purchased":["CrushJoints","Study","InnerPeace"],"campfire_rested":7,"item_purchase_floors":[2,2,22],"current_hp_per_floor":[68,68,65,65,70,77,62,77,77,48,48,48,71,65,65,49,77,61,66,52,1,1,25,22,11,11,35,22,22,46,41,65,0,0],"gold":272,"neow_bonus":"BOSS_RELIC","is_daily":false,"chose_seed":false,"campfire_upgraded":0,"win_rate":0.0,"timestamp":1613927434,"path_taken":["M","$","?","M","?","R","?","R","T","E","M","?","R","E","R","BOSS","M","M","?","M","$","R","M","E","T","R","M","?","R","M","R","BOSS"],"items_purchased_type":["Card","Card","Card"],"build_version":"2020-12-22","purchased_purges":1,"victory":false,"max_hp_per_floor":[72,72,72,72,77,77,77,77,77,77,77,77,77,77,77,77,77,77,77,82,82,82,82,82,82,82,82,82,82,82,82,82,82,82],"card_choices":[{"not_picked":["LikeWater","EmptyMind"],"picked":"JustLucky","floor":1.0},{"not_picked":["Worship","Protect"],"picked":"Sanctity","floor":4.0},{"not_picked":["Study","CutThroughFate"],"picked":"Wallop","floor":10.0},{"not_picked":["FollowUp","SandsOfTime"],"picked":"Tantrum","floor":11.0},{"not_picked":["Brilliance","InnerPeace"],"picked":"CutThroughFate","floor":14.0},{"not_picked":["DevaForm","Brilliance"],"picked":"Blasphemy","floor":16.0},{"not_picked":["Study","PathToVictory+1"],"picked":"MentalFortress","floor":18.0},{"not_picked":["EmptyFist","Consecrate+1"],"picked":"FollowUp+1","floor":19.0},{"not_picked":["FlyingSleeves","BowlingBash","Evaluate"],"picked":"SKIP","floor":21.0},{"not_picked":["WreathOfFlame+1","FollowUp","PathToVictory"],"picked":"SKIP","floor":24.0},{"not_picked":["CarveReality","CrushJoints","MentalFortress"],"picked":"SKIP","floor":25},{"not_picked":["Worship","EmptyMind+1"],"picked":"ReachHeaven+1","floor":28},{"not_picked":["Devotion","Weave+1"],"picked":"SignatureMove","floor":31}],"player_experience":899090,"relics_obtained":[{"floor":9.0,"key":"TeardropLocket"},{"floor":10.0,"key":"Lizard Tail"},{"floor":14.0,"key":"Omamori"},{"floor":25,"key":"Yang"},{"floor":26,"key":"Art of War"}],"event_choices":[{"damage_healed":0.0,"max_hp_gain":0.0,"max_hp_loss":0.0,"gold_gain":0.0,"event_name":"Scrap Ooze","player_choice":"Success","floor":3.0,"gold_loss":0.0,"damage_taken":3.0,"relics_obtained":["Toy Ornithopter"]},{"damage_healed":0.0,"max_hp_gain":5.0,"max_hp_loss":0.0,"gold_gain":0.0,"event_name":"Big Fish","player_choice":"Donut","floor":5.0,"gold_loss":0.0,"damage_taken":0.0},{"damage_healed":0.0,"max_hp_gain":0.0,"max_hp_loss":0.0,"gold_gain":0.0,"event_name":"Shining Light","player_choice":"Entered Light","floor":7.0,"gold_loss":0.0,"damage_taken":15.0,"cards_upgraded":["CrushJoints","Defend_P"]},{"cards_removed":["Strike_P"],"damage_healed":0.0,"max_hp_gain":0.0,"max_hp_loss":0.0,"gold_gain":0.0,"event_name":"Bonfire Elementals","player_choice":"Offered Basic","floor":12.0,"gold_loss":0.0,"damage_taken":0.0},{"damage_healed":0.0,"max_hp_gain":5.0,"max_hp_loss":0.0,"gold_gain":0.0,"event_name":"Forgotten Altar","player_choice":"Shed Blood","floor":20.0,"gold_loss":0.0,"damage_taken":19.0},{"damage_healed":0,"gold_gain":0,"player_choice":"Ignored","damage_taken":0,"max_hp_gain":0,"max_hp_loss":0,"event_name":"Ghosts","floor":29,"gold_loss":0}],"is_beta":false,"boss_relics":[{"not_picked":["Velvet Choker","Runic Dome"],"picked":"Empty Cage"}],"items_purged_floors":[22],"is_endless":false,"potions_floor_spawned":[1,4,14,18,21,28],"killed_by":"Collector","ascension_level":4}}