{"host":"2lo6hma6kymb0g9i","time":1613915602,"event":{"mods":["BaseMod","Colored Map","DeckTracker","Minty Spire (QoL Compilation)"],"gold_per_floor":[118,118,135,135,60,78,78,119,119,140,165,198,198,223,223,316,316,337,356,194,194,208,208,208],"floor_reached":23,"language":"JPN","playtime":1472,"items_purged":[],"score":406,"play_id":"f639bea9-f9ab-4608-ac39-e1181d9979a7","local_time":"20210221225322","is_ascension_mode":true,"campfire_choices":[{"data":"Envenom","floor":13,"key":"SMITH"},{"data":"Noxious Fumes","floor":15,"key":"SMITH"}],"circlet_count":0,"master_deck":["AscendersBane","Survivor","Neutralize","Poisoned Stab","Finisher","Envenom+1","Noxious Fumes+1","Sucker Punch","Acrobatics","Storm of Steel","Footwork","Slice","PiercingWail","Malaise","Corpse Explosion","Slice","Endless Agony","Blur","Caltrops","Slice","Endless Agony","Acrobatics","Blade Dance","Blade Dance","Cloak And Dagger+1"],"relics":["Ring of the Snake","Prayer Wheel","Golden Idol","White Beast Statue","Meat on the Bone","Happy Flower","Pandora\u0027s Box","Lee\u0027s Waffle"],"acts_visited":["Exordium","TheCity"],"potions_floor_usage":[11,12,16,16],"damage_taken":[{"damage":17,"enemies":"Small Slimes","floor":1,"turns":4},{"damage":1,"enemies":"Cultist","floor":3,"turns":4},{"damage":0,"enemies":"2 Louse","floor":6,"turns":2},{"damage":40,"enemies":"3 Sentries","floor":8,"turns":8},{"damage":12,"enemies":"2 Fungi Beasts","floor":10,"turns":4},{"damage":17,"enemies":"Lots of Slimes","floor":11,"turns":4},{"damage":8,"enemies":"Lagavulin","floor":12,"turns":6},{"damage":6,"enemies":"Exordium Thugs","floor":14,"turns":6},{"damage":8,"enemies":"The Guardian","floor":16,"turns":11},{"damage":29,"enemies":"2 Thieves","floor":18,"turns":3},{"damage":9,"enemies":"3 Byrds","floor":19,"turns":3},{"damage":19,"enemies":"Snake Plant","floor":22,"turns":4},{"damage":30,"enemies":"Shelled Parasite and Fungi","floor":23,"turns":3}],"seed_played":"7009205869518910278","potions_obtained":[{"floor":6,"key":"Swift Potion"},{"floor":10,"key":"CunningPotion"},{"floor":11,"key":"Swift Potion"},{"floor":12,"key":"Poison Potion"},{"floor":14,"key":"LiquidMemories"},{"floor":16,"key":"PowerPotion"},{"floor":18,"key":"Weak Potion"}],"is_trial":false,"path_per_floor":["M","?","M","?","?","M","?","E","T","M","M","E","R","M","R","B",null,"M","M","$","?","M","M"],"character_chosen":"THE_SILENT","items_purchased":["Lee\u0027s Waffle"],"campfire_rested":0,"item_purchase_floors":[20],"current_hp_per_floor":[27,66,65,58,58,58,58,18,18,18,13,17,17,23,23,27,52,35,38,67,67,48,18,18],"gold":208,"neow_bonus":"ONE_RARE_RELIC","is_daily":false,"chose_seed":false,"campfire_upgraded":2,"win_rate":0.0,"timestamp":1613915602,"path_taken":["M","?","?","?","?","M","?","E","T","M","M","E","R","M","R","BOSS","M","M","$","?","M","?"],"items_purchased_type":["Relic"],"build_version":"2020-12-22","purchased_purges":0,"victory":false,"max_hp_per_floor":[66,66,66,66,66,66,60,60,60,60,60,60,60,60,60,60,60,60,60,67,67,67,67,67],"card_choices":[{"not_picked":["Backflip","Outmaneuver"],"picked":"Blur","floor":1},{"not_picked":["Slice","Deadly Poison"],"picked":"Poisoned Stab","floor":1},{"not_picked":["Concentrate","Prepared"],"picked":"Finisher","floor":3},{"not_picked":["All Out Attack","Poisoned Stab"],"picked":"Envenom","floor":3},{"not_picked":["Flying Knee","Bane"],"picked":"Noxious Fumes","floor":6},{"not_picked":["Quick Slash","Well Laid Plans"],"picked":"Sucker Punch","floor":6},{"not_picked":["Masterful Stab","Expertise"],"picked":"Acrobatics","floor":8},{"not_picked":["Dodge and Roll","Acrobatics"],"picked":"Storm of Steel","floor":10},{"not_picked":["Acrobatics","Bane","Outmaneuver"],"picked":"SKIP","floor":10},{"not_picked":["Prepared","Expertise"],"picked":"Footwork","floor":11},{"not_picked":["Backflip","Predator","Poisoned Stab"],"picked":"SKIP","floor":11},{"not_picked":["Prepared","Catalyst"],"picked":"Slice","floor":12},{"not_picked":["Heel Hook","Dagger Throw"],"picked":"PiercingWail","floor":14},{"not_picked":["Riddle With Holes","Deadly Poison","Outmaneuver"],"picked":"SKIP","floor":14},{"not_picked":["Unload","Burst"],"picked":"Malaise","floor":16},{"not_picked":["Flechettes","PiercingWail"],"picked":"Blade Dance","floor":18},{"not_picked":["Dash","Flying Knee","Backstab"],"picked":"SKIP","floor":18},{"not_picked":["Underhanded Strike","Quick Slash"],"picked":"Blade Dance","floor":19},{"not_picked":["Acrobatics","Deadly Poison","Bane"],"picked":"SKIP","floor":19},{"not_picked":["PiercingWail","Burst"],"picked":"Cloak And Dagger+1","floor":22},{"not_picked":["Quick Slash","Slice","Backflip+1"],"picked":"SKIP","floor":22}],"player_experience":1241132,"relics_obtained":[{"floor":8,"key":"White Beast Statue"},{"floor":9,"key":"Meat on the Bone"},{"floor":12,"key":"Happy Flower"}],"event_choices":[{"cards_removed":["Blur"],"damage_healed":39,"gold_gain":0,"player_choice":"Offered Uncommon","damage_taken":0,"max_hp_gain":0,"max_hp_loss":0,"event_name":"Bonfire Elementals","floor":2,"gold_loss":0},{"cards_removed":["Strike_G"],"damage_healed":0,"gold_gain":0,"player_choice":"Card Removal","damage_taken":7,"max_hp_gain":0,"max_hp_loss":0,"event_name":"Golden Wing","floor":4,"gold_loss":0},{"cards_removed":["Strike_G"],"damage_healed":0,"gold_gain":0,"player_choice":"Card Removal","damage_taken":0,"max_hp_gain":0,"max_hp_loss":0,"event_name":"The Cleric","floor":5,"gold_loss":75},{"damage_healed":0,"gold_gain":0,"player_choice":"Lose Max HP","damage_taken":0,"relics_obtained":["Golden Idol"],"max_hp_gain":0,"max_hp_loss":6,"event_name":"Golden Idol","floor":7,"gold_loss":0},{"damage_healed":0,"gold_gain":0,"player_choice":"0 cards matched","damage_taken":0,"max_hp_gain":0,"max_hp_loss":0,"event_name":"Match and Keep!","floor":21,"gold_loss":0,"cards_obtained":[]}],"is_beta":false,"boss_relics":[{"not_picked":["Empty Cage","Velvet Choker"],"picked":"Pandora\u0027s Box"}],"items_purged_floors":[],"is_endless":false,"potions_floor_spawned":[6,10,11,12,14,16,18,19,22],"killed_by":"Shelled Parasite and Fungi","ascension_level":20}}