{"host":"fea6kdxvty5fzy91","time":1613891431,"event":{"mods":["A Magickal Journey","AchievementEnabler","BaseMod","Better Third Choice","Colored Map","Colored Powertips","Custom Start","DeckTracker","Googly Eyes","Highlight Path","Minty Spire (QoL Compilation)","Quick Restart","Rare Cards Sparkle","StSLib","The IronCluck","everything is the same but u backflip on backflip","slay the spire mod where everything is the same but ironclad has a cowboy hat"],"gold_per_floor":[114,132,147,167,167,167,178,196,249,174,191,203,231,244,244,339,339,355,373,373,132,132,132,150,150,205,223,223,223,236,248,248,350,350,364,364,382,393,393,32,32,44,69,69,69,119,119,119,119,119],"floor_reached":51,"language":"ENG","playtime":4487,"items_purged":["Defend_P","Strike_P","Strike_P"],"score":603,"play_id":"0c984e06-331f-479e-b42c-df9e9ff5280a","local_time":"20210221001031","is_ascension_mode":false,"campfire_choices":[{"data":"Tantrum","floor":6.0,"key":"SMITH"},{"data":"Nirvana","floor":15.0,"key":"SMITH"},{"data":"Nirvana","floor":23.0,"key":"SMITH"},{"data":"LessonLearned","floor":28.0,"key":"SMITH"},{"floor":32.0,"key":"REST"},{"floor":41,"key":"RECALL"},{"data":"Scrawl","floor":45,"key":"SMITH"},{"data":"ClearTheMind","floor":47,"key":"SMITH"},{"floor":49,"key":"REST"}],"circlet_count":0,"master_deck":["Strike_P+1","Defend_P","Defend_P","Defend_P+1","Eruption","Vigilance","Tantrum+1","CrushJoints+1","JustLucky+1","InnerPeace+1","Wireheading+1","ClearTheMind+1","CutThroughFate+1","Nirvana+1","LikeWater+1","CutThroughFate+1","LessonLearned+1","Nirvana+1","Necronomicurse","FlurryOfBlows+1","CutThroughFate+1","Protect","Scrawl+1","Wallop+1","Tantrum","SashWhip","Panacea"],"relics":["PureWater","NeowsBlessing","Nunchaku","Mummified Hand","Runic Pyramid","Membership Card","Necronomicon","Vajra","SlaversCollar","Melange","Turnip","Strawberry","Dead Branch"],"acts_visited":["Exordium","TheCity","TheBeyond"],"potions_floor_usage":[46,50],"damage_taken":[{"damage":0.0,"enemies":"Jaw Worm","floor":1.0,"turns":1.0},{"damage":0.0,"enemies":"Cultist","floor":2.0,"turns":1.0},{"damage":0.0,"enemies":"Small Slimes","floor":3.0,"turns":1.0},{"damage":5.0,"enemies":"Looter","floor":4.0,"turns":3.0},{"damage":3.0,"enemies":"Exordium Wildlife","floor":7.0,"turns":3.0},{"damage":11.0,"enemies":"3 Louse","floor":8.0,"turns":4.0},{"damage":1.0,"enemies":"2 Fungi Beasts","floor":11.0,"turns":3.0},{"damage":3.0,"enemies":"Large Slime","floor":12.0,"turns":3.0},{"damage":3.0,"enemies":"Gremlin Nob","floor":13.0,"turns":3.0},{"damage":19.0,"enemies":"Blue Slaver","floor":14.0,"turns":2.0},{"damage":12.0,"enemies":"Hexaghost","floor":16.0,"turns":6.0},{"damage":9.0,"enemies":"2 Thieves","floor":18.0,"turns":3.0},{"damage":14.0,"enemies":"Spheric Guardian","floor":19.0,"turns":4.0},{"damage":12.0,"enemies":"Centurion and Healer","floor":24.0,"turns":3.0},{"damage":2.0,"enemies":"Snecko","floor":27.0,"turns":3.0},{"damage":9.0,"enemies":"Cultist and Chosen","floor":30.0,"turns":4.0},{"damage":5.0,"enemies":"Chosen and Byrds","floor":31.0,"turns":3.0},{"damage":7.0,"enemies":"Automaton","floor":33.0,"turns":8.0},{"damage":22,"enemies":"3 Darklings","floor":35,"turns":3},{"damage":8,"enemies":"Orb Walker","floor":37,"turns":3},{"damage":0,"enemies":"3 Darklings","floor":38,"turns":3},{"damage":0,"enemies":"Jaw Worm Horde","floor":42,"turns":3},{"damage":0,"enemies":"Mind Bloom Boss Battle","floor":46,"turns":5},{"damage":32,"enemies":"Time Eater","floor":50,"turns":10}],"seed_played":"-875370407229859320","potions_obtained":[{"floor":1.0,"key":"SteroidPotion"},{"floor":8.0,"key":"Fire Potion"},{"floor":11.0,"key":"LiquidMemories"},{"floor":16.0,"key":"GamblersBrew"},{"floor":19.0,"key":"BlessingOfTheForge"},{"floor":24.0,"key":"GamblersBrew"},{"floor":27.0,"key":"Fruit Juice"},{"floor":33.0,"key":"AttackPotion"},{"floor":38,"key":"BottledMiracle"},{"floor":46,"key":"Fruit Juice"}],"is_trial":false,"path_per_floor":["M","M","M","M","?","R","M","M","T","$","M","M","E","M","R","B",null,"M","M","?","$","?","R","M","?","T","M","R","T","M","M","R","B",null,"M","?","M","M","?","$","R","M","T","?","R","?","R","?","R","B",null],"character_chosen":"WATCHER","items_purchased":["Membership Card","Nirvana","Melange","SteroidPotion","Swift Potion","Turnip","SashWhip"],"campfire_rested":2,"item_purchase_floors":[21,21,40,40,40,40,40],"current_hp_per_floor":[72,72,72,67,67,67,64,53,53,53,52,49,46,27,27,15,72,63,49,49,49,33,33,21,21,21,24,24,24,15,10,33,26,77,55,55,47,47,47,47,47,47,54,54,54,59,59,59,84,52],"gold":119,"neow_bonus":"THREE_ENEMY_KILL","is_daily":false,"chose_seed":false,"campfire_upgraded":6,"win_rate":0.0,"timestamp":1613891431,"path_taken":["M","M","M","M","?","R","M","M","T","?","M","M","E","M","R","BOSS","M","M","?","?","?","R","M","?","T","M","R","?","M","M","R","BOSS","M","?","M","M","?","$","R","M","T","?","R","?","R","?","R","BOSS"],"items_purchased_type":["Relic","Card","Relic","Potion","Potion","Relic","Card"],"build_version":"2020-12-22","purchased_purges":3,"victory":true,"max_hp_per_floor":[72,72,72,72,72,72,72,72,72,72,72,72,72,72,72,72,72,72,72,72,72,72,72,72,72,72,77,77,77,77,77,77,77,77,77,77,77,77,73,73,73,73,80,80,80,85,85,85,85,85],"card_choices":[{"not_picked":["DeceiveReality","Crescendo"],"picked":"Tantrum","floor":1.0},{"not_picked":["Pray","PathToVictory"],"picked":"CrushJoints","floor":2.0},{"not_picked":["FollowUp","BowlingBash"],"picked":"JustLucky","floor":3.0},{"not_picked":["Halt","Sanctity"],"picked":"InnerPeace","floor":4.0},{"not_picked":["Evaluate","DevaForm"],"picked":"Wireheading","floor":7.0},{"not_picked":["EmptyBody","WheelKick"],"picked":"ClearTheMind","floor":8.0},{"not_picked":["CrushJoints","Swivel"],"picked":"CutThroughFate","floor":11.0},{"not_picked":["EmptyFist","BowlingBash"],"picked":"Nirvana","floor":12.0},{"not_picked":["FollowUp","BowlingBash"],"picked":"LikeWater","floor":13.0},{"not_picked":["Evaluate","JustLucky"],"picked":"CutThroughFate","floor":14.0},{"not_picked":["Wish","Brilliance"],"picked":"LessonLearned","floor":16.0},{"not_picked":["BowlingBash","Sanctity","FollowUp+1"],"picked":"SKIP","floor":18.0},{"not_picked":["Crescendo","CutThroughFate","FlyingSleeves"],"picked":"SKIP","floor":19.0},{"not_picked":["Evaluate","Swivel+1"],"picked":"FlurryOfBlows","floor":24.0},{"not_picked":["Collect","PathToVictory"],"picked":"CutThroughFate+1","floor":27.0},{"not_picked":["Judgement","Halt+1"],"picked":"Protect","floor":30.0},{"not_picked":["Meditate","Sanctity","FollowUp"],"picked":"SKIP","floor":31.0},{"not_picked":["LessonLearned","DeusExMachina"],"picked":"Scrawl","floor":33.0},{"not_picked":["Crescendo+1","Protect+1"],"picked":"Wallop+1","floor":35},{"not_picked":["SashWhip+1","PathToVictory+1"],"picked":"Tantrum","floor":37},{"not_picked":["BowlingBash","Adaptation+1","Evaluate"],"picked":"SKIP","floor":38},{"not_picked":["JustLucky+1","CrushJoints","PathToVictory"],"picked":"SKIP","floor":42},{"not_picked":["Magnetism","Purity"],"picked":"Panacea","floor":44}],"player_experience":286521,"relics_obtained":[{"floor":9.0,"key":"Nunchaku"},{"floor":13.0,"key":"Mummified Hand"},{"floor":22.0,"key":"Necronomicon"},{"floor":26.0,"key":"Vajra"},{"floor":43,"key":"Strawberry"},{"floor":46,"key":"Dead Branch"}],"event_choices":[{"damage_healed":0.0,"max_hp_gain":0.0,"max_hp_loss":0.0,"gold_gain":0.0,"event_name":"Match and Keep!","player_choice":"0 cards matched","floor":5.0,"gold_loss":0.0,"damage_taken":0.0,"cards_obtained":[]},{"damage_healed":0.0,"max_hp_gain":0.0,"max_hp_loss":0.0,"gold_gain":0.0,"event_name":"Accursed Blacksmith","player_choice":"Forge","floor":20.0,"gold_loss":0.0,"damage_taken":0.0,"cards_upgraded":["Wireheading"]},{"damage_healed":0.0,"max_hp_gain":0.0,"max_hp_loss":0.0,"gold_gain":0.0,"event_name":"Cursed Tome","player_choice":"Obtained Book","floor":22.0,"gold_loss":0.0,"damage_taken":16.0},{"damage_healed":0.0,"max_hp_gain":0.0,"max_hp_loss":0.0,"gold_gain":0.0,"event_name":"Ghosts","player_choice":"Ignored","floor":25.0,"gold_loss":0.0,"damage_taken":0.0},{"damage_healed":0,"gold_gain":0,"player_choice":"Ignored","damage_taken":0,"max_hp_gain":0,"max_hp_loss":0,"event_name":"Tomb of Lord Red Mask","floor":36,"gold_loss":0},{"damage_healed":0,"gold_gain":0,"player_choice":"Max HP","damage_taken":0,"max_hp_gain":0,"max_hp_loss":4,"event_name":"Winding Halls","floor":39,"gold_loss":0},{"damage_healed":0,"gold_gain":0,"player_choice":"Memory 1","damage_taken":0,"max_hp_gain":0,"max_hp_loss":0,"event_name":"SensoryStone","floor":44,"gold_loss":0},{"damage_healed":0,"gold_gain":0,"player_choice":"Fight","damage_taken":0,"max_hp_gain":0,"max_hp_loss":0,"event_name":"MindBloom","floor":46,"gold_loss":0},{"cards_removed":["Strike_P"],"damage_healed":0,"gold_gain":0,"player_choice":"Removed Attack","damage_taken":0,"max_hp_gain":0,"max_hp_loss":0,"event_name":"Falling","floor":48,"gold_loss":0}],"is_beta":false,"boss_relics":[{"not_picked":["Calling Bell","Pandora\u0027s Box"],"picked":"Runic Pyramid"},{"not_picked":["Snecko Eye","SacredBark"],"picked":"SlaversCollar"}],"items_purged_floors":[10,21,40],"is_endless":false,"potions_floor_spawned":[1,8,11,12,16,19,24,27,33,38,46],"ascension_level":0}}