{"host":"nkolxg4se00n20yf","time":1613938434,"event":{"mods":["BaseMod","CatGirl Mod","Chen","Colored Map","Colored Powertips","Downfall","Friendly Minions","Infinite Spire","Kiyohime????","Marisa????????","Minty Spire (QoL Compilation)","StSLib","Td1madao Mod","The Administrix","The Cursed","The Exalted","The Hierophant","The Servant 0.9.4"],"gold_per_floor":[110,123,123,123,123,123,142,142,168,188,203,223,188,188,188,188,188],"floor_reached":16,"language":"ENG","playtime":344,"items_purged":[],"score":184,"play_id":"88ac8a48-1fd9-40ab-ad2b-bc1cea98224c","local_time":"20210221211354","is_ascension_mode":true,"campfire_choices":[{"data":"Rampage","floor":6,"key":"SMITH"},{"data":"Spot Weakness","floor":8,"key":"SMITH"},{"floor":15,"key":"REST"}],"circlet_count":0,"master_deck":["AscendersBane","Strike_R","Strike_R","Strike_R","Strike_R","Defend_R","Defend_R","Defend_R","Defend_R","Bash","Rampage+1","Pommel Strike","Spot Weakness+1","Cleave","Pommel Strike"],"relics":["Burning Blood","Golden Idol","Art of War"],"acts_visited":["Exordium"],"potions_floor_usage":[10,16],"damage_taken":[{"damage":6,"enemies":"Cultist","floor":1,"turns":3},{"damage":9,"enemies":"Jaw Worm","floor":2,"turns":4},{"damage":14,"enemies":"Small Slimes","floor":7,"turns":3},{"damage":27,"enemies":"Exordium Thugs","floor":10,"turns":4},{"damage":12,"enemies":"Gremlin Gang","floor":11,"turns":2},{"damage":7,"enemies":"Large Slime","floor":12,"turns":5},{"damage":66,"enemies":"Slime Boss","floor":16,"turns":6}],"seed_played":"1396874366393342798","potions_obtained":[{"floor":7,"key":"BloodPotion"},{"floor":12,"key":"Swift Potion"}],"is_trial":false,"path_per_floor":["M","M","$","?","?","R","M","R","T","M","M","M","?","?","R","B"],"character_chosen":"IRONCLAD","items_purchased":[],"campfire_rested":1,"item_purchase_floors":[],"current_hp_per_floor":[75,72,72,44,44,44,36,36,36,31,25,24,44,37,61,0,0],"gold":188,"neow_bonus":"TEN_PERCENT_HP_BONUS","is_daily":false,"chose_seed":false,"campfire_upgraded":2,"win_rate":0.0,"timestamp":1613938434,"path_taken":["M","M","?","?","?","R","?","R","T","M","?","M","?","?","R","BOSS"],"items_purchased_type":[],"build_version":"2020-12-22","purchased_purges":0,"victory":false,"max_hp_per_floor":[82,82,82,82,82,82,82,82,82,82,82,82,82,82,82,82,82],"card_choices":[{"not_picked":["Iron Wave","Disarm"],"picked":"Rampage","floor":1},{"not_picked":["Sword Boomerang","Evolve"],"picked":"Pommel Strike","floor":2},{"not_picked":["Shockwave","Flame Barrier"],"picked":"Spot Weakness","floor":7},{"not_picked":["True Grit","Heavy Blade"],"picked":"Cleave","floor":10},{"not_picked":["Clash","Sever Soul","True Grit"],"picked":"SKIP","floor":11},{"not_picked":["Perfected Strike","Warcry"],"picked":"Pommel Strike","floor":12}],"player_experience":1142374,"relics_obtained":[{"floor":9,"key":"Art of War"}],"event_choices":[{"damage_healed":0,"gold_gain":0,"player_choice":"Take Damage","damage_taken":28,"relics_obtained":["Golden Idol"],"max_hp_gain":0,"max_hp_loss":0,"event_name":"Golden Idol","floor":4,"gold_loss":0},{"damage_healed":20,"gold_gain":0,"player_choice":"Healed","damage_taken":0,"max_hp_gain":0,"max_hp_loss":0,"event_name":"The Cleric","floor":13,"gold_loss":35},{"cards_removed":["Strike_R"],"damage_healed":0,"gold_gain":0,"player_choice":"Card Removal","damage_taken":7,"max_hp_gain":0,"max_hp_loss":0,"event_name":"Golden Wing","floor":14,"gold_loss":0}],"is_beta":false,"boss_relics":[],"items_purged_floors":[],"is_endless":false,"potions_floor_spawned":[7,12],"killed_by":"Slime Boss","ascension_level":20}}