{"host":"r40cn8c2kv7g6k3i","time":1613899789,"event":{"mods":["ATMod(∞¢Ë™Mod)","Act Like it!","BaseMod","Colored Powertips","Downfall","Gensokyo","Hallownest","KinomotoSakuraMod(ƒæ÷Æ±æ”£)","KomeijiMod","Marisa£®ÏF”Í°°ƒß¿Ì…≥£©","Minty Spire (QoL Compilation)","Onozuka Komachi Mod","Prisma Mod","Reimu£®≤©¿ˆ¡È√Œ£©","Remilia£®¿Ÿ√◊¿Ú—«£©","Replay The Spire","Shop Mod","Spicy Shops","StSLib","The Alterego","The Bug Knight","The Servant 0.9.4","UnlockEverythingMod","WarShipGirlsR/’ΩΩ¢…Ÿ≈ÆR mod","Youmu£®ªÍ∆«—˝√Œ£©","Yuri Mod"],"gold_per_floor":[109,109,119,2,333,333,359,371,398,398,398,2,213,230,230,333,333,350,51,51,66,80,80,100,100,100,100,134,153,18,18,18],"floor_reached":31,"language":"ZHS","playtime":3458,"items_purged":[],"score":257,"play_id":"877cca5f-a809-40cf-9b0a-b895d2915f96","local_time":"20210221172949","is_ascension_mode":false,"campfire_choices":[{"floor":6,"key":"REST"},{"floor":10,"key":"REST"},{"floor":15,"key":"REST"},{"data":"DependentForm:ReiMu","floor":23,"key":"SMITH"},{"data":"MikOfLucky:ReiMu","floor":27,"key":"SMITH"}],"circlet_count":0,"master_deck":["Strike_Lin:ReiMu","Strike_Lin:ReiMu","Strike_Lin:ReiMu","Strike_Lin:ReiMu","Defend_Lin:ReiMu","Defend_Lin:ReiMu","Defend_Lin:ReiMu","Defend_Lin:ReiMu","NB:ReiMu","Stagnation:ReiMu","PrepareRite:ReiMu","YinYangSange:ReiMu","ManaGlint:ReiMu+1","Dreaming2:ReiMu","AirStrike:ReiMu","OctopathBindingBorder2:ReiMu","FoulBorder2:ReiMu","Conquer:ReiMu","InherentArray:ReiMu","MikOfLucky:ReiMu+1","DependentForm:ReiMu+1","FantasyMoon:ReiMu","AirStrike:ReiMu+1","ShadowOfCrow2:ReiMu","InherentArray:ReiMu","Gensokyo:RedCapeBlueCape","TightArray:ReiMu","TightArray:ReiMu","FineLineFantasy:ReiMu","Meditation:ReiMu","NineCharacters:ReiMu","Gensokyo:Taser","Gensokyo:RustyChest","Gensokyo:ScrapIron"],"relics":["FlyPower:ReiMu","AT_ATBox","NeowsBlessing","Gensokyo:OccultBall","Snack Pack","AT_TimeSand","Bag of Preparation","KaguraBell:ReiMu","Replay:Bronze Core","Mercury Hourglass","Blue Candle","Kunai"],"acts_visited":["Gensokyo:Gensokyo","Gensokyo:Gensokyoer"],"potions_floor_usage":[14,24,29,31,31],"damage_taken":[{"damage":0,"enemies":"Gensokyo:Gryphon","floor":1,"turns":1},{"damage":0,"enemies":"Gensokyo:2_Kodama","floor":3,"turns":1},{"damage":39,"enemies":"Gensokyo:3_Fairies","floor":5,"turns":4},{"damage":27,"enemies":"Gensokyo:Aya","floor":7,"turns":10},{"damage":9,"enemies":"Gensokyo:3_Kodama","floor":8,"turns":6},{"damage":23,"enemies":"Gensokyo:2_Rabbits","floor":13,"turns":5},{"damage":0,"enemies":"Gensokyo:VengefulSpirit","floor":14,"turns":6},{"damage":8,"enemies":"Gensokyo:Reimu","floor":16,"turns":8},{"damage":15,"enemies":"Gensokyo:2_Gloops","floor":18,"turns":5},{"damage":41,"enemies":"Gensokyo:3_Dogs","floor":21,"turns":4},{"damage":0,"enemies":"Gensokyo:Wraith","floor":22,"turns":5},{"damage":10,"enemies":"Gensokyo:Chomper_and_Gloop","floor":24,"turns":5},{"damage":24,"enemies":"Gensokyo:Tenshi","floor":28,"turns":6},{"damage":7,"enemies":"Gensokyo:Slime_Group","floor":29,"turns":6},{"damage":12,"enemies":"Gensokyo:3_Gloops","floor":31,"turns":3}],"seed_played":"4420788824247793845","potions_obtained":[{"floor":1,"key":"Weak Potion"},{"floor":3,"key":"UndeadPotion"},{"floor":7,"key":"Elixir"},{"floor":21,"key":"ExcitationPotion"},{"floor":22,"key":"Explosive Potion"},{"floor":24,"key":"Swift Potion"},{"floor":29,"key":"Adrenaline Potion"}],"is_trial":false,"path_per_floor":["M","?","M","COS","M","R","E","M","T","R","?","$","M","M","R","B",null,"M","$","?","M","M","R","M","?","T","R","E","M","COS","M"],"character_chosen":"REIMU","items_purchased":["KaguraBell:ReiMu","FoulBorder2:ReiMu","Conquer:ReiMu","AirStrike:ReiMu+1","ShadowOfCrow2:ReiMu","InherentArray:ReiMu","Mercury Hourglass"],"campfire_rested":3,"item_purchase_floors":[12,12,12,19,19,19,19],"current_hp_per_floor":[65,65,65,65,26,45,18,11,11,30,36,36,15,15,36,32,71,56,56,56,17,19,19,13,28,28,28,4,1,1,0,0],"gold":18,"neow_bonus":"THREE_ENEMY_KILL","is_daily":false,"chose_seed":false,"campfire_upgraded":2,"win_rate":0.0,"timestamp":1613899789,"path_taken":["M","?","M","COS","M","R","E","M","T","R","?","?","M","M","R","BOSS","M","$","?","M","M","R","M","?","T","R","E","?","COS","M"],"items_purchased_type":["Relic","Card","Card","Card","Card","Card","Relic"],"build_version":"2020-12-22","purchased_purges":0,"victory":false,"max_hp_per_floor":[65,65,65,65,65,65,65,65,65,65,71,71,71,71,71,71,71,71,71,64,64,64,64,64,64,64,64,64,54,54,54,54],"card_choices":[{"not_picked":["SpreadBorder2:ReiMu","TightArray:ReiMu"],"picked":"PrepareRite:ReiMu","floor":1},{"not_picked":["SubAcupoint:ReiMu","SpiritualOutbreak2:ReiMu"],"picked":"YinYangSange:ReiMu","floor":3},{"not_picked":["AirStrike:ReiMu+1","TakeOff:ReiMu+1"],"picked":"ManaGlint:ReiMu+1","floor":5},{"not_picked":["Conquer:ReiMu","AlertArray:ReiMu"],"picked":"Dreaming2:ReiMu","floor":5},{"not_picked":["SubAcupoint:ReiMu","Meditation:ReiMu"],"picked":"AirStrike:ReiMu","floor":7},{"not_picked":["Conquer:ReiMu","Enchanting:ReiMu"],"picked":"OctopathBindingBorder2:ReiMu","floor":8},{"not_picked":["Free:ReiMu","WonderfulDomain:ReiMu"],"picked":"InherentArray:ReiMu","floor":13},{"not_picked":["ManaGlint:ReiMu","AlertArray:ReiMu"],"picked":"MikOfLucky:ReiMu","floor":14},{"not_picked":["Shading:ReiMu","Authority:ReiMu"],"picked":"DependentForm:ReiMu","floor":16},{"not_picked":["RainPray2:ReiMu","PayForSelf:ReiMu"],"picked":"FantasyMoon:ReiMu","floor":18},{"not_picked":["Gensokyo:GapWoman","Gensokyo:SpontaneousHumanCombustion"],"picked":"Gensokyo:RedCapeBlueCape","floor":20},{"not_picked":["AirStrike:ReiMu+1","PayForSelf:ReiMu"],"picked":"TightArray:ReiMu","floor":21},{"not_picked":["PayForSelf:ReiMu","AirStrike:ReiMu+1"],"picked":"TightArray:ReiMu","floor":22},{"not_picked":["EmergencyTakeOff:ReiMu+1","SpringWay:ReiMu"],"picked":"FineLineFantasy:ReiMu","floor":24},{"not_picked":["AirManeuver:ReiMu","ShadowOfCrow2:ReiMu+1"],"picked":"Meditation:ReiMu","floor":28},{"not_picked":["HakureiPhantom:ReiMu","DoubleButterfly:ReiMu"],"picked":"NineCharacters:ReiMu","floor":29}],"player_experience":198911,"relics_obtained":[{"floor":7,"key":"Snack Pack"},{"floor":9,"key":"Bag of Preparation"},{"floor":16,"key":"Gensokyo:OccultBall"},{"floor":24,"key":"Gensokyo:OccultBall"},{"floor":26,"key":"Blue Candle"},{"floor":28,"key":"Kunai"}],"event_choices":[],"is_beta":false,"boss_relics":[{"not_picked":["Cursed Key","ChewingGum"],"picked":"Replay:Bronze Core"}],"items_purged_floors":[],"is_endless":false,"potions_floor_spawned":[1,3,7,21,22,24,28,29],"killed_by":"Gensokyo:3_Gloops","ascension_level":0}}