{"host":"vxxgntm1odai56nh","time":1613873493,"event":{"mods":["AchievementEnabler","BaseMod","Colored Map","Colored Powertips","Highlight Path","Minty Spire (QoL Compilation)","Permanent Neow","Rare Cards Sparkle","Relic Stats","StSLib"],"gold_per_floor":[119,134,151,167,20,20,54,65,65,77,77,77],"floor_reached":11,"language":"ENG","playtime":313,"items_purged":[],"score":96,"play_id":"2c01fbea-0407-4733-b00b-3541ea79f02b","local_time":"20210220211133","is_ascension_mode":true,"campfire_choices":[{"data":"Limit Break","floor":6,"key":"SMITH"}],"circlet_count":0,"master_deck":["Strike_R","Strike_R","Strike_R","Strike_R","Strike_R","Defend_R","Defend_R","Defend_R","Defend_R","Bash","Limit Break+1","Whirlwind","Reckless Charge","Flame Barrier","Headbutt","Shrug It Off","Feel No Pain","Twin Strike+1"],"relics":["Burning Blood","Vajra","Centennial Puzzle","Molten Egg 2"],"acts_visited":["Exordium"],"potions_floor_usage":[11],"damage_taken":[{"damage":1,"enemies":"Cultist","floor":1,"turns":4},{"damage":7,"enemies":"Small Slimes","floor":2,"turns":3},{"damage":3,"enemies":"2 Louse","floor":3,"turns":2},{"damage":36,"enemies":"Exordium Wildlife","floor":4,"turns":7},{"damage":37,"enemies":"Gremlin Nob","floor":7,"turns":4},{"damage":0,"enemies":"Lots of Slimes","floor":8,"turns":1},{"damage":14,"enemies":"Blue Slaver","floor":10,"turns":5},{"damage":23,"enemies":"Lagavulin","floor":11,"turns":3}],"seed_played":"3925375358861406154","potions_obtained":[{"floor":1,"key":"Fire Potion"},{"floor":3,"key":"Dexterity Potion"},{"floor":7,"key":"AttackPotion"},{"floor":10,"key":"Fire Potion"}],"is_trial":false,"path_per_floor":["M","M","M","M","$","R","E","M","T","M","E"],"character_chosen":"IRONCLAD","items_purchased":["Vajra"],"campfire_rested":0,"item_purchase_floors":[5],"current_hp_per_floor":[80,79,80,50,50,50,19,25,25,17,0,0],"gold":77,"neow_bonus":"ONE_RANDOM_RARE_CARD","is_daily":false,"chose_seed":false,"campfire_upgraded":1,"win_rate":0.0,"timestamp":1613873493,"path_taken":["M","M","M","M","$","R","E","M","T","M","E"],"items_purchased_type":["Relic"],"build_version":"2020-12-22","purchased_purges":0,"victory":false,"max_hp_per_floor":[80,80,80,80,80,80,80,80,80,80,80,80],"relic_stats":{"Centennial Puzzle":[6],"counters":[8,29],"obtain_stats":[{"Centennial Puzzle":7,"Vajra":5,"Molten Egg 2":9,"Burning Blood":0},{"Centennial Puzzle":5,"Vajra":4,"Molten Egg 2":6,"Burning Blood":0},{"Centennial Puzzle":20,"Vajra":16,"Molten Egg 2":21,"Burning Blood":0}],"Burning Blood":35},"card_choices":[{"not_picked":["Second Wind","Entrench"],"picked":"Whirlwind","floor":1},{"not_picked":["Second Wind","Shrug It Off"],"picked":"Reckless Charge","floor":2},{"not_picked":["Iron Wave","Headbutt"],"picked":"Flame Barrier","floor":3},{"not_picked":["True Grit","Clothesline"],"picked":"Headbutt","floor":4},{"not_picked":["Thunderclap","Body Slam"],"picked":"Shrug It Off","floor":7},{"not_picked":["Anger","Pommel Strike"],"picked":"Feel No Pain","floor":8},{"not_picked":["Brutality","Evolve"],"picked":"Twin Strike+1","floor":10}],"player_experience":155992,"relics_obtained":[{"floor":7,"key":"Centennial Puzzle"},{"floor":9,"key":"Molten Egg 2"}],"event_choices":[],"is_beta":false,"boss_relics":[],"items_purged_floors":[],"is_endless":false,"potions_floor_spawned":[1,3,7,10],"killed_by":"Lagavulin","ascension_level":5}}