{"host":"5h6e4l6hpn0p5lap","time":1613945513,"event":{"mods":["AchievementEnabler","BaseMod","Better Altar","Better Match","Better Sensory Stone","Better Skull","Better Third Choice","Colored Map","Filter the Spire","Minty Spire (QoL Compilation)","StSLib"],"gold_per_floor":[109,184,184,1,19,19,54,54,54,88,88,88,109,134,134,260,260,280,22,41,41,41,41,58,58,58,70,82,99,114,114,114,219,219,232,232,232,282,294,326,113,113,162,87,99,99,111,125,125,125,125],"floor_reached":50,"language":"ENG","playtime":1895,"items_purged":["Strike_G"],"score":761,"play_id":"dd8318d3-13dc-453e-a8d3-a934b54a143a","local_time":"20210221171153","is_ascension_mode":true,"campfire_choices":[{"data":"Flechettes","floor":6,"key":"SMITH"},{"data":"1","floor":12,"key":"LIFT"},{"floor":15,"key":"REST"},{"data":"2","floor":23,"key":"LIFT"},{"floor":25,"key":"REST"},{"data":"3","floor":32,"key":"LIFT"},{"floor":46,"key":"REST"},{"floor":49,"key":"REST"}],"circlet_count":0,"master_deck":["AscendersBane","Strike_G","Strike_G","Defend_G","Defend_G","Defend_G","Defend_G","Survivor","Neutralize","Flechettes+1","Deadly Poison","Footwork","Cloak And Dagger","Sucker Punch+1","Adrenaline","Dark Shackles","Masterful Stab","Glass Knife","PiercingWail","Deadly Poison","Acrobatics+1","Corpse Explosion","Heel Hook+1","Acrobatics+1","PiercingWail+1","Bullet Time","Dodge and Roll+1","Writhe","Deflect+1","Blur","Noxious Fumes+1","Well Laid Plans+1","Catalyst+1"],"relics":["Ring of the Snake","NeowsBlessing","Bloody Idol","Girya","Dream Catcher","Frozen Egg 2","Fusion Hammer","Shuriken","Bottled Lightning","Empty Cage","Du-Vu Doll","Pocketwatch","Kunai","Akabeko"],"acts_visited":["Exordium","TheCity","TheBeyond"],"potions_floor_usage":[33,45,47,50,50],"damage_taken":[{"damage":0,"enemies":"Cultist","floor":1,"turns":1},{"damage":0,"enemies":"2 Louse","floor":5,"turns":1},{"damage":0,"enemies":"Gremlin Nob","floor":7,"turns":1},{"damage":20,"enemies":"Lagavulin","floor":10,"turns":9},{"damage":0,"enemies":"Small Slimes","floor":13,"turns":3},{"damage":7,"enemies":"3 Louse","floor":14,"turns":3},{"damage":25,"enemies":"The Guardian","floor":16,"turns":16},{"damage":8,"enemies":"3 Byrds","floor":18,"turns":5},{"damage":0,"enemies":"Spheric Guardian","floor":20,"turns":1},{"damage":17,"enemies":"Snake Plant","floor":24,"turns":4},{"damage":7,"enemies":"Cultist and Chosen","floor":27,"turns":5},{"damage":0,"enemies":"Snecko","floor":28,"turns":3},{"damage":8,"enemies":"Centurion and Healer","floor":29,"turns":3},{"damage":0,"enemies":"3 Cultists","floor":30,"turns":2},{"damage":65,"enemies":"Collector","floor":33,"turns":11},{"damage":13,"enemies":"3 Shapes","floor":35,"turns":6},{"damage":1,"enemies":"Mind Bloom Boss Battle","floor":38,"turns":8},{"damage":0,"enemies":"3 Darklings","floor":39,"turns":2},{"damage":56,"enemies":"Nemesis","floor":40,"turns":7},{"damage":13,"enemies":"Transient","floor":45,"turns":5},{"damage":1,"enemies":"Jaw Worm Horde","floor":47,"turns":2},{"damage":4,"enemies":"3 Darklings","floor":48,"turns":2},{"damage":100,"enemies":"Awakened One","floor":50,"turns":9}],"seed_played":"4203019451061809443","potions_obtained":[{"floor":1,"key":"FairyPotion"},{"floor":7,"key":"SmokeBomb"},{"floor":10,"key":"PowerPotion"},{"floor":16,"key":"SkillPotion"},{"floor":20,"key":"FairyPotion"},{"floor":33,"key":"PowerPotion"},{"floor":38,"key":"Dexterity Potion"},{"floor":45,"key":"Energy Potion"},{"floor":48,"key":"Regen Potion"}],"is_trial":false,"path_per_floor":["M","?","?","$","M","R","E","?","T","E","?","R","M","M","R","B",null,"M","$","M","?","?","R","M","R","T","M","M","M","M","?","R","B",null,"M","?","?","?","M","E","$","T","T","$","M","R","M","M","R","B"],"character_chosen":"THE_SILENT","items_purchased":["Deadly Poison","Footwork","Cloak And Dagger","Shuriken","Blur","Noxious Fumes+1","Well Laid Plans+1"],"campfire_rested":4,"item_purchase_floors":[4,4,4,19,41,41,44],"current_hp_per_floor":[63,52,52,52,52,52,52,52,52,32,32,32,32,25,44,19,54,46,46,46,45,45,45,33,52,52,50,55,52,57,57,57,24,55,47,63,63,65,65,14,14,14,19,19,11,30,34,35,54,0,0],"gold":125,"neow_bonus":"THREE_ENEMY_KILL","is_daily":false,"chose_seed":false,"campfire_upgraded":1,"win_rate":0.0,"timestamp":1613945513,"path_taken":["M","?","?","$","M","R","E","?","T","E","?","R","M","M","R","BOSS","M","$","M","?","?","R","M","R","T","?","M","M","M","?","R","BOSS","M","?","?","?","M","E","$","?","T","$","M","R","M","M","R","BOSS"],"items_purchased_type":["Card","Card","Card","Relic","Card","Card","Card"],"build_version":"2020-12-22","purchased_purges":1,"victory":false,"max_hp_per_floor":[70,70,65,65,65,65,65,65,65,65,65,65,65,65,65,65,65,65,65,65,65,65,65,65,65,65,65,65,65,65,65,65,65,65,65,65,65,65,65,65,65,65,65,65,65,65,65,65,65,65,65],"card_choices":[{"not_picked":["Sucker Punch","Underhanded Strike"],"picked":"Flechettes","floor":1},{"not_picked":["Cloak And Dagger","Expertise"],"picked":"Sucker Punch","floor":5},{"not_picked":["Sucker Punch","Predator","Dodge and Roll"],"picked":"SKIP","floor":7},{"not_picked":["All Out Attack","Backflip"],"picked":"Adrenaline","floor":10},{"not_picked":["Madness","Finesse"],"picked":"Dark Shackles","floor":11},{"not_picked":["Cloak And Dagger","Prepared"],"picked":"Masterful Stab","floor":13},{"not_picked":["Dagger Throw","Flying Knee","Sucker Punch"],"picked":"SKIP","floor":14},{"not_picked":["Night Terror","Unload"],"picked":"Glass Knife","floor":16},{"not_picked":["Underhanded Strike+1","Sucker Punch"],"picked":"PiercingWail","floor":18},{"not_picked":["Sucker Punch+1","Acrobatics"],"picked":"Deadly Poison","floor":20},{"not_picked":["Poisoned Stab+1","Flying Knee"],"picked":"Acrobatics+1","floor":24},{"not_picked":["Prepared+1","Acrobatics"],"picked":"Corpse Explosion","floor":25},{"not_picked":["Quick Slash","Poisoned Stab","Deflect"],"picked":"SKIP","floor":27},{"not_picked":["Predator","Endless Agony+1"],"picked":"Heel Hook+1","floor":28},{"not_picked":["Quick Slash","Underhanded Strike"],"picked":"Acrobatics+1","floor":29},{"not_picked":["All Out Attack+1","Dagger Spray+1"],"picked":"PiercingWail+1","floor":30},{"not_picked":["Doppelganger","Corpse Explosion"],"picked":"Bullet Time","floor":33},{"not_picked":["Eviscerate+1","Footwork+1"],"picked":"Dodge and Roll+1","floor":35},{"not_picked":["Dagger Spray+1","Noxious Fumes+1"],"picked":"Deflect+1","floor":38},{"not_picked":["Eviscerate","Choke+1","Dagger Spray+1"],"picked":"SKIP","floor":39},{"not_picked":["Prepared+1","Flying Knee","Flechettes"],"picked":"SKIP","floor":40},{"not_picked":["PiercingWail","Dagger Throw","Acrobatics"],"picked":"SKIP","floor":45},{"not_picked":["Leg Sweep+1","PiercingWail"],"picked":"Catalyst+1","floor":46},{"not_picked":["Flying Knee","PiercingWail","Prepared"],"picked":"SKIP","floor":47},{"not_picked":["Acrobatics+1","Caltrops+1","Predator"],"picked":"SKIP","floor":48}],"player_experience":1157599,"relics_obtained":[{"floor":7,"key":"Girya"},{"floor":9,"key":"Dream Catcher"},{"floor":10,"key":"Frozen Egg 2"},{"floor":26,"key":"Bottled Lightning"},{"floor":38,"key":"Du-Vu Doll"},{"floor":40,"key":"Pocketwatch"},{"floor":42,"key":"Kunai"},{"floor":43,"key":"Akabeko"}],"event_choices":[{"damage_healed":0,"gold_gain":75,"player_choice":"Gold","damage_taken":11,"max_hp_gain":0,"max_hp_loss":0,"event_name":"betterThird:BetterGoop","floor":2,"gold_loss":0},{"damage_healed":0,"gold_gain":0,"player_choice":"Lose Max HP","damage_taken":0,"relics_obtained":["Golden Idol"],"max_hp_gain":0,"max_hp_loss":5,"event_name":"Golden Idol","floor":3,"gold_loss":0},{"damage_healed":0,"gold_gain":0,"player_choice":"Grow","damage_taken":0,"max_hp_gain":0,"max_hp_loss":0,"event_name":"Living Wall","floor":8,"gold_loss":0,"cards_upgraded":["Sucker Punch"]},{"damage_healed":0,"gold_gain":1,"player_choice":"1","damage_taken":0,"max_hp_gain":0,"max_hp_loss":0,"event_name":"betterStone:BetterStone","floor":11,"gold_loss":0},{"damage_healed":0,"gold_gain":0,"player_choice":" GoldIdol ","damage_taken":1,"relics_obtained":["Bloody Idol"],"max_hp_gain":46,"max_hp_loss":45,"event_name":"betterAltar:BetterAltar","floor":21,"potions_obtained":[],"relics_lost":["Golden Idol"],"gold_loss":0},{"damage_healed":0,"gold_gain":0,"player_choice":"Ignored","damage_taken":0,"max_hp_gain":0,"max_hp_loss":0,"event_name":"N\u0027loth","floor":22,"gold_loss":0},{"cards_removed":["Strike_G"],"damage_healed":0,"gold_gain":0,"player_choice":"Purged","damage_taken":0,"max_hp_gain":0,"max_hp_loss":0,"event_name":"Purifier","floor":31,"gold_loss":0},{"damage_healed":16,"gold_gain":0,"player_choice":"Writhe","damage_taken":0,"max_hp_gain":0,"max_hp_loss":0,"event_name":"Winding Halls","floor":36,"gold_loss":0,"cards_obtained":["Writhe"]},{"damage_healed":0,"gold_gain":0,"player_choice":"Ignored","damage_taken":0,"max_hp_gain":0,"max_hp_loss":0,"event_name":"Mysterious Sphere","floor":37,"gold_loss":0},{"damage_healed":0,"gold_gain":0,"player_choice":"Fight","damage_taken":0,"max_hp_gain":0,"max_hp_loss":0,"event_name":"MindBloom","floor":38,"gold_loss":0}],"is_beta":false,"boss_relics":[{"not_picked":["Pandora\u0027s Box","SlaversCollar"],"picked":"Fusion Hammer"},{"not_picked":["Cursed Key","Snecko Eye"],"picked":"Empty Cage"}],"items_purged_floors":[41],"is_endless":false,"potions_floor_spawned":[1,7,10,16,20,24,27,33,38,40,45,48],"killed_by":"Awakened One","ascension_level":10}}