{"host":"xr2w6q7a088fu8w2","time":1613892996,"event":{"mods":["AchievementEnabler","BaseMod","Colored Powertips","Good Game Mod","Mimic Mod","Minty Spire (QoL Compilation)","MostiFishMod","Relic Filter Mod","Reliquary","StSLib","UnlockEverythingMod"],"gold_per_floor":[111,127,144,77,77,77,94,13,95,112,12,12,38,38,38,143,143,154,154,154,165,182,193,193,107,107,107,107,107,32,32,32,134,134,146,75,75,85,104,104,134,49,49,49,66,85,105,256,256,354,354,354],"floor_reached":51,"language":"ZHS","playtime":2060,"items_purged":["Defend_G","Strike_G","Defend_G+1","Strike_G+1"],"score":1090,"play_id":"92a3b718-0266-4699-9353-dc977e537ef5","local_time":"20210221153635","daily_mods":["Vintage","Red Cards","Green Cards","Blue Cards","Purple Cards","Colorless Cards","Heirloom","Time Dilation"],"is_ascension_mode":false,"campfire_choices":[{"data":"Neutralize","floor":6,"key":"SMITH"},{"data":"Good Instincts","floor":12,"key":"SMITH"},{"floor":15,"key":"REST"},{"floor":24,"key":"REST"},{"floor":28,"key":"REST"},{"floor":32,"key":"REST"},{"floor":40,"key":"REST"},{"floor":49,"key":"REST"}],"circlet_count":0,"master_deck":["Strike_G+1","Strike_G+1","Strike_G+1","Defend_G+1","Defend_G+1","Defend_G+1","Survivor+1","Neutralize+1","Good Instincts+1","Dramatic Entrance+1","Consecrate+1","Swift Strike+1"],"relics":["Ring of the Snake","REME:ComplimentaryCards","DaveBox","ArrowTower","Thread and Needle","reliquary:TatteredRug","SynthV:TestCard","Blue Candle","Centennial Puzzle","Anchor","reliquary:WeakTea","reliquary:JackalopeAntler","reliquary:RadioactivePellet","Odd Mushroom","reliquary:Aerogel","Busted Crown","ImprovedEquipment","reliquary:HotPoker","Molten Egg 2","reliquary:ExpiredCoupon","Frozen Egg 2","Enchiridion","Kunai","RhineCircuit","Bag of Marbles","reliquary:FingerTrap","Tingsha","reliquary:PorcupineQuills","WingedGreaves","Gremlin Horn","SentryEyes","The Courier","Akabeko","Regal Pillow","reliquary:Knoch","Fusion Hammer"],"acts_visited":["Exordium","TheCity","TheBeyond","Exordium"],"potions_floor_usage":[],"damage_taken":[{"damage":0,"enemies":"Cultist","floor":1,"turns":3},{"damage":0,"enemies":"Small Slimes","floor":2,"turns":3},{"damage":0,"enemies":"Jaw Worm","floor":3,"turns":3},{"damage":0,"enemies":"2 Fungi Beasts","floor":7,"turns":2},{"damage":0,"enemies":"Exordium Thugs","floor":10,"turns":4},{"damage":0,"enemies":"The Mushroom Lair","floor":13,"turns":3},{"damage":6,"enemies":"The Guardian","floor":16,"turns":9},{"damage":0,"enemies":"Shell Parasite","floor":18,"turns":5},{"damage":0,"enemies":"2 Thieves","floor":21,"turns":3},{"damage":0,"enemies":"Centurion and Healer","floor":22,"turns":4},{"damage":0,"enemies":"Snake Plant","floor":23,"turns":4},{"damage":0,"enemies":"Champ","floor":33,"turns":10},{"damage":0,"enemies":"Orb Walker","floor":35,"turns":3},{"damage":0,"enemies":"3 Darklings","floor":38,"turns":2},{"damage":0,"enemies":"4 Shapes","floor":39,"turns":1},{"damage":0,"enemies":"Nemesis","floor":41,"turns":5},{"damage":0,"enemies":"Spire Growth","floor":45,"turns":3},{"damage":0,"enemies":"Transient","floor":46,"turns":5},{"damage":0,"enemies":"3 Darklings","floor":47,"turns":1},{"damage":0,"enemies":"Time Eater","floor":50,"turns":9}],"seed_played":"-4103846873450108039","potions_obtained":[{"floor":1,"key":"SmokeBomb"},{"floor":3,"key":"DistilledChaos"},{"floor":13,"key":"SneckoOil"},{"floor":21,"key":"Fire Potion"},{"floor":33,"key":"ColorlessPotion"},{"floor":35,"key":"LiquidMemories"},{"floor":38,"key":"PowerPotion"},{"floor":41,"key":"DuplicationPotion"}],"is_trial":true,"path_per_floor":["M","M","M","$","?","R","M","$","T","M","$","R","?","?","R","B",null,"M","?","?","M","M","M","R","$","T","?","R","$","?","?","R","B",null,"M","$","?","M","M","R","E","$","T","?","M","M","M","$","R","B",null],"character_chosen":"THE_SILENT","items_purchased":["Anchor","Good Instincts","Dramatic Entrance+1","reliquary:FingerTrap","Swift Strike+1","ColorlessPotion","SkillPotion","Weak Potion","Ancient Potion","Strength Potion","SmokeBomb","SteroidPotion","DistilledChaos","Block Potion","CunningPotion","Weak Potion","Energy Potion","LiquidMemories","DistilledChaos","CultistPotion","Block Potion","Poison Potion","BlessingOfTheForge","Fire Potion","Dexterity Potion","Strength Potion","Block Potion","Energy Potion","Swift Potion","Energy Potion","SteroidPotion","DistilledChaos","AttackPotion","SkillPotion","GamblersBrew","Regen Potion","SteroidPotion","Strength Potion","Poison Potion","Energy Potion","SkillPotion","Swift Potion","SpeedPotion","EssenceOfSteel","CunningPotion","EntropicBrew","AttackPotion","Block Potion","Block Potion","Dexterity Potion","SpeedPotion","Block Potion","Explosive Potion","Poison Potion","reliquary:Knoch"],"campfire_rested":6,"item_purchase_floors":[4,8,25,36,42,48,48,48,48,48,48,48,48,48,48,48,48,48,48,48,48,48,48,48,48,48,48,48,48,48,48,48,48,48,48,48,48,48,48,48,48,48,48,48,48,48,48,48,48,48,48,48,48,48,48],"current_hp_per_floor":[70,70,70,70,70,70,70,70,70,70,70,70,70,37,58,52,70,70,70,70,70,70,70,70,70,70,54,70,70,70,70,70,70,70,70,70,70,70,70,70,70,70,70,70,70,70,70,70,70,70,70,70],"gold":354,"neow_bonus":"","is_daily":false,"chose_seed":false,"campfire_upgraded":2,"win_rate":0.0,"timestamp":1613892995,"path_taken":["M","M","M","$","?","R","M","$","T","?","?","R","?","?","R","BOSS","M","?","?","?","?","M","R","?","T","?","R","$","?","?","R","BOSS","M","$","?","M","M","R","E","?","T","?","M","?","M","$","R","BOSS"],"items_purchased_type":["Relic","Card","Card","Relic","Card","Potion","Potion","Potion","Potion","Potion","Potion","Potion","Potion","Potion","Potion","Potion","Potion","Potion","Potion","Potion","Potion","Potion","Potion","Potion","Potion","Potion","Potion","Potion","Potion","Potion","Potion","Potion","Potion","Potion","Potion","Potion","Potion","Potion","Potion","Potion","Potion","Potion","Potion","Potion","Potion","Potion","Potion","Potion","Potion","Potion","Potion","Potion","Potion","Potion","Relic"],"build_version":"2020-12-22","purchased_purges":4,"victory":false,"max_hp_per_floor":[70,70,70,70,70,70,70,70,70,70,70,70,70,70,70,70,70,70,70,70,70,70,70,70,70,70,70,70,70,70,70,70,70,70,70,70,70,70,70,70,70,70,70,70,70,70,70,70,70,70,70,70],"card_choices":[{"not_picked":["CrushJoints+1","FlyingSleeves+1"],"picked":"Consecrate+1","floor":41}],"player_experience":145524,"relics_obtained":[{"floor":1,"key":"reliquary:TatteredRug"},{"floor":1,"key":"SynthV:TestCard"},{"floor":2,"key":"Blue Candle"},{"floor":3,"key":"Centennial Puzzle"},{"floor":7,"key":"reliquary:WeakTea"},{"floor":9,"key":"reliquary:JackalopeAntler"},{"floor":10,"key":"reliquary:RadioactivePellet"},{"floor":13,"key":"Odd Mushroom"},{"floor":18,"key":"ImprovedEquipment"},{"floor":21,"key":"reliquary:HotPoker"},{"floor":22,"key":"Molten Egg 2"},{"floor":23,"key":"reliquary:ExpiredCoupon"},{"floor":26,"key":"Frozen Egg 2"},{"floor":27,"key":"Enchiridion"},{"floor":35,"key":"Bag of Marbles"},{"floor":38,"key":"Tingsha"},{"floor":39,"key":"reliquary:PorcupineQuills"},{"floor":41,"key":"WingedGreaves"},{"floor":43,"key":"Gremlin Horn"},{"floor":45,"key":"The Courier"},{"floor":46,"key":"Akabeko"},{"floor":47,"key":"Regal Pillow"}],"event_choices":[{"damage_healed":0,"gold_gain":0,"player_choice":"Fought Mushrooms","damage_taken":0,"max_hp_gain":0,"max_hp_loss":0,"event_name":"Mushrooms","floor":13,"gold_loss":0},{"damage_healed":0,"gold_gain":0,"player_choice":"Success","damage_taken":33,"relics_obtained":["reliquary:Aerogel"],"max_hp_gain":0,"max_hp_loss":0,"event_name":"Scrap Ooze","floor":14,"gold_loss":0},{"damage_healed":0,"gold_gain":0,"player_choice":"Simplicity","damage_taken":0,"max_hp_gain":0,"max_hp_loss":0,"event_name":"Back to Basics","floor":19,"gold_loss":0,"cards_upgraded":["Strike_G","Strike_G","Strike_G","Strike_G","Defend_G","Defend_G","Defend_G","Defend_G","Strike_G"]},{"damage_healed":0,"gold_gain":0,"player_choice":"Upgraded","damage_taken":0,"max_hp_gain":0,"max_hp_loss":0,"event_name":"Upgrade Shrine","floor":20,"gold_loss":0,"cards_upgraded":["Survivor"]},{"damage_healed":0,"gold_gain":0,"player_choice":"Obtained Book","damage_taken":16,"max_hp_gain":0,"max_hp_loss":0,"event_name":"Cursed Tome","floor":27,"gold_loss":0},{"cards_removed":["Strike_G"],"damage_healed":0,"gold_gain":0,"player_choice":"Gave Gold","damage_taken":0,"max_hp_gain":0,"max_hp_loss":0,"event_name":"Beggar","floor":30,"gold_loss":75},{"damage_healed":0,"gold_gain":0,"player_choice":"Opened","damage_taken":0,"relics_obtained":["Kunai"],"max_hp_gain":0,"max_hp_loss":0,"event_name":"The Mausoleum","floor":31,"gold_loss":0},{"damage_healed":0,"gold_gain":0,"player_choice":"Ignored","damage_taken":0,"max_hp_gain":0,"max_hp_loss":0,"event_name":"NoteForYourself","floor":37,"gold_loss":0},{"damage_healed":0,"gold_gain":0,"player_choice":"Gave Potion","damage_taken":0,"relics_obtained":["SentryEyes"],"max_hp_gain":0,"max_hp_loss":0,"event_name":"WeMeetAgain","floor":44,"gold_loss":0}],"is_beta":false,"boss_relics":[{"not_picked":["Sozu","Ectoplasm"],"picked":"Busted Crown"},{"not_picked":["Tiny House","MoonlightInvasionPlan"],"picked":"RhineCircuit"},{"not_picked":["Velvet Choker","SacredBark"],"picked":"Fusion Hammer"}],"items_purged_floors":[4,11,36,48],"is_endless":true,"potions_floor_spawned":[1,3,13,21,33,35,38,41],"ascension_level":0}}