{"host":"309cd6jyiw3t7f6r","time":1613923671,"event":{"mods":["100% Spire Juice","ATMod(阿瑾Mod)","Act Like it!","Arknights","BaseMod","CapriCore","Downfall","Gensokyo","KinomotoSakuraMod(木之本?)","Koishi","KomeijiMod","Marisa（霧雨　魔理沙）","Minty Spire (QoL Compilation)","MostiFishMod","Prisma Mod","READ ME - Guardian Mod","Reimu（博???）","Remilia（蕾米莉?）","RumiaBox-露米?的神秘盒子","StSLib","The Administrix","The Animator","The Immortal","The Marked","WarShipGirlsR/??少女R mod","Yakumo Yukari mod","Youmu（魂魄妖?）","noobMod","【角色mod】十八桐人","?留之物"],"gold_per_floor":[116,140,140,140,140,167,185,214,214,227,227,67,114,141,141,241,241,285,305,305,322,292,330,330,351,377,377,377,415,415,85,85,323,323,417,221,221,221,221,276,58,58,58,58,152,197,197,197,197,247],"floor_reached":51,"language":"ZHS","playtime":4786,"items_purged":["Injury","animator:Strike","animator:Defend"],"score":786,"play_id":"5624efcb-be4c-4a20-b6d3-452bb3f4db02","local_time":"20210222000751","is_ascension_mode":false,"campfire_choices":[{"data":"animator:SuzuneAmano","floor":11,"key":"SMITH"},{"data":"animator:Tet","floor":15,"key":"SMITH"},{"floor":24,"key":"REST"},{"data":"animator:SayakaMiki","floor":27,"key":"SMITH"},{"floor":32,"key":"REST"},{"floor":42,"key":"REST"},{"data":"AT_FamilyPortrait","floor":44,"key":"SMITH"},{"floor":49,"key":"REST"}],"circlet_count":0,"master_deck":["animator:Defend_MadokaMagica+1","animator:Strike+1","animator:Defend+1","animator:Defend+1","animator:IrohaTamaki","animator:YuiTsuruno","AT_FamilyPortrait+1","animator:YuiTsuruno+1","animator:MamiTomoe","animator:MadokaKaname+1","animator:YachiyoNanami","animator:NagisaMomoe","animator:SuzuneAmano+1","animator:Tet+1","animator:Saitama","animator:KyokoSakura","animator:Chris","Gensokyo:FourOfAKind","Gensokyo:FourOfAKind+1","Gensokyo:FourOfAKind","Gensokyo:FourOfAKind","animator:OrikoMikuni","animator:Wiz","animator:SayakaMiki+1","Shame","animator:Kyubey","animator:Sora","animator:MisaKurobane","Gensokyo:PrivateSquare","animator:MamizouFutatsuiwa","animator:SuzuneAmano+1"],"relics":["animator:LivingPicture","animator:TheMissingPiece","AT_ATBox","ice","DaveBox","Chemical X","NeowsBlessing","SynthV:TestCard","Mango","animator:ShionDessert","MagicDraw1","ThornShield","Enchiridion","Happy Flower","animator:HolyGrailRelic","AT_RedNoBalance","HoshigumaDish","AT_MibuBalloonWealth","Shuriken","Molten Egg 2","ChiXiaoBlade","War Paint","AntiCross","Ccalipers"],"acts_visited":["Gensokyo:Gensokyo","Gensokyo:Gensokyoer","Gensokyo:Gensokyoest"],"potions_floor_usage":[8,29,33,33,50],"damage_taken":[{"damage":0.0,"enemies":"Gensokyo:Python","floor":1.0,"turns":1.0},{"damage":0.0,"enemies":"Gensokyo:3_Fairies","floor":2.0,"turns":2.0},{"damage":0.0,"enemies":"Gensokyo:Cirno","floor":6.0,"turns":2.0},{"damage":0.0,"enemies":"Gensokyo:2_Kodama","floor":7.0,"turns":5.0},{"damage":0,"enemies":"Gensokyo:5_Fairies","floor":8,"turns":6},{"damage":0,"enemies":"Gensokyo:3_Kodama","floor":10,"turns":2},{"damage":0,"enemies":"Gensokyo:Gryphon_and_Rabbit","floor":14,"turns":3},{"damage":23,"enemies":"Gensokyo:Kokoro","floor":16,"turns":7},{"damage":1,"enemies":"Gensokyo:CosmicMonolith","floor":18,"turns":3},{"damage":0,"enemies":"Gensokyo:2_Gloops","floor":19,"turns":4},{"damage":18,"enemies":"Gensokyo:Swordslinger","floor":21,"turns":2},{"damage":35,"enemies":"Gensokyo:Tenshi","floor":23,"turns":4},{"damage":6,"enemies":"Gensokyo:Wraith","floor":25,"turns":5},{"damage":19,"enemies":"Gensokyo:Koishi","floor":29,"turns":6},{"damage":33,"enemies":"Gensokyo:Kaguya","floor":33,"turns":9},{"damage":0,"enemies":"Gensokyo:3_Boulders","floor":35,"turns":5},{"damage":0,"enemies":"Gensokyo:Doremy","floor":40,"turns":4},{"damage":7,"enemies":"Gensokyo:3_Bats","floor":45,"turns":1},{"damage":15,"enemies":"Gensokyo:Sharpion","floor":46,"turns":3},{"damage":5,"enemies":"Gensokyo:Shinki","floor":50,"turns":6}],"seed_played":"-2094567433965917442","potions_obtained":[{"floor":6.0,"key":"Dexterity Potion"},{"floor":7,"key":"AttackPotion"},{"floor":10,"key":"MagicPotion:ReiMu"},{"floor":16,"key":"EssenceOfSteel"},{"floor":23,"key":"Ancient Potion"},{"floor":40,"key":"Explosive Potion"},{"floor":45,"key":"ColorlessPotion"}],"is_trial":false,"path_per_floor":["M","M","?","?","?","E","M","M","T","M","R","?","T","M","R","B",null,"M","M","?","M","?","E","R","M","T","R","?","E","T","$","R","B",null,"M","$","?","?","?","E","$","R","T","R","M","M","?","?","R","B",null],"character_chosen":"THE_ANIMATOR","items_purchased":["Molten Egg 2","animator:MisaKurobane","animator:MamizouFutatsuiwa"],"campfire_rested":4,"item_purchase_floors":[31,36,41],"current_hp_per_floor":[66,66,59,59,59,59,69,71,71,72,72,72,72,75,75,58,92,91,93,66,46,48,13,31,31,31,31,31,15,15,15,32,48,61,42,42,42,42,42,33,33,54,54,54,28,25,25,25,46,53],"gold":247,"neow_bonus":"THREE_ENEMY_KILL","is_daily":false,"chose_seed":false,"campfire_upgraded":4,"win_rate":0.0,"timestamp":1613923671,"path_taken":["M","M","?","?","?","E","?","?","T","M","R","?","?","M","R","BOSS","M","M","?","?","?","E","R","M","T","R","?","E","?","?","R","BOSS","M","$","?","?","?","E","$","R","T","R","M","M","?","?","R","BOSS"],"items_purchased_type":["Relic","Card","Card"],"build_version":"2020-12-22","purchased_purges":3,"victory":true,"max_hp_per_floor":[66,66,80,80,80,80,81,83,83,84,84,84,84,84,84,84,92,92,94,66,63,65,62,62,62,62,62,62,59,59,59,59,61,61,67,67,67,67,67,70,70,70,70,70,68,71,71,71,71,73],"card_choices":[{"not_picked":["animator:ChlammyZell","animator:ZankiKiguchi"],"picked":"animator:YuiTsuruno","floor":1.0},{"not_picked":["animator:Genos","animator:DolaSchwi","animator:OrikoMikuni","animator:Caster"],"picked":"animator:MamiTomoe","floor":2.0},{"not_picked":["animator:Rider","animator:Lancer","animator:ZankiKiguchi","animator:MumenRider","animator:SakuraMatou"],"picked":"SKIP","floor":6.0},{"not_picked":["animator:KyokoSakura","animator:OrikoMikuni","animator:YuiTsuruno","animator:SuzuneAmano"],"picked":"animator:YachiyoNanami","floor":7},{"not_picked":["animator:Vanir","animator:Azekura","animator:Sonic","animator:YunYun"],"picked":"animator:NagisaMomoe","floor":8},{"not_picked":["animator:DolaCouronne","animator:Chris","animator:KyokoSakura","animator:Cocytus"],"picked":"animator:SuzuneAmano","floor":10},{"not_picked":["animator:Kazuma","animator:Evileye","animator:Albedo","animator:Berserker"],"picked":"animator:Tet","floor":14},{"not_picked":["animator:Hans","animator:Biyorigo","animator:Shiro","animator:Saber"],"picked":"animator:Saitama","floor":16},{"not_picked":["animator:YachiyoNanami","animator:NagisaMomoe","animator:MamiTomoe","animator:YuiTsuruno"],"picked":"animator:KyokoSakura","floor":18},{"not_picked":["animator:Tet","animator:Illya","animator:Konayuki","animator:DolaSchwi"],"picked":"animator:Chris","floor":19},{"not_picked":["animator:Entoma+1","animator:NagisaMomoe","animator:Sebas","animator:Emonzaemon","animator:Mitsurugi"],"picked":"SKIP","floor":21},{"not_picked":[],"picked":"animator:OrikoMikuni","floor":22},{"not_picked":[],"picked":"animator:Wiz","floor":22},{"not_picked":["animator:Kazuma+1","animator:FielNirvalen","animator:SuzuneAmano","animator:Sonic","animator:Tatsumaki"],"picked":"SKIP","floor":23},{"not_picked":["animator:IrohaTamaki","animator:MamiTomoe","animator:YuiTsuruno","animator:NagisaMomoe"],"picked":"animator:SayakaMiki","floor":25},{"not_picked":["animator:Aqua","animator:PandorasActor","animator:TsurugaMeisai","animator:DolaSchwi+1"],"picked":"animator:Kyubey","floor":29},{"not_picked":["animator:Saber+1","animator:Boros","animator:Biyorigo","animator:Hans"],"picked":"animator:Sora","floor":33},{"not_picked":["animator:Berserker+1","animator:Demiurge+1","animator:Illya","animator:DolaRiku","animator:Chris+1"],"picked":"SKIP","floor":35},{"not_picked":["animator:Mitsurugi+1","animator:Boros","animator:Kazuma+1","animator:UneriGinkaku+1","animator:Berserker+1"],"picked":"SKIP","floor":40},{"not_picked":["animator:OrikoMikuni","animator:YachiyoNanami","animator:IrohaTamaki+1","animator:YuiTsuruno+1"],"picked":"animator:SuzuneAmano+1","floor":45},{"not_picked":["animator:ShinjiMatou+1","animator:Mitsurugi+1","animator:Berserker+1","animator:Sebas","animator:DolaCouronne"],"picked":"SKIP","floor":46}],"player_experience":358847,"relics_obtained":[{"floor":1.0,"key":"SynthV:TestCard"},{"floor":6.0,"key":"MagicDraw1"},{"floor":9,"key":"ThornShield"},{"floor":13,"key":"Happy Flower"},{"floor":23,"key":"AT_SilverBalance"},{"floor":26,"key":"HoshigumaDish"},{"floor":29,"key":"AT_MibuBalloonWealth"},{"floor":30,"key":"Shuriken"},{"floor":40,"key":"War Paint"},{"floor":43,"key":"AntiCross"}],"event_choices":[],"is_beta":false,"boss_relics":[{"not_picked":["EasyGame_NEW","PatriotShield"],"picked":"animator:HolyGrailRelic"},{"not_picked":["animator:CrumblingOrb","Empty Cage"],"picked":"ChiXiaoBlade"}],"items_purged_floors":[31,36,41],"is_endless":false,"potions_floor_spawned":[6,7,10,16,21,23,25,40,45],"ascension_level":0}}