{"host":"lg1piimdyocafd6j","time":1613909704,"event":{"mods":["AchievementEnabler","BaseMod","Better Third Choice","BetterRewards","Colored Map","Colored Powertips","Downfall","Minty Spire (QoL Compilation)","Quick Restart","Rare Cards Sparkle","Remove Card Discount Mod","Shop Mod","StSLib","SuperFastMode"],"gold_per_floor":[115,131,131,148,161,496,496,509,532,632,643,218,293,55,55,158,158,169,179,179,179,179,179,195,227,254,254,254,254,266,45,45,141,141,152,163,163,213,213,213,51,0,26,52,111,123,151,163,175,187,199,211,139,169,169,169],"floor_reached":55,"language":"ENG","playtime":2589,"items_purged":["Neutralize","Defend_G","Strike_G","Strike_G","Defend_G","Escape Plan","Slice","Defend_G","Strike_G","Strike_G","Strike_G","Defend_G","Defend_G","Deflect","Deflect","Madness","Madness","Normality"],"score":683,"play_id":"290d1ca8-467e-45b1-ab6a-542d5a97833b","local_time":"20210221131504","is_ascension_mode":false,"campfire_choices":[{"floor":7,"key":"RECALL"},{"floor":15,"key":"REST"},{"data":"Burst","floor":23,"key":"SMITH"},{"floor":27,"key":"REST"},{"data":"Cloak And Dagger","floor":29,"key":"SMITH"},{"data":"Burst","floor":32,"key":"SMITH"},{"data":"Burst","floor":40,"key":"SMITH"},{"floor":46,"key":"REST"},{"floor":49,"key":"REST"},{"data":"Adrenaline","floor":52,"key":"SMITH"}],"circlet_count":0,"master_deck":["Survivor","Accuracy+1","Caltrops+1","Infinite Blades+1","Accuracy+1","Infinite Blades+1","Cloak And Dagger+1","Footwork+1","Burst+1","Accuracy+1","Burst+1","Infinite Blades+1","Cloak And Dagger+1","Burst+1","Adrenaline+1","Cloak And Dagger","Caltrops+1","A Thousand Cuts+1"],"relics":["Ring of the Snake","Frozen Egg 2","TungstenRod","Old Coin","Orrery","Orichalcum","Bottled Tornado","Black Star","Pear","Regal Pillow","Happy Flower","MealTicket","Oddly Smooth Stone","DollysMirror","Cursed Key","Shovel","MawBank","Incense Burner","InkBottle","Ornamental Fan"],"acts_visited":["Exordium","TheCity","TheBeyond","TheEnding"],"potions_floor_usage":[6,25,50,55,55,55],"damage_taken":[{"damage":0,"enemies":"Jaw Worm","floor":1,"turns":7},{"damage":0,"enemies":"Cultist","floor":2,"turns":4},{"damage":1,"enemies":"2 Louse","floor":4,"turns":3},{"damage":3,"enemies":"Exordium Thugs","floor":5,"turns":6},{"damage":17,"enemies":"Gremlin Nob","floor":6,"turns":5},{"damage":3,"enemies":"3 Louse","floor":8,"turns":4},{"damage":8,"enemies":"2 Fungi Beasts","floor":11,"turns":6},{"damage":15,"enemies":"The Guardian","floor":16,"turns":7},{"damage":2,"enemies":"Chosen","floor":18,"turns":4},{"damage":9,"enemies":"Spheric Guardian","floor":19,"turns":4},{"damage":0,"enemies":"Chosen and Byrds","floor":24,"turns":6},{"damage":23,"enemies":"Slavers","floor":25,"turns":8},{"damage":0,"enemies":"Sentry and Sphere","floor":30,"turns":3},{"damage":14,"enemies":"Champ","floor":33,"turns":6},{"damage":6,"enemies":"Orb Walker","floor":35,"turns":3},{"damage":4,"enemies":"3 Darklings","floor":36,"turns":4},{"damage":0,"enemies":"Mind Bloom Boss Battle","floor":38,"turns":4},{"damage":29,"enemies":"Spire Growth","floor":44,"turns":4},{"damage":28,"enemies":"2 Orb Walkers","floor":45,"turns":5},{"damage":0,"enemies":"Jaw Worm Horde","floor":47,"turns":2},{"damage":62,"enemies":"Time Eater","floor":50,"turns":11},{"damage":24,"enemies":"Shield and Spear","floor":54,"turns":5},{"damage":45,"enemies":"The Heart","floor":55,"turns":5}],"seed_played":"2968256432004335430","potions_obtained":[{"floor":1,"key":"hexamod:SoulburnPotion"},{"floor":2,"key":"Swift Potion"},{"floor":3,"key":"Slimebound:ThreeZeroPotion"},{"floor":3,"key":"CunningPotion"},{"floor":6,"key":"Poison Potion"},{"floor":33,"key":"sneckomod:MuddlingPotion"},{"floor":36,"key":"SkillPotion"},{"floor":54,"key":"Dexterity Potion"}],"is_trial":false,"path_per_floor":["M","M","?","M","M","E","R","M","T","?","M","$","?","$","R","B",null,"M","M","?","?","T","R","M","E","T","R","?","R","M","$","R","B",null,"M","M","?","?","$","R","$","$","T","M","?","R","M","?","R","B",null,"R","$","E","B"],"character_chosen":"THE_SILENT","items_purchased":["Frozen Egg 2","Accuracy+1","Caltrops+1","TungstenRod","Infinite Blades+1","Cloak And Dagger","Orrery","Orichalcum","Bottled Tornado","Infinite Blades+1","DollysMirror","Adrenaline","Cloak And Dagger","Caltrops+1"],"campfire_rested":4,"item_purchase_floors":[0,0,0,0,12,12,12,12,14,31,31,41,42,53],"current_hp_per_floor":[70,70,70,69,66,49,49,46,46,46,38,38,28,28,49,34,70,68,59,59,59,69,69,69,46,46,80,80,80,80,80,80,66,80,74,70,70,70,80,80,80,80,80,51,23,62,62,53,80,18,80,80,80,56,11,11],"gold":169,"neow_bonus":"","is_daily":false,"chose_seed":false,"campfire_upgraded":5,"win_rate":0.0,"timestamp":1613909704,"path_taken":["M","M","?","M","M","E","R","?","T","?","M","?","?","$","R","BOSS","M","M","?","?","?","R","?","E","T","R","?","R","M","$","R","BOSS","M","?","?","?","$","R","?","$","T","M","?","R","?","?","R","BOSS","R","$","E","BOSS"],"items_purchased_type":["Relic","Card","Card","Relic","Card","Card","Relic","Relic","Relic","Card","Relic","Card","Card","Card"],"build_version":"2020-12-22","purchased_purges":18,"victory":false,"max_hp_per_floor":[70,70,70,70,70,70,70,70,70,70,70,70,70,70,70,70,70,70,70,70,70,80,80,80,80,80,80,80,80,80,80,80,80,80,80,80,80,80,80,80,80,80,80,80,80,80,80,80,80,80,80,80,80,80,80,80],"card_choices":[{"not_picked":["Escape Plan","Tactician"],"picked":"Infinite Blades+1","floor":1},{"not_picked":["Reflex","Riddle With Holes"],"picked":"Deflect","floor":2},{"not_picked":["Dagger Throw","Flying Knee","Bouncing Flask"],"picked":"SKIP","floor":4},{"not_picked":["Outmaneuver","Flechettes","Slice"],"picked":"SKIP","floor":5},{"not_picked":["Prepared","PiercingWail"],"picked":"Accuracy+1","floor":6},{"not_picked":["Underhanded Strike","Acrobatics","Noxious Fumes+1"],"picked":"SKIP","floor":8},{"not_picked":["PiercingWail","Bane","Bouncing Flask"],"picked":"SKIP","floor":11},{"not_picked":["Bane","Predator"],"picked":"Slice","floor":12},{"not_picked":["Flechettes","Heel Hook"],"picked":"Footwork+1","floor":12},{"not_picked":["PiercingWail","Choke"],"picked":"Escape Plan","floor":12},{"not_picked":["Endless Agony","Deadly Poison"],"picked":"Burst","floor":12},{"not_picked":["Terror","All Out Attack"],"picked":"Accuracy+1","floor":12},{"not_picked":["Phantasmal Killer","Doppelganger"],"picked":"Burst","floor":16},{"not_picked":["Slice+1","Bouncing Flask+1","Reflex"],"picked":"SKIP","floor":18},{"not_picked":["PiercingWail","Deadly Poison","Acrobatics"],"picked":"SKIP","floor":19},{"not_picked":["Slice","Dagger Throw","Glass Knife"],"picked":"SKIP","floor":24},{"not_picked":["Skewer","Reflex","PiercingWail"],"picked":"SKIP","floor":25},{"not_picked":["Crippling Poison","PiercingWail","Outmaneuver"],"picked":"SKIP","floor":30},{"not_picked":["Wraith Form v2+1","Bullet Time"],"picked":"Burst","floor":33},{"not_picked":["Outmaneuver","Dagger Throw+1","All Out Attack+1"],"picked":"SKIP","floor":35},{"not_picked":["Sucker Punch+1","Flying Knee+1","Endless Agony"],"picked":"SKIP","floor":36},{"not_picked":["Deflect+1","Underhanded Strike+1","Tactician+1"],"picked":"SKIP","floor":44},{"not_picked":["Expertise","Riddle With Holes","Well Laid Plans+1"],"picked":"SKIP","floor":47},{"not_picked":["Riddle With Holes+1","Finisher+1"],"picked":"A Thousand Cuts+1","floor":54}],"player_experience":169148,"relics_obtained":[{"floor":6,"key":"Old Coin"},{"floor":22,"key":"Pear"},{"floor":25,"key":"Regal Pillow"},{"floor":25,"key":"Happy Flower"},{"floor":26,"key":"MealTicket"},{"floor":28,"key":"Oddly Smooth Stone"},{"floor":38,"key":"Shovel"},{"floor":43,"key":"MawBank"},{"floor":45,"key":"Incense Burner"},{"floor":54,"key":"InkBottle"},{"floor":54,"key":"Ornamental Fan"}],"event_choices":[{"damage_healed":0,"gold_gain":0,"player_choice":"Got Potions","damage_taken":0,"max_hp_gain":0,"max_hp_loss":0,"event_name":"Lab","floor":3,"gold_loss":0},{"damage_healed":0,"gold_gain":100,"player_choice":"Pray","damage_taken":0,"max_hp_gain":0,"max_hp_loss":0,"event_name":"Golden Shrine","floor":10,"gold_loss":0},{"damage_healed":0,"gold_gain":75,"player_choice":"Gold","damage_taken":11,"max_hp_gain":0,"max_hp_loss":0,"event_name":"betterThird:BetterGoop","floor":13,"gold_loss":0},{"damage_healed":0,"gold_gain":0,"player_choice":"Ignored","damage_taken":0,"max_hp_gain":0,"max_hp_loss":0,"event_name":"Ghosts","floor":20,"gold_loss":0},{"damage_healed":0,"gold_gain":0,"player_choice":"Relic","damage_taken":0,"max_hp_gain":0,"max_hp_loss":0,"event_name":"Wheel of Change","floor":28,"gold_loss":0},{"damage_healed":0,"gold_gain":0,"player_choice":"Ignored","damage_taken":0,"max_hp_gain":0,"max_hp_loss":0,"event_name":"Tomb of Lord Red Mask","floor":37,"gold_loss":0},{"damage_healed":0,"gold_gain":0,"player_choice":"Fight","damage_taken":0,"max_hp_gain":0,"max_hp_loss":0,"event_name":"MindBloom","floor":38,"gold_loss":0},{"damage_healed":0,"gold_gain":0,"player_choice":"Fight","damage_taken":0,"max_hp_gain":0,"max_hp_loss":0,"event_name":"Mysterious Sphere","floor":45,"gold_loss":0},{"damage_healed":0,"gold_gain":0,"player_choice":"Embrace Madness","damage_taken":10,"max_hp_gain":0,"max_hp_loss":0,"event_name":"Winding Halls","floor":48,"gold_loss":0,"cards_obtained":["Madness","Madness"]}],"is_beta":false,"boss_relics":[{"not_picked":["Astrolabe","Empty Cage"],"picked":"Black Star"},{"not_picked":["Runic Dome","SacredBark"],"picked":"Cursed Key"}],"items_purged_floors":[0,0,0,0,0,12,12,12,12,12,12,31,31,42,42,53,53,53],"is_endless":false,"potions_floor_spawned":[1,2,6,11,18,24,33,36,38,54],"killed_by":"The Heart","ascension_level":0}}