{"host":"kh6fvhxn285ncg0o","time":1613880981,"event":{"mods":["Act Like it!","BaseMod","Colored Map","Friendly Minions","Keyboard Shortcuts","Minty Spire (QoL Compilation)","Quick Restart","Relic Stats","StSLib","SuperFastMode","UnlockEverythingMod"],"gold_per_floor":[117,117,267,148,148,181,181,205,205,205,205],"floor_reached":10,"language":"KOR","playtime":145,"items_purged":["Doubt"],"score":128,"play_id":"6379bf45-fe92-4514-9095-8fe21f855862","local_time":"20210221131621","is_ascension_mode":true,"campfire_choices":[{"data":"Armaments","floor":7,"key":"SMITH"}],"circlet_count":0,"master_deck":["AscendersBane","Strike_R","Strike_R","Strike_R","Defend_R","Defend_R","Defend_R","Defend_R","Bash","Armaments+1","Carnage","Feed"],"relics":["Empty Cage","Regal Pillow","Golden Idol","Ornamental Fan","Question Card"],"acts_visited":["Exordium"],"potions_floor_usage":[6],"damage_taken":[{"damage":5,"enemies":"2 Louse","floor":1,"turns":4},{"damage":18,"enemies":"3 Sentries","floor":6,"turns":11},{"damage":0,"enemies":"Small Slimes","floor":8,"turns":2},{"damage":27,"enemies":"Lagavulin","floor":10,"turns":4}],"seed_played":"-7676351513833016566","potions_obtained":[{"floor":1,"key":"Block Potion"}],"is_trial":false,"path_per_floor":["M","?","?","$","?","E","R","M","T","E"],"character_chosen":"IRONCLAD","items_purchased":["Carnage"],"campfire_rested":0,"item_purchase_floors":[4],"current_hp_per_floor":[63,52,52,52,52,34,34,34,34,7,7],"gold":205,"neow_bonus":"BOSS_RELIC","is_daily":false,"chose_seed":false,"campfire_upgraded":1,"win_rate":0.0,"timestamp":1613880981,"path_taken":["M","?","?","$","?","E","R","M","T","E"],"items_purchased_type":["Card"],"build_version":"2020-12-22","purchased_purges":1,"victory":false,"max_hp_per_floor":[75,75,75,75,68,68,68,68,68,68,68],"relic_stats":{"Regal Pillow":0,"counters":[4,21],"Golden Idol":12,"Ornamental Fan":[0],"Question Card":0,"obtain_stats":[{"Regal Pillow":2,"Golden Idol":5,"Ornamental Fan":6,"Empty Cage":0,"Question Card":9,"Burning Blood":0},{"Regal Pillow":1,"Golden Idol":1,"Ornamental Fan":2,"Empty Cage":0,"Question Card":3,"Burning Blood":0},{"Regal Pillow":4,"Golden Idol":4,"Ornamental Fan":15,"Empty Cage":0,"Question Card":17,"Burning Blood":0}]},"card_choices":[{"not_picked":["Infernal Blade","Anger"],"picked":"Armaments","floor":1},{"not_picked":["Clash","Perfected Strike","Anger"],"picked":"SKIP","floor":6},{"not_picked":["Havoc","Warcry"],"picked":"Feed","floor":8}],"player_experience":1487152,"relics_obtained":[{"floor":6,"key":"Ornamental Fan"},{"floor":9,"key":"Question Card"}],"event_choices":[{"damage_healed":0,"gold_gain":0,"player_choice":"Success","damage_taken":11,"relics_obtained":["Regal Pillow"],"max_hp_gain":0,"max_hp_loss":0,"event_name":"Scrap Ooze","floor":2,"gold_loss":0},{"damage_healed":0,"gold_gain":150,"player_choice":"AGREE","damage_taken":0,"max_hp_gain":0,"max_hp_loss":0,"event_name":"Liars Game","floor":3,"gold_loss":0,"cards_obtained":["Doubt"]},{"damage_healed":0,"gold_gain":0,"player_choice":"Lose Max HP","damage_taken":0,"relics_obtained":["Golden Idol"],"max_hp_gain":0,"max_hp_loss":7,"event_name":"Golden Idol","floor":5,"gold_loss":0}],"is_beta":false,"boss_relics":[],"items_purged_floors":[4],"is_endless":false,"potions_floor_spawned":[1],"killed_by":"Lagavulin","ascension_level":20}}