{"host":"tuvyjqp461ike1dm","time":1613876299,"event":{"mods":["BaseMod","Downfall","Duelist Mod","Minty Spire (QoL Compilation)","Replay The Spire","StSLib","Wandering Minibosses"],"gold_per_floor":[145,145,158,9,359,398,428,474,486,20,45,55,69,69,69,164,164,175,90,105,160,173,198,198,226,251,251,95,194,204,237,237,337,337,375,375,198,198,48,78,78,107,107,107,107,107,107,139,139,139,139,139,139,164,164],"floor_reached":56,"language":"ENG","playtime":5755,"items_purged":["theDuelist:Sparks","theDuelist:Sparks","theDuelist:CurseAnubis","theDuelist:CurseDarkness"],"score":2216,"play_id":"dadeb4cd-18d6-4b87-ab61-a1aeee2dac02","local_time":"20210220215819","is_ascension_mode":true,"campfire_choices":[{"data":"theDuelist:CyberDragonCore","floor":15,"key":"SMITH"},{"data":"theDuelist:SummoningCurse","floor":24,"key":"PURGE"},{"data":"theDuelist:CastleWalls","floor":27,"key":"PURGE"},{"floor":32,"key":"RECALL"},{"data":"downfall:Aged","floor":44,"key":"PURGE"},{"data":"theDuelist:Scapegoat","floor":47,"key":"SMITH"},{"data":"Hallucinations","floor":49,"key":"PURGE"},{"floor":52,"key":"DIG"}],"circlet_count":0,"master_deck":["theDuelist:MythicWaterDragon+1","theDuelist:FiveHeaded+1","theDuelist:LeviaDragon+1","theDuelist:WaterDragon+1","theDuelist:ArmageddonDragonEmp+1","theDuelist:Raigeki+1","theDuelist:BabyDragon+1","theDuelist:CaveDragon+1","theDuelist:CaveDragon+1","theDuelist:LesserDragon+1","theDuelist:LesserDragon+1","theDuelist:YamataDragon+1","theDuelist:CaveDragon+1","theDuelist:ThunderDragon+1","ReplayTheSpireMod:Faulty Equipment","Regret","theDuelist:CyberDragonCore+1","Spreading Infection","theDuelist:BlizzardDragon+1","theDuelist:FireDarts+1","theDuelist:MirageDragon+1","theDuelist:BurstBreath+1","Sickly","theDuelist:CoralDragon+1","theDuelist:Scapegoat+1","theDuelist:Freezadon","theDuelist:EyeTimaeus","theDuelist:EyeTimaeus","theDuelist:Hydrogeddon","theDuelist:SeismicShockwave+1","theDuelist:CoralDragon+1","Overencumbered","theDuelist:CyberTwinDragon+1","ReplayTheSpireMod:IOU","theDuelist:SilverWing+1"],"relics":["theDuelist:MillenniumPuzzle","theDuelist:CardPoolRelic","theDuelist:CardPoolBasicRelic","theDuelist:BoosterPackPoolRelic","theDuelist:CardPoolAddRelic","theDuelist:CardPoolMinusRelic","theDuelist:CardPoolSaveRelic","theDuelist:CardPoolOptionsRelic","NeowsBlessing","Ring of Misfortune","Ring of Greed","Old Coin","MawBank","Shuriken","WingedGreaves","Thread and Needle","Divine Protection","Pondfish Scales","SlaversCollar","Bag of Marbles","StoneCalendar","Peace Pipe","Mango","theDuelist:ElectricBurst","Happy Flower","Whetstone","theDuelist:MillenniumStone","theDuelist:MillenniumRod","Cursed Key","Blue Candle","Replay:Multitool","Unceasing Top","ReplayTheSpireMod:Ninjato","FossilizedHelix","Iron Hammer","Red Skull"],"acts_visited":["Exordium","TheCity","TheBeyond","TheEnding"],"potions_floor_usage":[31,35,54,54],"damage_taken":[{"damage":0,"enemies":"Jaw Worm","floor":1,"turns":1},{"damage":0,"enemies":"Cultist","floor":3,"turns":1},{"damage":0,"enemies":"Lagavulin","floor":6,"turns":1},{"damage":0,"enemies":"2 Louse","floor":7,"turns":2},{"damage":19,"enemies":"Gremlin Nob","floor":8,"turns":4},{"damage":6,"enemies":"Lagavulin","floor":11,"turns":5},{"damage":0,"enemies":"Large Slime","floor":12,"turns":4},{"damage":0,"enemies":"Blue Slaver","floor":13,"turns":3},{"damage":0,"enemies":"Slime Boss","floor":16,"turns":6},{"damage":0,"enemies":"Chosen","floor":18,"turns":4},{"damage":0,"enemies":"2 Thieves","floor":20,"turns":3},{"damage":0,"enemies":"2 Thieves","floor":21,"turns":11},{"damage":19,"enemies":"Shelled Parasite and Fungi","floor":22,"turns":6},{"damage":0,"enemies":"Gremlin Leader","floor":23,"turns":6},{"damage":0,"enemies":"Book of Stabbing","floor":25,"turns":4},{"damage":0,"enemies":"Chosen and Byrds","floor":30,"turns":3},{"damage":9,"enemies":"Slavers","floor":31,"turns":4},{"damage":0,"enemies":"Pondfish","floor":33,"turns":8},{"damage":0,"enemies":"3 Darklings","floor":35,"turns":5},{"damage":0,"enemies":"Reptomancer","floor":40,"turns":4},{"damage":0,"enemies":"Giant Head","floor":42,"turns":5},{"damage":2,"enemies":"R_Hoarder","floor":48,"turns":5},{"damage":0,"enemies":"Donu and Deca","floor":50,"turns":5},{"damage":0,"enemies":"Shield and Spear","floor":54,"turns":5},{"damage":0,"enemies":"The Heart","floor":55,"turns":5}],"seed_played":"3197910359799090183","potions_obtained":[{"floor":8,"key":"Dexterity Potion"},{"floor":11,"key":"theDuelist:FreezingPotion"},{"floor":18,"key":"theDuelist:DragonfirePotion"},{"floor":22,"key":"theDuelist:MillenniumElixir"},{"floor":23,"key":"Fire Potion"},{"floor":33,"key":"theDuelist:ElectricPotion"},{"floor":40,"key":"Weak Potion"},{"floor":54,"key":"DistilledChaos"}],"is_trial":false,"path_per_floor":["M","?","M","$","?","E","M","E","T","$","E","M","M","?","R","B",null,"M","?","M","?","M","E","R","E","T","R","$","?","M","E","R","B",null,"M","?","$","?","$","E","?","E","T","R","T","$","R","E","R","B",null,"R","$","E","B",null],"character_chosen":"THE_DUELIST","items_purchased":["theDuelist:ThunderDragon","theDuelist:FireDarts","theDuelist:MirageDragon","Divine Protection","theDuelist:MillenniumStone","theDuelist:EyeTimaeus"],"campfire_rested":0,"item_purchase_floors":[4,10,10,10,28,37],"current_hp_per_floor":[80,80,80,80,80,80,80,61,61,61,55,55,55,55,55,55,80,80,80,80,94,75,75,75,75,75,75,75,75,75,66,66,66,74,74,74,74,69,69,69,69,69,69,69,69,69,69,67,67,67,74,74,74,74,74],"gold":164,"neow_bonus":"THREE_ENEMY_KILL","is_daily":false,"chose_seed":false,"campfire_upgraded":2,"win_rate":0.0,"timestamp":1613876299,"path_taken":["M","?","M","?","?","E","M","E","T","$","E","M","M","?","R","BOSS","M","?","M","?","M","E","R","E","T","R","?","?","M","E","R","BOSS","M","?","$","?","$","E","?","E","T","R","?","?","R","E","R","BOSS","R","$","E","BOSS"],"items_purchased_type":["Card","Card","Card","Relic","Relic","Card"],"build_version":"2020-12-22","purchased_purges":4,"victory":true,"max_hp_per_floor":[80,80,80,80,80,80,80,80,80,80,80,80,80,80,80,80,80,80,80,80,94,94,94,94,94,94,94,76,76,76,76,76,74,74,74,74,74,74,74,74,74,74,74,74,74,74,74,74,74,74,74,74,74,74,74],"card_choices":[{"not_picked":["theDuelist:Pyrorex","theDuelist:AncientPixieDragon","theDuelist:MadSwordBeast","theDuelist:FangCritias"],"picked":"theDuelist:CaveDragon","floor":1},{"not_picked":["theDuelist:RainbowOverdragon","theDuelist:DestructPotion","theDuelist:PreventRat","theDuelist:RedMedicine","theDuelist:Reload"],"picked":"SKIP","floor":3},{"not_picked":["theDuelist:ForbiddenLance","theDuelist:LightningDarts","theDuelist:SmashingGround"],"picked":"theDuelist:Raigeki","floor":6},{"not_picked":["theDuelist:CyberDinosaur","theDuelist:StarlightRoad","theDuelist:LavaDragon","theDuelist:SpiralSpearStrike"],"picked":"theDuelist:CyberDragonCore","floor":7},{"not_picked":["theDuelist:SpiralSpearStrike","theDuelist:AxeDespair","theDuelist:AncientPixieDragon","theDuelist:HorusServant"],"picked":"theDuelist:BlizzardDragon","floor":8},{"not_picked":["theDuelist:RedRisingDragon","theDuelist:MetalDragon","theDuelist:BusterDrake","theDuelist:Lancephorhynchus"],"picked":"theDuelist:WaterDragon","floor":11},{"not_picked":["theDuelist:MaskedDragon","theDuelist:CaveDragon","theDuelist:Anthrosaurus","theDuelist:FrostflameDragon","theDuelist:ArmedDragon5"],"picked":"SKIP","floor":12},{"not_picked":["theDuelist:MaskedDragon","theDuelist:AncientPixieDragon","theDuelist:BusterDrake","theDuelist:CyberDinosaur"],"picked":"theDuelist:BurstBreath","floor":13},{"not_picked":["theDuelist:StardustDragon","theDuelist:QueenDragunDjinn","theDuelist:GaiaDragonChamp","theDuelist:CyberDragonInfinity"],"picked":"theDuelist:ArmageddonDragonEmp","floor":16},{"not_picked":["theDuelist:WhiteNightDragon","theDuelist:DragonZombie","theDuelist:WaterDragonCluster","theDuelist:AmuletDragon"],"picked":"theDuelist:LeviaDragon","floor":18},{"not_picked":["theDuelist:SafeZone","theDuelist:FireDarts+1","theDuelist:DragonShield+1","theDuelist:DragonCaptureJar","theDuelist:DefenseZone+1"],"picked":"SKIP","floor":20},{"not_picked":["theDuelist:Scapegoat+1","theDuelist:DefensiveTactics"],"picked":"theDuelist:FiveHeaded","floor":22},{"not_picked":["theDuelist:ThunderDragon+1","theDuelist:HorusServant","theDuelist:Babycerasaurus","theDuelist:CyberDragonDrei"],"picked":"theDuelist:MythicWaterDragon","floor":23},{"not_picked":["theDuelist:CyberDinosaur","theDuelist:Duoterion","theDuelist:LordD","theDuelist:Beatraptor","theDuelist:CyberLaserDragon+1"],"picked":"SKIP","floor":25},{"not_picked":["theDuelist:BarrelDragon","theDuelist:EvilMind+1","theDuelist:Carboneddon+1","theDuelist:FluteSummoning+1"],"picked":"theDuelist:CoralDragon","floor":30},{"not_picked":["theDuelist:StampingDestruction+1","theDuelist:SpiralSpearStrike","theDuelist:OneDayPeace","theDuelist:BerserkerSoul+1","theDuelist:SuperStridentBlaze"],"picked":"SKIP","floor":31},{"not_picked":["theDuelist:TailSwipe","theDuelist:SeismicShockwave","theDuelist:FiveHeaded","theDuelist:DefensiveTactics"],"picked":"theDuelist:Scapegoat","floor":33},{"not_picked":["theDuelist:CurseDragon+1","theDuelist:BlackStego+1","theDuelist:MoltenDestruction+1","theDuelist:Pyrorex+1"],"picked":"theDuelist:Freezadon","floor":35},{"not_picked":["theDuelist:AncientPixieDragon+1","theDuelist:CyberValley+1","theDuelist:SnowDragon+1","theDuelist:AtomicScrapDragon+1"],"picked":"theDuelist:Hydrogeddon","floor":40},{"not_picked":["theDuelist:LostWorld+1","theDuelist:GaiaDragonChamp","theDuelist:BusterBladerDDS+1","theDuelist:BSkullDragon+1"],"picked":"theDuelist:SeismicShockwave+1","floor":41},{"not_picked":["theDuelist:Kabazauls+1","theDuelist:MoltenDestruction","theDuelist:CloudianGhost","theDuelist:DefenseZone+1"],"picked":"theDuelist:CoralDragon+1","floor":42},{"not_picked":["theDuelist:BlackBrachios","theDuelist:BarrelDragon+1","theDuelist:TrihornedDragon","theDuelist:BlackPtera+1"],"picked":"theDuelist:CyberTwinDragon+1","floor":48},{"not_picked":["theDuelist:WhiteHornDragon+1","theDuelist:GalaxySoldier+1","theDuelist:DragonTreasure+1"],"picked":"theDuelist:SilverWing+1","floor":54}],"player_experience":49039,"relics_obtained":[{"floor":5,"key":"Ring of Misfortune"},{"floor":5,"key":"Ring of Greed"},{"floor":5,"key":"Old Coin"},{"floor":5,"key":"MawBank"},{"floor":6,"key":"Shuriken"},{"floor":8,"key":"WingedGreaves"},{"floor":9,"key":"Thread and Needle"},{"floor":11,"key":"Pondfish Scales"},{"floor":21,"key":"StoneCalendar"},{"floor":21,"key":"Peace Pipe"},{"floor":21,"key":"Mango"},{"floor":23,"key":"theDuelist:ElectricBurst"},{"floor":25,"key":"Happy Flower"},{"floor":26,"key":"Whetstone"},{"floor":31,"key":"theDuelist:MillenniumRod"},{"floor":40,"key":"Replay:Multitool"},{"floor":42,"key":"Unceasing Top"},{"floor":45,"key":"ReplayTheSpireMod:Ninjato"},{"floor":48,"key":"FossilizedHelix"},{"floor":52,"key":"Iron Hammer"},{"floor":54,"key":"Red Skull"}],"event_choices":[{"cards_removed":["theDuelist:CastleWalls"],"damage_healed":0,"gold_gain":0,"player_choice":"Purged","damage_taken":0,"max_hp_gain":0,"max_hp_loss":0,"event_name":"Purifier","floor":2,"gold_loss":0},{"damage_healed":0,"gold_gain":0,"player_choice":"Leave","duelist":true,"damage_taken":0,"max_hp_gain":0,"max_hp_loss":0,"event_name":"Egyptian Village","floor":14,"gold_loss":0},{"damage_healed":0,"gold_gain":0,"player_choice":"Obtained Relic","damage_taken":0,"relics_obtained":["Bag of Marbles"],"max_hp_gain":0,"max_hp_loss":0,"event_name":"Addict","floor":19,"gold_loss":85},{"damage_healed":0,"gold_gain":0,"player_choice":"Fight","duelist":true,"damage_taken":0,"max_hp_gain":0,"max_hp_loss":0,"event_name":"Battle City","floor":21,"gold_loss":0},{"damage_healed":0,"gold_gain":99,"player_choice":"Stole From Cult","damage_taken":0,"max_hp_gain":0,"max_hp_loss":0,"event_name":"Nest","floor":29,"gold_loss":0},{"damage_healed":0,"gold_gain":0,"player_choice":"Ignored","damage_taken":0,"max_hp_gain":0,"max_hp_loss":0,"event_name":"Tomb of Lord Red Mask","floor":36,"gold_loss":0},{"damage_healed":0,"gold_gain":0,"player_choice":"Memory 1","damage_taken":0,"max_hp_gain":0,"max_hp_loss":0,"event_name":"SensoryStone","floor":41,"gold_loss":0}],"is_beta":false,"boss_relics":[{"not_picked":["Painkiller Herb","Electric Blood"],"picked":"SlaversCollar"},{"not_picked":["ChewingGum","Busted Crown"],"picked":"Cursed Key"}],"items_purged_floors":[4,10,37,39],"is_endless":false,"potions_floor_spawned":[8,11,18,22,23,33,40,54],"ascension_level":2}}