{"host":"cjhtzh7tp54jdfyv","time":1613893887,"event":{"mods":["AchievementEnabler","BaseMod","Colored Map","Colored Powertips","Curses Come First","DeckTracker","Filter the Spire","Minty Spire (QoL Compilation)","RNG Fix","Relic Sorter","Relic Stats","StSLib","UnlockEverythingMod","ojb\u0027s Better Paths Mod","ojb\u0027s Info Mod"],"gold_per_floor":[167,180,180,196,221,221,256,256,256,296,296,296,316,334,334,334,334],"floor_reached":16,"language":"ENG","playtime":941,"items_purged":[],"score":224,"play_id":"06947a5b-dfb1-4b80-ab5c-612b7def48ed","local_time":"20210221025127","is_ascension_mode":true,"campfire_choices":[{"data":"Eruption","floor":6.0,"key":"SMITH"},{"floor":12,"key":"REST"},{"data":"Meditate","floor":15,"key":"SMITH"}],"circlet_count":0,"master_deck":["AscendersBane","Strike_P","Strike_P","Strike_P","Strike_P+1","Defend_P","Defend_P","Defend_P","Defend_P","Eruption+1","Vigilance","FearNoEvil","DeceiveReality","EmptyFist","BowlingBash","Consecrate","Meditate+1","JustLucky","InnerPeace"],"relics":["Tiny House","Golden Idol","Shovel","HornCleat","Nunchaku","CaptainsWheel"],"acts_visited":["Exordium"],"potions_floor_usage":[7,7,16,16],"damage_taken":[{"damage":0.0,"enemies":"Cultist","floor":1.0,"turns":3.0},{"damage":0.0,"enemies":"2 Louse","floor":2.0,"turns":3.0},{"damage":0.0,"enemies":"Jaw Worm","floor":4.0,"turns":3.0},{"damage":2.0,"enemies":"3 Louse","floor":5.0,"turns":4.0},{"damage":47,"enemies":"Gremlin Nob","floor":7,"turns":4},{"damage":14,"enemies":"3 Sentries","floor":10,"turns":5},{"damage":12,"enemies":"2 Fungi Beasts","floor":13,"turns":2},{"damage":0,"enemies":"Large Slime","floor":14,"turns":2},{"damage":11,"enemies":"Hexaghost","floor":16,"turns":9}],"seed_played":"-5303465817728509904","potions_obtained":[{"floor":0.0,"key":"Weak Potion"},{"floor":1.0,"key":"SkillPotion"},{"floor":7,"key":"SpeedPotion"},{"floor":13,"key":"BottledMiracle"}],"is_trial":false,"path_per_floor":["M","M","?","M","M","R","E","?","T","E","T","R","M","M","R","B"],"character_chosen":"WATCHER","items_purchased":[],"campfire_rested":1,"item_purchase_floors":[],"current_hp_per_floor":[66,66,66,66,64,64,17,17,17,3,3,22,10,10,10,0,0],"gold":334,"neow_bonus":"BOSS_RELIC","is_daily":false,"chose_seed":false,"campfire_upgraded":2,"win_rate":0.0,"timestamp":1613893887,"path_taken":["M","M","?","M","M","R","E","?","T","E","?","R","M","M","R","BOSS"],"items_purchased_type":[],"build_version":"2020-12-22","purchased_purges":0,"victory":false,"max_hp_per_floor":[73,73,66,66,66,66,66,66,66,66,66,66,66,66,66,66,66],"relic_stats":{"Nunchaku":[3],"Shovel":0,"counters":[9,35],"Golden Idol":31,"obtain_stats":[{"Nunchaku":10,"CaptainsWheel":11,"Tiny House":0,"Shovel":7,"HornCleat":9,"Golden Idol":3,"PureWater":0},{"Nunchaku":6,"CaptainsWheel":6,"Tiny House":0,"Shovel":5,"HornCleat":5,"Golden Idol":2,"PureWater":0},{"Nunchaku":22,"CaptainsWheel":22,"Tiny House":0,"Shovel":17,"HornCleat":17,"Golden Idol":6,"PureWater":0}]},"card_choices":[{"not_picked":["FlyingSleeves","Protect"],"picked":"FearNoEvil","floor":0.0},{"not_picked":["Protect","EmptyMind"],"picked":"DeceiveReality","floor":1.0},{"not_picked":["ClearTheMind","WheelKick"],"picked":"EmptyFist","floor":2.0},{"not_picked":["Worship","Evaluate"],"picked":"BowlingBash","floor":4.0},{"not_picked":["SandsOfTime","Conclude"],"picked":"Consecrate","floor":5.0},{"not_picked":["Crescendo","Indignation","Halt"],"picked":"SKIP","floor":7},{"not_picked":["Scrawl","ClearTheMind"],"picked":"Meditate","floor":10},{"not_picked":["ThirdEye","EmptyFist"],"picked":"JustLucky","floor":13},{"not_picked":["Protect","CutThroughFate"],"picked":"InnerPeace","floor":14}],"player_experience":5122504,"relics_obtained":[{"floor":7,"key":"Shovel"},{"floor":9,"key":"HornCleat"},{"floor":10,"key":"Nunchaku"},{"floor":11,"key":"CaptainsWheel"}],"event_choices":[{"damage_healed":0.0,"max_hp_gain":0.0,"max_hp_loss":7.0,"gold_gain":0.0,"event_name":"Golden Idol","player_choice":"Lose Max HP","floor":3.0,"gold_loss":0.0,"damage_taken":0.0,"relics_obtained":["Golden Idol"]},{"damage_healed":0,"gold_gain":0,"player_choice":"Leave","damage_taken":0,"max_hp_gain":0,"max_hp_loss":0,"event_name":"FaceTrader","floor":8,"gold_loss":0}],"is_beta":false,"boss_relics":[],"items_purged_floors":[],"is_endless":false,"potions_floor_spawned":[1,7,13],"killed_by":"Hexaghost","ascension_level":20}}