{"host":"snwds314m19k249i","time":1613894175,"event":{"mods":["BaseMod","Colored Map","Minty Spire (QoL Compilation)","Shop Mod","StSLib","[IsaacMod]ÒÔÈö¼âËþ"],"gold_per_floor":[113,63,63,80,99,99,130,130,130,164,239,17,17,54,54,171,171,210,226,243,343,353,353,63,103,103,144,202,202,202,479,479,582,582,620,652,652,684,73,111,111,183,183,231,271,271,121,128,128,156,177,177,177,30,75,89],"floor_reached":57,"language":"ZHS","playtime":2762,"items_purged":["Strike_R","Strike_R","Strike_R","Strike_R","Strike_R"],"score":3576,"play_id":"1433b614-8325-49dd-a01d-567d46d97e07","local_time":"20210221155615","is_ascension_mode":true,"campfire_choices":[{"data":"EpicFetus","floor":6.0,"key":"SMITH"},{"data":"Body Slam","floor":8.0,"key":"SMITH"},{"data":"Shrug It Off","floor":15.0,"key":"SMITH"},{"data":"Barricade","floor":23.0,"key":"SMITH"},{"data":"Entrench","floor":30.0,"key":"SMITH"},{"floor":32.0,"key":"RECALL"},{"data":"1","floor":46.0,"key":"LIFT"},{"data":"2","floor":49.0,"key":"LIFT"},{"data":"3","floor":53,"key":"LIFT"}],"circlet_count":0,"master_deck":["Defend_R","Defend_R","Defend_R","Defend_R","EpicFetus+1","Body Slam+1","Battle Trance","Feel No Pain","Double Tap","Shrug It Off+1","Second Wind","Entrench+1","Barricade+1","Fiend Fire","Offering","Feed","Offering","Madness","Madness"],"relics":["Burning Blood","HushsDoor","DoctorsRemote","Darkstone Periapt","HowToJump","Ornamental Fan","SalivaCoin","Bronze Scales","MagicMushroom","GuppysTail","GuppysHairball","Gremlin Horn","Bottled Flame","Dream Catcher","Juzu Bracelet","Red Skull","Pen Nib","Girya","SharpPlug","ChampionBelt","DeathBook","Eternal Feather","BookOfRevelations","D6","Vajra","Bag of Marbles","BookofShadows","TheBible","Mercury Hourglass","PreservedInsect","MerchantsRug","Strawberry"],"acts_visited":["Exordium","TheCity","TheBeyond","TheEnding"],"potions_floor_usage":[56,56],"damage_taken":[{"damage":0.0,"enemies":"Small Slimes","floor":1.0,"turns":2.0},{"damage":6.0,"enemies":"2 Louse","floor":4.0,"turns":2.0},{"damage":8.0,"enemies":"Jaw Worm","floor":5.0,"turns":5.0},{"damage":26.0,"enemies":"Lagavulin","floor":7.0,"turns":4.0},{"damage":16.0,"enemies":"Gremlin Nob","floor":10.0,"turns":3.0},{"damage":14.0,"enemies":"Lagavulin","floor":14.0,"turns":5.0},{"damage":0.0,"enemies":"The Guardian","floor":16.0,"turns":8.0},{"damage":29.0,"enemies":"2 Thieves","floor":18.0,"turns":3.0},{"damage":0.0,"enemies":"Chosen","floor":19.0,"turns":4.0},{"damage":6.0,"enemies":"Centurion and Healer","floor":20.0,"turns":3.0},{"damage":0.0,"enemies":"Snake Plant","floor":22.0,"turns":4.0},{"damage":0.0,"enemies":"Gremlin Leader","floor":25.0,"turns":4.0},{"damage":18.0,"enemies":"3 Cultists","floor":27.0,"turns":5.0},{"damage":32.0,"enemies":"Book of Stabbing","floor":28.0,"turns":4.0},{"damage":1.00000002E8,"enemies":"Gremlin Leader","floor":31.0,"turns":5.0},{"damage":0.0,"enemies":"Automaton","floor":33.0,"turns":6.0},{"damage":6.0,"enemies":"Giant Head","floor":35.0,"turns":3.0},{"damage":6.0,"enemies":"Reptomancer","floor":36.0,"turns":3.0},{"damage":6.0,"enemies":"Mind Bloom Boss Battle","floor":38.0,"turns":5.0},{"damage":6.0,"enemies":"Giant Head","floor":40.0,"turns":3.0},{"damage":28.0,"enemies":"Nemesis","floor":44.0,"turns":3.0},{"damage":25.0,"enemies":"3 Darklings","floor":45.0,"turns":3.0},{"damage":25.0,"enemies":"Donu and Deca","floor":50.0,"turns":4.0},{"damage":22.0,"enemies":"Time Eater","floor":51.0,"turns":5.0},{"damage":12,"enemies":"Shield and Spear","floor":55,"turns":5},{"damage":0,"enemies":"Delirium","floor":56,"turns":16}],"seed_played":"-5990466338900481945","potions_obtained":[{"floor":7.0,"key":"FearPotion"},{"floor":10.0,"key":"BloodPotion"},{"floor":16.0,"key":"BloodPotion"},{"floor":18.0,"key":"PowerPotion"},{"floor":25.0,"key":"BlessingOfTheForge"},{"floor":29.0,"key":"FairyPotion"},{"floor":29.0,"key":"EntropicBrew"},{"floor":31.0,"key":"BloodPotion"},{"floor":31.0,"key":"AttackPotion"},{"floor":35.0,"key":"GamblersBrew"}],"is_trial":false,"path_per_floor":["M","?","$","M","M","R","E","R","T","E","?","$","T","E","R","B",null,"M","M","M","?","M","R","$","E","T","M","E","?","R","E","R","B",null,"M","M","?","?","$","E","?","T","T","E","M","R","$","?","R","B","B",null,"R","$","E","B",null],"character_chosen":"IRONCLAD","items_purchased":["SalivaCoin","GuppysTail","GuppysHairball","SuicideKing","DeathBook","Offering","Vajra","Bag of Marbles","Offering","MerchantsRug"],"campfire_rested":0,"item_purchase_floors":[12,17,17,24,34,34,39,39,39,54],"current_hp_per_floor":[96,96,96,96,94,94,74,74,74,64,53,53,53,45,45,51,83,60,67,68,68,75,75,75,82,96,85,60,79,79,54,54,61,74,75,76,76,80,80,81,81,81,81,60,42,51,51,36,45,27,12,64,73,73,78,85],"gold":89,"neow_bonus":"TWENTY_PERCENT_HP_BONUS","is_daily":false,"chose_seed":false,"campfire_upgraded":5,"win_rate":0.0,"timestamp":1613894175,"path_taken":["M","?","$","M","M","R","E","R","T","E","?","?","?","E","R","BOSS","M","M","M","?","M","R","$","E","T","M","E","?","R","E","R","BOSS","M","M","?","?","$","E","?","?","T","E","M","R","$","?","R","BOSS","BOSS","R","$","E","BOSS"],"items_purchased_type":["Relic","Relic","Relic","Card","Relic","Card","Relic","Relic","Card","Relic"],"build_version":"2020-12-22","purchased_purges":5,"victory":true,"max_hp_per_floor":[96,96,96,96,96,96,96,96,96,96,96,96,96,96,96,96,83,83,83,83,83,83,83,83,83,97,97,97,97,97,97,97,97,78,78,78,78,81,81,81,81,81,81,81,81,81,81,81,81,81,81,81,81,81,91,91],"card_choices":[{"not_picked":[],"picked":"EpicFetus","floor":0.0},{"not_picked":["Shrug It Off","Metallicize"],"picked":"Body Slam","floor":1.0},{"not_picked":["Blood for Blood","Inflame"],"picked":"Battle Trance","floor":4.0},{"not_picked":["Flame Barrier","Hemokinesis"],"picked":"Feel No Pain","floor":5.0},{"not_picked":["Bomb","True Grit"],"picked":"Double Tap","floor":7.0},{"not_picked":["Clash","Reckless Charge","Dual Wield"],"picked":"SKIP","floor":10.0},{"not_picked":["Brutality","Sword Boomerang"],"picked":"Shrug It Off","floor":14.0},{"not_picked":["Combust","Infernal Blade"],"picked":"Second Wind","floor":18.0},{"not_picked":["Flex","Iron Wave","Clash"],"picked":"SKIP","floor":19.0},{"not_picked":["Body Slam","Clothesline"],"picked":"Entrench","floor":20.0},{"not_picked":["Sword Boomerang","Anger"],"picked":"Barricade","floor":22.0},{"not_picked":["Cleave","Body Slam","Armaments+1"],"picked":"SKIP","floor":25.0},{"not_picked":["Headbutt","Warcry","Barricade"],"picked":"SKIP","floor":27.0},{"not_picked":["Armaments+1","Clothesline","Twin Strike"],"picked":"SKIP","floor":28.0},{"not_picked":["Sword Boomerang","Sever Soul","Carnage"],"picked":"SKIP","floor":31.0},{"not_picked":["Entrench","Fiend Fire","Flex+1"],"picked":"SKIP","floor":31.0},{"not_picked":["Iron Wave","Blood for Blood+1","Pummel"],"picked":"SKIP","floor":31.0},{"not_picked":["Twin Strike","Anger","Armaments"],"picked":"SKIP","floor":31.0},{"not_picked":["Barricade","Bludgeon"],"picked":"Fiend Fire","floor":33.0},{"not_picked":["Whirlwind","Sever Soul","Clothesline"],"picked":"SKIP","floor":35.0},{"not_picked":["Body Slam","Sever Soul"],"picked":"Feed","floor":36.0},{"not_picked":["Clash","Thunderclap+1","Flex"],"picked":"SKIP","floor":40.0},{"not_picked":["Combust","Warcry","Spot Weakness"],"picked":"SKIP","floor":44.0},{"not_picked":["Flex","Cleave+1","Reckless Charge"],"picked":"SKIP","floor":45.0},{"not_picked":["Cleave+1","Shrug It Off+1","Body Slam"],"picked":"SKIP","floor":55}],"player_experience":25188,"relics_obtained":[{"floor":7.0,"key":"Darkstone Periapt"},{"floor":9.0,"key":"HowToJump"},{"floor":10.0,"key":"Ornamental Fan"},{"floor":14.0,"key":"Bronze Scales"},{"floor":25.0,"key":"Gremlin Horn"},{"floor":26.0,"key":"Mango"},{"floor":28.0,"key":"Bottled Flame"},{"floor":31.0,"key":"Dream Catcher"},{"floor":31.0,"key":"Juzu Bracelet"},{"floor":31.0,"key":"Red Skull"},{"floor":31.0,"key":"Pen Nib"},{"floor":31.0,"key":"Girya"},{"floor":31.0,"key":"SharpPlug"},{"floor":35.0,"key":"Eternal Feather"},{"floor":36.0,"key":"BookOfRevelations"},{"floor":38.0,"key":"D6"},{"floor":40.0,"key":"BookofShadows"},{"floor":42.0,"key":"TheBible"},{"floor":43.0,"key":"Mercury Hourglass"},{"floor":44.0,"key":"PreservedInsect"},{"floor":55,"key":"Strawberry"}],"event_choices":[{"cards_removed":["Regret"],"damage_healed":0.0,"max_hp_gain":0.0,"max_hp_loss":0.0,"gold_gain":0.0,"event_name":"The Cleric","player_choice":"Card Removal","floor":2.0,"gold_loss":50.0,"damage_taken":0.0},{"damage_healed":0.0,"max_hp_gain":0.0,"max_hp_loss":0.0,"gold_gain":75.0,"event_name":"World of Goop","player_choice":"Gather Gold","floor":11.0,"gold_loss":0.0,"damage_taken":11.0},{"damage_healed":0.0,"max_hp_gain":0.0,"max_hp_loss":0.0,"gold_gain":0.0,"event_name":"Lab","player_choice":"Got Potions","floor":29.0,"gold_loss":0.0,"damage_taken":0.0},{"damage_healed":0.0,"max_hp_gain":0.0,"max_hp_loss":0.0,"gold_gain":0.0,"event_name":"Tomb of Lord Red Mask","player_choice":"Ignored","floor":37.0,"gold_loss":0.0,"damage_taken":0.0},{"damage_healed":0.0,"max_hp_gain":0.0,"max_hp_loss":0.0,"gold_gain":0.0,"event_name":"MindBloom","player_choice":"Fight","floor":38.0,"gold_loss":0.0,"damage_taken":0.0},{"cards_removed":["Bash"],"damage_healed":0.0,"max_hp_gain":0.0,"max_hp_loss":0.0,"gold_gain":0.0,"event_name":"Falling","player_choice":"Removed Attack","floor":41.0,"gold_loss":0.0,"damage_taken":0.0},{"damage_healed":0.0,"max_hp_gain":0.0,"max_hp_loss":0.0,"gold_gain":0.0,"event_name":"Winding Halls","player_choice":"Embrace Madness","floor":48.0,"gold_loss":0.0,"damage_taken":15.0,"cards_obtained":["Madness","Madness"]}],"is_beta":false,"boss_relics":[{"not_picked":["Fusion Hammer","Ectoplasm"],"picked":"MagicMushroom"},{"not_picked":[]},{"not_picked":["Cursed Key","Snecko Eye"],"picked":"ChampionBelt"},{"not_picked":[]}],"items_purged_floors":[12,24,34,39,47],"is_endless":false,"potions_floor_spawned":[7,10,16,18,25,28,31,35,36],"ascension_level":20}}