{"host":"6fh0uvaoh3e0g6do","time":1613947559,"event":{"mods":["AchievementEnabler","BaseMod","BetterRewards","Colored Map","Colored Powertips","Highlight Path","Hubris","Infinite Spire","Minty Spire (QoL Compilation)","Quick Restart","Replay The Spire","StSLib"],"gold_per_floor":[214,60,75,1,1,1,15,43,66,66,66,79,93,104,104,207,207,223,223,223,22,36,67,67,87,132,132,132,132,148,148,148],"floor_reached":31,"language":"ENG","playtime":1586,"items_purged":[],"score":257,"play_id":"97d25881-2c24-41ed-921b-8210423f13e3","local_time":"20210221154559","is_ascension_mode":false,"campfire_choices":[{"data":"Infinite Blades","floor":6,"key":"SMITH"},{"data":"After Image","floor":11,"key":"SMITH"},{"floor":15,"key":"REST"},{"data":"Footwork","floor":27,"key":"SMITH"},{"data":"Neutralize","floor":29,"key":"SMITH"}],"circlet_count":0,"master_deck":["Noxious Fumes","Strike_G","Strike_G","Strike_G","Strike_G","Strike_G","Defend_G+1","Defend_G","Defend_G","Defend_G","Defend_G","Survivor+1","Neutralize+1","Choke","Infinite Blades+1","Footwork+1","After Image+1","Quick Slash","Draining Mist","Toxin Wave","A Thousand Cuts","Slice","Quick Slash","Hidden Blade","ReplayTheSpireMod:The Works","Poisoned Stab+1","Terror"],"relics":["Ring of the Snake","Sling","hubris:SphereOfDissonance","Vajra","War Paint","WristBlade","Incense Burner","Strange Spoon","Centennial Puzzle","Boot"],"acts_visited":["Exordium","TheCity"],"potions_floor_usage":[12,13,16,25],"damage_taken":[{"damage":1,"enemies":"Cultist","floor":1,"turns":5},{"damage":6,"enemies":"2 Louse","floor":3,"turns":3},{"damage":0,"enemies":"Small Slimes","floor":7,"turns":3},{"damage":11,"enemies":"3 Sentries","floor":8,"turns":6},{"damage":11,"enemies":"Exordium Wildlife","floor":12,"turns":3},{"damage":5,"enemies":"Lots of Slimes","floor":13,"turns":4},{"damage":0,"enemies":"2 Fungi Beasts","floor":14,"turns":3},{"damage":15,"enemies":"Hexaghost","floor":16,"turns":9},{"damage":24,"enemies":"3 Byrds","floor":18,"turns":5},{"damage":7,"enemies":"Spheric Guardian","floor":22,"turns":5},{"damage":23,"enemies":"Book of Stabbing","floor":23,"turns":5},{"damage":2,"enemies":"Snake Plant","floor":25,"turns":2},{"damage":38,"enemies":"Chosen and Byrds","floor":28,"turns":6},{"damage":17,"enemies":"Cultist and Chosen","floor":30,"turns":5},{"damage":17,"enemies":"Slavers","floor":31,"turns":3}],"seed_played":"379734037444900836","potions_obtained":[{"floor":1,"key":"DuplicationPotion"},{"floor":12,"key":"Reflective Coating"},{"floor":14,"key":"Venom Potion"},{"floor":23,"key":"Energy Potion"}],"is_trial":false,"path_per_floor":["M","$","M","$","?","R","M","E","T","$","R","M","M","M","R","B",null,"M","AVR","?","$","M","E","?","M","T","R","M","R","M","E"],"character_chosen":"THE_SILENT","items_purchased":["Sling","Footwork","Strange Spoon","Quick Slash"],"campfire_rested":1,"item_purchase_floors":[2,4,21,21],"current_hp_per_floor":[69,69,63,63,56,56,56,45,45,45,45,34,29,29,50,35,70,46,46,46,46,39,16,70,68,68,68,30,30,13,0,0],"gold":148,"neow_bonus":"HUNDRED_GOLD","is_daily":false,"chose_seed":false,"campfire_upgraded":4,"win_rate":0.0,"timestamp":1613947559,"path_taken":["M","$","M","?","?","R","M","E","T","?","R","M","M","M","R","BOSS","M","AVR","?","$","?","E","?","M","T","R","?","R","?","E"],"items_purchased_type":["Relic","Card","Relic","Card"],"build_version":"2020-12-22","purchased_purges":0,"victory":false,"max_hp_per_floor":[70,70,70,70,70,70,70,70,70,70,70,70,70,70,70,70,70,70,70,70,70,70,70,70,70,70,70,70,70,70,70,70],"card_choices":[{"not_picked":["Acrobatics","Calculated Gamble"],"picked":"Choke","floor":1},{"not_picked":["Dagger Spray","Underhanded Strike"],"picked":"Infinite Blades","floor":3},{"not_picked":["Deadly Poison","Reflex"],"picked":"ReplayTheSpireMod:Shiv Toss","floor":7},{"not_picked":["Prepared","Expertise"],"picked":"After Image","floor":8},{"not_picked":["Sneak Up","PiercingWail"],"picked":"Quick Slash","floor":12},{"not_picked":["ReplayTheSpireMod:Tripwire","hubris:SlightOfHand"],"picked":"Draining Mist","floor":13},{"not_picked":["Deflect","hubris:SlightOfHand"],"picked":"Toxin Wave","floor":14},{"not_picked":["Replay:Bag of Tricks","Die Die Die"],"picked":"A Thousand Cuts","floor":16},{"not_picked":["ReplayTheSpireMod:Tripwire+1","Distraction"],"picked":"Slice","floor":18},{"not_picked":["Fluid Movement+1","Underhanded Strike","PiercingWail"],"picked":"SKIP","floor":22},{"not_picked":["Dagger Throw","All Out Attack"],"picked":"Hidden Blade","floor":23},{"not_picked":["Underhanded Strike","Poisoned Stab"],"picked":"ReplayTheSpireMod:The Works","floor":25},{"not_picked":["Dodge and Roll","hubris:SlightOfHand"],"picked":"Poisoned Stab+1","floor":28},{"not_picked":["Tools of the Trade","Dagger Throw"],"picked":"Terror","floor":30}],"player_experience":39016,"relics_obtained":[{"floor":8,"key":"Vajra"},{"floor":9,"key":"War Paint"},{"floor":23,"key":"Centennial Puzzle"},{"floor":26,"key":"Boot"}],"event_choices":[{"damage_healed":0,"gold_gain":0,"player_choice":"Success","damage_taken":7,"relics_obtained":["hubris:SphereOfDissonance"],"max_hp_gain":0,"max_hp_loss":0,"event_name":"Scrap Ooze","floor":5,"gold_loss":0},{"damage_healed":0,"gold_gain":0,"player_choice":"Bought 0 Potions","damage_taken":0,"max_hp_gain":0,"max_hp_loss":0,"event_name":"The Woman in Blue","floor":20,"gold_loss":0},{"cards_removed":["ReplayTheSpireMod:Shiv Toss"],"damage_healed":54,"gold_gain":0,"player_choice":"Offered Uncommon","damage_taken":0,"max_hp_gain":0,"max_hp_loss":0,"event_name":"Bonfire Elementals","floor":24,"gold_loss":0}],"is_beta":false,"boss_relics":[{"not_picked":["Runic Pyramid","Replay:Wanted Poster"],"picked":"WristBlade"}],"items_purged_floors":[],"is_endless":false,"potions_floor_spawned":[1,12,14,23],"killed_by":"Slavers","ascension_level":0}}