{"host":"dkr0dog13pegamnp","time":1613901733,"event":{"mods":["AchievementEnabler","BaseMod","Minty Spire (QoL Compilation)","Rare Cards Sparkle","StSLib","SuperFastMode","everything is the same but u backflip on backflip"],"gold_per_floor":[116,126,137,137,153,153,186,186,209,230,7,7,46,65,65,193,193,216,231,330,37,61,61,97,22,22,63,88,88,112,136,136,260,260,274,297,320,333,396,396,419,457,457,488,223,237,31,49,49,49,49,49,0,35,35,35],"floor_reached":55,"language":"KOR","playtime":1501,"items_purged":["Strike_G","Strike_G","Strike_G"],"score":1239,"play_id":"ebde0e93-2412-4b74-96cc-dce34a4f1c5c","local_time":"20210221190213","is_ascension_mode":true,"campfire_choices":[{"data":"Cloak And Dagger","floor":6.0,"key":"SMITH"},{"data":"Terror","floor":12.0,"key":"SMITH"},{"data":"Accuracy","floor":15.0,"key":"SMITH"},{"data":"Accuracy","floor":23.0,"key":"SMITH"},{"data":"Blade Dance","floor":29.0,"key":"SMITH"},{"data":"Blade Dance","floor":32.0,"key":"SMITH"},{"data":"Adrenaline","floor":40.0,"key":"SMITH"},{"floor":49.0,"key":"RECALL"},{"data":"Footwork","floor":52.0,"key":"SMITH"}],"circlet_count":0,"master_deck":["AscendersBane","Strike_G","Defend_G","Defend_G","Defend_G","Defend_G","Defend_G","Survivor","Neutralize","Cloak And Dagger+1","Cloak And Dagger+1","Accuracy+1","Terror+1","Accuracy+1","Blade Dance+1","Blade Dance+1","PiercingWail+1","Adrenaline+1","Backflip+1","Apotheosis","Noxious Fumes","Footwork+1","PiercingWail","Blade Dance+1"],"relics":["Ring of the Snake","Nunchaku","Golden Idol","Pen Nib","Bag of Marbles","TheAbacus","Orichalcum","Philosopher\u0027s Stone","Membership Card","Lantern","Tiny Chest","Du-Vu Doll","Happy Flower","SlaversCollar","Tough Bandages","Girya","MawBank","Shuriken","Gambling Chip","Torii"],"acts_visited":["Exordium","TheCity","TheBeyond","TheEnding"],"potions_floor_usage":[55],"damage_taken":[{"damage":3.0,"enemies":"Jaw Worm","floor":1.0,"turns":6.0},{"damage":4.0,"enemies":"Small Slimes","floor":2.0,"turns":4.0},{"damage":0.0,"enemies":"2 Louse","floor":3.0,"turns":3.0},{"damage":1.0,"enemies":"2 Fungi Beasts","floor":5.0,"turns":6.0},{"damage":31.0,"enemies":"3 Sentries","floor":7.0,"turns":13.0},{"damage":1.0,"enemies":"3 Louse","floor":10.0,"turns":2.0},{"damage":10.0,"enemies":"Gremlin Nob","floor":13.0,"turns":4.0},{"damage":0.0,"enemies":"Red Slaver","floor":14.0,"turns":2.0},{"damage":0.0,"enemies":"Hexaghost","floor":16.0,"turns":7.0},{"damage":5.0,"enemies":"3 Byrds","floor":18.0,"turns":5.0},{"damage":2.0,"enemies":"Shell Parasite","floor":19.0,"turns":4.0},{"damage":0.0,"enemies":"Snecko","floor":22.0,"turns":3.0},{"damage":11.0,"enemies":"Gremlin Leader","floor":24.0,"turns":4.0},{"damage":9.0,"enemies":"Slavers","floor":27.0,"turns":4.0},{"damage":0.0,"enemies":"Shelled Parasite and Fungi","floor":28.0,"turns":2.0},{"damage":0.0,"enemies":"Centurion and Healer","floor":30.0,"turns":4.0},{"damage":0.0,"enemies":"3 Cultists","floor":31.0,"turns":3.0},{"damage":1.0,"enemies":"Champ","floor":33.0,"turns":5.0},{"damage":0.0,"enemies":"Orb Walker","floor":35.0,"turns":2.0},{"damage":6.0,"enemies":"3 Shapes","floor":36.0,"turns":3.0},{"damage":1.0,"enemies":"Jaw Worm Horde","floor":37.0,"turns":3.0},{"damage":0.0,"enemies":"3 Darklings","floor":38.0,"turns":2.0},{"damage":0.0,"enemies":"Mind Bloom Boss Battle","floor":39.0,"turns":5.0},{"damage":0.0,"enemies":"Transient","floor":41.0,"turns":5.0},{"damage":3.0,"enemies":"Reptomancer","floor":42.0,"turns":4.0},{"damage":41.0,"enemies":"Nemesis","floor":44.0,"turns":3.0},{"damage":32.0,"enemies":"Maw","floor":46.0,"turns":5.0},{"damage":1.0,"enemies":"4 Shapes","floor":48.0,"turns":4.0},{"damage":7.0,"enemies":"Donu and Deca","floor":50.0,"turns":7.0},{"damage":19.0,"enemies":"Shield and Spear","floor":54.0,"turns":4.0},{"damage":67,"enemies":"The Heart","floor":55,"turns":3}],"seed_played":"2463043382860496490","potions_obtained":[{"floor":2.0,"key":"DistilledChaos"},{"floor":5.0,"key":"SpeedPotion"},{"floor":7.0,"key":"Ancient Potion"},{"floor":18.0,"key":"DistilledChaos"},{"floor":22.0,"key":"AttackPotion"},{"floor":28.0,"key":"FairyPotion"},{"floor":30.0,"key":"ColorlessPotion"},{"floor":36.0,"key":"Poison Potion"},{"floor":39.0,"key":"Block Potion"},{"floor":48.0,"key":"Weak Potion"}],"is_trial":false,"path_per_floor":["M","M","M","?","M","R","E","?","T","M","$","R","E","M","R","B",null,"M","M","?","$","M","R","E","?","T","E","M","R","M","M","R","B",null,"M","M","M","M","?","R","M","E","T","E","$","M","$","M","R","B",null,"R","$","E","B"],"character_chosen":"THE_SILENT","items_purchased":["TheAbacus","Membership Card","Lantern","Blade Dance","Shuriken","Apotheosis","Footwork","Gambling Chip","Weak Potion","PiercingWail","Dexterity Potion"],"campfire_rested":0,"item_purchase_floors":[11,21,21,21,45,45,47,47,47,53,53],"current_hp_per_floor":[60,56,56,56,55,55,24,24,24,23,23,23,13,13,13,13,52,47,45,45,45,45,45,34,34,34,25,25,25,25,25,25,24,55,55,49,48,48,48,48,48,45,45,4,4,15,15,14,14,7,51,51,51,32,0,0],"gold":35,"neow_bonus":"RANDOM_COMMON_RELIC","is_daily":false,"chose_seed":false,"campfire_upgraded":8,"win_rate":0.0,"timestamp":1613901733,"path_taken":["M","M","M","?","M","R","E","?","T","M","$","R","E","M","R","BOSS","M","M","?","$","M","R","E","?","T","E","M","R","M","M","R","BOSS","M","M","M","M","?","R","M","E","T","E","$","M","$","M","R","BOSS","R","$","E","BOSS"],"items_purchased_type":["Relic","Relic","Relic","Card","Relic","Card","Card","Relic","Potion","Card","Potion"],"build_version":"2020-12-22","purchased_purges":3,"victory":false,"max_hp_per_floor":[70,70,70,65,65,65,65,65,65,65,65,65,65,65,65,65,65,65,65,65,65,65,65,65,65,65,65,65,65,65,65,65,65,65,65,65,65,65,65,65,65,65,65,65,65,65,65,65,65,65,65,65,65,65,65,65],"card_choices":[{"not_picked":["Prepared","Deflect"],"picked":"Cloak And Dagger","floor":1.0},{"not_picked":["Backflip","Dagger Throw"],"picked":"Cloak And Dagger","floor":2.0},{"not_picked":["Acrobatics","Outmaneuver","Sucker Punch"],"picked":"SKIP","floor":3.0},{"not_picked":["Wraith Form v2","Outmaneuver","Concentrate"],"picked":"SKIP","floor":5.0},{"not_picked":["Dagger Spray","Bane"],"picked":"Accuracy","floor":7.0},{"not_picked":["Accuracy","Predator"],"picked":"Terror","floor":10.0},{"not_picked":["Underhanded Strike","Calculated Gamble"],"picked":"Accuracy","floor":13.0},{"not_picked":["Riddle With Holes","Leg Sweep","Deflect"],"picked":"SKIP","floor":14.0},{"not_picked":["Deflect","Underhanded Strike","Poisoned Stab"],"picked":"SKIP","floor":18.0},{"not_picked":["Acrobatics","Accuracy","Flying Knee"],"picked":"SKIP","floor":19.0},{"not_picked":["Crippling Poison","Deadly Poison","Dagger Throw+1"],"picked":"SKIP","floor":22.0},{"not_picked":["Bouncing Flask+1","Well Laid Plans+1","Corpse Explosion"],"picked":"SKIP","floor":24.0},{"not_picked":["Quick Slash+1","Tools of the Trade"],"picked":"Blade Dance","floor":27.0},{"not_picked":["Underhanded Strike","Choke"],"picked":"PiercingWail+1","floor":28.0},{"not_picked":["Underhanded Strike","Dagger Throw","Prepared"],"picked":"SKIP","floor":30.0},{"not_picked":["Tools of the Trade","Outmaneuver","Acrobatics"],"picked":"SKIP","floor":31.0},{"not_picked":["Corpse Explosion","Malaise"],"picked":"Adrenaline","floor":33.0},{"not_picked":["Expertise+1","Flying Knee","Acrobatics+1"],"picked":"SKIP","floor":35.0},{"not_picked":["Bane+1","Poisoned Stab","Blade Dance"],"picked":"SKIP","floor":36.0},{"not_picked":["Expertise+1","Flying Knee","Quick Slash"],"picked":"SKIP","floor":37.0},{"not_picked":["Eviscerate+1","Acrobatics+1","Sucker Punch+1"],"picked":"SKIP","floor":38.0},{"not_picked":["Dagger Throw","Bouncing Flask+1"],"picked":"Backflip+1","floor":39.0},{"not_picked":["Deflect+1","Deadly Poison","Riddle With Holes"],"picked":"SKIP","floor":41.0},{"not_picked":["Deflect+1","Deadly Poison","Riddle With Holes"],"picked":"SKIP","floor":41.0},{"not_picked":["Eviscerate","Endless Agony","Storm of Steel"],"picked":"SKIP","floor":42.0},{"not_picked":["Riddle With Holes+1","Crippling Poison","Dagger Spray"],"picked":"SKIP","floor":44.0},{"not_picked":["Bane+1","Crippling Poison"],"picked":"Noxious Fumes","floor":46.0},{"not_picked":["Dodge and Roll","Quick Slash","Concentrate"],"picked":"SKIP","floor":48.0},{"not_picked":["Accuracy+1","Masterful Stab+1"],"picked":"Blade Dance+1","floor":54.0}],"player_experience":79623,"relics_obtained":[{"floor":7.0,"key":"Pen Nib"},{"floor":9.0,"key":"Bag of Marbles"},{"floor":13.0,"key":"Orichalcum"},{"floor":24.0,"key":"Tiny Chest"},{"floor":26.0,"key":"Du-Vu Doll"},{"floor":27.0,"key":"Happy Flower"},{"floor":39.0,"key":"Tough Bandages"},{"floor":42.0,"key":"Girya"},{"floor":44.0,"key":"MawBank"},{"floor":54.0,"key":"Torii"}],"event_choices":[{"damage_healed":0.0,"max_hp_gain":0.0,"max_hp_loss":5.0,"gold_gain":0.0,"event_name":"Golden Idol","player_choice":"Lose Max HP","floor":4.0,"gold_loss":0.0,"damage_taken":0.0,"relics_obtained":["Golden Idol"]},{"damage_healed":0.0,"max_hp_gain":0.0,"max_hp_loss":0.0,"gold_gain":0.0,"event_name":"Living Wall","player_choice":"Grow","floor":8.0,"gold_loss":0.0,"damage_taken":0.0,"cards_upgraded":["Cloak And Dagger"]},{"damage_healed":0.0,"max_hp_gain":0.0,"max_hp_loss":0.0,"gold_gain":99.0,"event_name":"Nest","player_choice":"Stole From Cult","floor":20.0,"gold_loss":0.0,"damage_taken":0.0},{"cards_removed":["Strike_G"],"damage_healed":0.0,"max_hp_gain":0.0,"max_hp_loss":0.0,"gold_gain":0.0,"event_name":"Beggar","player_choice":"Gave Gold","floor":25.0,"gold_loss":75.0,"damage_taken":0.0},{"damage_healed":0.0,"max_hp_gain":0.0,"max_hp_loss":0.0,"gold_gain":0.0,"event_name":"MindBloom","player_choice":"Fight","floor":39.0,"gold_loss":0.0,"damage_taken":0.0}],"is_beta":false,"boss_relics":[{"not_picked":["Snecko Eye","Runic Dome"],"picked":"Philosopher\u0027s Stone"},{"not_picked":["Runic Pyramid","Velvet Choker"],"picked":"SlaversCollar"}],"items_purged_floors":[11,21,45],"is_endless":false,"potions_floor_spawned":[2,5,7,18,22,28,30,36,38,39,41,48],"killed_by":"The Heart","ascension_level":11}}