{"host":"adi","time":1613868867,"event":{"mods":["AchievementEnabler","BaseMod","Bestiary","Colored Powertips","Minty Spire (QoL Compilation)","StSLib"],"gold_per_floor":[18,31,31,106,106,137,137,154,154,154,166,184,184,198,231,231,333,333,347,347,361,380,231,231,257,268,292,292,292,312,312,328,328,328,328],"floor_reached":34,"language":"ENG","playtime":1612,"items_purged":["Strike_P"],"score":411,"play_id":"cdabc462-7b48-4527-bcae-64b1db942ca0","local_time":"20210221015427","is_ascension_mode":true,"campfire_choices":[{"data":"WreathOfFlame","floor":7,"key":"SMITH"},{"data":"Vigilance","floor":13,"key":"SMITH"},{"data":"DeusExMachina","floor":16,"key":"SMITH"},{"floor":24,"key":"REST"},{"floor":33,"key":"REST"}],"circlet_count":0,"master_deck":["Strike_P+1","Defend_P+1","Defend_P","Defend_P","Defend_P","Eruption","Vigilance+1","DeusExMachina+1","BattleHymn+1","Protect","WreathOfFlame+1","Indignation","FlyingSleeves","Wireheading","MasterReality","Crescendo","Tantrum+1","WindmillStrike","WreathOfFlame+1","CarveReality","Omniscience"],"relics":["PureWater","Meat on the Bone","Blue Candle","Sundial","Darkstone Periapt","Calling Bell","Omamori","Mummified Hand","StoneCalendar","Pear","Singing Bowl","Tiny Chest"],"acts_visited":["Exordium","TheCity"],"potions_floor_usage":[6,6,15,17,22,22,34,34],"damage_taken":[{"damage":0,"enemies":"Jaw Worm","floor":1,"turns":4},{"damage":3,"enemies":"2 Louse","floor":2,"turns":4},{"damage":0,"enemies":"Lagavulin","floor":6,"turns":5},{"damage":0,"enemies":"Cultist","floor":8,"turns":2},{"damage":2,"enemies":"Red Slaver","floor":11,"turns":3},{"damage":0,"enemies":"2 Fungi Beasts","floor":12,"turns":3},{"damage":0,"enemies":"Looter","floor":14,"turns":3},{"damage":18,"enemies":"Gremlin Nob","floor":15,"turns":4},{"damage":25,"enemies":"Hexaghost","floor":17,"turns":7},{"damage":9,"enemies":"Shell Parasite","floor":19,"turns":5},{"damage":6,"enemies":"3 Byrds","floor":21,"turns":5},{"damage":0,"enemies":"Snake Plant","floor":22,"turns":2},{"damage":23,"enemies":"Gremlin Leader","floor":25,"turns":5},{"damage":3,"enemies":"Cultist and Chosen","floor":26,"turns":5},{"damage":22,"enemies":"Centurion and Healer","floor":30,"turns":7},{"damage":26,"enemies":"Sentry and Sphere","floor":32,"turns":4},{"damage":71,"enemies":"Collector","floor":34,"turns":5}],"seed_played":"-7190740516270779498","potions_obtained":[{"floor":1,"key":"EssenceOfSteel"},{"floor":2,"key":"SkillPotion"},{"floor":8,"key":"Swift Potion"},{"floor":12,"key":"AttackPotion"},{"floor":15,"key":"FearPotion"},{"floor":21,"key":"Swift Potion"},{"floor":22,"key":"EssenceOfSteel"},{"floor":30,"key":"Weak Potion"}],"is_trial":false,"path_per_floor":["M","M","?","?","?","E","R","M","T","T","M","M","R","M","E","R","B",null,"M","T","M","M","$","R","E","M","T","$","?","M","?","M","R","B"],"character_chosen":"WATCHER","items_purchased":["WindmillStrike"],"campfire_rested":2,"item_purchase_floors":[23],"current_hp_per_floor":[72,69,69,58,44,44,44,44,44,44,42,42,42,42,36,36,23,60,51,61,55,55,55,79,58,57,57,57,57,47,47,35,61,0,0],"gold":328,"neow_bonus":"THREE_RARE_CARDS","is_daily":false,"chose_seed":false,"campfire_upgraded":3,"win_rate":0.0,"timestamp":1613868867,"path_taken":["M","M","?","?","?","E","R","M","T","T","M","M","R","?","E","R","BOSS","M","?","?","M","$","R","E","M","T","$","?","M","?","M","R","BOSS"],"items_purchased_type":["Card"],"build_version":"2020-12-18","purchased_purges":1,"victory":false,"max_hp_per_floor":[72,72,72,72,72,72,72,72,72,72,72,72,72,72,72,72,72,72,72,82,82,82,82,82,84,86,86,86,86,86,86,88,88,88,88],"card_choices":[{"not_picked":["Scrawl","Alpha"],"picked":"DeusExMachina","floor":0},{"not_picked":["Prostrate","CarveReality"],"picked":"BattleHymn","floor":1},{"not_picked":["Pray","ClearTheMind"],"picked":"Protect","floor":2},{"not_picked":["Weave","Pray"],"picked":"WreathOfFlame","floor":6},{"not_picked":["CutThroughFate","PathToVictory","EmptyFist"],"picked":"SKIP","floor":8},{"not_picked":["EmptyFist","Sanctity"],"picked":"Indignation","floor":11},{"not_picked":["PathToVictory","ForeignInfluence"],"picked":"FlyingSleeves","floor":12},{"not_picked":["Protect","CrushJoints"],"picked":"Wireheading","floor":14},{"not_picked":["EmptyFist","Protect","SignatureMove"],"picked":"SKIP","floor":15},{"not_picked":["Scrawl","ConjureBlade"],"picked":"MasterReality","floor":17},{"not_picked":["WreathOfFlame","ForeignInfluence"],"picked":"Crescendo","floor":19},{"not_picked":["Indignation","Halt","FlurryOfBlows"],"picked":"SKIP","floor":21},{"not_picked":["WaveOfTheHand","Consecrate+1"],"picked":"Tantrum+1","floor":22},{"not_picked":["Indignation+1","Worship","Prostrate"],"picked":"Singing Bowl","floor":25},{"not_picked":["WindmillStrike","EmptyFist","WreathOfFlame"],"picked":"Singing Bowl","floor":26},{"not_picked":["Swivel","FollowUp+1"],"picked":"WreathOfFlame+1","floor":30},{"not_picked":["Evaluate","CutThroughFate","EmptyBody"],"picked":"Singing Bowl","floor":32}],"player_experience":452342,"relics_obtained":[{"floor":6,"key":"Meat on the Bone"},{"floor":9,"key":"Blue Candle"},{"floor":10,"key":"Sundial"},{"floor":15,"key":"Darkstone Periapt"},{"floor":18,"key":"Omamori"},{"floor":18,"key":"Mummified Hand"},{"floor":18,"key":"StoneCalendar"},{"floor":20,"key":"Pear"},{"floor":25,"key":"Singing Bowl"},{"floor":27,"key":"Tiny Chest"}],"event_choices":[{"damage_healed":0,"gold_gain":0,"player_choice":"Grow","damage_taken":0,"max_hp_gain":0,"max_hp_loss":0,"event_name":"Living Wall","floor":3,"gold_loss":0,"cards_upgraded":["BattleHymn"]},{"damage_healed":0,"gold_gain":75,"player_choice":"Gather Gold","damage_taken":11,"max_hp_gain":0,"max_hp_loss":0,"event_name":"World of Goop","floor":4,"gold_loss":0},{"damage_healed":0,"gold_gain":0,"player_choice":"Entered Light","damage_taken":14,"max_hp_gain":0,"max_hp_loss":0,"event_name":"Shining Light","floor":5,"gold_loss":0,"cards_upgraded":["Defend_P","Strike_P"]},{"damage_healed":0,"gold_gain":0,"player_choice":"Ignored","damage_taken":0,"max_hp_gain":0,"max_hp_loss":0,"event_name":"Vampires","floor":29,"gold_loss":0},{"damage_healed":0,"gold_gain":0,"cards_transformed":["Strike_P","Strike_P"],"player_choice":"Became Test Subject","damage_taken":0,"max_hp_gain":0,"max_hp_loss":0,"event_name":"Drug Dealer","floor":31,"gold_loss":0,"cards_obtained":["CarveReality","Omniscience"]}],"is_beta":true,"boss_relics":[{"not_picked":["HolyWater","SacredBark"],"picked":"Calling Bell"}],"items_purged_floors":[23],"is_endless":false,"potions_floor_spawned":[1,2,8,12,15,21,22,30],"killed_by":"Collector","ascension_level":5}}