{"host":"18wi9kpcl4eah7pe","time":1613930569,"event":{"mods":["BaseMod","Colored Powertips","Downfall","Minty Spire (QoL Compilation)","StSLib"],"gold_per_floor":[99,99,99,99,99,99,99,99,119,19,44,54,71,81,95,197,197,97,111,211,222,58,58,58,84,84,34,198,212,60,85,98,98,98,98],"floor_reached":33,"language":"ENG","playtime":1390,"items_purged":[],"score":355,"play_id":"44f3bab6-3712-48fb-8698-b0fa3ef693f6","local_time":"20210221120249","is_ascension_mode":true,"campfire_choices":[{"floor":1.0,"key":"RECALL"},{"data":"bronze:CloningBeam","floor":6.0,"key":"SMITH"},{"data":"bronze:MaxOutput","floor":10.0,"key":"SMITH"},{"data":"bronze:Library","floor":18,"key":"SMITH"},{"floor":23,"key":"REST"},{"floor":26,"key":"REST"}],"circlet_count":0,"master_deck":["bronze:Strike","bronze:Strike","bronze:Strike","bronze:Defend","bronze:Defend","bronze:Defend","bronze:Defend","bronze:Replicate","bronze:Goto","bronze:Invalidate","bronze:Terminator","bronze:CloningBeam+1","bronze:Backtrace","bronze:MaxOutput+1","bronze:Overheat","bronze:Optimize","bronze:BuggyMess","bronze:Shell","bronze:OilSpill","bronze:Library+1","bronze:DigitalCarnage","bronze:DecaBeam","bronze:Shield","bronze:WhirlingStrike","bronze:DigitalCarnage+1","bronze:Philosophize","bronze:Separator","bronze:WildBeam","bronze:Constructor"],"relics":["bronze:BronzeCore","downfall:HeartsMalice","White Beast Statue","downfall:HeartBlessingRed","PreservedInsect","bronze:MakeshiftBattery","downfall:HeartBlessingGreen","Omamori","Mummified Hand","Smiling Mask","HandDrill","Regal Pillow"],"acts_visited":["Exordium","TheCity"],"potions_floor_usage":[15,16,16,16,19,20,22,25,29,29,32,33,33],"damage_taken":[{"damage":0.0,"enemies":"2 Louse","floor":2.0,"turns":1.0},{"damage":0.0,"enemies":"Small Slimes","floor":5.0,"turns":1.0},{"damage":0.0,"enemies":"Cultist","floor":8.0,"turns":1.0},{"damage":2.0,"enemies":"2 Fungi Beasts","floor":9.0,"turns":2.0},{"damage":7.0,"enemies":"Lagavulin","floor":11.0,"turns":3.0},{"damage":3.0,"enemies":"downfall:LooterAlt","floor":12.0,"turns":2.0},{"damage":0.0,"enemies":"Exordium Wildlife","floor":13.0,"turns":2.0},{"damage":3,"enemies":"Blue Slaver","floor":14,"turns":2},{"damage":20,"enemies":"Gremlin Gang","floor":15,"turns":3},{"damage":8,"enemies":"SI_SHIV_ARCHETYPE","floor":16,"turns":8},{"damage":38,"enemies":"downfall:LooterAlt2","floor":19,"turns":4},{"damage":12,"enemies":"downfall:LooterAlt2","floor":20,"turns":3},{"damage":6,"enemies":"3 Byrds","floor":21,"turns":6},{"damage":0,"enemies":"downfall:FleeingMerchant","floor":22,"turns":4},{"damage":12,"enemies":"Gremlin Leader","floor":25,"turns":4},{"damage":0,"enemies":"downfall:FleeingMerchant","floor":28,"turns":4},{"damage":41,"enemies":"Shelled Parasite and Fungi","floor":29,"turns":3},{"damage":0,"enemies":"Cultist and Chosen","floor":32,"turns":4},{"damage":23,"enemies":"DF_ARCHETYPE_CLAW","floor":33,"turns":3}],"seed_played":"4840993334444053059","potions_obtained":[{"floor":4.0,"key":"hexamod:SoulburnPotion"},{"floor":4.0,"key":"champ:CounterPotion"},{"floor":4.0,"key":"Energy Potion"},{"floor":8.0,"key":"ColorlessPotion"},{"floor":9.0,"key":"Fire Potion"},{"floor":11.0,"key":"BlessingOfTheForge"},{"floor":12.0,"key":"Dexterity Potion"},{"floor":13,"key":"LiquidMemories"},{"floor":14,"key":"SpeedPotion"},{"floor":15,"key":"BlessingOfTheForge"},{"floor":16,"key":"DistilledChaos"},{"floor":19,"key":"LiquidMemories"},{"floor":20,"key":"Strength Potion"},{"floor":21,"key":"Explosive Potion"},{"floor":22,"key":"CultistPotion"},{"floor":25,"key":"GamblersBrew"},{"floor":28,"key":"FearPotion"},{"floor":29,"key":"Swift Potion"},{"floor":32,"key":"DuplicationPotion"}],"is_trial":false,"path_per_floor":["R","M","?","?","M","R","T","M","M","R","E","M","M","M","M","B",null,"R","M","?","M","$","R","T","E","R","?","$","M","$","T","M","B"],"character_chosen":"THE_AUTOMATON","items_purchased":["Omamori","HandDrill","Regal Pillow"],"campfire_rested":2,"item_purchase_floors":[22,28,30],"current_hp_per_floor":[63,63,63,63,63,63,63,63,61,61,54,51,51,48,28,20,58,58,20,8,2,2,23,23,11,32,60,60,19,19,19,19,0,0,0],"gold":98,"neow_bonus":"THREE_ENEMY_KILL","is_daily":false,"chose_seed":false,"campfire_upgraded":3,"win_rate":0.0,"timestamp":1613930569,"path_taken":["R","M","?","?","M","R","T","?","M","R","E","M","M","M","M","BOSS","R","M","?","M","$","R","T","E","R","?","?","M","$","?","M","BOSS"],"items_purchased_type":["Relic","Relic","Relic"],"build_version":"2020-12-22","purchased_purges":0,"victory":false,"max_hp_per_floor":[70,70,70,70,70,70,70,70,70,70,70,70,70,70,70,70,70,70,70,70,70,70,70,70,70,70,70,70,70,70,70,70,70,70,70],"card_choices":[{"not_picked":["bronze:Turbo","bronze:DelayedSlice"],"picked":"bronze:Invalidate","floor":2.0},{"not_picked":["bronze:Separator","bronze:DelayedSlice"],"picked":"bronze:CloningBeam","floor":5.0},{"not_picked":["bronze:DelayedSlice","bronze:Virus"],"picked":"bronze:Backtrace","floor":8.0},{"not_picked":["bronze:Overheat","bronze:Philosophize"],"picked":"bronze:MaxOutput","floor":9.0},{"not_picked":["bronze:CutThrough","bronze:Overload"],"picked":"bronze:Overheat","floor":11.0},{"not_picked":["bronze:WhirlingStrike","bronze:Overload"],"picked":"bronze:Optimize","floor":12.0},{"not_picked":["bronze:Allocate","bronze:Repair"],"picked":"bronze:BuggyMess","floor":13},{"not_picked":["bronze:DelayedSlice","bronze:Branch"],"picked":"bronze:Shell","floor":14},{"not_picked":["bronze:BuggyMess","bronze:Turbo"],"picked":"bronze:OilSpill","floor":15},{"not_picked":["bronze:TinkerersToolbox","bronze:Verify"],"picked":"bronze:Library","floor":16},{"not_picked":["bronze:Backtrace","bronze:CutThrough"],"picked":"bronze:DigitalCarnage","floor":19},{"not_picked":[],"picked":"bronze:DecaBeam","floor":20},{"not_picked":["bronze:Turbo","bronze:Deprecate+1"],"picked":"bronze:Shield","floor":20},{"not_picked":["bronze:Overheat","bronze:AlphaBuild"],"picked":"bronze:WhirlingStrike","floor":21},{"not_picked":["bronze:Turbo+1","bronze:BronzeOrb+1"],"picked":"bronze:DigitalCarnage+1","floor":22},{"not_picked":["bronze:Overheat+1","bronze:Constructor+1"],"picked":"bronze:Philosophize","floor":25},{"not_picked":["bronze:WhirlingStrike","bronze:Backtrace"],"picked":"bronze:Separator","floor":28},{"not_picked":["bronze:Iterate","bronze:Invalidate"],"picked":"bronze:WildBeam","floor":29},{"not_picked":["bronze:Overload","bronze:WhirlingStrike"],"picked":"bronze:Constructor","floor":32}],"player_experience":1033962,"relics_obtained":[{"floor":7.0,"key":"White Beast Statue"},{"floor":11.0,"key":"PreservedInsect"},{"floor":24,"key":"Mummified Hand"},{"floor":25,"key":"Smiling Mask"}],"event_choices":[{"damage_healed":0.0,"max_hp_gain":0.0,"max_hp_loss":0.0,"gold_gain":0.0,"event_name":"Lab","player_choice":"Got Potions","floor":4.0,"gold_loss":0.0,"damage_taken":0.0}],"is_beta":false,"boss_relics":[{"not_picked":["Velvet Choker","Calling Bell"],"picked":"bronze:MakeshiftBattery"}],"items_purged_floors":[],"is_endless":false,"potions_floor_spawned":[8,9,11,12,13,14,15,16,19,20,21,22,25,28,29,32],"killed_by":"DF_ARCHETYPE_CLAW","ascension_level":7}}