{"host":"z42sc0n2dozsmk72","time":1613907548,"event":{"mods":["AchievementEnabler","BaseMod","Colored Map","Curses Come First","Highlight Path","Minty Spire (QoL Compilation)","Permanent Neow","Quick Restart","Relic Stats","Shop Mod","StSLib","egg","slay the spire mod where everything is the same but ironclad has a cowboy hat"],"gold_per_floor":[118,128,138,158,174,174,199,199,225,73,105,121,141,160,160,262,262,280,280,280,195,208,208,258,292,316,349,362,377,377,412,412,511,511,527,541,557,575,594,629,629,670,670,670,696,696,730,745,745,745,745,745,329,363,363,363],"floor_reached":55,"language":"ENG","playtime":7310,"items_purged":["Defend_P"],"score":1119,"play_id":"e81b2d50-e5d7-4bd2-9de9-e66786165033","local_time":"20210222003908","is_ascension_mode":true,"campfire_choices":[{"data":"Eruption","floor":6.0,"key":"SMITH"},{"data":"FlurryOfBlows","floor":8.0,"key":"SMITH"},{"data":"CrushJoints","floor":15.0,"key":"SMITH"},{"data":"Omniscience","floor":23.0,"key":"SMITH"},{"data":"TalkToTheHand","floor":30.0,"key":"SMITH"},{"data":"CrushJoints","floor":32.0,"key":"SMITH"},{"data":"Study","floor":41.0,"key":"SMITH"},{"floor":46.0,"key":"RECALL"},{"data":"FlurryOfBlows","floor":49.0,"key":"SMITH"},{"data":"Halt","floor":52.0,"key":"SMITH"}],"circlet_count":0,"master_deck":["Defend_P","Defend_P","Defend_P","Eruption+1","Vigilance","Halt+1","Indignation","CrushJoints+1","FlurryOfBlows+1","ThirdEye","Omniscience+1","BattleHymn+1","TalkToTheHand+1","Bite","Bite","Bite","Bite","Bite","CrushJoints+1","Evaluate+1","Prostrate","SpiritShield+1","Study+1","Evaluate+1","Prostrate","FlurryOfBlows+1","Wireheading+1","Adaptation"],"relics":["Busted Crown","Meat on the Bone","Damaru","Anchor","MealTicket","Black Star","Akabeko","Lantern","Happy Flower","Gambling Chip","Art of War","CloakClasp","Matryoshka","Ginger","Smiling Mask","Sozu","HornCleat","Sundial","Potion Belt","CeramicFish","Yang","Boot","Centennial Puzzle","Bronze Scales","OrangePellets","Mercury Hourglass","Nunchaku"],"acts_visited":["Exordium","TheCity","TheBeyond","TheEnding"],"potions_floor_usage":[55,55],"damage_taken":[{"damage":6.0,"enemies":"Jaw Worm","floor":1.0,"turns":4.0},{"damage":0.0,"enemies":"Small Slimes","floor":2.0,"turns":3.0},{"damage":0.0,"enemies":"2 Louse","floor":3.0,"turns":3.0},{"damage":0.0,"enemies":"Looter","floor":4.0,"turns":4.0},{"damage":6.0,"enemies":"Blue Slaver","floor":5.0,"turns":4.0},{"damage":0.0,"enemies":"Gremlin Nob","floor":7.0,"turns":3.0},{"damage":30.0,"enemies":"Lagavulin","floor":11.0,"turns":4.0},{"damage":0.0,"enemies":"Lots of Slimes","floor":12.0,"turns":2.0},{"damage":12.0,"enemies":"Large Slime","floor":13.0,"turns":3.0},{"damage":0.0,"enemies":"Looter","floor":14.0,"turns":3.0},{"damage":0.0,"enemies":"Slime Boss","floor":16.0,"turns":4.0},{"damage":12.0,"enemies":"Shell Parasite","floor":18.0,"turns":3.0},{"damage":0.0,"enemies":"Chosen","floor":22.0,"turns":3.0},{"damage":47.0,"enemies":"Gremlin Leader","floor":25.0,"turns":4.0},{"damage":13.0,"enemies":"Slavers","floor":27.0,"turns":6.0},{"damage":16.0,"enemies":"Centurion and Healer","floor":28.0,"turns":3.0},{"damage":17.0,"enemies":"Snake Plant","floor":29.0,"turns":7.0},{"damage":0.0,"enemies":"Book of Stabbing","floor":31.0,"turns":4.0},{"damage":32.0,"enemies":"Champ","floor":33.0,"turns":6.0},{"damage":0.0,"enemies":"Orb Walker","floor":35.0,"turns":2.0},{"damage":0.0,"enemies":"3 Shapes","floor":36.0,"turns":4.0},{"damage":25.0,"enemies":"Writhing Mass","floor":37.0,"turns":7.0},{"damage":0.0,"enemies":"Maw","floor":38.0,"turns":4.0},{"damage":0.0,"enemies":"Spire Growth","floor":39.0,"turns":3.0},{"damage":0.0,"enemies":"Giant Head","floor":40.0,"turns":5.0},{"damage":14.0,"enemies":"Reptomancer","floor":42.0,"turns":7.0},{"damage":0.0,"enemies":"4 Shapes","floor":45.0,"turns":5.0},{"damage":16.0,"enemies":"Nemesis","floor":47.0,"turns":5.0},{"damage":16.0,"enemies":"3 Darklings","floor":48.0,"turns":5.0},{"damage":10.0,"enemies":"Time Eater","floor":50.0,"turns":7.0},{"damage":6.0,"enemies":"Shield and Spear","floor":54.0,"turns":6.0},{"damage":67,"enemies":"The Heart","floor":55,"turns":8}],"seed_played":"-8622821008570033655","potions_obtained":[{"floor":2.0,"key":"Weak Potion"},{"floor":3.0,"key":"SkillPotion"},{"floor":5.0,"key":"SmokeBomb"},{"floor":12.0,"key":"Explosive Potion"},{"floor":25.0,"key":"Dexterity Potion"},{"floor":31.0,"key":"Energy Potion"}],"is_trial":false,"path_per_floor":["M","M","M","M","M","R","E","R","T","$","E","M","M","M","R","B",null,"M","?","?","?","M","R","T","E","T","E","M","M","R","E","R","B",null,"M","M","M","M","M","E","R","E","T","?","M","R","E","M","R","B",null,"R","$","E","B"],"character_chosen":"WATCHER","items_purchased":["Anchor","Bronze Scales","Adaptation","OrangePellets"],"campfire_rested":0,"item_purchase_floors":[10,53,53,53],"current_hp_per_floor":[66,66,66,66,60,60,60,60,60,60,42,42,42,42,42,42,72,60,60,50,50,50,50,50,21,21,26,26,37,37,45,45,35,50,50,50,31,41,47,50,50,45,45,45,49,49,44,40,40,38,50,50,50,49,0,0],"gold":363,"neow_bonus":"BOSS_RELIC","is_daily":false,"chose_seed":false,"campfire_upgraded":9,"win_rate":0.0,"timestamp":1613907548,"path_taken":["M","M","M","M","M","R","E","R","T","$","E","M","M","M","R","BOSS","M","?","?","?","M","R","?","E","T","E","M","?","R","E","R","BOSS","M","M","M","M","M","E","R","E","T","?","M","R","E","?","R","BOSS","R","$","E","BOSS"],"items_purchased_type":["Relic","Relic","Card","Relic"],"build_version":"2020-12-22","purchased_purges":1,"victory":false,"max_hp_per_floor":[72,72,72,72,72,72,72,72,72,72,72,72,72,72,72,72,72,72,72,50,50,50,50,50,50,50,50,50,50,50,50,50,50,50,50,50,50,50,50,50,50,50,50,50,50,50,50,50,50,50,50,50,50,50,50,50],"relic_stats":{"Happy Flower":[31],"counters":[32,141],"CeramicFish":36,"Yang":[118],"CloakClasp":[153],"Ginger":[11],"Smiling Mask":25,"Boot":[0],"Mercury Hourglass":[24],"Sozu":7,"OrangePellets":[8],"Centennial Puzzle":[12],"Nunchaku":[3],"Busted Crown":60,"Sundial":[6],"Gambling Chip":[39],"Bronze Scales":[135],"MealTicket":0,"Black Star":7,"Art of War":[10],"obtain_stats":[{"Lantern":24,"CeramicFish":42,"Yang":43,"CloakClasp":27,"Ginger":31,"Smiling Mask":31,"Boot":47,"Sozu":34,"Centennial Puzzle":47,"Nunchaku":54,"Matryoshka":27,"HornCleat":40,"Sundial":40,"Gambling Chip":25,"MealTicket":11,"Potion Belt":42,"Happy Flower":25,"Damaru":9,"Akabeko":21,"Mercury Hourglass":54,"OrangePellets":53,"Anchor":10,"Busted Crown":0,"Bronze Scales":53,"Black Star":17,"Art of War":26,"PureWater":0,"Meat on the Bone":7},{"Lantern":13,"CeramicFish":26,"Yang":26,"CloakClasp":15,"Ginger":18,"Smiling Mask":18,"Boot":28,"Sozu":19,"Centennial Puzzle":28,"Nunchaku":31,"Matryoshka":15,"HornCleat":25,"Sundial":25,"Gambling Chip":14,"MealTicket":7,"Potion Belt":26,"Happy Flower":14,"Damaru":6,"Akabeko":12,"Mercury Hourglass":31,"OrangePellets":30,"Anchor":6,"Busted Crown":0,"Bronze Scales":30,"Black Star":11,"Art of War":14,"PureWater":0,"Meat on the Bone":6},{"Lantern":43,"CeramicFish":105,"Yang":105,"CloakClasp":53,"Ginger":67,"Smiling Mask":67,"Boot":115,"Sozu":73,"Centennial Puzzle":115,"Nunchaku":133,"Matryoshka":53,"HornCleat":98,"Sundial":98,"Gambling Chip":47,"MealTicket":25,"Potion Belt":105,"Happy Flower":47,"Damaru":21,"Akabeko":40,"Mercury Hourglass":133,"OrangePellets":127,"Anchor":21,"Busted Crown":0,"Bronze Scales":127,"Black Star":37,"Art of War":47,"PureWater":0,"Meat on the Bone":21}],"Meat on the Bone":84},"card_choices":[{"not_picked":[],"picked":"Halt","floor":1.0},{"not_picked":["Nirvana"],"picked":"SKIP","floor":2.0},{"not_picked":[],"picked":"Indignation","floor":3.0},{"not_picked":["Crescendo"],"picked":"SKIP","floor":4.0},{"not_picked":[],"picked":"CrushJoints","floor":5.0},{"not_picked":[],"picked":"FlurryOfBlows","floor":7.0},{"not_picked":["Meditate"],"picked":"SKIP","floor":11.0},{"not_picked":["Nirvana"],"picked":"SKIP","floor":12.0},{"not_picked":[],"picked":"ThirdEye","floor":13.0},{"not_picked":["WreathOfFlame"],"picked":"SKIP","floor":14.0},{"not_picked":[],"picked":"Omniscience","floor":16.0},{"not_picked":[],"picked":"BattleHymn+1","floor":18.0},{"not_picked":[],"picked":"CrushJoints","floor":22.0},{"not_picked":["Study"],"picked":"SKIP","floor":25.0},{"not_picked":["FollowUp"],"picked":"SKIP","floor":27.0},{"not_picked":[],"picked":"Evaluate+1","floor":28.0},{"not_picked":["CrushJoints"],"picked":"SKIP","floor":29.0},{"not_picked":[],"picked":"Prostrate","floor":31.0},{"not_picked":[],"picked":"SpiritShield","floor":33.0},{"not_picked":["Evaluate"],"picked":"SKIP","floor":35.0},{"not_picked":[],"picked":"Study","floor":36.0},{"not_picked":["CarveReality+1"],"picked":"SKIP","floor":37.0},{"not_picked":[],"picked":"Evaluate+1","floor":38.0},{"not_picked":["EmptyMind"],"picked":"SKIP","floor":39.0},{"not_picked":["CutThroughFate+1"],"picked":"SKIP","floor":40.0},{"not_picked":[],"picked":"Prostrate","floor":42.0},{"not_picked":[],"picked":"FlurryOfBlows","floor":45.0},{"not_picked":[],"picked":"Wireheading+1","floor":47.0},{"not_picked":["SashWhip+1"],"picked":"SKIP","floor":48.0},{"not_picked":["LikeWater"],"picked":"SKIP","floor":54.0}],"player_experience":982001,"relics_obtained":[{"floor":7.0,"key":"Meat on the Bone"},{"floor":9.0,"key":"Damaru"},{"floor":11.0,"key":"MealTicket"},{"floor":24.0,"key":"Lantern"},{"floor":25.0,"key":"Happy Flower"},{"floor":25.0,"key":"Gambling Chip"},{"floor":26.0,"key":"Art of War"},{"floor":27.0,"key":"CloakClasp"},{"floor":27.0,"key":"Matryoshka"},{"floor":31.0,"key":"Ginger"},{"floor":31.0,"key":"Smiling Mask"},{"floor":40.0,"key":"HornCleat"},{"floor":40.0,"key":"Sundial"},{"floor":42.0,"key":"Potion Belt"},{"floor":42.0,"key":"CeramicFish"},{"floor":43.0,"key":"Yang"},{"floor":47.0,"key":"Boot"},{"floor":47.0,"key":"Centennial Puzzle"},{"floor":54.0,"key":"Mercury Hourglass"},{"floor":54.0,"key":"Nunchaku"}],"event_choices":[{"damage_healed":0.0,"max_hp_gain":0.0,"max_hp_loss":0.0,"gold_gain":0.0,"event_name":"The Library","player_choice":"Read","floor":19.0,"gold_loss":0.0,"damage_taken":0.0,"cards_obtained":["TalkToTheHand"]},{"damage_healed":0.0,"max_hp_gain":0.0,"max_hp_loss":22.0,"gold_gain":0.0,"event_name":"Vampires","player_choice":"Became a vampire","floor":20.0,"gold_loss":0.0,"damage_taken":0.0,"cards_obtained":["Bite","Bite","Bite","Bite","Bite"]},{"damage_healed":0.0,"max_hp_gain":0.0,"max_hp_loss":0.0,"gold_gain":0.0,"event_name":"Addict","player_choice":"Obtained Relic","floor":21.0,"gold_loss":85.0,"damage_taken":0.0,"relics_obtained":["Akabeko"]},{"damage_healed":0.0,"max_hp_gain":0.0,"max_hp_loss":0.0,"gold_gain":0.0,"event_name":"Accursed Blacksmith","player_choice":"Forge","floor":44.0,"gold_loss":0.0,"damage_taken":0.0,"cards_upgraded":["SpiritShield"]}],"is_beta":false,"boss_relics":[{"not_picked":["Fusion Hammer","Coffee Dripper"],"picked":"Black Star"},{"not_picked":["Empty Cage","Runic Dome"],"picked":"Sozu"}],"items_purged_floors":[53],"is_endless":false,"potions_floor_spawned":[2,3,5,12,16,18,25,31,33,35,37,39,42,47,48,54],"killed_by":"The Heart","ascension_level":3}}