{"host":"s41rn2jhghpwfrvz","time":1613887274,"event":{"mods":["BaseMod","Minty Spire (QoL Compilation)","Quick Restart","Relic Stats","SuperFastMode"],"gold_per_floor":[111,123,123,134,152,181,200,230,230,230,230],"floor_reached":10,"language":"ENG","playtime":319,"items_purged":[],"score":160,"play_id":"941c06b1-a0eb-44d0-a8c1-893b8af5157a","local_time":"20210221080114","daily_mods":["SealedDeck","Diverse","DeadlyEvents"],"is_ascension_mode":true,"campfire_choices":[],"circlet_count":0,"master_deck":["AscendersBane","Sweeping Beam","Dagger Spray","Consecrate","Cloak And Dagger","Flex","Body Slam","Recycle","Skewer","Pommel Strike","Backflip","Shrug It Off"],"relics":["Burning Blood","Omamori","Smiling Mask","Self Forming Clay"],"acts_visited":["Exordium"],"potions_floor_usage":[6,8],"damage_taken":[{"damage":12,"enemies":"Jaw Worm","floor":1,"turns":2},{"damage":0,"enemies":"Cultist","floor":2,"turns":3},{"damage":9,"enemies":"2 Louse","floor":4,"turns":2},{"damage":4,"enemies":"Blue Slaver","floor":5,"turns":3},{"damage":6,"enemies":"Gremlin Nob","floor":6,"turns":3},{"damage":0,"enemies":"Looter","floor":7,"turns":2},{"damage":58,"enemies":"Lagavulin","floor":8,"turns":10},{"damage":32,"enemies":"Gremlin Nob","floor":10,"turns":3}],"seed_played":"5398621194950981267","potions_obtained":[{"floor":2,"key":"LiquidBronze"},{"floor":5,"key":"Energy Potion"},{"floor":7,"key":"GamblersBrew"}],"is_trial":true,"path_per_floor":["M","M","?","M","M","E","M","E","T","E"],"character_chosen":"IRONCLAD","items_purchased":[],"campfire_rested":0,"item_purchase_floors":[],"current_hp_per_floor":[62,68,73,70,72,72,78,26,26,0,0],"gold":230,"neow_bonus":"","is_daily":false,"chose_seed":false,"campfire_upgraded":0,"win_rate":0.0,"timestamp":1613887274,"path_taken":["M","M","?","M","M","E","M","E","T","E"],"items_purchased_type":[],"build_version":"2020-12-22","purchased_purges":0,"victory":false,"max_hp_per_floor":[75,75,80,80,80,80,80,80,80,80,80],"relic_stats":{"counters":[8,28],"Self Forming Clay":[3],"Smiling Mask":0,"obtain_stats":[{"Self Forming Clay":9,"Omamori":6,"Smiling Mask":8,"Burning Blood":0},{"Self Forming Clay":7,"Omamori":5,"Smiling Mask":7,"Burning Blood":0},{"Self Forming Clay":25,"Omamori":13,"Smiling Mask":25,"Burning Blood":0}],"Burning Blood":42},"card_choices":[{"not_picked":["Heatsinks","Consecrate","Headbutt"],"picked":"SKIP","floor":1},{"not_picked":["EmptyBody","Outmaneuver","Body Slam"],"picked":"SKIP","floor":2},{"not_picked":["WheelKick","Finisher","Bane"],"picked":"SKIP","floor":4},{"not_picked":["EmptyBody","Immolate","Entrench"],"picked":"SKIP","floor":5},{"not_picked":["Caltrops","Metallicize"],"picked":"Shrug It Off","floor":6},{"not_picked":["Dagger Throw","Crescendo","Whirlwind"],"picked":"SKIP","floor":7},{"not_picked":["Nirvana","Leap","Glass Knife"],"picked":"SKIP","floor":8}],"player_experience":1976340,"relics_obtained":[{"floor":6,"key":"Omamori"},{"floor":8,"key":"Smiling Mask"},{"floor":9,"key":"Self Forming Clay"}],"event_choices":[{"damage_healed":0,"gold_gain":0,"player_choice":"Donut","damage_taken":0,"max_hp_gain":5,"max_hp_loss":0,"event_name":"Big Fish","floor":3,"gold_loss":0}],"is_beta":false,"boss_relics":[],"items_purged_floors":[],"is_endless":false,"potions_floor_spawned":[2,5,7],"killed_by":"Gremlin Nob","ascension_level":20}}