{"host":"en4narc5947t7k9n","time":1613935217,"event":{"mods":["AchievementEnabler","BaseMod","Colored Map","Minty Spire (QoL Compilation)","SuperFastMode"],"gold_per_floor":[109,11,21,21,41,41,54,65,65,15,30,61,136,155,155,250,250,261,261,261,12,27,27,39,39,39,52,72,102,102,78,78,78,78],"floor_reached":33,"language":"KOR","playtime":1223,"items_purged":["Strike_G"],"score":299,"play_id":"e5fb1caf-520e-4d09-8d13-466a97610ac2","local_time":"20210222042017","is_ascension_mode":false,"campfire_choices":[{"floor":6,"key":"RECALL"},{"floor":15,"key":"REST"},{"data":"Corpse Explosion","floor":23,"key":"SMITH"},{"data":"Dramatic Entrance","floor":25,"key":"SMITH"},{"data":"Catalyst","floor":32,"key":"SMITH"}],"circlet_count":0,"master_deck":["Strike_G","Strike_G","Strike_G","Defend_G","Defend_G","Defend_G","Defend_G","Defend_G","Survivor","Neutralize","Bouncing Flask+1","Dramatic Entrance+1","Slice","Leg Sweep","All Out Attack","Eviscerate","Catalyst+1","Backstab","Outmaneuver","Corpse Explosion+1","Noxious Fumes","Deadly Poison","Terror+1","Backflip+1","Concentrate+1","Underhanded Strike+1","Expertise","Bane"],"relics":["Ring of the Snake","Pen Nib","Smiling Mask","Coffee Dripper","Enchiridion","Art of War","Snake Skull","Darkstone Periapt","Red Mask","Juzu Bracelet"],"acts_visited":["Exordium","TheCity"],"potions_floor_usage":[16,16,33,33],"damage_taken":[{"damage":0.0,"enemies":"Small Slimes","floor":1.0,"turns":5.0},{"damage":0,"enemies":"Cultist","floor":3,"turns":3},{"damage":0,"enemies":"2 Louse","floor":5,"turns":1},{"damage":10,"enemies":"Large Slime","floor":7,"turns":5},{"damage":8,"enemies":"2 Fungi Beasts","floor":8,"turns":3},{"damage":8,"enemies":"Red Slaver","floor":11,"turns":2},{"damage":20,"enemies":"Lagavulin","floor":12,"turns":5},{"damage":0,"enemies":"Looter","floor":14,"turns":2},{"damage":0,"enemies":"Hexaghost","floor":16,"turns":7},{"damage":0,"enemies":"Chosen","floor":18,"turns":4},{"damage":8,"enemies":"Shell Parasite","floor":22,"turns":3},{"damage":4,"enemies":"Centurion and Healer","floor":24,"turns":4},{"damage":5,"enemies":"Cultist and Chosen","floor":27,"turns":3},{"damage":3,"enemies":"Snecko","floor":28,"turns":4},{"damage":0,"enemies":"Masked Bandits","floor":29,"turns":2},{"damage":39,"enemies":"Automaton","floor":33,"turns":6}],"seed_played":"8997935306327795872","potions_obtained":[{"floor":3,"key":"EssenceOfSteel"},{"floor":8,"key":"Block Potion"},{"floor":14,"key":"Energy Potion"},{"floor":22,"key":"Block Potion"},{"floor":28,"key":"Dexterity Potion"}],"is_trial":false,"path_per_floor":["M","$","M","?","M","R","M","M","T","?","M","E","?","M","R","B",null,"M","?","?","$","M","R","M","R","T","M","M","?","?","$","R","B"],"character_chosen":"THE_SILENT","items_purchased":["Dramatic Entrance","Snake Skull","Deadly Poison","Bane"],"campfire_rested":1,"item_purchase_floors":[2,21,21,31],"current_hp_per_floor":[70,70,70,70,70,70,60,52,52,52,44,24,13,13,34,34,70,70,54,54,54,46,46,42,42,42,37,34,34,34,34,34,0,0],"gold":78,"neow_bonus":"RANDOM_COMMON_RELIC","is_daily":false,"chose_seed":false,"campfire_upgraded":3,"win_rate":0.0,"timestamp":1613935217,"path_taken":["M","$","M","?","?","R","M","M","T","?","M","E","?","M","R","BOSS","M","?","?","$","?","R","M","R","T","M","M","?","?","$","R","BOSS"],"items_purchased_type":["Card","Relic","Card","Card"],"build_version":"2020-12-22","purchased_purges":1,"victory":false,"max_hp_per_floor":[70,70,70,70,70,70,70,70,70,70,70,70,70,70,70,70,70,70,70,70,70,70,70,70,70,70,70,70,70,70,70,70,70,70],"card_choices":[{"not_picked":["Dagger Throw","Quick Slash"],"picked":"Bouncing Flask","floor":1.0},{"not_picked":["Crippling Poison","Deflect"],"picked":"Slice","floor":3},{"not_picked":["Calculated Gamble","PiercingWail"],"picked":"Leg Sweep","floor":5},{"not_picked":["Dagger Spray","Poisoned Stab"],"picked":"All Out Attack","floor":7},{"not_picked":["Accuracy","Quick Slash"],"picked":"Eviscerate","floor":8},{"not_picked":["Deadly Poison","Sucker Punch"],"picked":"Catalyst","floor":11},{"not_picked":["Blur","Flechettes"],"picked":"Backstab","floor":12},{"not_picked":["Underhanded Strike","Sucker Punch"],"picked":"Outmaneuver","floor":14},{"not_picked":["Adrenaline","Glass Knife"],"picked":"Corpse Explosion","floor":16},{"not_picked":["Outmaneuver","Dagger Spray"],"picked":"Noxious Fumes","floor":18},{"not_picked":["Sucker Punch","Dodge and Roll"],"picked":"Terror+1","floor":22},{"not_picked":["Slice+1","Deadly Poison"],"picked":"Backflip+1","floor":24},{"not_picked":["PiercingWail","Flying Knee+1"],"picked":"Concentrate+1","floor":27},{"not_picked":["Blade Dance","Heel Hook"],"picked":"Underhanded Strike+1","floor":28},{"not_picked":["Dodge and Roll","Poisoned Stab"],"picked":"Expertise","floor":29}],"player_experience":139005,"relics_obtained":[{"floor":12,"key":"Smiling Mask"},{"floor":19,"key":"Enchiridion"},{"floor":26,"key":"Darkstone Periapt"},{"floor":29,"key":"Red Mask"}],"event_choices":[{"damage_healed":0,"gold_gain":0,"player_choice":"Forge","damage_taken":0,"max_hp_gain":0,"max_hp_loss":0,"event_name":"Accursed Blacksmith","floor":4,"gold_loss":0,"cards_upgraded":["Bouncing Flask"]},{"cards_removed":["Strike_G"],"damage_healed":0,"gold_gain":0,"player_choice":"Card Removal","damage_taken":0,"max_hp_gain":0,"max_hp_loss":0,"event_name":"The Cleric","floor":10,"gold_loss":50},{"damage_healed":0,"gold_gain":75,"player_choice":"Gather Gold","damage_taken":11,"max_hp_gain":0,"max_hp_loss":0,"event_name":"World of Goop","floor":13,"gold_loss":0},{"damage_healed":0,"gold_gain":0,"player_choice":"Obtained Book","damage_taken":16,"max_hp_gain":0,"max_hp_loss":0,"event_name":"Cursed Tome","floor":19,"gold_loss":0},{"damage_healed":0,"gold_gain":0,"player_choice":"Gave Potion","damage_taken":0,"relics_obtained":["Art of War"],"max_hp_gain":0,"max_hp_loss":0,"event_name":"WeMeetAgain","floor":20,"gold_loss":0},{"damage_healed":0,"gold_gain":0,"player_choice":"Fought Bandits","damage_taken":0,"max_hp_gain":0,"max_hp_loss":0,"event_name":"Masked Bandits","floor":29,"gold_loss":0},{"damage_healed":0,"gold_gain":0,"player_choice":"Opened","damage_taken":0,"relics_obtained":["Juzu Bracelet"],"max_hp_gain":0,"max_hp_loss":0,"event_name":"The Mausoleum","floor":30,"gold_loss":0}],"is_beta":false,"boss_relics":[{"not_picked":["Ectoplasm","Calling Bell"],"picked":"Coffee Dripper"}],"items_purged_floors":[21],"is_endless":false,"potions_floor_spawned":[3,8,14,22,28],"killed_by":"Automaton","ascension_level":0}}