{"host":"i09pxcjttd31eh4q","time":1613919800,"event":{"mods":["AchievementEnabler","BaseMod","Colored Map","Keyboard Shortcuts","Minty Spire (QoL Compilation)","StSLib","SuperFastMode"],"gold_per_floor":[118,42,62,62,1,1,27,27,73,96,131,131,24,65,65,139,139,160,60,76,85,85,124,124,157,157,168,222,222,250,300,300,376,376,395,441,441,491,512,542,542,576,576,193,193,217,237,266,266,266,266,266,266,52,85,85],"floor_reached":57,"language":"KOR","playtime":2562,"items_purged":["Strike_G","Strike_G","Strike_G"],"score":3370,"play_id":"456b89c1-55a6-4b6b-a844-1ad886480891","local_time":"20210222000320","is_ascension_mode":true,"campfire_choices":[{"data":"Masterful Stab","floor":6.0,"key":"SMITH"},{"data":"Underhanded Strike","floor":8.0,"key":"SMITH"},{"data":"Reflex","floor":12.0,"key":"SMITH"},{"data":"Prepared","floor":15.0,"key":"SMITH"},{"data":"Prepared","floor":24.0,"key":"SMITH"},{"data":"Acrobatics","floor":32.0,"key":"SMITH"},{"floor":41.0,"key":"RECALL"},{"data":"1","floor":45,"key":"LIFT"},{"data":"2","floor":49,"key":"LIFT"},{"data":"3","floor":53,"key":"LIFT"}],"circlet_count":0,"master_deck":["AscendersBane","Strike_G","Defend_G","Defend_G","Defend_G","Defend_G","Defend_G","Survivor","Neutralize","Underhanded Strike+1","Reflex+1","Masterful Stab+1","Acrobatics+1","Prepared+1","Backflip","Escape Plan","Grand Finale","Prepared+1","Die Die Die","Backflip+1","Concentrate","Tactician","Acrobatics","Finesse","Footwork","Backflip","Footwork","Prepared+1","Acrobatics"],"relics":["Ring of the Snake","NeowsBlessing","Ornamental Fan","Tiny Chest","CeramicFish","Nunchaku","Eternal Feather","Runic Pyramid","MealTicket","CaptainsWheel","Torii","Pen Nib","Girya","Fusion Hammer","Turnip","Singing Bowl","Sundial","Mercury Hourglass","Lizard Tail","Bag of Preparation","Snake Skull"],"acts_visited":["Exordium","TheCity","TheBeyond","TheEnding"],"potions_floor_usage":[42,42,56,56],"damage_taken":[{"damage":0.0,"enemies":"Cultist","floor":1.0,"turns":1.0},{"damage":0.0,"enemies":"Small Slimes","floor":3.0,"turns":1.0},{"damage":0.0,"enemies":"Lagavulin","floor":7.0,"turns":1.0},{"damage":0.0,"enemies":"Jaw Worm","floor":10.0,"turns":4.0},{"damage":12.0,"enemies":"3 Sentries","floor":11.0,"turns":10.0},{"damage":3.0,"enemies":"Gremlin Nob","floor":14.0,"turns":3.0},{"damage":34.0,"enemies":"Slime Boss","floor":16.0,"turns":9.0},{"damage":6.0,"enemies":"Shell Parasite","floor":18.0,"turns":4.0},{"damage":0.0,"enemies":"Chosen","floor":20.0,"turns":3.0},{"damage":0.0,"enemies":"Book of Stabbing","floor":23.0,"turns":4.0},{"damage":0.0,"enemies":"Gremlin Leader","floor":25.0,"turns":3.0},{"damage":0.0,"enemies":"Sentry and Sphere","floor":27.0,"turns":2.0},{"damage":0.0,"enemies":"Slavers","floor":30.0,"turns":1.0},{"damage":0.0,"enemies":"Collector","floor":33.0,"turns":4.0},{"damage":0.0,"enemies":"3 Shapes","floor":35.0,"turns":1.0},{"damage":0.0,"enemies":"2 Orb Walkers","floor":36.0,"turns":2.0},{"damage":0.0,"enemies":"Orb Walker","floor":39.0,"turns":1.0},{"damage":22.0,"enemies":"Nemesis","floor":40.0,"turns":5.0},{"damage":29,"enemies":"Reptomancer","floor":42,"turns":9},{"damage":0,"enemies":"3 Darklings","floor":46,"turns":2},{"damage":0,"enemies":"Jaw Worm Horde","floor":47,"turns":2},{"damage":0,"enemies":"Nemesis","floor":48,"turns":3},{"damage":18,"enemies":"Time Eater","floor":50,"turns":10},{"damage":0,"enemies":"Awakened One","floor":51,"turns":5},{"damage":0,"enemies":"Shield and Spear","floor":55,"turns":2},{"damage":24,"enemies":"The Heart","floor":56,"turns":7}],"seed_played":"-641880508892574564","potions_obtained":[{"floor":10.0,"key":"CultistPotion"},{"floor":11.0,"key":"Explosive Potion"},{"floor":16.0,"key":"Explosive Potion"},{"floor":18.0,"key":"Swift Potion"},{"floor":25.0,"key":"DistilledChaos"},{"floor":36.0,"key":"AttackPotion"},{"floor":40.0,"key":"Explosive Potion"},{"floor":42,"key":"Strength Potion"}],"is_trial":false,"path_per_floor":["M","$","M","?","?","R","E","R","T","M","E","R","$","E","R","B",null,"M","$","M","?","$","E","R","E","T","M","T","?","E","?","R","B",null,"M","?","T","?","M","E","R","E","T","$","R","M","M","E","R","B","B",null,"R","$","E","B",null],"character_chosen":"THE_SILENT","items_purchased":["Reflex","Escape Plan","Finesse","Footwork","Backflip","Dexterity Potion","Bag of Preparation","Acrobatics"],"campfire_rested":0,"item_purchase_floors":[2,13,44,44,44,44,54,54],"current_hp_per_floor":[59,59,59,64,64,64,64,64,64,64,52,52,52,49,61,27,60,54,54,54,54,54,54,66,66,66,66,66,66,66,66,71,71,71,71,71,71,71,71,51,63,34,34,49,64,64,64,66,75,57,57,71,75,75,77,53],"gold":85,"neow_bonus":"THREE_ENEMY_KILL","is_daily":false,"chose_seed":false,"campfire_upgraded":6,"win_rate":0.0,"timestamp":1613919800,"path_taken":["M","$","M","?","?","R","E","R","T","?","E","R","?","E","R","BOSS","M","$","M","?","$","E","R","E","T","M","?","?","E","?","R","BOSS","M","?","?","?","M","E","R","E","T","$","R","?","M","E","R","BOSS","BOSS","R","$","E","BOSS"],"items_purchased_type":["Card","Card","Card","Card","Card","Potion","Relic","Card"],"build_version":"2020-12-22","purchased_purges":3,"victory":true,"max_hp_per_floor":[66,66,66,71,71,71,71,71,71,71,71,71,71,71,71,71,71,71,71,71,71,71,71,71,71,71,71,71,71,71,71,71,71,71,71,71,71,71,71,73,73,73,73,73,73,73,73,75,75,75,75,75,75,75,77,77],"card_choices":[{"not_picked":["Bane","Infinite Blades"],"picked":"Underhanded Strike","floor":1.0},{"not_picked":["Underhanded Strike","Catalyst"],"picked":"Masterful Stab","floor":3.0},{"not_picked":["Flying Knee","Finisher"],"picked":"Acrobatics","floor":7.0},{"not_picked":["Expertise","Bane"],"picked":"Prepared","floor":10.0},{"not_picked":["Catalyst","Deflect"],"picked":"Backflip","floor":11.0},{"not_picked":["Slice","Finisher"],"picked":"Grand Finale","floor":14.0},{"not_picked":["Backflip","Flying Knee"],"picked":"Prepared","floor":18.0},{"not_picked":["Slice","All Out Attack","Bane"],"picked":"SKIP","floor":20.0},{"not_picked":["Wraith Form v2","Deadly Poison"],"picked":"Backflip+1","floor":23.0},{"not_picked":["Backflip","Sucker Punch","Poisoned Stab+1"],"picked":"SKIP","floor":25.0},{"not_picked":["Slice","Heel Hook","PiercingWail"],"picked":"SKIP","floor":27.0},{"not_picked":["Acrobatics","Backflip+1","Flying Knee"],"picked":"SKIP","floor":30.0},{"not_picked":["Slice","PiercingWail+1"],"picked":"Concentrate","floor":35.0},{"not_picked":["Dodge and Roll","Deadly Poison"],"picked":"Tactician","floor":39.0},{"not_picked":["Setup","Blade Dance","Backflip"],"picked":"Singing Bowl","floor":40.0},{"not_picked":["Poisoned Stab","Tactician"],"picked":"Acrobatics","floor":42},{"not_picked":["Cloak And Dagger+1","Blur"],"picked":"Footwork","floor":46},{"not_picked":["Outmaneuver+1","Well Laid Plans+1"],"picked":"Prepared+1","floor":47},{"not_picked":["Dodge and Roll","Dagger Throw+1","Venomology"],"picked":"Singing Bowl","floor":48},{"not_picked":["Skewer","Bane","Catalyst"],"picked":"Singing Bowl","floor":55}],"player_experience":931873,"relics_obtained":[{"floor":7.0,"key":"Tiny Chest"},{"floor":9.0,"key":"CeramicFish"},{"floor":11.0,"key":"Nunchaku"},{"floor":14.0,"key":"Eternal Feather"},{"floor":23.0,"key":"MealTicket"},{"floor":25.0,"key":"CaptainsWheel"},{"floor":26.0,"key":"Torii"},{"floor":28.0,"key":"Pen Nib"},{"floor":30.0,"key":"Girya"},{"floor":36.0,"key":"Turnip"},{"floor":40.0,"key":"Singing Bowl"},{"floor":42,"key":"Sundial"},{"floor":43,"key":"Mercury Hourglass"},{"floor":48,"key":"Lizard Tail"},{"floor":55,"key":"Snake Skull"}],"event_choices":[{"damage_healed":0.0,"max_hp_gain":5.0,"max_hp_loss":0.0,"gold_gain":0.0,"event_name":"Big Fish","player_choice":"Donut","floor":4.0,"gold_loss":0.0,"damage_taken":0.0},{"damage_healed":0.0,"max_hp_gain":0.0,"max_hp_loss":0.0,"gold_gain":0.0,"event_name":"WeMeetAgain","player_choice":"Paid Gold","floor":5.0,"gold_loss":61.0,"damage_taken":0.0,"relics_obtained":["Ornamental Fan"]},{"damage_healed":0.0,"max_hp_gain":0.0,"max_hp_loss":0.0,"gold_gain":0.0,"cards_transformed":["Strike_G"],"event_name":"Transmorgrifier","player_choice":"Transformed","floor":21.0,"gold_loss":0.0,"damage_taken":0.0,"cards_obtained":["Die Die Die"]},{"damage_healed":0.0,"max_hp_gain":0.0,"max_hp_loss":0.0,"gold_gain":0.0,"event_name":"Vampires","player_choice":"Ignored","floor":29.0,"gold_loss":0.0,"damage_taken":0.0},{"damage_healed":0.0,"max_hp_gain":0.0,"max_hp_loss":0.0,"gold_gain":50.0,"event_name":"Nest","player_choice":"Stole From Cult","floor":31.0,"gold_loss":0.0,"damage_taken":0.0},{"damage_healed":0.0,"max_hp_gain":0.0,"max_hp_loss":0.0,"gold_gain":0.0,"event_name":"Mysterious Sphere","player_choice":"Fight","floor":36.0,"gold_loss":0.0,"damage_taken":0.0},{"damage_healed":0.0,"max_hp_gain":0.0,"max_hp_loss":0.0,"gold_gain":50.0,"event_name":"Golden Shrine","player_choice":"Pray","floor":38.0,"gold_loss":0.0,"damage_taken":0.0}],"is_beta":false,"boss_relics":[{"not_picked":["WristBlade","Runic Dome"],"picked":"Runic Pyramid"},{"not_picked":["Calling Bell","Snecko Eye"],"picked":"Fusion Hammer"}],"items_purged_floors":[13,19,44],"is_endless":false,"potions_floor_spawned":[10,11,16,18,25,30,35,36,40,42],"ascension_level":20}}