{"host":"6r762osam2bvfm66","time":1613877611,"event":{"mods":["BaseMod","Bestiary","Colored Map","Highlight Path","Minty Spire (QoL Compilation)","Relic Stats"],"gold_per_floor":[115,115,125,125,138,165,165,181,204,218,549,1,11,36,36,135,135,149,167,19,39,58,84,84,103,103,133,133,162,176,190,190,285,285,297,311,110,110,110,141,160,195,220,220,251,122,150,164,164,164,164,164,6,37,37],"floor_reached":56,"language":"ENG","playtime":4210,"items_purged":["Strike_G","Strike_G","Strike_G","Strike_G","Defend_G"],"score":1891,"play_id":"b3964dae-0331-4fe2-bc8d-067512f78e15","local_time":"20210220212011","is_ascension_mode":true,"campfire_choices":[{"data":"Adrenaline","floor":7,"key":"SMITH"},{"data":"Tools of the Trade","floor":15,"key":"SMITH"},{"data":"Prepared","floor":24,"key":"SMITH"},{"data":"Catalyst","floor":28,"key":"SMITH"},{"floor":32,"key":"REST"},{"floor":44,"key":"REST"},{"floor":49,"key":"RECALL"},{"floor":52,"key":"REST"}],"circlet_count":0,"master_deck":["Defend_G","Defend_G+1","Defend_G","Defend_G+1","Survivor","Neutralize","Adrenaline+1","Crippling Poison","Dagger Spray","Poisoned Stab","Backstab","Tools of the Trade","Tools of the Trade+1","Reflex","Leg Sweep","Eviscerate","Burst","PiercingWail+1","Prepared+1","Acrobatics","Catalyst+1","Underhanded Strike","Corpse Explosion","Prepared+1","Burst","Thinking Ahead","Catalyst+1","Tactician","Prepared+1","Backflip","Escape Plan","Leg Sweep+1","Deadly Poison","Bouncing Flask","Blur"],"relics":["Ring of the Snake","PreservedInsect","Vajra","Oddly Smooth Stone","Old Coin","Shuriken","TwistedFunnel","Letter Opener","HoveringKite","Akabeko","Smiling Mask","War Paint","Fusion Hammer","Bag of Preparation","Lizard Tail","Boot","Turnip","Darkstone Periapt","Blood Vial"],"acts_visited":["Exordium","TheCity","TheBeyond","TheEnding"],"potions_floor_usage":[10,33,41,41,50,50,55],"damage_taken":[{"damage":0,"enemies":"2 Louse","floor":1,"turns":3},{"damage":1,"enemies":"Cultist","floor":3,"turns":4},{"damage":0,"enemies":"Small Slimes","floor":5,"turns":3},{"damage":10,"enemies":"3 Sentries","floor":6,"turns":8},{"damage":0,"enemies":"2 Fungi Beasts","floor":8,"turns":2},{"damage":2,"enemies":"Exordium Thugs","floor":10,"turns":5},{"damage":0,"enemies":"Lagavulin","floor":11,"turns":5},{"damage":0,"enemies":"Lots of Slimes","floor":13,"turns":1},{"damage":0,"enemies":"3 Sentries","floor":14,"turns":4},{"damage":16,"enemies":"Slime Boss","floor":16,"turns":11},{"damage":8,"enemies":"Spheric Guardian","floor":18,"turns":4},{"damage":5,"enemies":"Chosen","floor":19,"turns":5},{"damage":6,"enemies":"Sentry and Sphere","floor":21,"turns":6},{"damage":1,"enemies":"Snecko","floor":22,"turns":4},{"damage":6,"enemies":"Gremlin Leader","floor":23,"turns":3},{"damage":0,"enemies":"Centurion and Healer","floor":25,"turns":4},{"damage":0,"enemies":"Book of Stabbing","floor":27,"turns":3},{"damage":12,"enemies":"Gremlin Leader","floor":29,"turns":3},{"damage":0,"enemies":"Cultist and Chosen","floor":30,"turns":3},{"damage":0,"enemies":"Sentry and Sphere","floor":31,"turns":4},{"damage":7,"enemies":"Collector","floor":33,"turns":4},{"damage":0,"enemies":"3 Darklings","floor":35,"turns":2},{"damage":0,"enemies":"Orb Walker","floor":36,"turns":2},{"damage":0,"enemies":"Reptomancer","floor":40,"turns":2},{"damage":4,"enemies":"Writhing Mass","floor":41,"turns":2},{"damage":32,"enemies":"Nemesis","floor":42,"turns":3},{"damage":0,"enemies":"Reptomancer","floor":45,"turns":2},{"damage":0,"enemies":"Giant Head","floor":47,"turns":2},{"damage":0,"enemies":"Spire Growth","floor":48,"turns":3},{"damage":19,"enemies":"Donu and Deca","floor":50,"turns":3},{"damage":0,"enemies":"Shield and Spear","floor":54,"turns":2},{"damage":70,"enemies":"The Heart","floor":55,"turns":7}],"seed_played":"-4882801831006874095","potions_obtained":[{"floor":1,"key":"Block Potion"},{"floor":3,"key":"Poison Potion"},{"floor":10,"key":"Strength Potion"},{"floor":14,"key":"EssenceOfSteel"},{"floor":21,"key":"CunningPotion"},{"floor":29,"key":"GamblersBrew"},{"floor":41,"key":"CunningPotion"},{"floor":42,"key":"DuplicationPotion"},{"floor":45,"key":"Block Potion"}],"is_trial":false,"path_per_floor":["M","?","M","?","M","E","R","M","T","M","E","$","M","E","R","B",null,"M","M","$","M","M","E","R","M","T","E","R","E","M","M","R","B",null,"M","M","$","?","?","E","M","E","T","R","E","$","E","M","R","B",null,"R","$","E","B",null],"character_chosen":"THE_SILENT","items_purchased":["Shuriken","TwistedFunnel","Reflex","Prepared","Burst","Backflip","Escape Plan","Bouncing Flask","Blur"],"campfire_rested":3,"item_purchase_floors":[12,12,12,20,37,46,46,53,53],"current_hp_per_floor":[63,63,62,62,62,52,52,52,52,50,50,50,50,50,50,34,61,53,48,48,42,41,35,35,35,35,35,35,23,23,23,44,37,62,62,62,62,52,52,52,48,16,16,37,37,37,37,37,37,18,57,70,70,70,35],"gold":37,"neow_bonus":"TRANSFORM_CARD","is_daily":false,"chose_seed":false,"campfire_upgraded":4,"win_rate":0.0,"timestamp":1613877611,"path_taken":["M","?","M","?","M","E","R","M","T","M","E","$","M","E","R","BOSS","M","M","$","M","M","E","R","M","T","E","R","E","M","M","R","BOSS","M","M","?","?","?","E","M","E","T","R","E","$","E","?","R","BOSS","R","$","E","BOSS"],"items_purchased_type":["Relic","Relic","Card","Card","Card","Card","Card","Card","Card"],"build_version":"2020-12-22","purchased_purges":5,"victory":true,"max_hp_per_floor":[70,70,70,70,70,70,70,70,70,70,70,70,70,70,70,70,70,70,70,70,70,70,70,70,70,70,70,70,70,70,70,70,70,70,70,70,70,70,70,70,70,70,70,70,70,70,70,70,70,70,70,70,70,70,70],"relic_stats":{"Darkstone Periapt":0,"counters":[32,119],"HoveringKite":[60],"PreservedInsect":581,"Bag of Preparation":[16],"Letter Opener":[439],"War Paint":["Defend_G","Defend_G"],"Smiling Mask":300,"Boot":[7],"Blood Vial":0,"Lizard Tail":35,"Shuriken":[27],"Turnip":[2],"obtain_stats":[{"TwistedFunnel":12,"Darkstone Periapt":47,"Vajra":6,"Oddly Smooth Stone":9,"HoveringKite":17,"PreservedInsect":2,"Bag of Preparation":40,"Letter Opener":14,"War Paint":29,"Smiling Mask":27,"Boot":43,"Akabeko":23,"Old Coin":11,"Blood Vial":54,"Lizard Tail":42,"Shuriken":12,"Fusion Hammer":34,"Turnip":45,"Ring of the Snake":0},{"TwistedFunnel":7,"Darkstone Periapt":28,"Vajra":4,"Oddly Smooth Stone":5,"HoveringKite":10,"PreservedInsect":1,"Bag of Preparation":24,"Letter Opener":9,"War Paint":18,"Smiling Mask":17,"Boot":26,"Akabeko":15,"Old Coin":7,"Blood Vial":31,"Lizard Tail":26,"Shuriken":7,"Fusion Hammer":21,"Turnip":27,"Ring of the Snake":0},{"TwistedFunnel":30,"Darkstone Periapt":104,"Vajra":18,"Oddly Smooth Stone":20,"HoveringKite":46,"PreservedInsect":3,"Bag of Preparation":95,"Letter Opener":35,"War Paint":78,"Smiling Mask":75,"Boot":100,"Akabeko":68,"Old Coin":30,"Blood Vial":112,"Lizard Tail":100,"Shuriken":30,"Fusion Hammer":89,"Turnip":102,"Ring of the Snake":0}],"Ring of the Snake":[64]},"card_choices":[{"not_picked":["Skewer","Cloak And Dagger"],"picked":"Crippling Poison","floor":1},{"not_picked":["Crippling Poison","Flechettes"],"picked":"Dagger Spray","floor":3},{"not_picked":["Acrobatics","PiercingWail"],"picked":"Poisoned Stab","floor":5},{"not_picked":["Predator","Deflect"],"picked":"Backstab","floor":6},{"not_picked":["Flying Knee","Infinite Blades"],"picked":"Tools of the Trade","floor":8},{"not_picked":["Sucker Punch","Quick Slash","Masterful Stab"],"picked":"SKIP","floor":10},{"not_picked":["Predator","Prepared"],"picked":"Tools of the Trade","floor":11},{"not_picked":["Bane","Acrobatics"],"picked":"Leg Sweep","floor":13},{"not_picked":["After Image","Flechettes","Eviscerate"],"picked":"SKIP","floor":14},{"not_picked":["After Image","Flechettes"],"picked":"Eviscerate","floor":14},{"not_picked":["Bullet Time","Unload"],"picked":"Burst","floor":16},{"not_picked":["Setup","Flying Knee+1","Dagger Spray"],"picked":"SKIP","floor":18},{"not_picked":["Dagger Spray","Cloak And Dagger"],"picked":"PiercingWail+1","floor":19},{"not_picked":["Cloak And Dagger","Slice+1"],"picked":"Acrobatics","floor":21},{"not_picked":["Quick Slash","Accuracy","Masterful Stab"],"picked":"SKIP","floor":22},{"not_picked":["Well Laid Plans","After Image","Heel Hook"],"picked":"SKIP","floor":23},{"not_picked":["Crippling Poison","Acrobatics+1"],"picked":"Catalyst","floor":25},{"not_picked":["Infinite Blades","Choke"],"picked":"Underhanded Strike","floor":27},{"not_picked":["All Out Attack","Riddle With Holes","Distraction"],"picked":"SKIP","floor":29},{"not_picked":["Acrobatics","Expertise+1","Bane"],"picked":"SKIP","floor":30},{"not_picked":["Expertise","Choke","Cloak And Dagger"],"picked":"SKIP","floor":31},{"not_picked":["Die Die Die","Bullet Time"],"picked":"Corpse Explosion","floor":33},{"not_picked":["Dodge and Roll","Outmaneuver","Finisher+1"],"picked":"SKIP","floor":35},{"not_picked":["Flying Knee","Dodge and Roll"],"picked":"Prepared+1","floor":36},{"not_picked":["Enlightenment","Transmutation"],"picked":"Thinking Ahead","floor":38},{"not_picked":["PiercingWail+1","Dagger Spray+1"],"picked":"Tactician","floor":40},{"not_picked":["Predator+1","Slice+1"],"picked":"Prepared+1","floor":41},{"not_picked":["A Thousand Cuts","Deflect","Distraction+1"],"picked":"SKIP","floor":42},{"not_picked":["Blade Dance","Slice+1","Choke"],"picked":"SKIP","floor":45},{"not_picked":["Tactician+1","Escape Plan+1"],"picked":"Leg Sweep+1","floor":47},{"not_picked":["Blade Dance+1","Poisoned Stab"],"picked":"Deadly Poison","floor":48},{"not_picked":["Catalyst+1","Flying Knee","Prepared+1"],"picked":"SKIP","floor":54}],"player_experience":119536,"relics_obtained":[{"floor":6,"key":"Vajra"},{"floor":9,"key":"Oddly Smooth Stone"},{"floor":11,"key":"Old Coin"},{"floor":14,"key":"Letter Opener"},{"floor":23,"key":"Akabeko"},{"floor":27,"key":"Smiling Mask"},{"floor":29,"key":"War Paint"},{"floor":40,"key":"Bag of Preparation"},{"floor":42,"key":"Lizard Tail"},{"floor":43,"key":"Boot"},{"floor":45,"key":"Turnip"},{"floor":47,"key":"Darkstone Periapt"},{"floor":54,"key":"Blood Vial"}],"event_choices":[{"damage_healed":0,"gold_gain":0,"player_choice":"Box","damage_taken":0,"relics_obtained":["PreservedInsect"],"max_hp_gain":0,"max_hp_loss":0,"event_name":"Big Fish","floor":2,"gold_loss":0,"cards_obtained":["Regret"]},{"cards_removed":["Regret"],"damage_healed":0,"gold_gain":0,"player_choice":"Purged","damage_taken":0,"max_hp_gain":0,"max_hp_loss":0,"event_name":"Purifier","floor":4,"gold_loss":0},{"damage_healed":0,"gold_gain":0,"player_choice":"Memory 3","damage_taken":10,"max_hp_gain":0,"max_hp_loss":0,"event_name":"SensoryStone","floor":38,"gold_loss":0},{"damage_healed":0,"gold_gain":0,"player_choice":"Copied","damage_taken":0,"max_hp_gain":0,"max_hp_loss":0,"event_name":"Duplicator","floor":39,"gold_loss":0,"cards_obtained":["Catalyst"]}],"is_beta":false,"boss_relics":[{"not_picked":["WristBlade","Philosopher\u0027s Stone"],"picked":"HoveringKite"},{"not_picked":["SacredBark","Snecko Eye"],"picked":"Fusion Hammer"}],"items_purged_floors":[12,20,37,46,53],"is_endless":false,"potions_floor_spawned":[1,3,10,14,21,22,23,29,31,41,42,45],"ascension_level":6}}