{"host":"3p4eynvdmgjf7qvn","time":1613902692,"event":{"mods":["Aspiration","BaseMod","Better Note","Better Skull","Colored Map","Colored Powertips","Downfall","Hermit","Hubris","Minty Spire (QoL Compilation)","Relic Stats","Robot Space Explorer","StSLib","The Bug Knight","The Disciple","The Forsaken","The Hierophant","The Jungle","The Marked","The Necromancer","TheBandit"],"gold_per_floor":[17,17,92,103,34,64,64,95,119,145,145,161,161,179,179,280,280,290,310,324,324,304,304,322,356,356,356,366,383,47,67,67,162,162,179,79,97,97,97,126,126,151,151,151,151,162,179,192,192,192],"floor_reached":51,"language":"ENG","playtime":5072,"items_purged":["hermit:Strike_Hermit","hermit:Strike_Hermit"],"score":758,"play_id":"bb800384-ea75-43a6-90bf-85e37ba61450","local_time":"20210221111812","is_ascension_mode":true,"campfire_choices":[{"data":"hermit:Combo","floor":7,"key":"SMITH"},{"data":"hermit:Snapshot","floor":11,"key":"SMITH"},{"data":"hermit:BigShot","floor":13,"key":"SMITH"},{"data":"hermit:Reprieve","floor":15,"key":"SMITH"},{"floor":23,"key":"RECALL"},{"floor":27,"key":"REST"},{"floor":32,"key":"REST"},{"data":"hermit:EternalForm","floor":41,"key":"SMITH"},{"floor":44,"key":"REST"},{"data":"hermit:LoneWolf","floor":49,"key":"SMITH"}],"circlet_count":0,"master_deck":["hermit:Strike_Hermit","hermit:Defend_Hermit","hermit:Defend_Hermit","hermit:Defend_Hermit","hermit:Snapshot+1","hermit:Covet","hermit:Enervate","hermit:Combo+1","hermit:BigShot+1","hermit:Deadeye","hermit:Roulette","hermit:Reprieve+1","hermit:EternalForm+1","hermit:Vantage","hermit:ItchyTrigger+1","hermit:TakeAim","hermit:Ricochet+1","hermit:LoneWolf+1","hermit:GhostlyPresence","hermit:DeadMansHand+1","hermit:Roughhouse","hermit:GhostlyPresence+1","hermit:Dive+1","Master of Strategy","hermit:GhostlyPresence+1","hermit:Headshot+1","Parasite","hermit:LoneWolf+1"],"relics":["hermit:Momento","Orichalcum","Vajra","aspiration:HiddenCompartment","hubris:VirtuousBlindfold","hubris:ToyBattleship","hubris:Reverence","Lantern","hubris:ScarierMask","hubris:Towel","Bottled Tornado","Ice Cream","Mercury Hourglass"],"acts_visited":["Exordium","TheCity","TheBeyond"],"potions_floor_usage":[6,8,8,16,28,31,33,33,33,33,40,42,48],"damage_taken":[{"damage":0,"enemies":"2 Louse","floor":1,"turns":2},{"damage":5,"enemies":"Small Slimes","floor":4,"turns":2},{"damage":9,"enemies":"HollowMod:MossKnight","floor":6,"turns":6},{"damage":6,"enemies":"Gremlin Nob","floor":8,"turns":3},{"damage":0,"enemies":"HollowMod:MossKnight","floor":10,"turns":3},{"damage":0,"enemies":"Cultist","floor":12,"turns":2},{"damage":3,"enemies":"Gremlin Gang","floor":14,"turns":3},{"damage":25,"enemies":"The Guardian","floor":16,"turns":7},{"damage":5,"enemies":"Shell Parasite","floor":18,"turns":2},{"damage":0,"enemies":"Spheric Guardian","floor":19,"turns":2},{"damage":12,"enemies":"Snake Plant","floor":20,"turns":4},{"damage":7,"enemies":"Centurion and Healer","floor":24,"turns":6},{"damage":35,"enemies":"Slavers","floor":25,"turns":4},{"damage":1,"enemies":"Snecko","floor":28,"turns":4},{"damage":17,"enemies":"Sentry and Sphere","floor":29,"turns":4},{"damage":3,"enemies":"Cultist and Chosen","floor":31,"turns":3},{"damage":3,"enemies":"Automaton","floor":33,"turns":5},{"damage":5,"enemies":"3 Darklings","floor":35,"turns":4},{"damage":9,"enemies":"3 Shapes","floor":37,"turns":2},{"damage":15,"enemies":"Nemesis","floor":40,"turns":7},{"damage":16,"enemies":"Giant Head","floor":42,"turns":7},{"damage":0,"enemies":"3 Darklings","floor":46,"turns":2},{"damage":0,"enemies":"Jaw Worm Horde","floor":47,"turns":2},{"damage":0,"enemies":"Writhing Mass","floor":48,"turns":3},{"damage":36,"enemies":"Time Eater","floor":50,"turns":8}],"seed_played":"-4554852303656611649","potions_obtained":[{"floor":1,"key":"PowerPotion"},{"floor":4,"key":"hexamod:SoulburnPotion"},{"floor":6,"key":"Strength Potion"},{"floor":10,"key":"DuplicationPotion"},{"floor":14,"key":"Dexterity Potion"},{"floor":19,"key":"CultistPotion"},{"floor":22,"key":"hermit:Eclipse"},{"floor":28,"key":"hexamod:SoulburnPotion"},{"floor":29,"key":"Slimebound:ThreeZeroPotion"},{"floor":31,"key":"EntropicBrew"},{"floor":35,"key":"Regen Potion"},{"floor":46,"key":"Ancient Potion"},{"floor":48,"key":"Explosive Potion"}],"is_trial":false,"path_per_floor":["M","?","?","M","$","E","R","E","T","E","R","M","R","M","R","B",null,"M","M","M","?","?","R","M","E","T","R","M","M","$","M","R","B",null,"M","$","M","?","?","E","R","E","T","R","?","M","M","M","R","B",null],"character_chosen":"HERMIT","items_purchased":["hermit:Combo","Lantern","hermit:LoneWolf","hermit:GhostlyPresence"],"campfire_rested":3,"item_purchase_floors":[5,30,30,30],"current_hp_per_floor":[75,75,64,59,59,50,50,44,44,44,44,44,44,41,41,20,75,70,74,63,63,63,63,60,25,25,47,50,33,33,34,56,57,75,70,70,61,61,61,64,64,52,52,74,74,75,75,75,75,47],"gold":192,"neow_bonus":"REMOVE_TWO","is_daily":false,"chose_seed":false,"campfire_upgraded":6,"win_rate":0.0,"timestamp":1613902692,"path_taken":["M","?","?","M","$","E","R","E","T","E","R","M","R","M","R","BOSS","M","M","M","?","?","R","?","E","T","R","M","M","$","M","R","BOSS","M","$","?","?","?","E","R","E","T","R","?","M","M","?","R","BOSS"],"items_purchased_type":["Card","Relic","Card","Card"],"build_version":"2020-12-22","purchased_purges":2,"victory":true,"max_hp_per_floor":[75,75,75,75,75,75,75,75,75,75,75,75,75,75,75,75,75,75,75,75,75,75,75,75,75,75,75,75,75,75,75,75,75,75,75,75,75,75,75,75,75,75,75,75,75,75,75,75,75,75],"relic_stats":{"counters":[25,97],"Orichalcum":[66],"obtain_stats":[{"Ice Cream":42,"Lantern":30,"Vajra":8,"hubris:VirtuousBlindfold":17,"Orichalcum":6,"hubris:Towel":39,"Bottled Tornado":40,"aspiration:HiddenCompartment":10,"Mercury Hourglass":43,"hubris:ScarierMask":34,"hubris:ToyBattleship":25,"hermit:Momento":0,"hubris:Reverence":26},{"Ice Cream":21,"Lantern":15,"Vajra":4,"hubris:VirtuousBlindfold":8,"Orichalcum":3,"hubris:Towel":19,"Bottled Tornado":20,"aspiration:HiddenCompartment":5,"Mercury Hourglass":21,"hubris:ScarierMask":17,"hubris:ToyBattleship":13,"hermit:Momento":0,"hubris:Reverence":13},{"Ice Cream":82,"Lantern":54,"Vajra":13,"hubris:VirtuousBlindfold":28,"Orichalcum":10,"hubris:Towel":68,"Bottled Tornado":75,"aspiration:HiddenCompartment":16,"Mercury Hourglass":82,"hubris:ScarierMask":62,"hubris:ToyBattleship":46,"hermit:Momento":0,"hubris:Reverence":46}],"Mercury Hourglass":[36]},"card_choices":[{"not_picked":["hermit:Virtue","hermit:CursedWeapon"],"picked":"hermit:Enervate","floor":1},{"not_picked":["hermit:Cheat","hermit:Desperado","hermit:Maintenance"],"picked":"SKIP","floor":4},{"not_picked":["hermit:CursedWeapon","hermit:ShadowCloak","hermit:Desperado"],"picked":"SKIP","floor":6},{"not_picked":["hermit:Coalescence","hermit:HoleUp"],"picked":"hermit:BigShot","floor":8},{"not_picked":["hermit:Headshot","hermit:LoneWolf"],"picked":"hermit:Deadeye","floor":10},{"not_picked":["hermit:Virtue","hermit:Feint"],"picked":"hermit:Roulette","floor":12},{"not_picked":["hermit:Manifest","hermit:WideOpen"],"picked":"hermit:Reprieve","floor":14},{"not_picked":["hermit:HeroicBravado","hermit:HighNoon"],"picked":"hermit:EternalForm","floor":16},{"not_picked":["hermit:HoleUp","hermit:Desperado"],"picked":"hermit:Vantage","floor":18},{"not_picked":["hermit:GhostlyPresence","hermit:Vantage"],"picked":"hermit:ItchyTrigger+1","floor":19},{"not_picked":["hermit:Dive","hermit:GhostlyPresence+1"],"picked":"hermit:TakeAim","floor":20},{"not_picked":["hermit:BodyArmor","hermit:Coalescence+1"],"picked":"hermit:Ricochet+1","floor":24},{"not_picked":["hermit:Grudge+1","hermit:Roulette","hermit:BodyArmor+1"],"picked":"SKIP","floor":25},{"not_picked":["hermit:LowProfile","hermit:HoleUp+1","hermit:Determination+1"],"picked":"SKIP","floor":28},{"not_picked":["hermit:Maintenance","hermit:Desperado","hermit:SprayPray"],"picked":"SKIP","floor":29},{"not_picked":["hermit:Misfire","hermit:Dissolve"],"picked":"hermit:DeadMansHand+1","floor":31},{"not_picked":["hermit:Reprieve","hermit:BlackWind"],"picked":"hermit:Roughhouse","floor":33},{"not_picked":["hermit:Cheat+1","hermit:Maintenance"],"picked":"hermit:GhostlyPresence+1","floor":35},{"not_picked":["hermit:LuckOfTheDraw+1","hermit:Snipe"],"picked":"hermit:Dive+1","floor":37},{"not_picked":["hubris:Ssssneak","Transmutation"],"picked":"Master of Strategy","floor":38},{"not_picked":["hermit:WideOpen+1","hermit:HighCaliber+1","hermit:Quickdraw"],"picked":"SKIP","floor":40},{"not_picked":["hermit:Malice+1","hermit:NoHoldsBarred+1","hermit:Feint+1"],"picked":"SKIP","floor":42},{"not_picked":["hermit:Shortfuse","hermit:Gestalt+1"],"picked":"hermit:GhostlyPresence+1","floor":46},{"not_picked":["hermit:Combo","hermit:Feint"],"picked":"hermit:Headshot+1","floor":47},{"not_picked":["hermit:Vantage","hermit:SprayPray"],"picked":"hermit:LoneWolf+1","floor":48}],"player_experience":304108,"relics_obtained":[{"floor":6,"key":"Orichalcum"},{"floor":8,"key":"Vajra"},{"floor":10,"key":"aspiration:HiddenCompartment"},{"floor":25,"key":"hubris:ToyBattleship"},{"floor":26,"key":"hubris:Reverence"},{"floor":40,"key":"Bottled Tornado"},{"floor":42,"key":"Ice Cream"},{"floor":43,"key":"Mercury Hourglass"}],"event_choices":[{"damage_healed":0,"gold_gain":75,"player_choice":"Gather Gold","damage_taken":11,"max_hp_gain":0,"max_hp_loss":0,"event_name":"World of Goop","floor":3,"gold_loss":0},{"damage_healed":0,"gold_gain":0,"player_choice":"Ignored","damage_taken":0,"max_hp_gain":0,"max_hp_loss":0,"event_name":"Ghosts","floor":21,"gold_loss":0},{"damage_healed":0,"gold_gain":0,"player_choice":"Bought 1 Potion","damage_taken":0,"max_hp_gain":0,"max_hp_loss":0,"event_name":"The Woman in Blue","floor":22,"gold_loss":0},{"damage_healed":0,"gold_gain":0,"player_choice":"Memory 1","damage_taken":0,"max_hp_gain":0,"max_hp_loss":0,"event_name":"SensoryStone","floor":38,"gold_loss":0},{"damage_healed":0,"gold_gain":0,"player_choice":"0 cards matched","damage_taken":0,"max_hp_gain":0,"max_hp_loss":0,"event_name":"Match and Keep!","floor":45,"gold_loss":0,"cards_obtained":[]}],"is_beta":false,"boss_relics":[{"not_picked":["Busted Crown","Runic Dome"],"picked":"hubris:VirtuousBlindfold"},{"not_picked":["hermit:ClaspedLocket","Calling Bell"],"picked":"hubris:ScarierMask"}],"items_purged_floors":[30,36],"is_endless":false,"potions_floor_spawned":[1,4,6,10,14,19,25,28,29,31,35,46,48],"ascension_level":1}}