{"host":"t0bo9kmlst92gdfh","time":1613868086,"event":{"mods":["BaseMod","Block Reminder","Colored Powertips","DeckTracker","Jorbs\u0027s Wanderer Trilogy","Minty Spire (QoL Compilation)","Relic Stats","StSLib"],"gold_per_floor":[117,117,117,137,87,125,50,65,65,80,101,120,120,155,155,155,155],"floor_reached":16,"language":"ENG","playtime":992,"items_purged":["Strike_G"],"score":112,"play_id":"1477f554-b67e-48db-9369-152f63ac059c","local_time":"20210220164126","is_ascension_mode":false,"campfire_choices":[{"data":"Tools of the Trade","floor":13,"key":"SMITH"},{"floor":15,"key":"REST"}],"circlet_count":0,"master_deck":["Strike_G","Strike_G","Strike_G","Defend_G","Defend_G","Defend_G","Defend_G","Defend_G","Survivor","Neutralize","Corpse Explosion","Dagger Spray","Noxious Fumes","Prepared","All Out Attack","Tools of the Trade+1","Slice","Wraith Form v2"],"relics":["Ring of the Snake","Golden Idol","Peace Pipe","Bird Faced Urn","Mummified Hand"],"acts_visited":["Exordium"],"potions_floor_usage":[6],"damage_taken":[{"damage":5,"enemies":"Jaw Worm","floor":1,"turns":6},{"damage":1,"enemies":"2 Louse","floor":4,"turns":2},{"damage":17,"enemies":"3 Sentries","floor":6,"turns":4},{"damage":0,"enemies":"Small Slimes","floor":8,"turns":2},{"damage":4,"enemies":"2 Fungi Beasts","floor":10,"turns":2},{"damage":7,"enemies":"Blue Slaver","floor":11,"turns":5},{"damage":2,"enemies":"Exordium Wildlife","floor":12,"turns":2},{"damage":22,"enemies":"Gremlin Nob","floor":14,"turns":4},{"damage":47,"enemies":"Hexaghost","floor":16,"turns":9}],"seed_played":"62393504716952047","potions_obtained":[{"floor":4,"key":"SkillPotion"},{"floor":12,"key":"Ancient Potion"}],"is_trial":false,"path_per_floor":["M","?","?","M","?","E","$","M","T","M","M","M","R","E","R","B"],"character_chosen":"THE_SILENT","items_purchased":[],"campfire_rested":1,"item_purchase_floors":[],"current_hp_per_floor":[65,65,65,64,64,47,47,47,47,43,40,40,40,22,41,0,0],"gold":155,"neow_bonus":"ONE_RANDOM_RARE_CARD","is_daily":false,"chose_seed":false,"campfire_upgraded":1,"win_rate":0.0,"timestamp":1613868086,"path_taken":["M","?","?","M","?","E","$","M","T","M","M","M","R","E","R","BOSS"],"items_purchased_type":[],"build_version":"2020-12-22","purchased_purges":1,"victory":false,"max_hp_per_floor":[70,65,65,65,65,65,65,65,65,65,65,65,65,65,65,65,65],"relic_stats":{"Peace Pipe":0,"counters":[9,36],"Golden Idol":33,"Mummified Hand":[3],"Bird Faced Urn":[16],"obtain_stats":[{"Peace Pipe":6,"Golden Idol":2,"Mummified Hand":14,"Bird Faced Urn":9,"Ring of the Snake":0},{"Peace Pipe":3,"Golden Idol":1,"Mummified Hand":8,"Bird Faced Urn":4,"Ring of the Snake":0},{"Peace Pipe":12,"Golden Idol":6,"Mummified Hand":27,"Bird Faced Urn":14,"Ring of the Snake":0}],"Ring of the Snake":[18]},"card_choices":[{"not_picked":["Dagger Throw","Acrobatics"],"picked":"Dagger Spray","floor":1},{"not_picked":["Underhanded Strike","Acrobatics"],"picked":"Noxious Fumes","floor":4},{"not_picked":["Blade Dance","Heel Hook"],"picked":"Prepared","floor":6},{"not_picked":["Backflip","Slice"],"picked":"All Out Attack","floor":8},{"not_picked":["Blade Dance","Sucker Punch"],"picked":"Tools of the Trade","floor":10},{"not_picked":["Finisher","Bane","Poisoned Stab"],"picked":"SKIP","floor":11},{"not_picked":["Poisoned Stab","Acrobatics"],"picked":"Slice","floor":12},{"not_picked":["Deflect","Blade Dance"],"picked":"Wraith Form v2","floor":14}],"player_experience":48967,"relics_obtained":[{"floor":6,"key":"Peace Pipe"},{"floor":9,"key":"Bird Faced Urn"},{"floor":14,"key":"Mummified Hand"}],"event_choices":[{"damage_healed":0,"gold_gain":0,"player_choice":"Lose Max HP","damage_taken":0,"relics_obtained":["Golden Idol"],"max_hp_gain":0,"max_hp_loss":5,"event_name":"Golden Idol","floor":2,"gold_loss":0},{"damage_healed":0,"gold_gain":0,"player_choice":"Ignored","damage_taken":0,"max_hp_gain":0,"max_hp_loss":0,"event_name":"Liars Game","floor":3,"gold_loss":0},{"cards_removed":["Strike_G"],"damage_healed":0,"gold_gain":0,"player_choice":"Card Removal","damage_taken":0,"max_hp_gain":0,"max_hp_loss":0,"event_name":"The Cleric","floor":5,"gold_loss":50}],"is_beta":false,"boss_relics":[],"items_purged_floors":[7],"is_endless":false,"potions_floor_spawned":[4,12],"killed_by":"Hexaghost","ascension_level":0}}