{"host":"o1wkfo8ppvrprpet","time":1613922599,"event":{"mods":["Aspiration","Astrologer","BaseMod","CapriCore","Colored Powertips","Koishi","Minty Spire (QoL Compilation)","MostiFishMod","Reimu£¨²©ÀöÁéÃÎ£©","Replay The Spire","RumiaBox-Â¶Ã×æ«µÄÉñÃØºÐ×Ó","Spicy Shops","StSLib","The Administrix","The Gatherer","The Immortal","Waifu the Spire","Yakumo Yukari mod"],"gold_per_floor":[116,126,141,157,171,171,171],"floor_reached":6,"language":"ZHS","playtime":406,"items_purged":[],"score":74,"play_id":"696f3808-ddfd-4cc9-afd1-71d6c1b0fc3f","local_time":"20210221234959","is_ascension_mode":true,"campfire_choices":[],"circlet_count":0,"master_deck":["AscendersBane","Strike_G","Strike_G","Strike_G","Strike_G","Strike_G","Defend_G","Defend_G","Defend_G","Defend_G","Defend_G","Survivor","Neutralize+1","Hidden Blade","Cloak And Dagger","Prepared","Backflip"],"relics":["Ring of the Snake","DaveBox","SynthV:C4","SynthV:TestCard"],"acts_visited":["Exordium"],"potions_floor_usage":[4,5,6],"damage_taken":[{"damage":0,"enemies":"Small Slimes","floor":1,"turns":4},{"damage":1,"enemies":"2 Louse","floor":2,"turns":2},{"damage":2,"enemies":"Jaw Worm","floor":3,"turns":5},{"damage":22,"enemies":"Large Slime","floor":4,"turns":9},{"damage":0,"enemies":"2 Fungi Beasts","floor":5,"turns":4},{"damage":35,"enemies":"3 Sentries","floor":6,"turns":12}],"seed_played":"3216941127420657405","potions_obtained":[{"floor":1,"key":"Explosive Potion"},{"floor":2,"key":"Swift Potion"},{"floor":4,"key":"ColorlessPotion"}],"is_trial":false,"path_per_floor":["M","M","M","M","M","E"],"character_chosen":"THE_SILENT","items_purchased":[],"campfire_rested":0,"item_purchase_floors":[],"current_hp_per_floor":[59,58,56,34,34,0,0],"gold":171,"neow_bonus":"UPGRADE_CARD","is_daily":false,"chose_seed":false,"campfire_upgraded":0,"win_rate":0.0,"timestamp":1613922599,"path_taken":["M","M","M","M","M","E"],"items_purchased_type":[],"build_version":"2020-12-22","purchased_purges":0,"victory":false,"max_hp_per_floor":[66,66,66,66,66,66,66],"card_choices":[{"not_picked":["Eviscerate","Masterful Stab"],"picked":"Hidden Blade","floor":1},{"not_picked":["Dodge and Roll","Skewer","Hidden Blade","Concentrate","Distraction"],"picked":"SKIP","floor":2},{"not_picked":["Bane","Malaise","Underhanded Strike","Replay:Poison Smokescreen"],"picked":"Cloak And Dagger","floor":3},{"not_picked":["Endless Agony","Dagger Throw","Poisoned Stab","MostiFishMod:PerfectParry"],"picked":"Prepared","floor":4},{"not_picked":["Quick Slash","MostiFishMod:PerfectParry","Cloak And Dagger","PiercingWail"],"picked":"Backflip","floor":5}],"player_experience":650937,"relics_obtained":[{"floor":1,"key":"SynthV:TestCard"}],"event_choices":[],"is_beta":false,"boss_relics":[],"items_purged_floors":[],"is_endless":false,"potions_floor_spawned":[1,2,4],"killed_by":"3 Sentries","ascension_level":17}}