{"host":"l017gercouzhorma","time":1613903156,"event":{"mods":["AchievementEnabler","Aspiration","BaseMod","Challenge The Spire","Conspire","Downfall","Halation","Hermit","Hubris","Infinite Spire","Jorbs\u0027s Wanderer Trilogy","Mad Scientist","Marisa????????","Mimic Mod","Minty Spire (QoL Compilation)","Random Character Button","Rare Cards Sparkle","Relic Stats","Replay The Spire","Shade Mod","StSLib","The Cursed","The Disciple","The Hierophant","The Jungle","The Runesmith","The Servant 0.9.4"],"gold_per_floor":[17,35,45,45,45,70,70,132,132,132,147,147,147,158,208,305,305,316,342,352,368,383,383,400,428,428,428,443,443,460,477,477,572,572,591,601,601,616,7,33,33,60,90,108,108,208,224,258,258,258],"floor_reached":51,"language":"ENG","playtime":3926,"items_purged":["Strike_MRS","Amnesia"],"score":1009,"play_id":"bb07d456-32ac-499d-a4b2-dbe31ee84019","local_time":"20210221032556","is_ascension_mode":true,"campfire_choices":[{"data":"StarDustReverie","floor":7,"key":"SMITH"},{"floor":10,"key":"REST"},{"floor":13,"key":"REST"},{"floor":23,"key":"REST"},{"data":"ManaRampage","floor":29,"key":"SMITH"},{"floor":32,"key":"REST"},{"floor":41,"key":"REST"},{"floor":49,"key":"REST"}],"circlet_count":0,"master_deck":["Strike_MRS","Strike_MRS","Strike_MRS","Defend_MRS","Defend_MRS","Defend_MRS","Defend_MRS","MasterSpark","UpSweep","PropBag","DC","AsteroidBelt","StarDustReverie+1","WitchLeyline","OrrerysSun","ShootingEcho","BinaryStars","ManaRampage+1","SprinkleStarSeal+1","MilkyWay","EnergyRecoil","OpenUniverse","CollectingQuirk","StarBarrage+1","SuperPerseids+1","OortCloud","MaximisePower","EnergyFlow+1","GasGiant","BlazeAway+1","FinalSpark","WitchOfGreed","Singularity+1","FinalSpark"],"relics":["MiniHakkero","Du-Vu Doll","HornCleat","Blue Candle","Dream Catcher","hubris:TerracottaHorce","Pocketwatch","infinitespire:PuzzleCube","hubris:SphereOfDissonance","Busted Crown","ReplayTheSpireMod:Ring of Collecting","Ring of Fury","Blue Doll","Runesmith:Nanobots","halation:SwordOfLegend","Vajra","Ring of Fangs","halation:Thesaurus","Akabeko","halation:SelfBoilingWater"],"acts_visited":["Exordium","TheCity","TheBeyond"],"potions_floor_usage":[16,18,20,21,28,31,40,42,47],"damage_taken":[{"damage":0,"enemies":"2 Louse","floor":1,"turns":3},{"damage":7,"enemies":"Small Slimes","floor":2,"turns":3},{"damage":1,"enemies":"Cultist","floor":3,"turns":3},{"damage":22,"enemies":"3 Sentries","floor":6,"turns":8},{"damage":29,"enemies":"Lagavulin Event","floor":8,"turns":6},{"damage":0,"enemies":"Looter","floor":11,"turns":3},{"damage":11,"enemies":"Lots of Slimes","floor":14,"turns":3},{"damage":45,"enemies":"Slime Boss","floor":16,"turns":9},{"damage":14,"enemies":"Shell Parasite","floor":18,"turns":4},{"damage":2,"enemies":"conspire:MimicChest","floor":19,"turns":4},{"damage":0,"enemies":"Spheric Guardian","floor":20,"turns":1},{"damage":0,"enemies":"Cultist and Chosen","floor":21,"turns":3},{"damage":4,"enemies":"Snake Plant","floor":22,"turns":4},{"damage":7,"enemies":"Centurion and Healer","floor":24,"turns":5},{"damage":34,"enemies":"Gremlin Leader","floor":25,"turns":6},{"damage":0,"enemies":"Chosen and Byrds","floor":28,"turns":3},{"damage":2,"enemies":"Snecko","floor":30,"turns":2},{"damage":8,"enemies":"Centurion and Healer","floor":31,"turns":4},{"damage":20,"enemies":"Pondfish","floor":33,"turns":11},{"damage":0,"enemies":"3 Darklings","floor":35,"turns":4},{"damage":0,"enemies":"3 Shapes","floor":36,"turns":1},{"damage":4,"enemies":"Spire Growth","floor":38,"turns":3},{"damage":40,"enemies":"Reptomancer","floor":40,"turns":3},{"damage":13,"enemies":"Giant Head","floor":42,"turns":7},{"damage":0,"enemies":"Writhing Mass","floor":43,"turns":3},{"damage":26,"enemies":"Writhing Mass","floor":44,"turns":5},{"damage":7,"enemies":"3 Darklings","floor":47,"turns":3},{"damage":0,"enemies":"Reptomancer","floor":48,"turns":3},{"damage":62,"enemies":"conspire:OrnateMirror","floor":50,"turns":4}],"seed_played":"-6420821537638855130","potions_obtained":[{"floor":11,"key":"LiquidMemories"},{"floor":16,"key":"AttackPotion"},{"floor":19,"key":"Energy Potion"},{"floor":20,"key":"Block Potion"},{"floor":25,"key":"Block Potion"},{"floor":30,"key":"sneckomod:MuddlingPotion"},{"floor":36,"key":"AttackPotion"},{"floor":40,"key":"Cursed Concoction"},{"floor":44,"key":"DistilledChaos"}],"is_trial":false,"path_per_floor":["M","M","M","$","?","E","R","?","T","R","M","?","R","M","R","B",null,"M","?","M","M","M","R","M","E","T","?","M","R","M","M","R","B",null,"M","M","?","M","$","E","R","E","MIM","M","AVR","?","M","E","R","B",null],"character_chosen":"MARISA","items_purchased":["EnergyFlow+1","Blue Doll","GasGiant","Runesmith:Nanobots"],"campfire_rested":6,"item_purchase_floors":[39,39,39,39],"current_hp_per_floor":[89,82,81,81,74,52,52,23,23,49,49,49,75,64,64,19,72,58,56,56,56,52,78,71,37,37,42,42,42,40,32,58,38,76,76,76,76,72,72,32,57,56,56,30,30,30,23,35,70,8],"gold":258,"neow_bonus":"TWENTY_PERCENT_HP_BONUS","is_daily":false,"chose_seed":false,"campfire_upgraded":2,"win_rate":0.0,"timestamp":1613903156,"path_taken":["M","M","M","$","?","E","R","?","T","R","M","?","R","M","R","BOSS","M","?","M","M","?","R","M","E","T","?","?","R","M","M","R","BOSS","M","M","?","M","$","E","R","E","MIM","M","AVR","?","?","E","R","BOSS"],"items_purchased_type":["Card","Relic","Card","Relic"],"build_version":"2020-12-22","purchased_purges":2,"victory":true,"max_hp_per_floor":[89,89,89,89,89,89,89,89,89,89,89,89,89,89,89,89,89,89,89,89,89,89,89,89,89,89,89,89,89,89,89,89,89,89,89,89,89,89,89,89,89,89,89,89,89,89,89,89,89,89],"relic_stats":{"Dream Catcher":6,"Busted Crown":28,"counters":[29,121],"Blue Candle":[3],"obtain_stats":[{"AmplifyWand":33,"Gremlin Horn":24,"Vajra":42,"Blue Doll":39,"aspiration:TomeofQuesting":43,"hubris:TerracottaHorce":17,"Dream Catcher":9,"HornCleat":6,"Ring of Fangs":43,"Sundial":3,"Kunai":16,"Runesmith:Nanobots":39,"Blue Candle":8,"hubris:SphereOfDissonance":26,"Letter Opener":35,"halation:Thesaurus":45,"halation:SelfBoilingWater":48,"Akabeko":45,"Mercury Hourglass":11,"Du-Vu Doll":5,"halation:SwordOfLegend":40,"Busted Crown":34,"Ornamental Fan":6,"Shuriken":47,"ReplayTheSpireMod:Ring of Collecting":37,"Ring of Fury":37,"MiniHakkero":0,"infinitespire:PuzzleCube":25,"Meat on the Bone":2,"Pocketwatch":19},{"AmplifyWand":19,"Gremlin Horn":14,"Vajra":24,"Blue Doll":22,"aspiration:TomeofQuesting":25,"hubris:TerracottaHorce":8,"Dream Catcher":5,"HornCleat":4,"Ring of Fangs":25,"Sundial":3,"Kunai":8,"Runesmith:Nanobots":22,"Blue Candle":5,"hubris:SphereOfDissonance":15,"Letter Opener":20,"halation:Thesaurus":26,"halation:SelfBoilingWater":28,"Akabeko":26,"Mercury Hourglass":6,"Du-Vu Doll":3,"halation:SwordOfLegend":23,"Busted Crown":19,"Ornamental Fan":4,"Shuriken":27,"ReplayTheSpireMod:Ring of Collecting":21,"Ring of Fury":21,"MiniHakkero":0,"infinitespire:PuzzleCube":15,"Meat on the Bone":2,"Pocketwatch":10},{"AmplifyWand":75,"Gremlin Horn":58,"Vajra":103,"Blue Doll":93,"aspiration:TomeofQuesting":106,"hubris:TerracottaHorce":38,"Dream Catcher":23,"HornCleat":17,"Ring of Fangs":106,"Sundial":7,"Kunai":31,"Runesmith:Nanobots":93,"Blue Candle":23,"hubris:SphereOfDissonance":65,"Letter Opener":87,"halation:Thesaurus":111,"halation:SelfBoilingWater":117,"Akabeko":111,"Mercury Hourglass":26,"Du-Vu Doll":9,"halation:SwordOfLegend":96,"Busted Crown":85,"Ornamental Fan":11,"Shuriken":112,"ReplayTheSpireMod:Ring of Collecting":90,"Ring of Fury":90,"MiniHakkero":0,"infinitespire:PuzzleCube":65,"Meat on the Bone":4,"Pocketwatch":46}],"Pocketwatch":[21]},"card_choices":[{"not_picked":["GrandCross","DC"],"picked":"PropBag","floor":1},{"not_picked":["NonDirectionalLaser","FairyDestructionRay"],"picked":"DC","floor":2},{"not_picked":["LuminesStrike","BlazeAway"],"picked":"AsteroidBelt","floor":3},{"not_picked":["ManaConvection","AsteroidBelt"],"picked":"StarDustReverie","floor":6},{"not_picked":["GravityBeat","NonDirectionalLaser"],"picked":"WitchLeyline","floor":8},{"not_picked":["LuminesStrike","Acceleration"],"picked":"GravityBeat","floor":10},{"not_picked":["WitchOfGreed","WitchLeyline"],"picked":"OrrerysSun","floor":11},{"not_picked":["StarlightTyphoon","AsteroidBelt"],"picked":"ShootingEcho","floor":13},{"not_picked":["AsteroidBelt","Acceleration"],"picked":"BinaryStars","floor":14},{"not_picked":["SatelliteIllusion","BigCrunch"],"picked":"ManaRampage","floor":16},{"not_picked":["GravityBeat","6A","SporeBomb"],"picked":"SKIP","floor":18},{"not_picked":["ManaConvection","LuminesStrike+1"],"picked":"SprinkleStarSeal+1","floor":20},{"not_picked":["UnstableBomb","FairyDestructionRay+1"],"picked":"MilkyWay","floor":21},{"not_picked":["ShootingEcho","ShootTheMoon+1"],"picked":"EnergyRecoil","floor":22},{"not_picked":["DoubleSpark","IllusionStar"],"picked":"OpenUniverse","floor":23},{"not_picked":["AsteroidBelt+1","AlicesGift"],"picked":"CollectingQuirk","floor":24},{"not_picked":["DoubleSpark","MilkyWay","DC+1"],"picked":"SKIP","floor":25},{"not_picked":["SporeBomb","WitchLeyline"],"picked":"StarBarrage+1","floor":28},{"not_picked":["CasketOfStar","NonDirectionalLaser","DoubleSpark"],"picked":"SKIP","floor":30},{"not_picked":["MilkyWay+1","PulseMagic+1"],"picked":"SuperPerseids+1","floor":31},{"not_picked":["GravityBeat","Singularity"],"picked":"OortCloud","floor":32},{"not_picked":["CollectingQuirk","AbsoluteMagnitude"],"picked":"MaximisePower","floor":33},{"not_picked":["Acceleration"],"picked":"SKIP","floor":35},{"not_picked":["6A"],"picked":"SKIP","floor":36},{"not_picked":["LuminesStrike+1"],"picked":"SKIP","floor":38},{"not_picked":["6A"],"picked":"SKIP","floor":40},{"not_picked":[],"picked":"BlazeAway+1","floor":42},{"not_picked":[],"picked":"FinalSpark","floor":43},{"not_picked":[],"picked":"WitchOfGreed","floor":44},{"not_picked":[],"picked":"Singularity+1","floor":47},{"not_picked":[],"picked":"FinalSpark","floor":48}],"player_experience":862754,"relics_obtained":[{"floor":6,"key":"HornCleat"},{"floor":8,"key":"Blue Candle"},{"floor":9,"key":"Dream Catcher"},{"floor":19,"key":"Pocketwatch"},{"floor":25,"key":"infinitespire:PuzzleCube"},{"floor":26,"key":"hubris:SphereOfDissonance"},{"floor":37,"key":"ReplayTheSpireMod:Ring of Collecting"},{"floor":37,"key":"Ring of Fury"},{"floor":40,"key":"halation:SwordOfLegend"},{"floor":42,"key":"Vajra"},{"floor":43,"key":"aspiration:TomeofQuesting"},{"floor":43,"key":"Ring of Fangs"},{"floor":48,"key":"halation:SelfBoilingWater"}],"event_choices":[{"damage_healed":0,"gold_gain":0,"player_choice":"Success","damage_taken":7,"relics_obtained":["Du-Vu Doll"],"max_hp_gain":0,"max_hp_loss":0,"event_name":"Scrap Ooze","floor":5,"gold_loss":0},{"damage_healed":0,"gold_gain":0,"player_choice":"Searched \u00271\u0027 times","damage_taken":0,"max_hp_gain":0,"max_hp_loss":0,"event_name":"Dead Adventurer","floor":8,"gold_loss":0},{"cards_removed":["GravityBeat"],"damage_healed":5,"gold_gain":0,"player_choice":"Offered Common","damage_taken":0,"max_hp_gain":0,"max_hp_loss":0,"event_name":"Bonfire Elementals","floor":27,"gold_loss":0},{"cards_removed":["GravityBeat"],"damage_healed":5,"gold_gain":0,"player_choice":"Offered Special","damage_taken":0,"max_hp_gain":0,"max_hp_loss":0,"event_name":"Bonfire Elementals","floor":27,"gold_loss":0},{"damage_healed":0,"gold_gain":100,"player_choice":"Pray","damage_taken":0,"max_hp_gain":0,"max_hp_loss":0,"event_name":"Golden Shrine","floor":46,"gold_loss":0}],"is_beta":false,"boss_relics":[{"not_picked":["halation:Risk","aspiration:IroncladSkillbook"],"picked":"hubris:TerracottaHorce"},{"not_picked":["Painkiller Herb","halation:PinkAlligatorPlush"],"picked":"Busted Crown"}],"items_purged_floors":[39,45],"is_endless":false,"potions_floor_spawned":[11,16,19,20,25,30,36,40,44],"ascension_level":1}}