{"host":"ndpbn7fqb3wjbd7p","time":1613948280,"event":{"mods":["AchievementEnabler","Act Like it!","AlwaysNeverKeys","BaseMod","Better Vampires","Block Reminder","Colored Powertips","DeckTracker","Defuse TimeMaze Blight","Friendly Minions","Highlight Path","MarisaÅiñ∂âJÅ@ñÇóùçπÅj","Minty Spire (QoL Compilation)","Permanent Neow","StSLib","SuperFastMode","Synergy Search","Unceasing Turn Reminder","Wandering Minibosses"],"gold_per_floor":[114,114,133,148,3,3,28,28,28,28,28,61,75,75,75,194,194,219,238,238,263,263,263,307,322,322,79,98,137,137,152,152,276,276,290,14,37,37,37,37,37,37,89,89,104,2,15,48,48,48],"floor_reached":51,"language":"ENG","playtime":3372,"items_purged":["Defend_P","Strike_P","Defend_P"],"score":987,"play_id":"0cbacf96-2816-493a-ae5d-0c8111a8d8d8","local_time":"20210221235800","is_ascension_mode":true,"campfire_choices":[{"data":"Deep Breath","floor":6,"key":"SMITH"},{"data":"Perseverance","floor":8,"key":"SMITH"},{"data":"Eruption","floor":11,"key":"SMITH"},{"data":"Fasting2","floor":15,"key":"SMITH"},{"data":"Tantrum","floor":23,"key":"SMITH"},{"data":"Adaptation","floor":32,"key":"SMITH"},{"data":"Madness","floor":40,"key":"SMITH"},{"data":"Madness","floor":42,"key":"SMITH"},{"data":"SpiritShield","floor":44,"key":"SMITH"},{"data":"MentalFortress","floor":49,"key":"SMITH"}],"circlet_count":0,"master_deck":["Defend_P","Defend_P","Eruption+1","Vigilance","Deep Breath+1","Perseverance+1","JustLucky","SandsOfTime","Fasting2+1","EmptyFist","DevaForm","Tantrum+1","Vault","Evaluate+1","Fasting2","Vault","Adaptation+1","SpiritShield+1","MentalFortress","FearNoEvil","MentalFortress+1","Madness+1","Madness+1","Trip","InnerPeace+1","EmptyMind","Halt+1"],"relics":["PureWater","Golden Idol","Anchor","StrikeDummy","Thread and Needle","Black Star","Damaru","Bag of Preparation","Mercury Hourglass","InkBottle","Dead Branch","Bag of Marbles","SlaversCollar","Membership Card","Nunchaku","Toxic Egg 2","Ginger"],"acts_visited":["Exordium","TheCity","TheBeyond"],"potions_floor_usage":[24,24,24,25,29,33,37,47],"damage_taken":[{"damage":3,"enemies":"2 Louse","floor":1,"turns":4},{"damage":1,"enemies":"Cultist","floor":3,"turns":4},{"damage":2,"enemies":"Small Slimes","floor":4,"turns":5},{"damage":14,"enemies":"Exordium Thugs","floor":7,"turns":6},{"damage":0,"enemies":"Lagavulin","floor":12,"turns":6},{"damage":0,"enemies":"Looter","floor":13,"turns":2},{"damage":25,"enemies":"The Guardian","floor":16,"turns":8},{"damage":3,"enemies":"3 Byrds","floor":18,"turns":6},{"damage":5,"enemies":"Shell Parasite","floor":19,"turns":4},{"damage":1,"enemies":"Centurion and Healer","floor":21,"turns":6},{"damage":0,"enemies":"Book of Stabbing","floor":24,"turns":5},{"damage":5,"enemies":"Shelled Parasite and Fungi","floor":25,"turns":4},{"damage":0,"enemies":"Sentry and Sphere","floor":28,"turns":5},{"damage":14,"enemies":"Gremlin Leader","floor":29,"turns":7},{"damage":8,"enemies":"Chosen and Byrds","floor":31,"turns":6},{"damage":3,"enemies":"Collector","floor":33,"turns":8},{"damage":0,"enemies":"Orb Walker","floor":35,"turns":3},{"damage":3,"enemies":"3 Darklings","floor":37,"turns":5},{"damage":0,"enemies":"Maw","floor":45,"turns":7},{"damage":0,"enemies":"Transient","floor":47,"turns":7},{"damage":0,"enemies":"Giant Head","floor":48,"turns":5},{"damage":4,"enemies":"Awakened One","floor":50,"turns":7}],"seed_played":"-6460757141875597285","potions_obtained":[{"floor":7,"key":"Regen Potion"},{"floor":13,"key":"FairyPotion"},{"floor":19,"key":"EntropicBrew"},{"floor":21,"key":"BlessingOfTheForge"},{"floor":24,"key":"BlessingOfTheForge"},{"floor":25,"key":"AttackPotion"},{"floor":35,"key":"SkillPotion"},{"floor":45,"key":"Weak Potion"}],"is_trial":false,"path_per_floor":["M","?","M","M","$","R","M","R","T","?","R","E","M","?","R","B",null,"M","M","?","M","?","R","E","M","T","$","M","E","?","M","R","B",null,"M","$","M","?","?","R","$","R","T","R","M","$","M","E","R","B",null],"character_chosen":"WATCHER","items_purchased":["Fasting2","InkBottle","Membership Card","MentalFortress","FearNoEvil","EmptyMind"],"campfire_rested":0,"item_purchase_floors":[5,27,36,36,36,46],"current_hp_per_floor":[62,62,61,59,59,59,45,45,45,45,45,45,45,45,45,20,55,52,47,47,46,46,46,46,41,41,41,41,27,27,19,19,16,54,54,54,51,43,43,43,43,43,43,43,43,43,43,43,43,39],"gold":48,"neow_bonus":"RANDOM_COLORLESS","is_daily":false,"chose_seed":false,"campfire_upgraded":10,"win_rate":0.0,"timestamp":1613948280,"path_taken":["M","?","M","M","$","R","M","R","T","?","R","E","?","?","R","BOSS","M","M","?","M","?","R","E","M","T","$","?","E","?","M","R","BOSS","M","$","?","?","?","R","?","R","T","R","M","$","?","E","R","BOSS"],"items_purchased_type":["Card","Relic","Relic","Card","Card","Card"],"build_version":"2020-12-22","purchased_purges":3,"victory":true,"max_hp_per_floor":[72,67,67,67,67,67,67,67,67,67,67,67,67,67,67,67,67,67,67,67,67,67,67,67,67,67,67,67,67,67,67,67,67,67,67,67,67,67,67,67,67,67,67,67,67,67,67,67,67,67],"card_choices":[{"not_picked":["Forethought","Purity"],"picked":"Deep Breath","floor":0},{"not_picked":["LikeWater","FlurryOfBlows"],"picked":"Perseverance","floor":1},{"not_picked":["Halt","ClearTheMind"],"picked":"JustLucky","floor":3},{"not_picked":["DeceiveReality","Conclude"],"picked":"SandsOfTime","floor":4},{"not_picked":["SashWhip","PathToVictory","ThirdEye"],"picked":"SKIP","floor":7},{"not_picked":["Crescendo","Prostrate"],"picked":"EmptyFist","floor":12},{"not_picked":["Weave","Meditate","ForeignInfluence"],"picked":"SKIP","floor":13},{"not_picked":["Scrawl","Ragnarok"],"picked":"DevaForm","floor":16},{"not_picked":["WaveOfTheHand","Protect"],"picked":"Tantrum","floor":18},{"not_picked":["Consecrate","CarveReality","Pray"],"picked":"SKIP","floor":19},{"not_picked":["BowlingBash+1","EmptyBody","SashWhip"],"picked":"SKIP","floor":21},{"not_picked":["Consecrate","Crescendo"],"picked":"Vault","floor":24},{"not_picked":["Conclude","SashWhip"],"picked":"Evaluate+1","floor":25},{"not_picked":["CrushJoints","ReachHeaven+1"],"picked":"Fasting2","floor":28},{"not_picked":["Worship","Crescendo","Indignation"],"picked":"SKIP","floor":29},{"not_picked":["Alpha","PathToVictory"],"picked":"Adaptation","floor":31},{"not_picked":["Devotion","Omniscience"],"picked":"SpiritShield","floor":33},{"not_picked":["WheelKick+1","LikeWater+1","Perseverance"],"picked":"SKIP","floor":35},{"not_picked":["EmptyFist","Study"],"picked":"MentalFortress","floor":37},{"not_picked":["Secret Technique","HandOfGreed"],"picked":"Trip","floor":39},{"not_picked":["Evaluate+1","Worship"],"picked":"InnerPeace+1","floor":45},{"not_picked":["EmptyFist","SashWhip+1","CrushJoints+1"],"picked":"SKIP","floor":47},{"not_picked":["FlurryOfBlows","CutThroughFate"],"picked":"Halt+1","floor":48}],"player_experience":1210710,"relics_obtained":[{"floor":9,"key":"Anchor"},{"floor":12,"key":"Thread and Needle"},{"floor":24,"key":"Damaru"},{"floor":24,"key":"Bag of Preparation"},{"floor":26,"key":"Mercury Hourglass"},{"floor":29,"key":"Dead Branch"},{"floor":29,"key":"Bag of Marbles"},{"floor":43,"key":"Nunchaku"},{"floor":48,"key":"Toxic Egg 2"},{"floor":48,"key":"Ginger"}],"event_choices":[{"damage_healed":0,"gold_gain":0,"player_choice":"Lose Max HP","damage_taken":0,"relics_obtained":["Golden Idol"],"max_hp_gain":0,"max_hp_loss":5,"event_name":"Golden Idol","floor":2,"gold_loss":0},{"damage_healed":0,"gold_gain":0,"player_choice":"Gave Potion","damage_taken":0,"relics_obtained":["StrikeDummy"],"max_hp_gain":0,"max_hp_loss":0,"event_name":"WeMeetAgain","floor":10,"gold_loss":0},{"cards_removed":["Strike_P"],"damage_healed":0,"gold_gain":0,"player_choice":"Purged","damage_taken":0,"max_hp_gain":0,"max_hp_loss":0,"event_name":"Purifier","floor":14,"gold_loss":0},{"damage_healed":0,"gold_gain":0,"player_choice":"Ignored","damage_taken":0,"max_hp_gain":0,"max_hp_loss":0,"event_name":"Vampires","floor":20,"gold_loss":0},{"cards_removed":["Strike_P"],"damage_healed":0,"gold_gain":0,"player_choice":"Purged","damage_taken":0,"max_hp_gain":0,"max_hp_loss":0,"event_name":"Purifier","floor":22,"gold_loss":0},{"damage_healed":0,"gold_gain":0,"cards_transformed":["Strike_P"],"player_choice":"Transformed","damage_taken":0,"max_hp_gain":0,"max_hp_loss":0,"event_name":"Transmorgrifier","floor":30,"gold_loss":0,"cards_obtained":["Vault"]},{"damage_healed":0,"gold_gain":0,"player_choice":"Embrace Madness","damage_taken":8,"max_hp_gain":0,"max_hp_loss":0,"event_name":"Winding Halls","floor":38,"gold_loss":0,"cards_obtained":["Madness","Madness"]},{"damage_healed":0,"gold_gain":0,"player_choice":"Memory 1","damage_taken":0,"max_hp_gain":0,"max_hp_loss":0,"event_name":"SensoryStone","floor":39,"gold_loss":0}],"is_beta":false,"boss_relics":[{"not_picked":["Calling Bell","Runic Pyramid"],"picked":"Black Star"},{"not_picked":["Pandora\u0027s Box","SacredBark"],"picked":"SlaversCollar"}],"items_purged_floors":[5,36,46],"is_endless":false,"potions_floor_spawned":[7,13,19,21,24,25,35,45],"ascension_level":6}}