{"host":"z2dev7aeib1ulpz6","time":1613885654,"event":{"mods":["2.2 Compatiblity","Abigail Mod","AchievementEnabler","Act Like it!","AlwaysNeverKeys","Aspiration","BaseMod","Beaked The Cultist","Better Altar","Better Match","Better Note","Better Sensory Stone","Better Skull","Better Third Choice","Better Vampires","BetterRewards","CapriCore","Colored Map","Colored Powertips","Conspire","Downfall","Duelist Mod","Elementarium","Emptier Cage","Fiend Mod","Friendly Minions","FruityMod","Gensokyo","GifTheSpireLib","Googly Eyes","Hallownest","Highlight Path","Hubris","Infinite Spire","Marisa????????","Menagerie","Minty Spire (QoL Compilation)","Random Character Button","Relic Filter","Relic Sorter","Relic Stats","Reliquary","Replay The Spire","Robot Space Explorer","Ruina","Shop Mod","Spicy Shops","Spikes Relics","StS++","StSLib","Stuff the Spire","SuperFastMode","The Animator","The Awakened One except there are too many feathers","The Bug Knight","The IronCluck","The Marked","The Mystic","The Problem Sleuth","The Runesmith","The Servant 0.9.4","Trackpad","Transform Curses","Wandering Minibosses","[JumpMod]????","egg","slay the spire mod where everything is the same but ironclad has a cowboy hat","thorton"],"gold_per_floor":[111,111,131,131,56,84,101,101,150,177,254,58,87,87,87,192,192,204,39,39,93,93,136,136,162,162,162,162,226,151,285,285,388,388,406,18,139,361,361,390,390,434,434,434,452,484,515,560,560,668,668,746,765,765,795,818,855,875,72,99,99,146,181,207,207,207,318,318,318,318],"floor_reached":68,"language":"ENG","playtime":3977,"items_purged":["CommonCold","CommonCold","Guardian:Strike_Guardian","Guardian:Strike_Guardian","Guardian:Defend_Guardian"],"score":1509,"play_id":"f72f08d2-6478-4c15-bbe9-5bc7c8b4b4b6","local_time":"20210221053414","is_ascension_mode":true,"campfire_choices":[{"floor":8,"key":"REST"},{"data":"Guardian:PolyBeam","floor":15,"key":"SMITH"},{"data":"Guardian:BronzeOrb","floor":24,"key":"SMITH"},{"data":"Guardian:SentryBeam","floor":28,"key":"SMITH"},{"data":"Guardian:ExploitGems","floor":41,"key":"SMITH"},{"data":"ReplayTheSpireMod:??????????????????????","floor":44,"key":"SMITH"},{"data":"Guardian:MultiBeam","floor":61,"key":"SMITH"},{"data":"Guardian:TwinSlam","floor":66,"key":"SMITH"}],"circlet_count":0,"master_deck":["Guardian:Strike_Guardian","Guardian:Strike_Guardian","Guardian:Defend_Guardian","Guardian:Defend_Guardian","Guardian:Defend_Guardian","Guardian:CurlUp","Guardian:TwinSlam+1","Guardian:ExploitGems+1","Guardian:ShieldCharger","Chrysalis+1","Guardian:RevengeProtocol+1","Guardian:Incinerate","Guardian:ShieldSpikes","Guardian:PolyBeam+1","Guardian:PrismaticBeam+1","Guardian:StasisStrike","Guardian:VentSteam","Guardian:Orbwalk","StuffTheSpire:Harmony","ReplayTheSpireMod:??????????????????????+1","Guardian:SentryBeam+1","Guardian:MultiBeam+1","Guardian:CrystalBeam","Guardian:DonusPower+1","Guardian:SpikerProtocol","Guardian:Gem_Red","Guardian:BronzeOrb+1","Guardian:RollAttack","Guardian:Gem_Red","Guardian:StasisEngine"],"relics":["Guardian:ModeShifter","HowToJump","ReplayTheSpireMod:CursedCoin","MerchantsRug","Boot","hubris:64BitClover","RoseTintedShades","Pen Nib","trackpad:HandOfMidas","trackpad:AdjectivePendant","Gremlin Horn","Guardian:DefensiveModeMoreBlock","Gensokyo:YoukaiFlower","conspire:SpecialSausage","ReplayFunnel","trackpad:SneckoScepter","StSpp:PetrifiedCaterpillar","Guardian:StasisCodex","Ring of Panic","ReplayTheSpireMod:Ring of Addiction","SacredBark","White Beast Statue","conspire:RunicOctahedron","PreservedInsect","ExplosiveVial","wanderingMiniBosses:OtherGremlinHorn","Art of War","aspiration:DSix","reliquary:PartyBalloon","Dream Catcher","Bag of Preparation","HowToJump","Guardian:ModeShifterPlus","Bag of Marbles","StuffTheSpire:Experiment12","HornCleat","ReplayTheSpireMod:Lightbulb","CeramicFish","Garlic","StuffTheSpire:Mouthbags","hubris:SlimyHat","aspiration:MarisaSkillbook"],"acts_visited":["Gensokyo:Gensokyo","Hallownest:CityofTears","TheBeyond","Exordium"],"potions_floor_usage":[16,31,33,33,38,38,42,45,47,48,50,50,50,56,62],"damage_taken":[{"damage":4,"enemies":"Gensokyo:3_Fairies","floor":1,"turns":4},{"damage":7,"enemies":"Gensokyo:2_Kodama","floor":3,"turns":3},{"damage":18,"enemies":"Gensokyo:Cirno","floor":6,"turns":9},{"damage":0,"enemies":"Gensokyo:Python","floor":7,"turns":4},{"damage":0,"enemies":"Gensokyo:Mamizou","floor":10,"turns":8},{"damage":0,"enemies":"Gensokyo:VengefulSpirit","floor":11,"turns":3},{"damage":0,"enemies":"Gensokyo:Cirno","floor":13,"turns":6},{"damage":31,"enemies":"Gensokyo:Reimu","floor":16,"turns":22},{"damage":10,"enemies":"Hallownest:Guard_and_Sentry","floor":18,"turns":4},{"damage":0,"enemies":"Hallownest:3_Youths","floor":21,"turns":4},{"damage":0,"enemies":"Hallownest:Nosk","floor":23,"turns":9},{"damage":4,"enemies":"Hallownest:eliteSoulWarrior","floor":25,"turns":7},{"damage":2,"enemies":"Hallownest:monsterShrumalOgre","floor":29,"turns":3},{"damage":0,"enemies":"Hallownest:monsterMisterMushroom","floor":31,"turns":2},{"damage":21,"enemies":"Hallownest:BossMantisLord","floor":33,"turns":7},{"damage":7,"enemies":"3 Shapes","floor":35,"turns":2},{"damage":0,"enemies":"Orb Walker","floor":37,"turns":1},{"damage":19,"enemies":"Maw","floor":38,"turns":6},{"damage":36,"enemies":"Nightmare","floor":40,"turns":6},{"damage":0,"enemies":"HollowMod:StalkingDevout","floor":42,"turns":1},{"damage":2,"enemies":"Writhing Mass","floor":45,"turns":3},{"damage":0,"enemies":"Jaw Worm Horde","floor":46,"turns":2},{"damage":0,"enemies":"Spire Growth","floor":47,"turns":3},{"damage":0,"enemies":"Giant Head","floor":48,"turns":3},{"damage":0,"enemies":"Replay:Hell Engine","floor":50,"turns":4},{"damage":0,"enemies":"Cultist","floor":52,"turns":1},{"damage":0,"enemies":"Jaw Worm","floor":53,"turns":2},{"damage":0,"enemies":"2 Louse","floor":55,"turns":1},{"damage":0,"enemies":"Exordium Thugs","floor":56,"turns":2},{"damage":0,"enemies":"Lagavulin","floor":57,"turns":2},{"damage":0,"enemies":"2 Fungi Beasts","floor":58,"turns":1},{"damage":0,"enemies":"Gremlin Nob","floor":62,"turns":1},{"damage":0,"enemies":"Looter","floor":63,"turns":2},{"damage":0,"enemies":"Blue Slaver","floor":64,"turns":1},{"damage":0,"enemies":"Hexaghost","floor":67,"turns":3}],"seed_played":"-6734213459206925358","potions_obtained":[{"floor":3,"key":"CultistPotion"},{"floor":13,"key":"Energy Potion"},{"floor":16,"key":"Explosive Potion"},{"floor":21,"key":"SkillPotion"},{"floor":23,"key":"Explosive Potion"},{"floor":31,"key":"Fire Potion"},{"floor":33,"key":"Dexterity Potion"},{"floor":35,"key":"Guardian:DefensiveModePotion"},{"floor":38,"key":"StSpp:SecondWindPotion"},{"floor":40,"key":"AttackPotion"},{"floor":42,"key":"Toxic Potion"},{"floor":45,"key":"StSpp:ScatteredPotion"},{"floor":47,"key":"StSpp:ScatteredPotion"},{"floor":48,"key":"DuplicationPotion"},{"floor":50,"key":"Dexterity Potion"},{"floor":52,"key":"Toxic Potion"}],"is_trial":false,"path_per_floor":["M","?","M","?","?","E","M","R","T","E","M","COS","E","?","R","B",null,"M","$","?","M","AVR","E","R","E","T","?","R","M","?","M","R_BF","B",null,"M","$","M","M","?","NM","R","E","T","R","M","M","M","E","R_BF","B",null,"M","M","AVR","M","M","E","M","$","T","R","E","M","M","?","R","B",null],"character_chosen":"GUARDIAN","items_purchased":["ReplayTheSpireMod:CursedCoin","MerchantsRug","Boot","Guardian:WalkerClaw","Guardian:ExploitGems","RoseTintedShades","BargainBundle","Guardian:BronzeOrb","StuffTheSpire:Mouthbags","Guardian:VentSteam","Guardian:Gem_Blue","Guardian:Orbwalk","PowerPotion","PreservedInsect","ExplosiveVial","Guardian:MultiBeam","ReplayTheSpireMod:Lightbulb","CeramicFish","Garlic"],"campfire_rested":1,"item_purchase_floors":[0,0,0,0,0,0,19,19,19,19,19,19,19,36,36,36,59,59,59],"current_hp_per_floor":[40,48,41,25,25,7,7,31,31,34,37,37,40,40,40,12,80,70,70,70,79,79,80,80,76,76,76,76,80,80,78,78,58,78,71,71,74,57,57,30,30,33,33,33,37,43,56,64,74,74,74,74,74,72,72,72,72,72,72,70,70,70,70,70,70,68,68,68,68,68],"gold":318,"neow_bonus":"","is_daily":false,"chose_seed":false,"campfire_upgraded":7,"win_rate":0.0,"timestamp":1613885654,"path_taken":["M","?","?","?","?","E","?","R","T","E","M","COS","E","?","R","BOSS","M","$","?","M","AVR","E","R","E","T","?","R","M","?","M","R_BF","BOSS","M","$","?","?","?","NM","R","E","T","R","M","M","M","E","R_BF","BOSS","M","M","AVR","?","M","E","M","$","T","R","E","M","M","?","R","BOSS"],"items_purchased_type":["Relic","Relic","Relic","Card","Card","Relic","Relic","Card","Relic","Card","Card","Card","Potion","Relic","Relic","Card","Relic","Relic","Relic"],"build_version":"2020-12-22","purchased_purges":5,"victory":false,"max_hp_per_floor":[80,80,80,80,80,80,80,80,80,80,80,80,80,80,80,80,80,80,80,80,80,80,80,80,80,80,80,80,80,80,78,78,78,78,78,78,76,76,76,76,76,74,74,74,74,74,74,74,74,74,74,74,74,72,72,72,72,72,72,70,70,70,70,70,70,68,68,68,68,68],"relic_stats":{"Dream Catcher":1,"Gremlin Horn":[32,32],"counters":[112,442],"CeramicFish":27,"Pen Nib":[28],"PreservedInsect":346,"Art of War":[0],"Bag of Preparation":[22],"Boot":[120],"obtain_stats":[{"trackpad:Mousetrap":5,"downfall:HeartBlessingGreen":11,"aspiration:PoetsPen_weak":45,"trackpad:WondrousWand":26,"StSpp:PetrifiedCaterpillar":22,"wanderingMiniBosses:OtherGremlinHorn":38,"Sling":31,"Boot":0,"Ring of Searing":7,"trackpad:SneckoScepter":21,"HandDrill":22,"HollowMod:PaleOreRelic":4,"trackpad:AdjectivePendant":9,"trackpad:CultistFigurine":5,"aspiration:DSix":42,"Guardian:DefensiveModeMoreBlock":13,"MerchantsRug":0,"conspire:TreasureMap":40,"ReplayTheSpireMod:Ring of Addiction":27,"hubris:SphereOfDissonance":20,"Pen Nib":4,"SpikesRelics:SneckoPlush":8,"Snecko Eye":17,"Gensokyo:YoukaiFlower":14,"trackpad:WindUpAutoDealer":39,"aspiration:Lifesprig":29,"Regal Pillow":39,"Lantern":41,"champ:ChampionCrown":0,"RoseTintedShades":0,"Guardian:StasisCodex":23,"Bag of Preparation":48,"StuffTheSpire:OccultApparatus":22,"hubris:Backtick":34,"Matryoshka":31,"Ring of Panic":7,"Replay:Bottled Eggs":28,"aspiration:ChemicalBlood":14,"Runesmith:Nanobots":18,"hubris:64BitClover":0,"Guardian:GemstoneGun":0,"conspire:RunicOctahedron":34,"PreservedInsect":41,"StuffTheSpire:Mouthbags":19,"Ring of Misfortune":38,"ExplosiveVial":36,"SpikesRelics:DaevaFist":24,"Garlic":28,"Durian":26,"Art of War":40,"ReplayTheSpireMod:Lightbulb":59,"Ice Cream":45,"trackpad:IceCube":3,"Gremlin Horn":10,"reliquary:PartyBalloon":43,"CeramicFish":59,"Sozu":27,"HornCleat":57,"m_BookOfShivs":11,"Strawberry":7,"Honey Jar":34,"hexamod:SpiritBrand":0,"Ring of Hypnosis":38,"Happy Flower":41,"ReplayTheSpireMod:CursedCoin":28,"aspiration:Nostalgia":11,"Astrolabe":45,"Oddly Smooth Stone":5,"Guardian:ModeShifter":19,"wanderingMiniBosses:MasterThiefsPresence":19,"Charon\u0027s Ashes":34,"War Paint":6,"Du-Vu Doll":40,"aspiration:EmptySkull":46,"Bronze Scales":29,"infinitespire:EmpoweringShard":10,"hubris:ToyBattleship":30,"reliquary:WritOfMandamus":34,"ReplayFunnel":11,"ReplayTheSpireMod:Ring of Exchange":38,"bronze:BronzeCore":0,"Guardian:ModeShifterPlus":54,"SacredBark":27,"conspire:SpecialSausage":17,"hubris:SlimyHat":42,"Replay:Mystery Machine":0,"Frozen Eye":18,"StuffTheSpire:Experiment12":56,"Dream Catcher":45,"hubris:Icosahedron":37,"downfall:HeartBlessingBlue":18,"Mummified Hand":43,"Gambling Chip":0,"Pantograph":9,"MiniBlackHole":46,"BargainBundle":19,"HowToJump":0,"trackpad:HandOfMidas":6,"Guide Book":12,"infinitespire:FocusingShard":24,"aspiration:SecretTechniqueScroll":17,"Orichalcum":28,"White Beast Statue":27,"Snack Pack":14,"Bag of Marbles":54,"Membership Card":27,"aspiration:MarisaSkillbook":68},{"trackpad:Mousetrap":3,"downfall:HeartBlessingGreen":6,"aspiration:PoetsPen_weak":21,"trackpad:WondrousWand":13,"StSpp:PetrifiedCaterpillar":87,"wanderingMiniBosses:OtherGremlinHorn":95,"Sling":44,"Boot":54,"Ring of Searing":57,"trackpad:SneckoScepter":87,"HandDrill":11,"HollowMod:PaleOreRelic":3,"trackpad:AdjectivePendant":81,"trackpad:CultistFigurine":30,"aspiration:DSix":97,"Guardian:DefensiveModeMoreBlock":84,"MerchantsRug":25,"conspire:TreasureMap":19,"ReplayTheSpireMod:Ring of Addiction":89,"hubris:SphereOfDissonance":62,"Pen Nib":79,"SpikesRelics:SneckoPlush":32,"Snecko Eye":61,"Gensokyo:YoukaiFlower":84,"trackpad:WindUpAutoDealer":47,"aspiration:Lifesprig":42,"Regal Pillow":47,"Lantern":48,"champ:ChampionCrown":0,"RoseTintedShades":77,"Guardian:StasisCodex":88,"Bag of Preparation":101,"StuffTheSpire:OccultApparatus":63,"hubris:Backtick":16,"Matryoshka":44,"Ring of Panic":57,"Replay:Bottled Eggs":65,"aspiration:ChemicalBlood":60,"Runesmith:Nanobots":35,"hubris:64BitClover":77,"Guardian:GemstoneGun":54,"conspire:RunicOctahedron":92,"PreservedInsect":19,"StuffTheSpire:Mouthbags":86,"Ring of Misfortune":47,"ExplosiveVial":93,"SpikesRelics:DaevaFist":38,"Garlic":41,"Durian":63,"Art of War":96,"ReplayTheSpireMod:Lightbulb":108,"Ice Cream":50,"trackpad:IceCube":2,"Gremlin Horn":82,"reliquary:PartyBalloon":97,"CeramicFish":108,"Sozu":13,"HornCleat":107,"m_BookOfShivs":58,"Strawberry":3,"Honey Jar":46,"hexamod:SpiritBrand":0,"Ring of Hypnosis":18,"Happy Flower":48,"ReplayTheSpireMod:CursedCoin":41,"aspiration:Nostalgia":58,"Astrolabe":21,"Oddly Smooth Stone":3,"Guardian:ModeShifter":86,"wanderingMiniBosses:MasterThiefsPresence":36,"Charon\u0027s Ashes":16,"War Paint":31,"Du-Vu Doll":73,"aspiration:EmptySkull":50,"Bronze Scales":14,"infinitespire:EmpoweringShard":6,"hubris:ToyBattleship":66,"reliquary:WritOfMandamus":68,"ReplayFunnel":33,"ReplayTheSpireMod:Ring of Exchange":18,"bronze:BronzeCore":54,"Guardian:ModeShifterPlus":104,"SacredBark":89,"conspire:SpecialSausage":85,"hubris:SlimyHat":74,"Replay:Mystery Machine":0,"Frozen Eye":61,"StuffTheSpire:Experiment12":106,"Dream Catcher":98,"hubris:Icosahedron":18,"downfall:HeartBlessingBlue":35,"Mummified Hand":74,"Gambling Chip":54,"Pantograph":58,"MiniBlackHole":22,"BargainBundle":86,"HowToJump":0,"trackpad:HandOfMidas":80,"Guide Book":83,"infinitespire:FocusingShard":12,"aspiration:SecretTechniqueScroll":8,"Orichalcum":41,"White Beast Statue":89,"Snack Pack":7,"Bag of Marbles":104,"Membership Card":13,"aspiration:MarisaSkillbook":112},{"trackpad:Mousetrap":11,"downfall:HeartBlessingGreen":21,"aspiration:PoetsPen_weak":94,"trackpad:WondrousWand":59,"StSpp:PetrifiedCaterpillar":367,"wanderingMiniBosses:OtherGremlinHorn":404,"Sling":184,"Boot":231,"Ring of Searing":242,"trackpad:SneckoScepter":367,"HandDrill":49,"HollowMod:PaleOreRelic":11,"trackpad:AdjectivePendant":320,"trackpad:CultistFigurine":131,"aspiration:DSix":411,"Guardian:DefensiveModeMoreBlock":337,"MerchantsRug":111,"conspire:TreasureMap":85,"ReplayTheSpireMod:Ring of Addiction":383,"hubris:SphereOfDissonance":262,"Pen Nib":307,"SpikesRelics:SneckoPlush":139,"Snecko Eye":259,"Gensokyo:YoukaiFlower":337,"trackpad:WindUpAutoDealer":195,"aspiration:Lifesprig":179,"Regal Pillow":195,"Lantern":198,"champ:ChampionCrown":0,"RoseTintedShades":300,"Guardian:StasisCodex":376,"Bag of Preparation":422,"StuffTheSpire:OccultApparatus":265,"hubris:Backtick":73,"Matryoshka":184,"Ring of Panic":242,"Replay:Bottled Eggs":270,"aspiration:ChemicalBlood":254,"Runesmith:Nanobots":151,"hubris:64BitClover":300,"Guardian:GemstoneGun":231,"conspire:RunicOctahedron":395,"PreservedInsect":85,"StuffTheSpire:Mouthbags":363,"Ring of Misfortune":195,"ExplosiveVial":397,"SpikesRelics:DaevaFist":163,"Garlic":175,"Durian":265,"Art of War":410,"ReplayTheSpireMod:Lightbulb":435,"Ice Cream":209,"trackpad:IceCube":7,"Gremlin Horn":328,"reliquary:PartyBalloon":411,"CeramicFish":435,"Sozu":59,"HornCleat":434,"m_BookOfShivs":247,"Strawberry":11,"Honey Jar":192,"hexamod:SpiritBrand":0,"Ring of Hypnosis":81,"Happy Flower":198,"ReplayTheSpireMod:CursedCoin":175,"aspiration:Nostalgia":247,"Astrolabe":94,"Oddly Smooth Stone":11,"Guardian:ModeShifter":363,"wanderingMiniBosses:MasterThiefsPresence":156,"Charon\u0027s Ashes":73,"War Paint":135,"Du-Vu Doll":291,"aspiration:EmptySkull":209,"Bronze Scales":61,"infinitespire:EmpoweringShard":21,"hubris:ToyBattleship":272,"reliquary:WritOfMandamus":279,"ReplayFunnel":141,"ReplayTheSpireMod:Ring of Exchange":81,"bronze:BronzeCore":231,"Guardian:ModeShifterPlus":429,"SacredBark":383,"conspire:SpecialSausage":359,"hubris:SlimyHat":292,"Replay:Mystery Machine":0,"Frozen Eye":259,"StuffTheSpire:Experiment12":432,"Dream Catcher":414,"hubris:Icosahedron":81,"downfall:HeartBlessingBlue":151,"Mummified Hand":292,"Gambling Chip":231,"Pantograph":247,"MiniBlackHole":98,"BargainBundle":363,"HowToJump":0,"trackpad:HandOfMidas":316,"Guide Book":331,"infinitespire:FocusingShard":53,"aspiration:SecretTechniqueScroll":34,"Orichalcum":175,"White Beast Statue":383,"Snack Pack":23,"Bag of Marbles":429,"Membership Card":59,"aspiration:MarisaSkillbook":442}]},"card_choices":[{"not_picked":["Guardian:BronzeArmor","Guardian:FuturePlans"],"picked":"Guardian:ShieldCharger","floor":1},{"not_picked":["Guardian:Reroute","Guardian:Planning"],"picked":"Guardian:Gem_Cyan","floor":3},{"not_picked":["ReplayTheSpireMod:Necrogeddon","Midas Touch"],"picked":"Chrysalis","floor":5},{"not_picked":["Guardian:Gem_White","Guardian:Clone"],"picked":"Guardian:Gem_Yellow","floor":5},{"not_picked":["Guardian:StasisField","Guardian:FierceBash"],"picked":"Guardian:RevengeProtocol","floor":5},{"not_picked":["Guardian:SentryBeam","Guardian:Reroute"],"picked":"Guardian:Gem_Blue","floor":6},{"not_picked":["Guardian:Repulse","Guardian:Planning"],"picked":"Guardian:Incinerate","floor":7},{"not_picked":["Guardian:ShieldSpikes","Guardian:TemporalStrike","Guardian:WalkerClaw"],"picked":"SKIP","floor":10},{"not_picked":["Guardian:TemporalStrike","Guardian:WalkerClaw"],"picked":"Guardian:ShieldSpikes","floor":10},{"not_picked":["Guardian:ShieldCharger","Guardian:PrimingBeam"],"picked":"Guardian:PolyBeam","floor":11},{"not_picked":["Guardian:PrimingBeam","Guardian:TemporalShield"],"picked":"Guardian:PrismaticBeam","floor":13},{"not_picked":["Guardian:RevengeProtocol","Guardian:GatlingBeam"],"picked":"Guardian:StasisStrike","floor":16},{"not_picked":["Guardian:TemporalShield+1","Guardian:Planning"],"picked":"Guardian:Gem_Crimson","floor":18},{"not_picked":["StuffTheSpire:Rapture","StuffTheSpire:Brawn"],"picked":"StuffTheSpire:Harmony","floor":20},{"not_picked":["Guardian:Incinerate","Guardian:VentSteam","Guardian:ChargeUp"],"picked":"SKIP","floor":21},{"not_picked":["Guardian:RefractedBeam","Guardian:FloatingOrbs+1"],"picked":"Guardian:SentryBeam","floor":23},{"not_picked":["Guardian:BronzeArmor+1","Guardian:SphericShield","Guardian:GemFire"],"picked":"SKIP","floor":25},{"not_picked":["Guardian:Clone","Guardian:Planning"],"picked":"Guardian:Gem_Green","floor":29},{"not_picked":["Guardian:BaubleBeam","Guardian:ConstructionForm"],"picked":"Guardian:Gem_Orange","floor":30},{"not_picked":["Guardian:TimeCapacitor","Guardian:Reroute+1","Guardian:Suspension"],"picked":"SKIP","floor":31},{"not_picked":["Guardian:StasisField","Guardian:AncientConstruct"],"picked":"Guardian:Gem_Orange","floor":33},{"not_picked":["Guardian:SentryBeam+1","Guardian:CrystalBeam+1"],"picked":"Guardian:Gem_Red","floor":35},{"not_picked":["Guardian:ShieldCharger+1","Guardian:Gem_Green","Guardian:Reroute+1"],"picked":"SKIP","floor":37},{"not_picked":["Guardian:Recover","Guardian:RollAttack"],"picked":"Guardian:CrystalBeam","floor":38},{"not_picked":["Guardian:ShieldCharger","Guardian:StasisEngine","Guardian:FastForward"],"picked":"SKIP","floor":40},{"not_picked":["Guardian:TemporalShield","Guardian:VentSteam+1","Guardian:FierceBash"],"picked":"SKIP","floor":42},{"not_picked":["Guardian:Orbwalk+1","Guardian:CrystalBeam+1"],"picked":"Guardian:DonusPower+1","floor":45},{"not_picked":["Guardian:VentSteam+1","Guardian:WalkerClaw+1","Guardian:ShieldCharger+1"],"picked":"SKIP","floor":46},{"not_picked":["Guardian:Clone+1","Guardian:Reroute+1","Guardian:Recover+1"],"picked":"SKIP","floor":47},{"not_picked":["Guardian:ChargeCore+1","Guardian:VentSteam+1","Guardian:HyperBeam_Guardian"],"picked":"SKIP","floor":48},{"not_picked":["Guardian:RollAttack","Guardian:Planning+1"],"picked":"Guardian:Gem_Purple","floor":49},{"not_picked":["Guardian:PrimingBeam","Guardian:BronzeOrb","Guardian:Gem_Fragmented"],"picked":"SKIP","floor":52},{"not_picked":["Guardian:PiercingHide","Guardian:TimeCapacitor","Guardian:SpikerProtocol"],"picked":"SKIP","floor":53},{"not_picked":["Guardian:PiercingHide","Guardian:TimeCapacitor"],"picked":"Guardian:SpikerProtocol","floor":53},{"not_picked":["Guardian:Gem_Fragmented","Guardian:RollAttack","Guardian:FloatingOrbs"],"picked":"SKIP","floor":55},{"not_picked":["Guardian:Repulse","Guardian:TemporalStrike"],"picked":"Guardian:Gem_Red","floor":56},{"not_picked":["Guardian:ShieldCharger","Guardian:RollAttack","Guardian:PolyBeam"],"picked":"SKIP","floor":57},{"not_picked":["Guardian:WalkerClaw","Guardian:BronzeArmor","Guardian:PiercingHide"],"picked":"SKIP","floor":58},{"not_picked":["Guardian:PolyBeam","Guardian:ConstructionForm"],"picked":"Guardian:RollAttack","floor":62},{"not_picked":["Guardian:PrimingBeam","Guardian:PiercingHide"],"picked":"Guardian:Gem_Red","floor":63},{"not_picked":["Guardian:CrystalBeam","Guardian:Suspension","Guardian:Gem_Green"],"picked":"SKIP","floor":64},{"not_picked":["Guardian:HyperBeam_Guardian","Guardian:GemFinder"],"picked":"Guardian:StasisEngine","floor":67}],"player_experience":1269864,"relics_obtained":[{"floor":6,"key":"trackpad:HandOfMidas"},{"floor":9,"key":"trackpad:AdjectivePendant"},{"floor":10,"key":"Gremlin Horn"},{"floor":13,"key":"Guardian:DefensiveModeMoreBlock"},{"floor":21,"key":"trackpad:SneckoScepter"},{"floor":23,"key":"Guardian:StasisCodex"},{"floor":27,"key":"Ring of Panic"},{"floor":27,"key":"ReplayTheSpireMod:Ring of Addiction"},{"floor":27,"key":"SacredBark"},{"floor":27,"key":"White Beast Statue"},{"floor":38,"key":"wanderingMiniBosses:OtherGremlinHorn"},{"floor":40,"key":"Art of War"},{"floor":42,"key":"aspiration:DSix"},{"floor":43,"key":"reliquary:PartyBalloon"},{"floor":45,"key":"Dream Catcher"},{"floor":48,"key":"Bag of Preparation"},{"floor":56,"key":"StuffTheSpire:Experiment12"},{"floor":57,"key":"HornCleat"},{"floor":60,"key":"StuffTheSpire:Mouthbags"},{"floor":62,"key":"hubris:SlimyHat"}],"event_choices":[{"damage_healed":0,"gold_gain":0,"player_choice":"1","damage_taken":0,"max_hp_gain":0,"max_hp_loss":0,"event_name":"betterMatch:BetterMatch","floor":5,"gold_loss":0,"cards_obtained":["betterMatch:ColorlessRareCard","betterMatch:UncommonCard","betterMatch:RareCard"]},{"damage_healed":0,"gold_gain":0,"player_choice":"1","damage_taken":0,"max_hp_gain":0,"max_hp_loss":0,"event_name":"betterMatch:BetterMatch","floor":30,"gold_loss":0,"cards_obtained":["betterMatch:RareCard"]},{"damage_healed":0,"gold_gain":0,"player_choice":"Leave","damage_taken":0,"max_hp_gain":0,"max_hp_loss":0,"event_name":"The Cleric","floor":65,"gold_loss":0}],"is_beta":false,"boss_relics":[{"not_picked":["StuffTheSpire:RunicHypercube","trackpad:StolenKidneys"],"picked":"conspire:SpecialSausage"},{"not_picked":["trackpad:Trackpad","Runic Dome"],"picked":"conspire:RunicOctahedron"},{"not_picked":["Runic Pyramid","bronze:MakeshiftBattery","StSpp:Balance"]},{"not_picked":["thethorton:BottledFunds","bronze:MakeshiftBattery"],"picked":"aspiration:MarisaSkillbook"}],"items_purged_floors":[19,36,54,59,59],"is_endless":true,"potions_floor_spawned":[3,13,16,21,23,29,31,33,35,37,38,40,42,45,46,47,48,50,52,53,55,56,57,58,62,63,64,67],"ascension_level":2}}