{"host":"7bb7osqc91rjfyph","time":1613934914,"event":{"mods":["AchievementEnabler","BaseMod","BetterRewards","Colored Map","Colored Powertips","Downfall","Googly Eyes","Hermit","Hubris","Marisa????????","Minty Spire (QoL Compilation)","Shop Mod","StSLib","The Cursed"],"gold_per_floor":[119,119,132,159,9,35,35,45,69,82,113,113,144,160,160,265,265,284,318,318,17,17,42,42,53,53,87,102,102,62,62,62,158,158,177,189,202,218,2,36,58,138,138,180,204,204,204,213,213,213,213,213,17,59,59,59],"floor_reached":55,"language":"ENG","playtime":2072,"items_purged":["Strike_P+1"],"score":1500,"play_id":"c880aa4e-9712-48ae-8bca-c19e8990faa6","local_time":"20210221131514","is_ascension_mode":true,"campfire_choices":[{"data":"Eruption","floor":7.0,"key":"SMITH"},{"data":"Vault","floor":15.0,"key":"SMITH"},{"floor":24.0,"key":"RECALL"},{"data":"Vigilance","floor":32.0,"key":"SMITH"},{"data":"Omniscience","floor":49.0,"key":"SMITH"},{"data":"Crescendo","floor":52,"key":"SMITH"}],"circlet_count":0,"master_deck":["Strike_P+1","Strike_P+1","Defend_P+1","Defend_P+1","Eruption+1","Vigilance+1","Vault+1","CutThroughFate+1","JustLucky+1","Perseverance+1","TalkToTheHand+1","Ragnarok+1","Consecrate","Crescendo+1","LessonLearned+1","Consecrate+1","Tantrum","FlurryOfBlows+1","Secret Technique","CutThroughFate+1","FlurryOfBlows+1","Evaluate","Consecrate+1","Omniscience+1","FollowUp","CutThroughFate+1","CutThroughFate+1","ClearTheMind+1","FlyingSleeves+1","Halt","FlurryOfBlows+1","Finesse","FlurryOfBlows+1"],"relics":["PureWater","Juzu Bracelet","Membership Card","Akabeko","Anchor","hubris:MysteriousPyramids","Art of War","Kunai","SlaversCollar","Red Mask","Strange Spoon","Sundial","Lantern","Tiny Chest","hubris:BottledHeart","Coffee Dripper","CeramicFish","Omamori","Mummified Hand","StrikeDummy","Pen Nib","hubris:SlimyHat","Torii","Cauldron","Ornamental Fan","Happy Flower"],"acts_visited":["Exordium","TheCity","TheBeyond","TheEnding"],"potions_floor_usage":[50,50,50,55,55,55],"damage_taken":[{"damage":0.0,"enemies":"Cultist","floor":1.0,"turns":3.0},{"damage":4.0,"enemies":"Jaw Worm","floor":3.0,"turns":3.0},{"damage":14.0,"enemies":"Gremlin Nob","floor":6.0,"turns":4.0},{"damage":0.0,"enemies":"Small Slimes","floor":8.0,"turns":2.0},{"damage":0.0,"enemies":"3 Louse","floor":10.0,"turns":2.0},{"damage":10.0,"enemies":"Lagavulin","floor":11.0,"turns":7.0},{"damage":0.0,"enemies":"Gremlin Nob","floor":13.0,"turns":2.0},{"damage":0.0,"enemies":"Gremlin Gang","floor":14.0,"turns":1.0},{"damage":0.0,"enemies":"Slime Boss","floor":16.0,"turns":8.0},{"damage":0.0,"enemies":"Chosen","floor":18.0,"turns":5.0},{"damage":3.0,"enemies":"Masked Bandits","floor":19.0,"turns":3.0},{"damage":0.0,"enemies":"Gremlin Leader","floor":23.0,"turns":3.0},{"damage":0.0,"enemies":"Spheric Guardian","floor":25.0,"turns":1.0},{"damage":4.0,"enemies":"Book of Stabbing","floor":27.0,"turns":4.0},{"damage":0.0,"enemies":"Chosen and Byrds","floor":28.0,"turns":3.0},{"damage":0.0,"enemies":"Champ","floor":33.0,"turns":7.0},{"damage":0.0,"enemies":"3 Darklings","floor":35.0,"turns":2.0},{"damage":0.0,"enemies":"Orb Walker","floor":36.0,"turns":3.0},{"damage":0.0,"enemies":"Maw","floor":37.0,"turns":5.0},{"damage":0.0,"enemies":"Writhing Mass","floor":38.0,"turns":3.0},{"damage":0.0,"enemies":"Nemesis","floor":40.0,"turns":2.0},{"damage":0.0,"enemies":"Transient","floor":41.0,"turns":6.0},{"damage":0.0,"enemies":"Reptomancer","floor":44.0,"turns":2.0},{"damage":0.0,"enemies":"4 Shapes","floor":45.0,"turns":2.0},{"damage":0,"enemies":"Donu and Deca","floor":50,"turns":3},{"damage":0,"enemies":"Shield and Spear","floor":54,"turns":3},{"damage":7,"enemies":"The Heart","floor":55,"turns":5}],"seed_played":"5649838356254920101","potions_obtained":[{"floor":3.0,"key":"AttackPotion"},{"floor":6.0,"key":"DistilledChaos"},{"floor":10.0,"key":"LiquidBronze"},{"floor":13.0,"key":"Energy Potion"},{"floor":19.0,"key":"Energy Potion"},{"floor":23.0,"key":"Regen Potion"},{"floor":36.0,"key":"LiquidBronze"},{"floor":40.0,"key":"SkillPotion"},{"floor":44.0,"key":"Strength Potion"},{"floor":45.0,"key":"SneckoOil"},{"floor":53,"key":"Ambrosia"},{"floor":53,"key":"AttackPotion"},{"floor":53,"key":"Slimebound:ThreeZeroPotion"}],"is_trial":false,"path_per_floor":["M","?","M","T","$","E","R","M","T","M","E","?","E","M","R","B",null,"M","?","?","$","?","E","R","M","T","E","M","?","?","?","R","B",null,"M","M","M","M","$","E","M","T","T","E","M","?","?","?","R","B",null,"R","$","E","B"],"character_chosen":"WATCHER","items_purchased":["Membership Card","Strange Spoon","FlurryOfBlows","Sundial","Secret Technique","AttackPotion","CeramicFish","Omamori","Cauldron","Ornamental Fan"],"campfire_rested":0,"item_purchase_floors":[5,21,21,21,21,39,39,39,53,53],"current_hp_per_floor":[65,65,61,61,61,47,47,47,47,47,37,37,37,37,37,37,63,63,60,60,60,60,60,60,60,60,56,56,56,56,1,1,1,1,1,1,1,1,1,1,1,1,1,1,1,1,1,1,1,1,1,1,1,1,0,0],"gold":59,"neow_bonus":"TRANSFORM_CARD","is_daily":false,"chose_seed":false,"campfire_upgraded":5,"win_rate":0.0,"timestamp":1613934914,"path_taken":["M","?","?","?","?","E","R","M","T","M","E","?","E","M","R","BOSS","M","?","?","$","?","E","R","M","T","E","M","?","?","?","R","BOSS","M","M","M","M","$","E","M","?","T","E","M","?","?","?","R","BOSS","R","$","E","BOSS"],"items_purchased_type":["Relic","Relic","Card","Relic","Card","Potion","Relic","Relic","Relic","Relic"],"build_version":"2020-12-22","purchased_purges":1,"victory":false,"max_hp_per_floor":[72,72,72,72,72,72,72,72,72,72,72,72,72,72,72,72,72,72,72,72,72,72,72,72,72,72,72,72,72,72,1,1,1,1,1,1,1,1,1,1,1,1,1,1,1,1,1,1,1,1,1,1,1,1,1,1],"card_choices":[{"not_picked":["Nirvana","EmptyBody"],"picked":"CutThroughFate","floor":1.0},{"not_picked":["ForeignInfluence","PathToVictory"],"picked":"JustLucky","floor":3.0},{"not_picked":["Meditate","WreathOfFlame"],"picked":"Perseverance","floor":6.0},{"not_picked":["CutThroughFate","Crescendo"],"picked":"TalkToTheHand","floor":8.0},{"not_picked":["LikeWater","CutThroughFate"],"picked":"Ragnarok","floor":10.0},{"not_picked":["Wireheading","Ragnarok"],"picked":"Consecrate","floor":11.0},{"not_picked":["CutThroughFate","PathToVictory"],"picked":"Crescendo","floor":13.0},{"not_picked":["EmptyFist","Collect","BattleHymn"],"picked":"SKIP","floor":14.0},{"not_picked":["Devotion","Blasphemy"],"picked":"LessonLearned","floor":16.0},{"not_picked":["EmptyMind+1","Wireheading"],"picked":"Consecrate+1","floor":18.0},{"not_picked":["EmptyFist","Crescendo"],"picked":"Tantrum","floor":19.0},{"not_picked":["Wallop","Blasphemy"],"picked":"CutThroughFate","floor":23.0},{"not_picked":["ReachHeaven","Protect"],"picked":"FlurryOfBlows+1","floor":25.0},{"not_picked":["EmptyBody","CrushJoints"],"picked":"Evaluate","floor":27.0},{"not_picked":["EmptyFist+1","Evaluate"],"picked":"Consecrate+1","floor":28.0},{"not_picked":["Alpha","LessonLearned"],"picked":"Omniscience","floor":33.0},{"not_picked":["Nirvana","ForeignInfluence"],"picked":"FollowUp","floor":35.0},{"not_picked":["Meditate","Prostrate"],"picked":"CutThroughFate","floor":36.0},{"not_picked":["Crescendo","EmptyBody+1","ThirdEye+1"],"picked":"SKIP","floor":37.0},{"not_picked":["Swivel","Sanctity+1"],"picked":"CutThroughFate+1","floor":38.0},{"not_picked":["Crescendo+1","FollowUp"],"picked":"ClearTheMind+1","floor":40.0},{"not_picked":["Study","ReachHeaven+1"],"picked":"FlyingSleeves","floor":41.0},{"not_picked":["Brilliance","SandsOfTime"],"picked":"Halt","floor":44.0},{"not_picked":["JustLucky+1","Pray+1"],"picked":"FlurryOfBlows+1","floor":45.0},{"not_picked":["Dramatic Entrance","Madness"],"picked":"Finesse","floor":48.0},{"not_picked":["ThirdEye","ReachHeaven"],"picked":"FlurryOfBlows+1","floor":54}],"player_experience":124953,"relics_obtained":[{"floor":4.0,"key":"Juzu Bracelet"},{"floor":6.0,"key":"Akabeko"},{"floor":9.0,"key":"Anchor"},{"floor":11.0,"key":"hubris:MysteriousPyramids"},{"floor":13.0,"key":"Kunai"},{"floor":19.0,"key":"Red Mask"},{"floor":23.0,"key":"Lantern"},{"floor":27.0,"key":"Tiny Chest"},{"floor":40.0,"key":"Mummified Hand"},{"floor":42.0,"key":"StrikeDummy"},{"floor":43.0,"key":"Pen Nib"},{"floor":44.0,"key":"hubris:SlimyHat"},{"floor":47.0,"key":"Torii"},{"floor":54,"key":"Happy Flower"}],"event_choices":[{"cards_removed":["Defend_P"],"damage_healed":0.0,"max_hp_gain":0.0,"max_hp_loss":0.0,"gold_gain":0.0,"event_name":"Bonfire Elementals","player_choice":"Offered Basic","floor":2.0,"gold_loss":0.0,"damage_taken":0.0},{"damage_healed":0.0,"max_hp_gain":0.0,"max_hp_loss":0.0,"gold_gain":0.0,"event_name":"WeMeetAgain","player_choice":"Gave Potion","floor":12.0,"gold_loss":0.0,"damage_taken":0.0,"relics_obtained":["Art of War"]},{"damage_healed":0.0,"max_hp_gain":0.0,"max_hp_loss":0.0,"gold_gain":0.0,"event_name":"Masked Bandits","player_choice":"Fought Bandits","floor":19.0,"gold_loss":0.0,"damage_taken":0.0},{"damage_healed":0.0,"max_hp_gain":0.0,"max_hp_loss":0.0,"gold_gain":0.0,"event_name":"Back to Basics","player_choice":"Simplicity","floor":20.0,"gold_loss":0.0,"damage_taken":0.0,"cards_upgraded":["Strike_P","Strike_P","Defend_P","Defend_P","Defend_P"]},{"damage_healed":0.0,"max_hp_gain":0.0,"max_hp_loss":0.0,"gold_gain":0.0,"event_name":"Upgrade Shrine","player_choice":"Upgraded","floor":22.0,"gold_loss":0.0,"damage_taken":0.0,"cards_upgraded":["LessonLearned"]},{"damage_healed":0.0,"max_hp_gain":0.0,"max_hp_loss":0.0,"gold_gain":0.0,"event_name":"Vampires","player_choice":"Ignored","floor":29.0,"gold_loss":0.0,"damage_taken":0.0},{"damage_healed":0.0,"max_hp_gain":0.0,"max_hp_loss":0.0,"gold_gain":0.0,"event_name":"Designer","player_choice":"Upgraded Two","floor":30.0,"gold_loss":40.0,"damage_taken":0.0,"cards_upgraded":["CutThroughFate","Ragnarok"]},{"cards_removed":["Defend_P"],"damage_healed":0.0,"max_hp_gain":0.0,"max_hp_loss":0.0,"gold_gain":0.0,"event_name":"Falling","player_choice":"Removed Skill","floor":46.0,"gold_loss":0.0,"damage_taken":0.0},{"damage_healed":0.0,"max_hp_gain":0.0,"max_hp_loss":0.0,"gold_gain":0.0,"event_name":"Wheel of Change","player_choice":"Relic","floor":47.0,"gold_loss":0.0,"damage_taken":0.0},{"damage_healed":0.0,"max_hp_gain":0.0,"max_hp_loss":0.0,"gold_gain":0.0,"event_name":"SensoryStone","player_choice":"Memory 1","floor":48.0,"gold_loss":0.0,"damage_taken":0.0}],"is_beta":false,"boss_relics":[{"not_picked":["hubris:BlackHole","Velvet Choker"],"picked":"SlaversCollar"},{"not_picked":["Busted Crown","Sozu"],"picked":"Coffee Dripper"}],"items_purged_floors":[39],"is_endless":false,"potions_floor_spawned":[3,6,10,13,19,23,25,36,40,44,45,54],"killed_by":"The Heart","ascension_level":6}}