{"host":"d744ndivyohnro60","time":1613888201,"event":{"mods":["BaseMod","Bestiary","Colored Powertips","Minty Spire (QoL Compilation)","Relic Stats"],"gold_per_floor":[110,122,122,122,73,108,45,45,69,69,88,88,123,140,140,241,241,208,225,43,60,78,78,78,78,148,148,148],"floor_reached":27,"language":"ENG","playtime":2135,"items_purged":["Strike_B"],"score":309,"play_id":"9f2d2f80-529f-47de-9cae-711905279cf1","local_time":"20210221011641","is_ascension_mode":true,"campfire_choices":[{"floor":8,"key":"REST"},{"data":"Turbo","floor":10,"key":"SMITH"},{"floor":12,"key":"REST"},{"data":"Zap","floor":15,"key":"SMITH"},{"floor":23,"key":"REST"}],"circlet_count":0,"master_deck":["Strike_B+1","Strike_B","Defend_B","Defend_B+1","Defend_B","Zap+1","Dualcast","Tempest","Ball Lightning","Multi-Cast","Leap","Turbo+1","BootSequence","Stack","Steam","Reboot","Defragment","Undo","Sunder","Fission","Beam Cell+1"],"relics":["Philosopher\u0027s Stone","MawBank","MealTicket","Bottled Lightning","Inserter","Strange Spoon","Toxic Egg 2"],"acts_visited":["Exordium","TheCity"],"potions_floor_usage":[6,16,21,22],"damage_taken":[{"damage":2,"enemies":"Cultist","floor":1,"turns":3},{"damage":0,"enemies":"Small Slimes","floor":2,"turns":3},{"damage":20,"enemies":"Gremlin Nob","floor":6,"turns":4},{"damage":0,"enemies":"Jaw Worm","floor":11,"turns":3},{"damage":8,"enemies":"3 Sentries","floor":13,"turns":5},{"damage":7,"enemies":"Looter","floor":14,"turns":4},{"damage":38,"enemies":"Slime Boss","floor":16,"turns":9},{"damage":31,"enemies":"2 Thieves","floor":18,"turns":5},{"damage":0,"enemies":"Spheric Guardian","floor":19,"turns":3},{"damage":27,"enemies":"Snecko","floor":21,"turns":6},{"damage":3,"enemies":"Snake Plant","floor":22,"turns":3},{"damage":63,"enemies":"Centurion and Healer","floor":27,"turns":8}],"seed_played":"-688863545305256844","potions_obtained":[{"floor":1,"key":"SpeedPotion"},{"floor":14,"key":"DuplicationPotion"},{"floor":19,"key":"SkillPotion"},{"floor":21,"key":"PowerPotion"},{"floor":22,"key":"Ancient Potion"}],"is_trial":false,"path_per_floor":["M","M","?","?","$","E","$","R","T","R","M","R","E","M","R","B",null,"M","M","$","M","M","R","?","$","T","M"],"character_chosen":"DEFECT","items_purchased":["Leap","Strange Spoon","Sunder"],"campfire_rested":3,"item_purchase_floors":[5,20,20],"current_hp_per_floor":[66,66,51,51,51,31,31,53,53,53,53,75,67,60,60,22,62,31,31,46,19,16,38,38,53,53,0,0],"gold":148,"neow_bonus":"BOSS_RELIC","is_daily":false,"chose_seed":false,"campfire_upgraded":2,"win_rate":0.0,"timestamp":1613888201,"path_taken":["M","?","?","?","?","E","$","R","T","R","M","R","E","M","R","BOSS","M","M","$","M","M","R","?","$","T","M"],"items_purchased_type":["Card","Relic","Card"],"build_version":"2020-12-22","purchased_purges":1,"victory":false,"max_hp_per_floor":[75,75,75,75,75,75,75,75,75,75,75,75,75,75,75,75,75,75,75,75,75,75,75,75,75,75,75,75],"relic_stats":{"Strange Spoon":[5],"Inserter":[12],"counters":[12,56],"MealTicket":30,"MawBank":12,"obtain_stats":[{"Strange Spoon":20,"Inserter":17,"Philosopher\u0027s Stone":0,"MealTicket":9,"Bottled Lightning":13,"Toxic Egg 2":26,"Cracked Core":0,"MawBank":6},{"Strange Spoon":9,"Inserter":7,"Philosopher\u0027s Stone":0,"MealTicket":3,"Bottled Lightning":5,"Toxic Egg 2":11,"Cracked Core":0,"MawBank":3},{"Strange Spoon":39,"Inserter":31,"Philosopher\u0027s Stone":0,"MealTicket":10,"Bottled Lightning":18,"Toxic Egg 2":48,"Cracked Core":0,"MawBank":10}]},"card_choices":[{"not_picked":["Steam","Beam Cell"],"picked":"Tempest","floor":1},{"not_picked":["Fusion","Stack"],"picked":"Ball Lightning","floor":2},{"not_picked":["Redo","Fusion"],"picked":"Turbo","floor":6},{"not_picked":["Rebound","Leap"],"picked":"BootSequence","floor":11},{"not_picked":["Force Field","Genetic Algorithm"],"picked":"Stack","floor":13},{"not_picked":["Fusion","Cold Snap"],"picked":"Steam","floor":14},{"not_picked":["Meteor Strike","Echo Form"],"picked":"Reboot","floor":16},{"not_picked":["Redo","Heatsinks"],"picked":"Defragment","floor":18},{"not_picked":["FTL","Beam Cell"],"picked":"Undo","floor":19},{"not_picked":["Fusion","Ball Lightning"],"picked":"Fission","floor":21},{"not_picked":["Darkness","BootSequence"],"picked":"Beam Cell+1","floor":22}],"player_experience":263102,"relics_obtained":[{"floor":6,"key":"MawBank"},{"floor":9,"key":"MealTicket"},{"floor":13,"key":"Bottled Lightning"},{"floor":26,"key":"Toxic Egg 2"}],"event_choices":[{"damage_healed":0,"gold_gain":0,"player_choice":"Entered Light","damage_taken":15,"max_hp_gain":0,"max_hp_loss":0,"event_name":"Shining Light","floor":3,"gold_loss":0,"cards_upgraded":["Defend_B","Strike_B"]},{"damage_healed":0,"gold_gain":0,"cards_transformed":["Strike_B"],"player_choice":"Change","damage_taken":0,"max_hp_gain":0,"max_hp_loss":0,"event_name":"Living Wall","floor":4,"gold_loss":0,"cards_obtained":["Multi-Cast"]},{"cards_removed":["Defend_B"],"damage_healed":0,"gold_gain":0,"player_choice":"Purged","damage_taken":0,"max_hp_gain":0,"max_hp_loss":0,"event_name":"Purifier","floor":24,"gold_loss":0}],"is_beta":false,"boss_relics":[{"not_picked":["Pandora\u0027s Box","Empty Cage"],"picked":"Inserter"}],"items_purged_floors":[7],"is_endless":false,"potions_floor_spawned":[1,14,19,21,22],"killed_by":"Centurion and Healer","ascension_level":8}}