{"host":"ttzdpsscxkem3xrs","time":1613870390,"event":{"mods":["BaseMod","Colored Map","Downfall","Hermit","Minty Spire (QoL Compilation)","Replay The Spire","StSLib","The Cursed","The Hierophant"],"gold_per_floor":[111,126,126,147,38,67,67,87,139,173,237,271,271,287,287,396,396,410,426,576,626,626],"floor_reached":21,"language":"ENG","playtime":1840,"items_purged":["hermit:Strike_Hermit"],"score":211,"play_id":"1df16f86-a0ad-4e64-b242-35d3a3b626fe","local_time":"20210220171950","is_ascension_mode":true,"campfire_choices":[{"floor":7.0,"key":"REST"},{"data":"hermit:Brawl","floor":13.0,"key":"SMITH"},{"floor":15.0,"key":"REST"}],"circlet_count":0,"master_deck":["hermit:Strike_Hermit","hermit:Strike_Hermit","hermit:Strike_Hermit","hermit:Defend_Hermit","hermit:Defend_Hermit","hermit:Defend_Hermit","hermit:Defend_Hermit","hermit:Snapshot","hermit:Covet","hermit:Deadeye","hermit:Scavenge","hermit:Ricochet","hermit:Brawl+1","hermit:NoHoldsBarred","hermit:FlashPowder","hermit:HighNoon","hermit:Determination","hermit:Glare","hermit:PistolWhip","hermit:TakeAim","hermit:GoldenBullet","hermit:WideOpen"],"relics":["hermit:Momento","Incense Burner","SsserpentHead","The Courier","Omamori","Dream Catcher","Regal Pillow","Honey Jar"],"acts_visited":["Exordium","TheCity"],"potions_floor_usage":[],"damage_taken":[{"damage":5.0,"enemies":"Cultist","floor":1.0,"turns":4.0},{"damage":3.0,"enemies":"2 Louse","floor":2.0,"turns":3.0},{"damage":0.0,"enemies":"Jaw Worm","floor":4.0,"turns":3.0},{"damage":2.0,"enemies":"Replay:BlueRogue","floor":6.0,"turns":5.0},{"damage":0.0,"enemies":"Large Slime","floor":8.0,"turns":3.0},{"damage":8.0,"enemies":"Lagavulin","floor":10.0,"turns":5.0},{"damage":3.0,"enemies":"Exordium Thugs","floor":11.0,"turns":3.0},{"damage":14.0,"enemies":"Gremlin Nob","floor":12.0,"turns":4.0},{"damage":0.0,"enemies":"Lots of Slimes","floor":14.0,"turns":1.0},{"damage":43.0,"enemies":"Hexaghost","floor":16.0,"turns":8.0},{"damage":20.0,"enemies":"Chosen","floor":18.0,"turns":5.0},{"damage":27.0,"enemies":"Shell Parasite","floor":19.0,"turns":4.0},{"damage":0,"enemies":"Snake Plant","floor":21,"turns":1}],"seed_played":"-5573115054261694661","potions_obtained":[{"floor":4.0,"key":"sneckomod:MuddlingPotion"},{"floor":6.0,"key":"hexamod:SoulburnPotion"},{"floor":8.0,"key":"EssenceOfSteel"},{"floor":10.0,"key":"hexamod:SoulburnPotion"},{"floor":18.0,"key":"hexamod:SoulburnPotion"}],"is_trial":false,"path_per_floor":["M","M","?","M","$","E","R","M","T","E","M","E","R","M","R","B",null,"M","M","?","M"],"character_chosen":"HERMIT","items_purchased":["hermit:Brawl"],"campfire_rested":2,"item_purchase_floors":[5],"current_hp_per_floor":[49,46,46,46,46,44,66,66,66,58,55,41,41,41,75,32,75,55,28,28,28,28],"gold":626,"neow_bonus":"ONE_RARE_RELIC","is_daily":false,"chose_seed":false,"campfire_upgraded":1,"win_rate":0.0,"timestamp":1613870390,"path_taken":["M","?","?","M","$","E","R","M","T","E","?","E","R","M","R","BOSS","M","M","?","?"],"items_purchased_type":["Card"],"build_version":"2020-12-22","purchased_purges":1,"victory":false,"max_hp_per_floor":[75,75,75,75,75,75,75,75,75,75,75,75,75,75,75,75,75,75,75,75,75,75],"card_choices":[{"not_picked":["hermit:SprayPray","hermit:Roulette"],"picked":"hermit:Deadeye","floor":1.0},{"not_picked":["hermit:ItchyTrigger","hermit:LoneWolf"],"picked":"hermit:Scavenge","floor":2.0},{"not_picked":["hermit:Headshot","hermit:FullyLoaded"],"picked":"hermit:Ricochet","floor":4.0},{"not_picked":["hermit:Vantage","hermit:CalledShot"],"picked":"hermit:NoHoldsBarred","floor":6.0},{"not_picked":["hermit:BodyArmor","hermit:WideOpen"],"picked":"hermit:FlashPowder","floor":8.0},{"not_picked":["hermit:Vantage","hermit:Snipe"],"picked":"hermit:HighNoon","floor":10.0},{"not_picked":["hermit:Dive","hermit:Maintenance"],"picked":"hermit:Determination","floor":11.0},{"not_picked":["hermit:CalledShot","hermit:Grudge"],"picked":"hermit:Glare","floor":12.0},{"not_picked":["hermit:Dive","hermit:BodyArmor"],"picked":"hermit:PistolWhip","floor":14.0},{"not_picked":["hermit:TrackingShot","hermit:Quickdraw"],"picked":"hermit:TakeAim","floor":15.0},{"not_picked":["hermit:Vantage","hermit:CalledShot","hermit:TakeCover"],"picked":"hermit:GoldenBullet","floor":18.0},{"not_picked":["hermit:Maintenance","hermit:SprayPray+1","hermit:Manifest"],"picked":"hermit:WideOpen","floor":19.0}],"player_experience":1444649,"relics_obtained":[{"floor":6.0,"key":"The Courier"},{"floor":9.0,"key":"Omamori"},{"floor":10.0,"key":"Dream Catcher"},{"floor":12.0,"key":"Regal Pillow"}],"event_choices":[{"damage_healed":0.0,"max_hp_gain":0.0,"max_hp_loss":0.0,"gold_gain":0.0,"event_name":"FaceTrader","player_choice":"Trade","floor":3.0,"gold_loss":0.0,"damage_taken":0.0,"relics_obtained":["SsserpentHead"]},{"damage_healed":0.0,"max_hp_gain":0.0,"max_hp_loss":0.0,"gold_gain":100.0,"event_name":"Golden Shrine","player_choice":"Pray","floor":20.0,"gold_loss":0.0,"damage_taken":0.0}],"is_beta":false,"boss_relics":[{"not_picked":["Ring of Chaos","Pandora\u0027s Box"],"picked":"Honey Jar"}],"items_purged_floors":[5],"is_endless":false,"potions_floor_spawned":[4,6,8,10,11,18],"killed_by":"Snake Plant","ascension_level":1}}