{"host":"yecadp3kwkksam5a","time":1613908435,"event":{"mods":["BaseMod","Koishi","Minty Spire (QoL Compilation)","Replay The Spire","StSLib","SuperFastMode","The Cursed","The Gatherer"],"gold_per_floor":[118,136,149,160,172,205,205,205,273,273,286,311,326,336,336,415,415,428,448,448,100,100,100,131,131,131,148,165,180,196,230,230,308,308,324,342,74,127,144,178,201,213,225,262,274,20,20,20,20,20,20,20,20,47,47],"floor_reached":56,"language":"KOR","playtime":3115,"items_purged":["Strike_B","ReplayTheSpireMod:Reroute Power"],"score":1911,"play_id":"56167104-50ca-4deb-b9d9-28502f252254","local_time":"20210221205355","is_ascension_mode":true,"campfire_choices":[{"floor":8.0,"key":"REST"},{"data":"Dualcast","floor":10.0,"key":"SMITH"},{"data":"BasicCrystalCard","floor":15.0,"key":"SMITH"},{"data":"Defragment","floor":23.0,"key":"SMITH"},{"data":"Coolheaded","floor":25.0,"key":"SMITH"},{"data":"Coolheaded","floor":32.0,"key":"SMITH"},{"data":"Chaos","floor":42.0,"key":"SMITH"},{"floor":47.0,"key":"RECALL"},{"data":"Defragment","floor":49.0,"key":"SMITH"},{"data":"FIFO Queue","floor":52.0,"key":"SMITH"}],"circlet_count":0,"master_deck":["AscendersBane","Zap","Dualcast+1","Go for the Eyes","Compile Driver","Sunder","Cold Snap","Compile Driver","Seek","Skim","FIFO Queue+1","Ball Lightning","BasicCrystalCard+1","Rebound","Electrodynamics","Redo+1","Self Repair","ReplayTheSpireMod:Calculation Training+1","Turbo","Defragment+1","Cold Snap","Barrage","Conserve Battery","Coolheaded+1","Hologram+1","Rainbow","Ball Lightning","Coolheaded+1","Go for the Eyes+1","Mirror Shield","ReplayTheSpireMod:System Scan","ReplayRNGCard","Chaos+1","Tempest","Blizzard","Meteor Strike","Defragment+1","Multi-Cast","Self Repair","Flash of Steel","Turbo","Compile Driver","Rainbow","Recycle","Loop+1","Aggregate","Coolheaded+1"],"relics":["Cracked Core","TungstenRod","Ornamental Fan","Iron Hammer","Prayer Wheel","Philosopher\u0027s Stone","BargainBundle","Anchor","Replay:Mystery Machine","Strawberry","Prayer Wheel","Toy Ornithopter","Pandora\u0027s Box","CaptainsWheel","MawBank","Turnip","ClockworkSouvenir","Calipers"],"acts_visited":["Exordium","TheCity","TheBeyond","TheEnding"],"potions_floor_usage":[55],"damage_taken":[{"damage":1.0,"enemies":"Jaw Worm","floor":1.0,"turns":3.0},{"damage":0.0,"enemies":"Cultist","floor":2.0,"turns":3.0},{"damage":0.0,"enemies":"Small Slimes","floor":3.0,"turns":2.0},{"damage":8.0,"enemies":"Red Slaver","floor":4.0,"turns":3.0},{"damage":0.0,"enemies":"Large Slime","floor":5.0,"turns":4.0},{"damage":17.0,"enemies":"Lagavulin","floor":6.0,"turns":6.0},{"damage":2.0,"enemies":"Blue Slaver","floor":11.0,"turns":2.0},{"damage":3.0,"enemies":"3 Sentries","floor":12.0,"turns":7.0},{"damage":2.0,"enemies":"Looter","floor":13.0,"turns":2.0},{"damage":2.0,"enemies":"Gremlin Gang","floor":14.0,"turns":3.0},{"damage":21.0,"enemies":"Fading Forest","floor":16.0,"turns":11.0},{"damage":1.0,"enemies":"Chosen","floor":18.0,"turns":4.0},{"damage":6.0,"enemies":"Spheric Guardian","floor":19.0,"turns":3.0},{"damage":8.0,"enemies":"Slavers","floor":24.0,"turns":3.0},{"damage":9.0,"enemies":"Centurion and Healer","floor":27.0,"turns":6.0},{"damage":2.0,"enemies":"Sentry and Sphere","floor":28.0,"turns":8.0},{"damage":17.0,"enemies":"3 Cultists","floor":29.0,"turns":5.0},{"damage":5.0,"enemies":"Snake Plant","floor":30.0,"turns":4.0},{"damage":24.0,"enemies":"Book of Stabbing","floor":31.0,"turns":6.0},{"damage":22.0,"enemies":"Pondfish","floor":33.0,"turns":11.0},{"damage":7.0,"enemies":"3 Shapes","floor":35.0,"turns":5.0},{"damage":6.0,"enemies":"Orb Walker","floor":36.0,"turns":4.0},{"damage":38.0,"enemies":"2 Orb Walkers","floor":38.0,"turns":4.0},{"damage":19.0,"enemies":"Writhing Mass","floor":39.0,"turns":6.0},{"damage":22.0,"enemies":"Reptomancer","floor":40.0,"turns":6.0},{"damage":23.0,"enemies":"Jaw Worm Horde","floor":41.0,"turns":4.0},{"damage":5.0,"enemies":"Mind Bloom Boss Battle","floor":44.0,"turns":7.0},{"damage":24.0,"enemies":"Donu and Deca","floor":50.0,"turns":7.0},{"damage":63,"enemies":"Shield and Spear","floor":54,"turns":6},{"damage":168,"enemies":"The Heart","floor":55,"turns":13}],"seed_played":"-6427152033581367325","potions_obtained":[{"floor":4.0,"key":"FearPotion"},{"floor":5.0,"key":"Fire Potion"},{"floor":11.0,"key":"BlessingOfTheForge"},{"floor":13.0,"key":"EssenceOfSteel"},{"floor":14.0,"key":"SkillPotion"},{"floor":16.0,"key":"AttackPotion"},{"floor":27.0,"key":"SkillPotion"},{"floor":30.0,"key":"Swift Potion"},{"floor":35.0,"key":"Adrenaline Potion"},{"floor":39.0,"key":"ColorlessPotion"},{"floor":40.0,"key":"Swift Potion"},{"floor":54,"key":"Elixir"}],"is_trial":false,"path_per_floor":["M","M","M","M","M","E","?","R","T","R","M","E","M","M","R","B",null,"M","M","?","$","?","R","E","R","T","M","M","M","M","E","R","B",null,"M","M","$","?","M","E","M","R","T","?","?","$","R","?","R","B",null,"R","$","E","B",null],"character_chosen":"DEFECT","items_purchased":["BargainBundle","Defragment","Cold Snap","Barrage","Conserve Battery","Anchor","SteroidPotion","Self Repair","Flash of Steel","Aggregate","Coolheaded+1","ClockworkSouvenir"],"campfire_rested":1,"item_purchase_floors":[21,21,21,21,21,21,21,37,37,46,46,46],"current_hp_per_floor":[45,45,45,37,37,20,20,41,41,41,39,36,34,32,32,19,58,57,51,51,51,51,51,43,43,50,48,56,46,48,34,34,22,64,69,73,73,54,49,41,40,40,40,49,49,49,49,49,49,44,67,67,67,18,59],"gold":47,"neow_bonus":"ONE_RARE_RELIC","is_daily":false,"chose_seed":false,"campfire_upgraded":8,"win_rate":0.0,"timestamp":1613908435,"path_taken":["M","M","M","M","M","E","?","R","T","R","M","E","M","M","R","BOSS","M","M","?","$","?","R","E","R","T","M","M","?","M","E","R","BOSS","M","M","$","?","M","E","M","R","T","?","?","$","R","?","R","BOSS","R","$","E","BOSS"],"items_purchased_type":["Relic","Card","Card","Card","Card","Relic","Potion","Card","Card","Card","Card","Relic"],"build_version":"2020-12-22","purchased_purges":2,"victory":true,"max_hp_per_floor":[71,71,71,71,71,71,71,71,71,71,71,71,71,71,71,71,71,71,71,71,71,71,71,71,71,78,78,78,78,78,78,78,78,78,78,78,78,78,78,78,78,78,78,78,74,74,74,74,74,74,74,74,74,74,94],"card_choices":[{"not_picked":["Panic Button","Steam"],"picked":"Go for the Eyes","floor":1.0},{"not_picked":["Hologram","Scrape"],"picked":"Compile Driver","floor":2.0},{"not_picked":["Go for the Eyes","Beam Cell"],"picked":"Sunder","floor":3.0},{"not_picked":["Chill","ReplayTheSpireMod:GoodbyeWorld"],"picked":"Cold Snap","floor":4.0},{"not_picked":["Gash","Rebound"],"picked":"Compile Driver","floor":5.0},{"not_picked":["Hello World","Barrage"],"picked":"Seek","floor":6.0},{"not_picked":["Steam Power","ReplayTheSpireMod:Reroute Power"],"picked":"Skim","floor":11.0},{"not_picked":["Rebound","Double Energy"],"picked":"FIFO Queue","floor":12.0},{"not_picked":["Sunder","Undo"],"picked":"Ball Lightning","floor":13.0},{"not_picked":["Cold Snap","Sweeping Beam"],"picked":"BasicCrystalCard","floor":13.0},{"not_picked":["Leap","Tempest"],"picked":"Rebound","floor":14.0},{"not_picked":["Gash","BasicCrystalCard","Cold Snap"],"picked":"SKIP","floor":14.0},{"not_picked":["Seek","Hyperbeam"],"picked":"Electrodynamics","floor":16.0},{"not_picked":["Cold Snap","Force Field"],"picked":"Redo+1","floor":18.0},{"not_picked":["Gash","Stack","Sweeping Beam"],"picked":"SKIP","floor":18.0},{"not_picked":["White Noise","Steam Power"],"picked":"Self Repair","floor":19.0},{"not_picked":["Hologram","BasicCrystalCard"],"picked":"ReplayTheSpireMod:Calculation Training","floor":19.0},{"not_picked":["Chaos","Hello World"],"picked":"Coolheaded","floor":24.0},{"not_picked":["Go for the Eyes","Panic Button"],"picked":"Hologram+1","floor":27.0},{"not_picked":["Cold Snap","Beam Cell","FIFO Queue+1"],"picked":"SKIP","floor":27.0},{"not_picked":["Rebound","Cold Snap"],"picked":"ReplayTheSpireMod:Fabricate Wheel","floor":28.0},{"not_picked":["Undo","Compile Driver","Go for the Eyes"],"picked":"SKIP","floor":28.0},{"not_picked":["Auto Shields","Blizzard"],"picked":"Ball Lightning","floor":29.0},{"not_picked":["ReplaySolidLightProjector","Cold Snap","ReplaySort"],"picked":"SKIP","floor":29.0},{"not_picked":["Steam","Undo","Hello World"],"picked":"SKIP","floor":29.0},{"not_picked":["Gash","Compile Driver"],"picked":"Coolheaded","floor":30.0},{"not_picked":["ReplayTheSpireMod:System Scan","BasicCrystalCard"],"picked":"Go for the Eyes+1","floor":30.0},{"not_picked":["Panic Button","Tempest","BasicCrystalCard"],"picked":"SKIP","floor":30.0},{"not_picked":["Auto Shields","Sweeping Beam","Force Field"],"picked":"SKIP","floor":31.0},{"not_picked":["Fission","Hyperbeam"],"picked":"Mirror Shield","floor":33.0},{"not_picked":["Beam Cell","Conserve Battery+1","Scrape"],"picked":"SKIP","floor":35.0},{"not_picked":["Time Bomb","Cold Snap+1","Gash"],"picked":"SKIP","floor":35.0},{"not_picked":["Force Field","Cold Snap","FTL"],"picked":"SKIP","floor":35.0},{"not_picked":["Genetic Algorithm","ReplayTheSpireMod:GoodbyeWorld"],"picked":"Defragment","floor":36.0},{"not_picked":["Scrape","Streamline"],"picked":"Multi-Cast","floor":36.0},{"not_picked":["Ball Lightning+1","Auto Shields","Cold Snap"],"picked":"SKIP","floor":36.0},{"not_picked":["Compile Driver","Gash+1"],"picked":"Turbo","floor":39.0},{"not_picked":["Capacitor+1","Self Repair"],"picked":"Compile Driver","floor":39.0},{"not_picked":["ReplayTheSpireMod:Reroute Power","Leap","Capacitor"],"picked":"SKIP","floor":39.0},{"not_picked":["Beam Cell+1","Barrage"],"picked":"Rainbow","floor":40.0},{"not_picked":["Ball Lightning","Panic Button+1"],"picked":"Recycle","floor":41.0},{"not_picked":["Turbo","Rainbow"],"picked":"Loop+1","floor":41.0},{"not_picked":["Leap","BootSequence","Gash"],"picked":"SKIP","floor":41.0},{"not_picked":["Leap","Gash+1","Storm"],"picked":"SKIP","floor":54}],"player_experience":644132,"relics_obtained":[{"floor":6.0,"key":"Ornamental Fan"},{"floor":9.0,"key":"Iron Hammer"},{"floor":12.0,"key":"Prayer Wheel"},{"floor":24.0,"key":"Replay:Mystery Machine"},{"floor":26.0,"key":"Strawberry"},{"floor":31.0,"key":"Toy Ornithopter"},{"floor":38.0,"key":"CaptainsWheel"},{"floor":40.0,"key":"MawBank"},{"floor":44.0,"key":"Turnip"},{"floor":54,"key":"Calipers"}],"event_choices":[{"damage_healed":0.0,"max_hp_gain":0.0,"max_hp_loss":0.0,"gold_gain":0.0,"event_name":"FaceTrader","player_choice":"Leave","floor":7.0,"gold_loss":0.0,"damage_taken":0.0},{"damage_healed":0.0,"max_hp_gain":0.0,"max_hp_loss":0.0,"gold_gain":0.0,"event_name":"The Library","player_choice":"Read","floor":20.0,"gold_loss":0.0,"damage_taken":0.0,"cards_obtained":["Turbo"]},{"damage_healed":0.0,"max_hp_gain":0.0,"max_hp_loss":0.0,"gold_gain":0.0,"event_name":"Accursed Blacksmith","player_choice":"Forge","floor":22.0,"gold_loss":0.0,"damage_taken":0.0,"cards_upgraded":["ReplayTheSpireMod:Calculation Training"]},{"damage_healed":0.0,"max_hp_gain":0.0,"max_hp_loss":0.0,"gold_gain":0.0,"event_name":"Mysterious Sphere","player_choice":"Fight","floor":38.0,"gold_loss":0.0,"damage_taken":0.0},{"damage_healed":0.0,"max_hp_gain":0.0,"max_hp_loss":0.0,"gold_gain":0.0,"event_name":"MindBloom","player_choice":"Fight","floor":44.0,"gold_loss":0.0,"damage_taken":0.0},{"damage_healed":0.0,"max_hp_gain":0.0,"max_hp_loss":4.0,"gold_gain":0.0,"event_name":"Winding Halls","player_choice":"Max HP","floor":45.0,"gold_loss":0.0,"damage_taken":0.0},{"damage_healed":0.0,"max_hp_gain":0.0,"max_hp_loss":0.0,"gold_gain":0.0,"event_name":"Transmorgrifier","player_choice":"Ignored","floor":48.0,"gold_loss":0.0,"damage_taken":0.0}],"is_beta":false,"boss_relics":[{"not_picked":["Snecko Eye","ReplayTheSpireMod:DimensionalGlitch"],"picked":"Philosopher\u0027s Stone"},{"not_picked":["Fusion Hammer","Honey Jar"],"picked":"Pandora\u0027s Box"}],"items_purged_floors":[21,37],"is_endless":false,"potions_floor_spawned":[4,5,11,13,14,16,27,28,30,31,35,39,40,54],"ascension_level":15}}