{"host":"c64dsqyrqv0ei9yn","time":1613906649,"event":{"mods":["Act Like it!","Arknights","BaseMod","Bestiary","CapriCore","Chen","Colored Map","Colored Powertips","Curses Come First","Hermit","Koishi","LagranYue(ùfäiòNÅEåé)","MarisaÅiñ∂âJÅ@ñÇóùçπÅj","Minty Spire (QoL Compilation)","Prisma Mod","Random Character Button","ReimuÅiîé??öÎÅj","RemiliaÅiÂQïƒ‰ª?Åj","StSLib","The Administrix","The Alterego","The Immortal","The Marked","The Saiyan","The Senshi","The Servant 0.9.4","The Wild Card","TheSwordswoman","Waifu the Spire","WarShipGirlsR/??è≠èóR mod","slay the spire mod where everything is the same but ironclad has a cowboy hat"],"gold_per_floor":[120,136,86,96,108,143,143,160,185,185,198,198,231,231,231,330,330,344,325,250,250,268,268,47,47,71,0,16,31,31,46,46,151,151,164,12,12,29,48,48,62,62,62,76,76,76],"floor_reached":45,"language":"ENG","playtime":5550,"items_purged":["AdministrixMod:Strike_Administrix"],"score":429,"play_id":"7caa63b7-0fc2-4bdd-bcb8-cc454f8469e5","local_time":"20210221112409","is_ascension_mode":false,"campfire_choices":[{"floor":7,"key":"REST"},{"floor":10,"key":"REST"},{"floor":15,"key":"REST"},{"floor":23,"key":"REST"},{"data":"AdministrixMod:BegetEternity","floor":25,"key":"SMITH"},{"data":"AdministrixMod:WifeLightning","floor":32,"key":"SMITH"},{"floor":40,"key":"REST"},{"floor":42,"key":"REST"}],"circlet_count":0,"master_deck":["AdministrixMod:Strike_Administrix+1","AdministrixMod:Strike_Administrix","AdministrixMod:RedCloak","AdministrixMod:Defend_Administrix","AdministrixMod:Defend_Administrix","AdministrixMod:Defend_Administrix+1","AdministrixMod:Defend_Administrix","AdministrixMod:BlueCloak","AdministrixMod:SealAway+1","AdministrixMod:SeventeenArticleLaser","AdministrixMod:LightOfYourLife","AdministrixMod:CenturiesAscent","AdministrixMod:ExtolVirtue","AdministrixMod:SyncreticPlunge+1","AdministrixMod:RisingSunPrince","AdministrixMod:DiversionaryTactic","theWildCard:Sakuya","AdministrixMod:PassageOfAges","AdministrixMod:BegetEternity+1","AdministrixMod:JustRewards+1","AdministrixMod:MixOfMercury","AdministrixMod:CenturiesAscent","AdministrixMod:ShadowPlay","AdministrixMod:Schism","AdministrixMod:WickedPunishment","AdministrixMod:RegentEdict+1","AdministrixMod:TrickOfTheLight+1","AdministrixMod:ChooseYourEnd+1","AdministrixMod:WifeLightning+1","AdministrixMod:NoblePath+1","AdministrixMod:ImmortalClarity","AdministrixMod:HarmonicReverence+1","AdministrixMod:SipOfSparks+1","AdministrixMod:WifeLightning"],"relics":["AdministrixMod:ConductorRitualBaton","NeowsBlessing","Ginger","War Paint","Orichalcum","SacredBark","Lee\u0027s Waffle","Whetstone","AdministrixMod:ElixirOfImmorality","Bag of Marbles","Meat on the Bone"],"acts_visited":["Exordium","TheCity","TheBeyond"],"potions_floor_usage":[33,33,33,33,33,39],"damage_taken":[{"damage":0,"enemies":"Cultist","floor":1,"turns":1},{"damage":0,"enemies":"Jaw Worm","floor":2,"turns":1},{"damage":1,"enemies":"2 Louse","floor":4,"turns":2},{"damage":10,"enemies":"Looter","floor":5,"turns":3},{"damage":28,"enemies":"3 Sentries","floor":6,"turns":9},{"damage":6,"enemies":"Large Slime","floor":8,"turns":7},{"damage":11,"enemies":"Exordium Thugs","floor":11,"turns":5},{"damage":10,"enemies":"Gremlin Nob","floor":13,"turns":5},{"damage":25,"enemies":"The Guardian","floor":16,"turns":10},{"damage":9,"enemies":"3 Byrds","floor":18,"turns":5},{"damage":14,"enemies":"2 Thieves","floor":19,"turns":4},{"damage":25,"enemies":"Centurion and Healer","floor":22,"turns":6},{"damage":15,"enemies":"Snecko","floor":28,"turns":5},{"damage":12,"enemies":"Sentry and Sphere","floor":29,"turns":4},{"damage":14,"enemies":"Cultist and Chosen","floor":31,"turns":6},{"damage":21,"enemies":"Champ","floor":33,"turns":9},{"damage":31,"enemies":"3 Darklings","floor":35,"turns":7},{"damage":25,"enemies":"3 Shapes","floor":38,"turns":5},{"damage":14,"enemies":"Writhing Mass","floor":39,"turns":9},{"damage":4,"enemies":"Transient","floor":41,"turns":5},{"damage":19,"enemies":"3 Darklings","floor":44,"turns":6},{"damage":35,"enemies":"Jaw Worm Horde","floor":45,"turns":2}],"seed_played":"1828976900387438633","potions_obtained":[{"floor":4,"key":"SkillPotion"},{"floor":5,"key":"Energy Potion"},{"floor":11,"key":"Energy Potion"},{"floor":13,"key":"Swift Potion"},{"floor":31,"key":"EntropicBrew"},{"floor":35,"key":"Energy Potion"},{"floor":41,"key":"Dexterity Potion"}],"is_trial":false,"path_per_floor":["M","M","$","M","M","E","R","M","T","R","M","?","E","?","R","B",null,"M","M","?","?","M","R","$","R","T","?","M","M","?","M","R","B",null,"M","$","?","M","M","R","M","R","T","M","M"],"character_chosen":"TheAdministrix","items_purchased":["AdministrixMod:LightOfYourLife","Lee\u0027s Waffle","Bag of Marbles"],"campfire_rested":6,"item_purchase_floors":[3,24,36],"current_hp_per_floor":[65,65,65,64,54,26,45,39,39,58,47,47,37,37,56,31,65,56,42,42,42,17,36,72,72,72,72,57,45,45,31,31,10,72,41,41,41,16,2,23,19,40,40,33,0,0],"gold":76,"neow_bonus":"THREE_ENEMY_KILL","is_daily":false,"chose_seed":false,"campfire_upgraded":2,"win_rate":0.0,"timestamp":1613906649,"path_taken":["M","M","$","?","M","E","R","M","T","R","M","?","E","?","R","BOSS","M","M","?","?","?","R","$","R","T","?","M","M","?","M","R","BOSS","M","$","?","M","M","R","M","R","T","M","M"],"items_purchased_type":["Card","Relic","Relic"],"build_version":"2020-12-22","purchased_purges":1,"victory":false,"max_hp_per_floor":[65,65,65,65,65,65,65,65,65,65,65,65,65,65,65,65,65,65,65,65,65,65,65,72,72,72,72,72,72,72,72,72,72,72,72,72,72,72,72,72,72,72,72,72,72,72],"card_choices":[{"not_picked":["AdministrixMod:ImmortalGrace","AdministrixMod:GuanyinBlessing"],"picked":"AdministrixMod:SealAway","floor":1},{"not_picked":["AdministrixMod:BloodlessSapphire","AdministrixMod:FiendishCrimson"],"picked":"AdministrixMod:SeventeenArticleLaser","floor":2},{"not_picked":["AdministrixMod:SipOfSparks","AdministrixMod:Transcension"],"picked":"AdministrixMod:CenturiesAscent","floor":4},{"not_picked":["AdministrixMod:BloodBargain","AdministrixMod:TouchOfCinnabar"],"picked":"AdministrixMod:ExtolVirtue","floor":5},{"not_picked":["AdministrixMod:LifeforceNet","AdministrixMod:QuietConspiracy"],"picked":"AdministrixMod:SyncreticPlunge","floor":6},{"not_picked":["AdministrixMod:Transcension","AdministrixMod:CenturiesAscent"],"picked":"AdministrixMod:RisingSunPrince","floor":8},{"not_picked":["AdministrixMod:UnstableVigor","AdministrixMod:CenturiesAscent"],"picked":"AdministrixMod:DiversionaryTactic","floor":11},{"not_picked":["AdministrixMod:Katabasis","AdministrixMod:ExtolVirtue"],"picked":"AdministrixMod:PassageOfAges","floor":13},{"not_picked":["AdministrixMod:BattleforgedBonds","AdministrixMod:GirlsDoItBetter"],"picked":"AdministrixMod:Schism","floor":16},{"not_picked":["AdministrixMod:ShadowPlay","AdministrixMod:TouchOfCinnabar"],"picked":"AdministrixMod:WickedPunishment","floor":18},{"not_picked":["AdministrixMod:MixOfMercury","AdministrixMod:ImmortalPurity"],"picked":"AdministrixMod:RegentEdict+1","floor":19},{"not_picked":["AdministrixMod:RisingSunPrince","AdministrixMod:DiversionaryTactic"],"picked":"AdministrixMod:TrickOfTheLight+1","floor":22},{"not_picked":["AdministrixMod:ImmortalGrace","AdministrixMod:BishamonBlessing","AdministrixMod:ImmortalPurity"],"picked":"SKIP","floor":28},{"not_picked":["AdministrixMod:LightOfYourLife+1","AdministrixMod:QuietConspiracy"],"picked":"AdministrixMod:ChooseYourEnd+1","floor":29},{"not_picked":["AdministrixMod:Transition","AdministrixMod:LuminaryPath"],"picked":"AdministrixMod:NoblePath+1","floor":31},{"not_picked":["AdministrixMod:FaithfulFlames","AdministrixMod:FearOfDeath"],"picked":"AdministrixMod:ImmortalClarity","floor":33},{"not_picked":["AdministrixMod:RebukeDesires","AdministrixMod:LightOfYourLife+1"],"picked":"AdministrixMod:HarmonicReverence+1","floor":35},{"not_picked":["AdministrixMod:UnstableVigor","AdministrixMod:PassageOfAges","AdministrixMod:SyncreticPlunge+1"],"picked":"SKIP","floor":38},{"not_picked":["AdministrixMod:GuanyinBlessing","AdministrixMod:Untouchable+1","AdministrixMod:ImmortalGrace+1"],"picked":"SKIP","floor":39},{"not_picked":["AdministrixMod:LightOfYourLife","AdministrixMod:CrackingPangu+1"],"picked":"AdministrixMod:SipOfSparks+1","floor":41},{"not_picked":["AdministrixMod:ShadowPlay+1","AdministrixMod:ExtolVirtue"],"picked":"AdministrixMod:WifeLightning","floor":44}],"player_experience":116806,"relics_obtained":[{"floor":6,"key":"Ginger"},{"floor":9,"key":"War Paint"},{"floor":13,"key":"Orichalcum"},{"floor":26,"key":"Whetstone"},{"floor":43,"key":"Meat on the Bone"}],"event_choices":[{"cards_removed":["AdministrixMod:Strike_Administrix"],"damage_healed":0,"gold_gain":0,"player_choice":"Gave Gold","damage_taken":0,"max_hp_gain":0,"max_hp_loss":0,"event_name":"Beggar","floor":20,"gold_loss":75},{"damage_healed":0,"gold_gain":0,"player_choice":"Paid Fearfully","damage_taken":0,"max_hp_gain":0,"max_hp_loss":0,"event_name":"Masked Bandits","floor":27,"gold_loss":71},{"damage_healed":0,"gold_gain":0,"player_choice":"Read","damage_taken":0,"max_hp_gain":0,"max_hp_loss":0,"event_name":"The Library","floor":30,"gold_loss":0,"cards_obtained":["AdministrixMod:WifeLightning"]},{"damage_healed":0,"gold_gain":0,"player_choice":"Upgraded","damage_taken":0,"max_hp_gain":0,"max_hp_loss":0,"event_name":"Upgrade Shrine","floor":37,"gold_loss":0,"cards_upgraded":["AdministrixMod:SealAway"]}],"is_beta":false,"boss_relics":[{"not_picked":["Runic Dome","Fusion Hammer"],"picked":"SacredBark"},{"not_picked":["Astrolabe","Empty Cage"],"picked":"AdministrixMod:ElixirOfImmorality"}],"items_purged_floors":[24],"is_endless":false,"potions_floor_spawned":[4,5,11,13,16,19,22,29,31,35,41],"killed_by":"Jaw Worm Horde","ascension_level":0}}