{"host":"epmvf5u7so8a7bmi","time":1613912770,"event":{"mods":["BaseMod","Colored Map","Colored Powertips","Downfall","Minty Spire (QoL Compilation)","StSLib"],"gold_per_floor":[99,111,128,128,139,173,173,62,96,96,112,138,38,116,126,229,229,129,146,160,160,60,70,70,70,103,120,131,146,46,71,89,89,89,89],"floor_reached":33,"language":"ENG","playtime":2051,"items_purged":[],"score":334,"play_id":"3cd37e0f-9bde-47f8-ba13-4f9e7d8be79e","local_time":"20210221130610","is_ascension_mode":false,"campfire_choices":[{"data":"champ:Taunt","floor":1,"key":"SMITH"},{"data":"champ:UltimateStance","floor":10,"key":"SMITH"},{"data":"champ:HoldFirm","floor":13,"key":"SMITH"},{"floor":18,"key":"RECALL"},{"data":"champ:GladiatorForm","floor":30,"key":"SMITH"}],"circlet_count":0,"master_deck":["champ:Strike","champ:Strike","champ:Strike","champ:Strike","champ:Defend","champ:Defend","champ:Defend","champ:Defend","champ:Execute+1","champ:Taunt+1","champ:FlashCut+1","Regret","champ:StanceDance","champ:HoldFirm+1","champ:UltimateStance+1","champ:Circumvent","champ:TornadoPunch","champ:BringItOn+1","champ:DefensiveStyle","champ:Endure+1","champ:Circumvent+1","champ:GladiatorForm+1","champ:Endure+1","champ:RisingSlash+1","expansioncontent:Chronoboost","Writhe","champ:ShieldWall","champ:DefensiveShout+1","champ:IgnorePain+1"],"relics":["champ:ChampionCrown","Blood Vial","InkBottle","Meat on the Bone","Toxic Egg 2","Oddly Smooth Stone","downfall:HeartBlessingGreen","Black Star","downfall:HeartBlessingBlue","Pantograph","HornCleat","Thread and Needle","Lantern","downfall:HeartBlessingRed","Eternal Feather","Smiling Mask"],"acts_visited":["Exordium","TheCity"],"potions_floor_usage":[12,31,33,33],"damage_taken":[{"damage":10,"enemies":"Cultist","floor":2,"turns":3},{"damage":1,"enemies":"Jaw Worm","floor":3,"turns":3},{"damage":14,"enemies":"2 Louse","floor":5,"turns":2},{"damage":33,"enemies":"3 Sentries","floor":6,"turns":7},{"damage":12,"enemies":"downfall:FleeingMerchant","floor":8,"turns":4},{"damage":50,"enemies":"Gremlin Nob","floor":9,"turns":6},{"damage":22,"enemies":"Large Slime","floor":11,"turns":7},{"damage":21,"enemies":"3 Sentries","floor":12,"turns":5},{"damage":10,"enemies":"Lots of Slimes","floor":15,"turns":2},{"damage":28,"enemies":"IC_STATUS_ARCHETYPE","floor":16,"turns":10},{"damage":11,"enemies":"downfall:LooterAlt2","floor":19,"turns":5},{"damage":14,"enemies":"Spheric Guardian","floor":20,"turns":5},{"damage":1,"enemies":"downfall:FleeingMerchant","floor":22,"turns":4},{"damage":55,"enemies":"Centurion and Healer","floor":23,"turns":10},{"damage":15,"enemies":"Slavers","floor":26,"turns":7},{"damage":12,"enemies":"Snake Plant","floor":27,"turns":5},{"damage":6,"enemies":"3 Cultists","floor":28,"turns":8},{"damage":44,"enemies":"Shelled Parasite and Fungi","floor":29,"turns":4},{"damage":55,"enemies":"Gremlin Leader","floor":31,"turns":15},{"damage":24,"enemies":"Snake Plant","floor":32,"turns":6},{"damage":92,"enemies":"DF_ARCHETYPE_CLAW","floor":33,"turns":12}],"seed_played":"923742913586953707","potions_obtained":[{"floor":5,"key":"Dexterity Potion"},{"floor":9,"key":"FearPotion"},{"floor":11,"key":"LiquidBronze"},{"floor":15,"key":"SpeedPotion"},{"floor":19,"key":"FairyPotion"},{"floor":28,"key":"PowerPotion"},{"floor":32,"key":"ColorlessPotion"}],"is_trial":false,"path_per_floor":["R","M","M","?","M","E","T","$","E","R","M","E","R","T","M","B",null,"R","M","M","?","$","M","T","?","E","M","M","M","R","E","M","B"],"character_chosen":"THE_CHAMP","items_purchased":["champ:Circumvent","champ:TornadoPunch","expansioncontent:Chronoboost"],"campfire_rested":0,"item_purchase_floors":[8,8,22],"current_hp_per_floor":[90,90,89,89,86,75,75,75,49,49,51,54,54,54,56,57,90,100,99,96,76,77,59,59,59,68,58,54,44,44,29,29,0,0,0],"gold":89,"neow_bonus":"RANDOM_COMMON_RELIC","is_daily":false,"chose_seed":false,"campfire_upgraded":4,"win_rate":0.0,"timestamp":1613912770,"path_taken":["R","M","M","?","M","E","T","?","E","R","M","E","R","?","M","BOSS","R","M","M","?","$","M","T","?","E","M","M","M","R","E","M","BOSS"],"items_purchased_type":["Card","Card","Card"],"build_version":"2020-12-22","purchased_purges":0,"victory":false,"max_hp_per_floor":[90,90,90,90,90,90,90,90,90,90,90,90,90,90,90,90,90,100,100,100,105,105,105,105,105,105,105,105,105,105,105,105,105,105,105],"card_choices":[{"not_picked":["champ:BringItOn","champ:BerserkerStyle"],"picked":"champ:FlashCut","floor":2},{"not_picked":["champ:GutPunch","champ:PerfectedStrike","champ:BerserkerStyle"],"picked":"SKIP","floor":3},{"not_picked":["champ:GutPunch","champ:Haymaker"],"picked":"champ:StanceDance","floor":5},{"not_picked":["champ:FanOfKnives","champ:DeathBlow"],"picked":"champ:HoldFirm","floor":6},{"not_picked":["champ:BerserkersShout","champ:CrownThrow"],"picked":"champ:UltimateStance","floor":8},{"not_picked":["champ:PerfectedStrike","champ:Circumvent+1"],"picked":"champ:BringItOn+1","floor":9},{"not_picked":["champ:GladiatorStyle","champ:StrikeOfGenius"],"picked":"champ:DefensiveStyle","floor":11},{"not_picked":["champ:Circumvent+1","champ:EnGarde+1"],"picked":"champ:Endure+1","floor":12},{"not_picked":["champ:CrownThrow","champ:Backstep+1"],"picked":"champ:Circumvent+1","floor":15},{"not_picked":["champ:SteelEdge","champ:IgnorePain+1"],"picked":"champ:GladiatorForm","floor":16},{"not_picked":["champ:RapidStrikes","champ:CrownThrow","champ:EnGarde+1"],"picked":"SKIP","floor":19},{"not_picked":["champ:Haymaker","champ:BerserkersShout+1"],"picked":"champ:Endure+1","floor":20},{"not_picked":["champ:Endure+1","champ:EnGarde+1"],"picked":"champ:RisingSlash+1","floor":22},{"not_picked":["champ:CrownThrow","champ:FaceSlap","champ:StanceDance+1"],"picked":"SKIP","floor":23},{"not_picked":["champ:FocusedBerserking+1","champ:TornadoPunch"],"picked":"champ:ShieldWall","floor":26},{"not_picked":["champ:FaceSlap","champ:StrikeOfGenius"],"picked":"champ:DefensiveShout+1","floor":27},{"not_picked":["champ:ShieldWall","champ:StanceDance+1","champ:GutPunch"],"picked":"SKIP","floor":28},{"not_picked":["champ:AdrenalArmor+1","champ:HeartStrike","champ:TornadoPunch"],"picked":"SKIP","floor":29},{"not_picked":["champ:FlashCut","champ:Backstep+1","champ:PreciseThrust"],"picked":"SKIP","floor":31},{"not_picked":["champ:DefensiveShout+1","champ:TornadoPunch+1"],"picked":"champ:IgnorePain+1","floor":32}],"player_experience":199515,"relics_obtained":[{"floor":6,"key":"InkBottle"},{"floor":7,"key":"Meat on the Bone"},{"floor":9,"key":"Toxic Egg 2"},{"floor":12,"key":"Oddly Smooth Stone"},{"floor":24,"key":"Pantograph"},{"floor":26,"key":"Thread and Needle"},{"floor":26,"key":"Lantern"},{"floor":31,"key":"Eternal Feather"},{"floor":31,"key":"Smiling Mask"}],"event_choices":[],"is_beta":false,"boss_relics":[{"not_picked":["Sozu","SacredBark"],"picked":"Black Star"}],"items_purged_floors":[],"is_endless":false,"potions_floor_spawned":[5,9,11,15,16,19,23,26,27,28,32],"killed_by":"DF_ARCHETYPE_CLAW","ascension_level":0}}