{"host":"cmyud3of70k6t1eo","time":1613883251,"event":{"mods":["BaseMod","Conspire","Downfall","Infinite Spire","Minty Spire (QoL Compilation)","Morshu Shopkeeper","Morshu Shopkeeper - ENHANCED","Quick Restart","StSLib","The Blue Laboratory","UnlockEverythingMod","Wide Potions"],"gold_per_floor":[99,99,99,117,137,13,40,59,97,97,97,111,127,142,159,159,159,159],"floor_reached":16,"language":"ENG","playtime":912,"items_purged":[],"score":94,"play_id":"a3dcb3e1-5580-4316-8ef1-93d2390ae330","local_time":"20210220235411","is_ascension_mode":false,"campfire_choices":[{"floor":1,"key":"RECALL"},{"floor":11,"key":"REST"}],"circlet_count":0,"master_deck":["Slimebound:Strike_Slimebound","Slimebound:Strike_Slimebound","Slimebound:Strike_Slimebound","Slimebound:Defend_Slimebound","Slimebound:Defend_Slimebound","Slimebound:Defend_Slimebound","Slimebound:Defend_Slimebound","Slimebound:Split","Slimebound:CorrosiveSpit","Slimebound:GoopTackle","Slimebound:HauntingLick","Slimebound:SplitAcid","Slimebound:LevelUp","Slimebound:RejuvenatingLick","Slimebound:Nibble","Slimebound:SamplingLick","Slimebound:LeechingTouch","Slimebound:MegaLick","Slimebound:LivingWall","Slimebound:Schlurp","Slimebound:SamplingLick"],"relics":["Slimebound:AbsorbEndCombat","Tiny Chest","Bottled Flame"],"acts_visited":["Exordium"],"potions_floor_usage":[16],"damage_taken":[{"damage":2,"enemies":"2 Louse","floor":4,"turns":2},{"damage":12,"enemies":"Jaw Worm","floor":5,"turns":2},{"damage":3,"enemies":"downfall:FleeingMerchant","floor":6,"turns":4},{"damage":0,"enemies":"Small Slimes","floor":8,"turns":2},{"damage":33,"enemies":"conspire:MimicChest","floor":9,"turns":5},{"damage":8,"enemies":"Gremlin Gang","floor":12,"turns":4},{"damage":9,"enemies":"Exordium Thugs","floor":13,"turns":4},{"damage":0,"enemies":"downfall:LooterAlt","floor":14,"turns":2},{"damage":13,"enemies":"Red Slaver","floor":15,"turns":4},{"damage":82,"enemies":"DF_ARCHETYPE_STREAMLINE","floor":16,"turns":14}],"seed_played":"-6436327174601471679","potions_obtained":[{"floor":4,"key":"blueLaboratory:HummingbirdPotion"},{"floor":9,"key":"blueLaboratory:PhilterOfMotion"},{"floor":14,"key":"blueLaboratory:BottleOfRum"},{"floor":15,"key":"Regen Potion"}],"is_trial":false,"path_per_floor":["R","?","?","M","M","$","T","M","?","?","R","M","M","M","M","B"],"character_chosen":"SLIMEBOUND","items_purchased":["Slimebound:RejuvenatingLick","Slimebound:Nibble"],"campfire_rested":1,"item_purchase_floors":[6,6],"current_hp_per_floor":[65,65,65,63,53,54,54,58,31,31,50,48,43,49,38,0,0,0],"gold":159,"neow_bonus":"TRANSFORM_CARD","is_daily":false,"chose_seed":false,"campfire_upgraded":0,"win_rate":0.0,"timestamp":1613883251,"path_taken":["R","?","?","M","M","?","T","M","?","?","R","M","M","?","M","BOSS"],"items_purchased_type":["Card","Card"],"build_version":"2020-12-22","purchased_purges":0,"victory":false,"max_hp_per_floor":[65,65,65,65,65,65,65,65,65,65,65,65,65,65,65,65,65,65],"card_choices":[{"not_picked":["Slimebound:DisruptingSlam","Slimebound:Prepare"],"picked":"Slimebound:HauntingLick","floor":4},{"not_picked":["Slimebound:FormOfPuddle","Slimebound:ItLooksTasty"],"picked":"Slimebound:SplitAcid","floor":5},{"not_picked":["Slimebound:Nibble","Slimebound:PressTheAttack"],"picked":"Slimebound:LevelUp","floor":6},{"not_picked":["Slimebound:Prepare","Slimebound:LivingWall"],"picked":"Slimebound:SamplingLick","floor":8},{"not_picked":["Slimebound:Nibble","Slimebound:GrowthPunch"],"picked":"Slimebound:LeechingTouch","floor":9},{"not_picked":["Slimebound:MassRepurpose","Slimebound:SplitAcid"],"picked":"Slimebound:MegaLick","floor":12},{"not_picked":["Slimebound:ForwardTackle","Slimebound:GoopTackle"],"picked":"Slimebound:LivingWall","floor":13},{"not_picked":["Slimebound:SamplingLick","Slimebound:SplitLeeching"],"picked":"Slimebound:Schlurp","floor":14},{"not_picked":["Slimebound:Chomp","Slimebound:GoopTackle"],"picked":"Slimebound:SamplingLick","floor":15}],"player_experience":143004,"relics_obtained":[{"floor":7,"key":"Tiny Chest"},{"floor":9,"key":"Bottled Flame"}],"event_choices":[{"damage_healed":0,"gold_gain":0,"player_choice":"Fled","damage_taken":0,"max_hp_gain":0,"max_hp_loss":0,"event_name":"Scrap Ooze","floor":2,"gold_loss":0}],"is_beta":false,"boss_relics":[],"items_purged_floors":[],"is_endless":false,"potions_floor_spawned":[4,9,14,15],"killed_by":"DF_ARCHETYPE_STREAMLINE","ascension_level":0}}