{"host":"CottonTail234","time":1613881101,"event":{"mods":["BaseMod","Colored Map","Minty Spire (QoL Compilation)","StSLib"],"gold_per_floor":[116,134,134,50,50,50,83,83,106,136,136,146,160,176,176,251,251,261,274,274,274],"floor_reached":20,"language":"ENG","playtime":996,"items_purged":[],"score":331,"play_id":"d23ccab5-9453-4787-82db-6e3f58947c1e","local_time":"20210220211821","is_ascension_mode":true,"campfire_choices":[{"data":"CutThroughFate","floor":6,"key":"SMITH"},{"data":"Fasting2","floor":8,"key":"SMITH"},{"data":"Prostrate","floor":15,"key":"SMITH"}],"circlet_count":0,"master_deck":["AscendersBane","Strike_P","Strike_P","Strike_P","Defend_P","Defend_P","Defend_P","Defend_P","Eruption","Vigilance","Weave","CutThroughFate+1","Fasting2+1","Fasting2+1","EmptyBody","Wallop","Prostrate+1","ThirdEye","Blasphemy","ThirdEye"],"relics":["PureWater","Toy Ornithopter","Question Card","Vajra","Happy Flower","Bottled Flame","SlaversCollar"],"acts_visited":["Exordium","TheCity"],"potions_floor_usage":[10,16,16],"damage_taken":[{"damage":6,"enemies":"2 Louse","floor":1,"turns":4},{"damage":3,"enemies":"Small Slimes","floor":2,"turns":4},{"damage":4,"enemies":"Lagavulin","floor":7,"turns":6},{"damage":19,"enemies":"3 Sentries","floor":10,"turns":10},{"damage":0,"enemies":"Cultist","floor":12,"turns":2},{"damage":2,"enemies":"Looter","floor":13,"turns":3},{"damage":0,"enemies":"Red Slaver","floor":14,"turns":4},{"damage":17,"enemies":"Hexaghost","floor":16,"turns":12},{"damage":10,"enemies":"Spheric Guardian","floor":18,"turns":5},{"damage":3,"enemies":"Shell Parasite","floor":19,"turns":5},{"damage":43,"enemies":"Cultist and Chosen","floor":20,"turns":5}],"seed_played":"746664208667933607","potions_obtained":[{"floor":2,"key":"LiquidMemories"},{"floor":10,"key":"Weak Potion"},{"floor":12,"key":"SmokeBomb"},{"floor":14,"key":"SteroidPotion"}],"is_trial":false,"path_per_floor":["M","M","?","$","?","R","E","R","T","E","?","M","M","M","R","B",null,"M","M","M"],"character_chosen":"WATCHER","items_purchased":["Fasting2"],"campfire_rested":0,"item_purchase_floors":[4],"current_hp_per_floor":[55,52,41,41,41,41,37,37,37,23,23,23,21,21,21,14,55,45,42,0,0],"gold":274,"neow_bonus":"RANDOM_COMMON_RELIC","is_daily":false,"chose_seed":false,"campfire_upgraded":3,"win_rate":0.0,"timestamp":1613881101,"path_taken":["M","M","?","$","?","R","E","R","T","E","?","M","M","?","R","BOSS","M","M","M"],"items_purchased_type":["Card"],"build_version":"2020-12-18","purchased_purges":0,"victory":false,"max_hp_per_floor":[68,68,68,68,68,68,68,68,68,68,68,68,68,68,68,68,68,68,68,68,68],"card_choices":[{"not_picked":["CrushJoints","Crescendo"],"picked":"Weave","floor":1},{"not_picked":["SashWhip","ClearTheMind"],"picked":"CutThroughFate","floor":2},{"not_picked":["Evaluate","WreathOfFlame","Halt"],"picked":"Fasting2","floor":7},{"not_picked":["Omniscience","Protect","Evaluate"],"picked":"EmptyBody","floor":10},{"not_picked":["BowlingBash","EmptyBody","EmptyFist"],"picked":"Wallop","floor":12},{"not_picked":["Ragnarok","EmptyMind","BowlingBash"],"picked":"Prostrate","floor":13},{"not_picked":["EmptyBody","Crescendo","WindmillStrike"],"picked":"ThirdEye","floor":14},{"not_picked":["Devotion","Wish","DevaForm"],"picked":"Blasphemy","floor":16},{"not_picked":["SandsOfTime","PathToVictory","MentalFortress","Protect"],"picked":"SKIP","floor":18},{"not_picked":["EmptyFist","WheelKick","Swivel"],"picked":"ThirdEye","floor":19}],"player_experience":2211254,"relics_obtained":[{"floor":7,"key":"Vajra"},{"floor":9,"key":"Happy Flower"},{"floor":10,"key":"Bottled Flame"}],"event_choices":[{"damage_healed":0,"gold_gain":0,"player_choice":"Success","damage_taken":11,"relics_obtained":["Question Card"],"max_hp_gain":0,"max_hp_loss":0,"event_name":"Scrap Ooze","floor":3,"gold_loss":0},{"damage_healed":0,"gold_gain":0,"player_choice":"Grow","damage_taken":0,"max_hp_gain":0,"max_hp_loss":0,"event_name":"Living Wall","floor":5,"gold_loss":0,"cards_upgraded":["Fasting2"]},{"cards_removed":["Strike_P"],"damage_healed":0,"gold_gain":0,"player_choice":"Card Removal","damage_taken":0,"max_hp_gain":0,"max_hp_loss":0,"event_name":"Wheel of Change","floor":11,"gold_loss":0}],"is_beta":true,"boss_relics":[{"not_picked":["Tiny House","Astrolabe"],"picked":"SlaversCollar"}],"items_purged_floors":[],"is_endless":false,"potions_floor_spawned":[2,10,12,13,14],"killed_by":"Cultist and Chosen","ascension_level":16}}