{"host":"5yoj846f700ld8qy","time":1613923047,"event":{"mods":["AchievementEnabler","BaseMod","Better Altar","Better Match","Better Note","Better Sensory Stone","Better Skull","Better Third Choice","Colored Map","Colored Powertips","Minty Spire (QoL Compilation)","StSLib","UnlockEverythingMod"],"gold_per_floor":[117,117,117,136,136,136,170,170,249,281,281,299,299,315,315,392,392,412,447,447,372,297,297,311,102,151,151,179,179,189,199,199,276,276,287,120,138,150,175,175,187,187,187,215,232,248,248,262,262,262,262],"floor_reached":50,"language":"ENG","playtime":3384,"items_purged":["Strike_P","Defend_P"],"score":1000,"play_id":"827a0e65-0956-4734-bf14-aecada45df7e","local_time":"20210221175727","is_ascension_mode":true,"campfire_choices":[{"data":"Eruption","floor":6,"key":"SMITH"},{"floor":8,"key":"REST"},{"data":"TalkToTheHand","floor":11,"key":"SMITH"},{"data":"SignatureMove","floor":15,"key":"SMITH"},{"floor":27,"key":"REST"},{"floor":29,"key":"REST"},{"floor":32,"key":"RECALL"},{"floor":40,"key":"REST"},{"floor":42,"key":"REST"},{"floor":49,"key":"REST"}],"circlet_count":0,"master_deck":["AscendersBane","Eruption+1","Vigilance","SignatureMove+1","Wireheading","Finesse","TalkToTheHand+1","Nirvana","EmptyBody","Double Tap+1","Tantrum","Ragnarok","LikeWater+1","JustLucky","WreathOfFlame","FlurryOfBlows+1","ThirdEye+1","Weave","SpiritShield","EmptyFist","Wireheading","SandsOfTime","FollowUp","ForeignInfluence","CutThroughFate","Crescendo+1","CrushJoints+1","Parasite","WreathOfFlame+1"],"relics":["PureWater","FossilizedHelix","betterAltar:BloodRelic","Pear","Potion Belt","Fusion Hammer","Red Mask","Centennial Puzzle","HornCleat","Pandora\u0027s Box","Melange","TungstenRod","StoneCalendar"],"acts_visited":["Exordium","TheCity","TheBeyond"],"potions_floor_usage":[10,10,28,28,33,35,41,45,45,50,50],"damage_taken":[{"damage":0,"enemies":"Jaw Worm","floor":1,"turns":3},{"damage":0,"enemies":"Small Slimes","floor":4,"turns":3},{"damage":20,"enemies":"Gremlin Nob","floor":7,"turns":4},{"damage":4,"enemies":"3 Sentries","floor":10,"turns":6},{"damage":0,"enemies":"2 Louse","floor":12,"turns":2},{"damage":0,"enemies":"Exordium Wildlife","floor":14,"turns":3},{"damage":25,"enemies":"Hexaghost","floor":16,"turns":6},{"damage":0,"enemies":"Chosen","floor":18,"turns":3},{"damage":0,"enemies":"Masked Bandits","floor":19,"turns":1},{"damage":0,"enemies":"Spheric Guardian","floor":24,"turns":3},{"damage":28,"enemies":"Book of Stabbing","floor":28,"turns":3},{"damage":10,"enemies":"Centurion and Healer","floor":30,"turns":4},{"damage":0,"enemies":"Snecko","floor":31,"turns":5},{"damage":31,"enemies":"Champ","floor":33,"turns":4},{"damage":12,"enemies":"3 Darklings","floor":35,"turns":4},{"damage":0,"enemies":"Orb Walker","floor":37,"turns":4},{"damage":9,"enemies":"Transient","floor":38,"turns":6},{"damage":0,"enemies":"Mind Bloom Boss Battle","floor":39,"turns":5},{"damage":24,"enemies":"3 Darklings","floor":41,"turns":4},{"damage":4,"enemies":"Nemesis","floor":44,"turns":5},{"damage":0,"enemies":"Maw","floor":45,"turns":7},{"damage":3,"enemies":"Writhing Mass","floor":46,"turns":8},{"damage":21,"enemies":"3 Darklings","floor":48,"turns":3},{"damage":55,"enemies":"Donu and Deca","floor":50,"turns":5}],"seed_played":"5886678948171744695","potions_obtained":[{"floor":4,"key":"Regen Potion"},{"floor":7,"key":"LiquidMemories"},{"floor":12,"key":"SpeedPotion"},{"floor":16,"key":"SneckoOil"},{"floor":30,"key":"Explosive Potion"},{"floor":33,"key":"FairyPotion"},{"floor":39,"key":"Fire Potion"},{"floor":41,"key":"SteroidPotion"},{"floor":44,"key":"AttackPotion"},{"floor":46,"key":"PowerPotion"}],"is_trial":false,"path_per_floor":["M","?","?","M","?","R","E","R","T","E","R","M","?","M","R","B",null,"M","?","?","?","$","?","M","$","T","R","E","R","M","M","R","B",null,"M","$","M","M","?","R","M","R","T","E","M","M","?","M","R","B"],"character_chosen":"WATCHER","items_purchased":["PowerPotion","Swift Potion","Melange"],"campfire_rested":6,"item_purchase_floors":[25,25,36],"current_hp_per_floor":[61,42,42,42,42,42,22,40,50,63,63,65,62,64,64,41,64,66,68,64,64,64,64,68,68,68,72,44,65,59,63,63,36,63,56,56,61,57,62,72,48,69,69,68,72,69,69,51,72,17,17],"gold":262,"neow_bonus":"ONE_RARE_RELIC","is_daily":false,"chose_seed":false,"campfire_upgraded":3,"win_rate":0.0,"timestamp":1613923047,"path_taken":["M","?","?","M","?","R","E","R","T","E","R","M","?","M","R","BOSS","M","?","?","?","$","?","M","$","T","R","E","R","M","M","R","BOSS","M","$","M","M","?","R","M","R","T","E","M","M","?","?","R","BOSS"],"items_purchased_type":["Potion","Potion","Relic"],"build_version":"2020-12-22","purchased_purges":2,"victory":false,"max_hp_per_floor":[62,62,62,62,62,62,62,62,72,72,72,72,72,72,72,72,72,72,72,72,72,72,72,72,72,72,72,72,72,72,72,72,72,72,72,72,72,72,72,72,72,72,72,72,72,72,72,72,72,72,72],"card_choices":[{"not_picked":["ClearTheMind","Halt"],"picked":"SignatureMove","floor":1},{"not_picked":["Protect","WheelKick"],"picked":"Wireheading","floor":4},{"not_picked":["Trip","Sadistic Nature"],"picked":"Finesse","floor":5},{"not_picked":["Evaluate","Wireheading"],"picked":"TalkToTheHand","floor":7},{"not_picked":["Prostrate","ThirdEye"],"picked":"Nirvana","floor":10},{"not_picked":["Evaluate","BowlingBash"],"picked":"EmptyBody","floor":12},{"not_picked":["CarveReality","Halt"],"picked":"Tantrum","floor":14},{"not_picked":["ConjureBlade","Alpha"],"picked":"Ragnarok","floor":16},{"not_picked":["FollowUp","Protect"],"picked":"LikeWater+1","floor":18},{"not_picked":["CutThroughFate","Perseverance"],"picked":"WreathOfFlame","floor":24},{"not_picked":["CarveReality","FlyingSleeves"],"picked":"FlurryOfBlows+1","floor":28},{"not_picked":["ReachHeaven","InnerPeace"],"picked":"ThirdEye+1","floor":30},{"not_picked":["ClearTheMind","EmptyMind"],"picked":"Weave","floor":31},{"not_picked":["Omniscience","Brilliance"],"picked":"SpiritShield","floor":33},{"not_picked":["SashWhip+1","Protect"],"picked":"CutThroughFate","floor":35},{"not_picked":["JustLucky","Halt+1"],"picked":"Crescendo+1","floor":37},{"not_picked":["Protect","SashWhip"],"picked":"CrushJoints+1","floor":38},{"not_picked":["ClearTheMind","Indignation"],"picked":"Nirvana","floor":41},{"not_picked":["CrushJoints+1","ThirdEye","SandsOfTime"],"picked":"SKIP","floor":44},{"not_picked":["SashWhip","ClearTheMind","Wish"],"picked":"SKIP","floor":45},{"not_picked":["EmptyFist","Evaluate","EmptyBody+1"],"picked":"SKIP","floor":46},{"not_picked":["EmptyBody+1","FlurryOfBlows+1"],"picked":"WreathOfFlame+1","floor":48}],"player_experience":447852,"relics_obtained":[{"floor":7,"key":"Blood Vial"},{"floor":9,"key":"Pear"},{"floor":10,"key":"Potion Belt"},{"floor":19,"key":"Red Mask"},{"floor":26,"key":"Centennial Puzzle"},{"floor":28,"key":"HornCleat"},{"floor":39,"key":"TungstenRod"},{"floor":44,"key":"StoneCalendar"}],"event_choices":[{"damage_healed":61,"gold_gain":0,"player_choice":"Upgrade","damage_taken":19,"max_hp_gain":0,"max_hp_loss":62,"event_name":"betterThird:BetterShining","floor":2,"gold_loss":0,"cards_upgraded":["Defend_P","Defend_P"]},{"damage_healed":0,"gold_gain":0,"player_choice":"Ignored","damage_taken":117,"max_hp_gain":0,"max_hp_loss":0,"event_name":"betterThird:BetterSerpent","floor":3,"gold_loss":0},{"damage_healed":0,"gold_gain":1,"player_choice":"1","damage_taken":0,"max_hp_gain":0,"max_hp_loss":0,"event_name":"betterStone:BetterStone","floor":5,"gold_loss":0},{"damage_healed":0,"gold_gain":0,"player_choice":"Card ","damage_taken":3,"max_hp_gain":0,"max_hp_loss":0,"event_name":"betterThird:BetterScrap","floor":13,"gold_loss":0,"cards_obtained":["Double Tap"]},{"damage_healed":0,"gold_gain":0,"player_choice":"Fought Bandits","damage_taken":0,"max_hp_gain":0,"max_hp_loss":0,"event_name":"Masked Bandits","floor":19,"gold_loss":0},{"damage_healed":0,"gold_gain":0,"player_choice":" RottenVial ","damage_taken":4,"relics_obtained":["betterAltar:BloodRelic"],"max_hp_gain":68,"max_hp_loss":64,"event_name":"betterAltar:BetterAltar","floor":20,"potions_obtained":[],"relics_lost":["Blood Vial"],"gold_loss":0},{"cards_removed":["Strike_P"],"damage_healed":0,"gold_gain":0,"player_choice":"Gave Gold","damage_taken":0,"max_hp_gain":0,"max_hp_loss":0,"event_name":"Beggar","floor":21,"gold_loss":75},{"damage_healed":0,"gold_gain":0,"player_choice":"Read","damage_taken":0,"max_hp_gain":0,"max_hp_loss":0,"event_name":"The Library","floor":23,"gold_loss":0,"cards_obtained":["JustLucky"]},{"damage_healed":0,"gold_gain":0,"player_choice":"Fight","damage_taken":0,"max_hp_gain":0,"max_hp_loss":0,"event_name":"MindBloom","floor":39,"gold_loss":0},{"cards_removed":["Nirvana"],"damage_healed":0,"gold_gain":0,"player_choice":"Removed Power","damage_taken":0,"max_hp_gain":0,"max_hp_loss":0,"event_name":"Falling","floor":47,"gold_loss":0}],"is_beta":false,"boss_relics":[{"not_picked":["Snecko Eye","Velvet Choker"],"picked":"Fusion Hammer"},{"not_picked":["Black Star","Coffee Dripper"],"picked":"Pandora\u0027s Box"}],"items_purged_floors":[22,25],"is_endless":false,"potions_floor_spawned":[4,7,12,16,30,33,39,41,44,46],"killed_by":"Donu and Deca","ascension_level":20}}