{"host":"raaimkojny05jekw","time":1613935252,"event":{"mods":["AchievementEnabler","BaseMod","Colored Map","Colored Powertips","DeckTracker","Minty Spire (QoL Compilation)","Quick Restart","Rare Cards Sparkle","everything is the same but u backflip on backflip"],"gold_per_floor":[114,128,141,155,175,175,202,214,253,265,552,186,197,215,215,316,316,328,345,19,35,35,35,35,35,35,35,53,152,152,170,170,272,272,286,69,69,86,86,113,113,113,140,140,157,157,157,157],"floor_reached":47,"language":"KOR","playtime":1875,"items_purged":["Regret","Strike_R"],"score":793,"play_id":"d3be4ee2-2cb7-4234-81a2-fe52a5f8d286","local_time":"20210222042052","is_ascension_mode":true,"campfire_choices":[{"data":"Bash","floor":6,"key":"SMITH"},{"data":"Havoc","floor":8,"key":"SMITH"},{"data":"True Grit","floor":10,"key":"SMITH"},{"data":"Dark Embrace","floor":15,"key":"SMITH"},{"data":"Berserk","floor":23,"key":"SMITH"},{"data":"Fire Breathing","floor":27,"key":"SMITH"},{"data":"Feel No Pain","floor":30,"key":"SMITH"},{"data":"Flame Barrier","floor":32,"key":"SMITH"},{"data":"Barricade","floor":42,"key":"SMITH"},{"floor":44,"key":"RECALL"},{"data":"Battle Trance","floor":46,"key":"SMITH"}],"circlet_count":0,"master_deck":["AscendersBane","Strike_R","Strike_R","Strike_R","Strike_R","Defend_R","Defend_R+1","Defend_R","Defend_R+1","Bash+1","Rage","True Grit+1","Cleave","Flame Barrier+1","Havoc+1","Dark Embrace+1","Reckless Charge","Fire Breathing+1","Metallicize","Berserk+1","Sentinel+1","Wild Strike","Feel No Pain+1","Power Through","Power Through","Shrug It Off","Barricade+1","Reckless Charge+1","Battle Trance+1","Finesse","Armaments+1"],"relics":["Burning Blood","Blood Vial","MawBank","War Paint","Medical Kit","Coffee Dripper","Toolbox","Nilry\u0027s Codex","Self Forming Clay","Mark of Pain","Lee\u0027s Waffle","Pen Nib"],"acts_visited":["Exordium","TheCity","TheBeyond"],"potions_floor_usage":[7,19,33,40],"damage_taken":[{"damage":1,"enemies":"Cultist","floor":1,"turns":3},{"damage":9,"enemies":"Jaw Worm","floor":2,"turns":3},{"damage":0,"enemies":"2 Louse","floor":3,"turns":3},{"damage":3,"enemies":"2 Fungi Beasts","floor":4,"turns":4},{"damage":17,"enemies":"Looter","floor":5,"turns":3},{"damage":42,"enemies":"Lagavulin","floor":7,"turns":8},{"damage":4,"enemies":"Blue Slaver","floor":13,"turns":3},{"damage":3,"enemies":"2 Fungi Beasts","floor":14,"turns":5},{"damage":36,"enemies":"The Guardian","floor":16,"turns":14},{"damage":0,"enemies":"Chosen","floor":18,"turns":4},{"damage":0,"enemies":"3 Byrds","floor":19,"turns":4},{"damage":23,"enemies":"Centurion and Healer","floor":21,"turns":7},{"damage":8,"enemies":"Snake Plant","floor":28,"turns":4},{"damage":12,"enemies":"Cultist and Chosen","floor":31,"turns":4},{"damage":58,"enemies":"Automaton","floor":33,"turns":11},{"damage":12,"enemies":"Orb Walker","floor":35,"turns":3},{"damage":22,"enemies":"3 Shapes","floor":38,"turns":7},{"damage":6,"enemies":"Nemesis","floor":40,"turns":7},{"damage":51,"enemies":"Jaw Worm Horde","floor":45,"turns":8},{"damage":37,"enemies":"Reptomancer","floor":47,"turns":2}],"seed_played":"5940618861881261636","potions_obtained":[{"floor":2,"key":"FairyPotion"},{"floor":3,"key":"SpeedPotion"},{"floor":7,"key":"ColorlessPotion"},{"floor":21,"key":"Explosive Potion"},{"floor":31,"key":"SkillPotion"},{"floor":33,"key":"ColorlessPotion"},{"floor":35,"key":"GamblersBrew"},{"floor":38,"key":"CultistPotion"}],"is_trial":false,"path_per_floor":["M","M","M","M","M","R","E","R","T","R","?","$","M","M","R","B",null,"M","M","$","M","?","R","?","$","T","R","M","?","R","M","R","B",null,"M","$","?","M","?","E","?","R","T","R","M","R","E"],"character_chosen":"IRONCLAD","items_purchased":["Medical Kit","Dark Embrace","Reckless Charge","Toolbox","Feel No Pain","Battle Trance","Lee\u0027s Waffle"],"campfire_rested":0,"item_purchase_floors":[12,12,12,20,20,36,36],"current_hp_per_floor":[79,77,80,80,69,69,35,35,35,35,35,35,39,44,44,16,64,72,80,80,63,47,47,47,47,47,47,47,47,47,43,43,24,66,62,87,87,71,66,68,68,68,68,68,25,25,0,0],"gold":157,"neow_bonus":"RANDOM_COMMON_RELIC","is_daily":false,"chose_seed":false,"campfire_upgraded":10,"win_rate":0.0,"timestamp":1613935252,"path_taken":["M","M","?","M","M","R","E","R","T","R","?","$","?","M","R","BOSS","M","M","$","M","?","R","?","$","T","R","M","?","R","M","R","BOSS","M","$","?","M","?","E","?","R","T","R","?","R","E"],"items_purchased_type":["Relic","Card","Card","Relic","Card","Card","Relic"],"build_version":"2020-12-22","purchased_purges":2,"victory":false,"max_hp_per_floor":[80,80,80,80,80,80,80,80,80,80,80,80,80,80,80,80,80,80,80,80,80,80,80,80,80,80,80,80,80,80,80,80,80,80,80,87,87,87,87,87,87,87,87,87,87,87,87,87],"card_choices":[{"not_picked":["Heavy Blade","Pommel Strike"],"picked":"Wild Strike","floor":1},{"not_picked":["Body Slam","Disarm"],"picked":"Rage","floor":2},{"not_picked":["Infernal Blade","Twin Strike"],"picked":"True Grit","floor":3},{"not_picked":["Searing Blow","Infernal Blade"],"picked":"Cleave","floor":4},{"not_picked":["Headbutt","Heavy Blade"],"picked":"Flame Barrier","floor":5},{"not_picked":["Wild Strike","Heavy Blade"],"picked":"Havoc","floor":7},{"not_picked":["Shrug It Off","Impervious"],"picked":"Fire Breathing","floor":13},{"not_picked":["Havoc","Dark Embrace"],"picked":"Metallicize","floor":14},{"not_picked":["Corruption","Double Tap"],"picked":"Berserk","floor":16},{"not_picked":["Combust","Perfected Strike"],"picked":"Sentinel+1","floor":18},{"not_picked":["Searing Blow+1","Cleave"],"picked":"Wild Strike","floor":19},{"not_picked":["Iron Wave","Wild Strike","Disarm"],"picked":"SKIP","floor":21},{"not_picked":["Battle Trance","Thunderclap"],"picked":"Power Through","floor":28},{"not_picked":["Brutality","Intimidate"],"picked":"Shrug It Off","floor":31},{"not_picked":["Double Tap","Demon Form"],"picked":"Barricade","floor":33},{"not_picked":["Dark Embrace","Sever Soul"],"picked":"Reckless Charge+1","floor":35},{"not_picked":["Cleave","Uppercut","Searing Blow"],"picked":"SKIP","floor":38},{"not_picked":["Enlightenment","Impatience"],"picked":"Finesse","floor":39},{"not_picked":["Sentinel+1","Twin Strike","Sword Boomerang+1"],"picked":"SKIP","floor":40},{"not_picked":["Hemokinesis+1","Clothesline"],"picked":"Armaments+1","floor":45}],"player_experience":782547,"relics_obtained":[{"floor":7,"key":"MawBank"},{"floor":9,"key":"War Paint"},{"floor":22,"key":"Nilry\u0027s Codex"},{"floor":26,"key":"Self Forming Clay"},{"floor":40,"key":"Pen Nib"}],"event_choices":[{"damage_healed":0,"gold_gain":275,"player_choice":"Desecrate","damage_taken":0,"max_hp_gain":0,"max_hp_loss":0,"event_name":"Golden Shrine","floor":11,"gold_loss":0,"cards_obtained":["Regret"]},{"damage_healed":0,"gold_gain":0,"player_choice":"Obtained Book","damage_taken":16,"max_hp_gain":0,"max_hp_loss":0,"event_name":"Cursed Tome","floor":22,"gold_loss":0},{"damage_healed":0,"gold_gain":0,"player_choice":"Read","damage_taken":0,"max_hp_gain":0,"max_hp_loss":0,"event_name":"The Library","floor":24,"gold_loss":0,"cards_obtained":["Power Through"]},{"damage_healed":0,"gold_gain":99,"player_choice":"Stole From Cult","damage_taken":0,"max_hp_gain":0,"max_hp_loss":0,"event_name":"Nest","floor":29,"gold_loss":0},{"cards_removed":["Wild Strike"],"damage_healed":0,"gold_gain":0,"player_choice":"Removed Attack","damage_taken":0,"max_hp_gain":0,"max_hp_loss":0,"event_name":"Falling","floor":37,"gold_loss":0},{"damage_healed":0,"gold_gain":0,"player_choice":"Memory 2","damage_taken":5,"max_hp_gain":0,"max_hp_loss":0,"event_name":"SensoryStone","floor":39,"gold_loss":0},{"damage_healed":0,"gold_gain":0,"player_choice":"Bought 0 Potions","damage_taken":0,"max_hp_gain":0,"max_hp_loss":0,"event_name":"The Woman in Blue","floor":41,"gold_loss":0}],"is_beta":false,"boss_relics":[{"not_picked":["Pandora\u0027s Box","Black Star"],"picked":"Coffee Dripper"},{"not_picked":["Runic Dome","Empty Cage"],"picked":"Mark of Pain"}],"items_purged_floors":[12,20],"is_endless":false,"potions_floor_spawned":[2,3,7,14,21,31,33,35,38],"killed_by":"Reptomancer","ascension_level":12}}