{"host":"jpqwruqnh1dd5q7l","time":1613891280,"event":{"mods":["AchievementEnabler","Alarm Clock","BaseMod","Better Altar","Better Match","Better Note","Better Sensory Stone","Better Skull","Chat Monstrosity","ChefMod","Colored Powertips","Curses Come First","Hermit","Marisa????????","Minty Spire (QoL Compilation)","Rare Cards Sparkle","Relic Sorter","Shop Mod","Spire Birthday Party","StSLib","The Disciple","The Exalted","slay the spire mod where everything is the same but ironclad has a cowboy hat"],"gold_per_floor":[116,291,306,149,149,160,171,171,243,243,260,260,279,54,54,149,149,159,119,138,138,138,138,164,177,224,258,258,273,548,625,625,723,723,742,1092,1092,1092,1108,1108,1124,1124,1148,1162,1179,1179,533,546,546,546],"floor_reached":51,"language":"ENG","playtime":4463,"items_purged":["Strike_G","Doubt"],"score":702,"play_id":"3922a96d-561c-470d-95d2-7db0d6aa8ce9","local_time":"20210221020800","is_ascension_mode":false,"campfire_choices":[{"floor":8,"key":"REST"},{"floor":10,"key":"REST"},{"data":"Accuracy","floor":12,"key":"SMITH"},{"floor":15,"key":"REST"},{"data":"Accuracy","floor":23,"key":"SMITH"},{"floor":28,"key":"REST"},{"floor":32,"key":"REST"},{"floor":40,"key":"REST"},{"floor":42,"key":"REST"},{"data":"Bullet Time","floor":49,"key":"SMITH"}],"circlet_count":0,"master_deck":["Survivor","Neutralize","Metamorphosis","Footwork","Terror","Infinite Blades+1","Accuracy+1","Prepared","PiercingWail","Predator","Deadly Poison","Blade Dance","Bouncing Flask","Cloak And Dagger","Accuracy+1","After Image","Masterful Stab","Bullet Time+1","Flying Knee","Riddle With Holes","Predator","Dodge and Roll","Envenom","Backstab","Wraith Form v2","PiercingWail+1","Blade Dance+1","Caltrops","PiercingWail","Accuracy+1","Finisher","Acrobatics+1","Noxious Fumes+1","Blade Dance+1","Blur","Footwork","Terror+1"],"relics":["Ring of the Snake","Bromod:ArcaneGuardian","GremlinMask","Boot","Bronze Scales","Bromod:ArcaneTrickery","HoveringKite","CaptainsWheel","Orichalcum","MerchantsRug","Letter Opener","OrangePellets"],"acts_visited":["Exordium","TheCity","TheBeyond"],"potions_floor_usage":[7,13,13,16,20,27,29,33,33,36,41,50,50,50],"damage_taken":[{"damage":3,"enemies":"Small Slimes","floor":1,"turns":4},{"damage":3,"enemies":"Jaw Worm","floor":3,"turns":6},{"damage":5,"enemies":"2 Louse","floor":6,"turns":4},{"damage":0,"enemies":"2 Fungi Beasts","floor":7,"turns":4},{"damage":4,"enemies":"Looter","floor":11,"turns":3},{"damage":6,"enemies":"Exordium Thugs","floor":13,"turns":5},{"damage":6,"enemies":"The Guardian","floor":16,"turns":7},{"damage":9,"enemies":"Chosen","floor":18,"turns":4},{"damage":6,"enemies":"Spheric Guardian","floor":20,"turns":5},{"damage":0,"enemies":"Gremlin Leader","floor":24,"turns":6},{"damage":7,"enemies":"Snecko","floor":25,"turns":4},{"damage":42,"enemies":"Book of Stabbing","floor":27,"turns":5},{"damage":20,"enemies":"Sentry and Sphere","floor":29,"turns":4},{"damage":17,"enemies":"Champ","floor":33,"turns":7},{"damage":20,"enemies":"3 Darklings","floor":35,"turns":3},{"damage":47,"enemies":"2 Orb Walkers","floor":36,"turns":5},{"damage":0,"enemies":"Orb Walker","floor":39,"turns":3},{"damage":19,"enemies":"3 Darklings","floor":41,"turns":4},{"damage":40,"enemies":"Spire Growth","floor":44,"turns":5},{"damage":1,"enemies":"Jaw Worm Horde","floor":45,"turns":4},{"damage":0,"enemies":"3 Darklings","floor":48,"turns":4},{"damage":22,"enemies":"Awakened One","floor":50,"turns":8}],"seed_played":"1392430701400963278","potions_obtained":[{"floor":3,"key":"Dexterity Potion"},{"floor":7,"key":"Dexterity Potion"},{"floor":11,"key":"DuplicationPotion"},{"floor":19,"key":"Regen Potion"},{"floor":19,"key":"Regen Potion"},{"floor":19,"key":"FearPotion"},{"floor":25,"key":"SteroidPotion"},{"floor":27,"key":"SkillPotion"},{"floor":33,"key":"Energy Potion"},{"floor":36,"key":"Poison Potion"},{"floor":41,"key":"FearPotion"},{"floor":45,"key":"FearPotion"}],"is_trial":false,"path_per_floor":["M","?","M","$","?","M","M","R","T","R","M","R","M","$","R","B",null,"M","?","M","?","?","R","E","M","T","E","R","M","?","T","R","B",null,"M","?","?","T","M","R","M","R","T","M","M","?","$","M","R","B",null],"character_chosen":"THE_SILENT","items_purchased":["Orrery","Accuracy","LiquidMemories","MerchantsRug","Blur","Letter Opener","OrangePellets","Footwork","Energy Potion","PowerPotion"],"campfire_rested":7,"item_purchase_floors":[4,14,14,47,47,47,47,47,47,47],"current_hp_per_floor":[46,46,43,43,18,13,13,34,34,55,51,51,45,45,66,60,70,61,61,67,67,67,67,67,60,60,32,53,33,33,33,54,37,70,50,3,21,21,21,42,23,44,44,4,3,61,61,61,61,39],"gold":546,"neow_bonus":"RANDOM_COLORLESS_2","is_daily":false,"chose_seed":false,"campfire_upgraded":3,"win_rate":0.0,"timestamp":1613891280,"path_taken":["M","?","M","?","?","M","M","R","T","R","M","R","M","$","R","BOSS","M","?","M","?","?","R","E","M","T","E","R","M","?","?","R","BOSS","M","?","?","?","M","R","M","R","T","?","M","?","$","M","R","BOSS"],"items_purchased_type":["Relic","Card","Potion","Relic","Card","Relic","Relic","Card","Potion","Potion"],"build_version":"2020-12-22","purchased_purges":2,"victory":true,"max_hp_per_floor":[70,70,70,70,70,70,70,70,70,70,70,70,70,70,70,70,70,70,70,70,70,70,70,70,70,70,70,70,70,70,70,70,70,70,70,70,70,70,70,70,70,70,70,70,70,61,61,61,61,61],"card_choices":[{"not_picked":["Apotheosis","Mayhem"],"picked":"Metamorphosis","floor":0},{"not_picked":["Dodge and Roll","Underhanded Strike"],"picked":"Footwork","floor":1},{"not_picked":["Reflex","Outmaneuver"],"picked":"Terror","floor":3},{"not_picked":["Escape Plan","Skewer"],"picked":"Infinite Blades","floor":4},{"not_picked":["Blade Dance","Backflip"],"picked":"Accuracy","floor":4},{"not_picked":["Dagger Spray","Calculated Gamble"],"picked":"Prepared","floor":4},{"not_picked":["Burst","Wraith Form v2"],"picked":"PiercingWail","floor":4},{"not_picked":["Deflect","Doppelganger"],"picked":"Predator","floor":4},{"not_picked":["Dash","Poisoned Stab"],"picked":"Deadly Poison","floor":6},{"not_picked":["Dagger Spray","Grand Finale"],"picked":"Blade Dance","floor":7},{"not_picked":["Deflect","Underhanded Strike"],"picked":"Bouncing Flask","floor":11},{"not_picked":["Sucker Punch","Dash"],"picked":"Cloak And Dagger","floor":13},{"not_picked":["A Thousand Cuts","Doppelganger"],"picked":"After Image","floor":16},{"not_picked":["Poisoned Stab+1","Sucker Punch"],"picked":"PiercingWail+1","floor":18},{"not_picked":["Slice","Distraction"],"picked":"Blade Dance+1","floor":20},{"not_picked":["Bane","Quick Slash"],"picked":"Caltrops","floor":24},{"not_picked":["Eviscerate","All Out Attack","Flying Knee"],"picked":"SKIP","floor":25},{"not_picked":["Predator","Deflect"],"picked":"PiercingWail","floor":27},{"not_picked":["Poisoned Stab+1","Backstab"],"picked":"Accuracy+1","floor":29},{"not_picked":["Deadly Poison+1","Outmaneuver+1"],"picked":"Finisher","floor":35},{"not_picked":["Slice","Deflect"],"picked":"Acrobatics+1","floor":36},{"not_picked":["Predator+1","Underhanded Strike","Dodge and Roll"],"picked":"SKIP","floor":39},{"not_picked":["Backflip","Predator+1"],"picked":"Noxious Fumes+1","floor":41},{"not_picked":["Sucker Punch","Storm of Steel"],"picked":"Blade Dance+1","floor":44},{"not_picked":["Terror+1","Deflect","Concentrate"],"picked":"SKIP","floor":45},{"not_picked":["Blade Dance","Distraction"],"picked":"Terror+1","floor":48}],"player_experience":198884,"relics_obtained":[{"floor":9,"key":"Bromod:ArcaneGuardian"},{"floor":24,"key":"Boot"},{"floor":26,"key":"Omamori"},{"floor":27,"key":"Bronze Scales"},{"floor":31,"key":"Bromod:ArcaneTrickery"},{"floor":36,"key":"Old Coin"},{"floor":38,"key":"CaptainsWheel"},{"floor":43,"key":"Orichalcum"}],"event_choices":[{"damage_healed":0,"gold_gain":175,"player_choice":"AGREE","damage_taken":0,"max_hp_gain":0,"max_hp_loss":0,"event_name":"Liars Game","floor":2,"gold_loss":0,"cards_obtained":["Doubt"]},{"damage_healed":0,"gold_gain":0,"player_choice":"Fled","damage_taken":25,"max_hp_gain":0,"max_hp_loss":0,"event_name":"Scrap Ooze","floor":5,"gold_loss":0},{"damage_healed":0,"gold_gain":0,"player_choice":"Bought 3 Potions","damage_taken":0,"max_hp_gain":0,"max_hp_loss":0,"event_name":"The Woman in Blue","floor":19,"gold_loss":0},{"damage_healed":0,"gold_gain":0,"player_choice":"Trade","damage_taken":0,"relics_obtained":["GremlinMask"],"max_hp_gain":0,"max_hp_loss":0,"event_name":"FaceTrader","floor":21,"gold_loss":0},{"damage_healed":0,"gold_gain":0,"player_choice":"Forge","damage_taken":0,"max_hp_gain":0,"max_hp_loss":0,"event_name":"Accursed Blacksmith","floor":22,"gold_loss":0,"cards_upgraded":["Infinite Blades"]},{"damage_healed":0,"gold_gain":275,"player_choice":"Desecrate","damage_taken":0,"max_hp_gain":0,"max_hp_loss":0,"event_name":"Golden Shrine","floor":30,"gold_loss":0,"cards_obtained":["Regret"]},{"damage_healed":0,"gold_gain":0,"player_choice":"Fight","damage_taken":0,"max_hp_gain":0,"max_hp_loss":0,"event_name":"Mysterious Sphere","floor":36,"gold_loss":0},{"damage_healed":18,"gold_gain":0,"player_choice":"Writhe","damage_taken":0,"max_hp_gain":0,"max_hp_loss":0,"event_name":"Winding Halls","floor":37,"gold_loss":0,"cards_obtained":["Writhe"]},{"damage_healed":61,"gold_gain":0,"player_choice":"Heal","damage_taken":0,"max_hp_gain":0,"max_hp_loss":9,"event_name":"The Moai Head","floor":46,"gold_loss":0}],"is_beta":false,"boss_relics":[{"not_picked":["Sozu","Runic Pyramid"],"picked":"Pandora\u0027s Box"},{"not_picked":["Philosopher\u0027s Stone","Bromod:ArcaneEnergize"],"picked":"HoveringKite"}],"items_purged_floors":[14,47],"is_endless":false,"potions_floor_spawned":[3,7,11,25,27,33,36,41,45],"ascension_level":0}}