{"host":"qfskrnw3pl1q86j0","time":1613920742,"event":{"mods":["BaseMod","Block Reminder","Hermit","Marisa????????","Minty Spire (QoL Compilation)","Quick Restart","Random Character Button","Relic Stats","StSLib","The Poker Player","slay the spire mod where everything is the same but ironclad has a cowboy hat"],"gold_per_floor":[115,115,135,21,21,21,32,32,32,32,32,52,52,94,94,203,203,232,245,264,179,179,179,200,226,304,304,163,163,183,209,209,322,322,339,356,356,365,390,390,265,291,381,381,411,411,42,65,65,65],"floor_reached":51,"language":"ENG","playtime":1652,"items_purged":["Strike_B","Parasite","Wraith","Injury"],"score":777,"play_id":"19ac67e7-77bb-44f8-85a1-5f213122bacc","local_time":"20210221161902","is_ascension_mode":false,"campfire_choices":[{"data":"Zap","floor":6.0,"key":"SMITH"},{"data":"Defragment","floor":8.0,"key":"SMITH"},{"data":"Streamline","floor":13.0,"key":"SMITH"},{"data":"Dualcast","floor":15.0,"key":"SMITH"},{"data":"Self Repair","floor":23.0,"key":"SMITH"},{"data":"Capacitor","floor":29.0,"key":"SMITH"},{"data":"Rainbow","floor":32.0,"key":"SMITH"},{"data":"Coolheaded","floor":40.0,"key":"SMITH"},{"data":"Auto Shields","floor":46,"key":"SMITH"},{"data":"Buffer","floor":49,"key":"SMITH"}],"circlet_count":0,"master_deck":["Strike_B","Strike_B","Defend_B+1","Defend_B+1","Zap+1","Dualcast+1","Streamline+1","Auto Shields+1","Defragment+1","Coolheaded+1","Self Repair+1","Rainbow+1","Ball Lightning","Tempest+1","Capacitor+1","Glacier+1","Redo+1","Reinforced Body+1","Blizzard+1","Amplify+1","Darkness+1","Reboot+1","Buffer+1"],"relics":["FrozenCore","CeramicFish","Question Card","Cursed Key","Ornamental Fan","Sundial","Toxic Egg 2","The Courier","Symbiotic Virus","HornCleat"],"acts_visited":["Exordium","TheCity","TheBeyond"],"potions_floor_usage":[50,50,50],"damage_taken":[{"damage":5.0,"enemies":"Jaw Worm","floor":1.0,"turns":4.0},{"damage":0.0,"enemies":"Small Slimes","floor":3.0,"turns":4.0},{"damage":0.0,"enemies":"Cultist","floor":7.0,"turns":3.0},{"damage":2.0,"enemies":"Looter","floor":12.0,"turns":2.0},{"damage":10.0,"enemies":"3 Sentries","floor":14.0,"turns":7.0},{"damage":1.0,"enemies":"The Guardian","floor":16.0,"turns":9.0},{"damage":3.0,"enemies":"3 Byrds","floor":18.0,"turns":4.0},{"damage":0.0,"enemies":"Shell Parasite","floor":19.0,"turns":4.0},{"damage":22.0,"enemies":"Snecko","floor":20.0,"turns":4.0},{"damage":0.0,"enemies":"Centurion and Healer","floor":24.0,"turns":5.0},{"damage":3.0,"enemies":"Snake Plant","floor":25.0,"turns":3.0},{"damage":5.0,"enemies":"Sentry and Sphere","floor":30.0,"turns":6.0},{"damage":0.0,"enemies":"Centurion and Healer","floor":31.0,"turns":5.0},{"damage":3.0,"enemies":"Champ","floor":33.0,"turns":8.0},{"damage":10.0,"enemies":"3 Shapes","floor":35.0,"turns":5.0},{"damage":9.0,"enemies":"Orb Walker","floor":36.0,"turns":5.0},{"damage":20.0,"enemies":"3 Darklings","floor":39.0,"turns":6.0},{"damage":3.0,"enemies":"Spire Growth","floor":42.0,"turns":6.0},{"damage":26,"enemies":"Nemesis","floor":45,"turns":7},{"damage":5,"enemies":"Sphere and 2 Shapes","floor":48,"turns":7},{"damage":28,"enemies":"Awakened One","floor":50,"turns":13}],"seed_played":"-2162243577704293827","potions_obtained":[{"floor":1.0,"key":"EssenceOfSteel"},{"floor":3.0,"key":"PotionOfCapacity"},{"floor":7.0,"key":"EssenceOfSteel"},{"floor":18.0,"key":"BlessingOfTheForge"},{"floor":19.0,"key":"ColorlessPotion"},{"floor":24.0,"key":"Strength Potion"},{"floor":36.0,"key":"DuplicationPotion"},{"floor":42.0,"key":"PotionOfCapacity"}],"is_trial":false,"path_per_floor":["M","?","M","$","?","R","M","R","T","$","?","M","R","E","R","B",null,"M","M","M","?","?","R","M","M","T","?","$","R","M","M","R","B",null,"M","M","?","?","M","R","$","M","T","?","E","R","$","M","R","B",null],"character_chosen":"DEFECT","items_purchased":["Defragment","Redo+1","HornCleat","PotionOfCapacity"],"campfire_rested":0,"item_purchase_floors":[4,28,47,47],"current_hp_per_floor":[63,49,49,49,49,49,49,49,49,49,42,40,40,30,30,36,68,68,68,53,53,53,53,63,68,68,68,65,65,65,65,65,65,65,65,65,62,62,62,62,62,62,62,62,46,46,46,61,61,53],"gold":65,"neow_bonus":"REMOVE_TWO","is_daily":false,"chose_seed":false,"campfire_upgraded":10,"win_rate":0.0,"timestamp":1613920742,"path_taken":["M","?","M","$","?","R","M","R","T","?","?","M","R","E","R","BOSS","M","M","M","?","?","R","?","M","T","?","$","R","M","M","R","BOSS","M","M","?","?","M","R","$","M","T","?","E","R","$","M","R","BOSS"],"items_purchased_type":["Card","Card","Relic","Potion"],"build_version":"2020-12-22","purchased_purges":4,"victory":true,"max_hp_per_floor":[68,68,68,68,68,68,68,68,68,68,68,68,68,68,68,68,68,68,68,68,68,68,68,68,68,68,68,65,65,65,65,65,65,65,65,65,62,62,62,62,62,62,62,62,62,62,62,62,62,62],"relic_stats":{"counters":[21,117],"Ornamental Fan":[8],"Sundial":[12],"CeramicFish":153,"Question Card":15,"Cursed Key":2,"obtain_stats":[{"HornCleat":47,"Ornamental Fan":21,"Sundial":22,"CeramicFish":9,"The Courier":43,"Toxic Egg 2":26,"Cracked Core":0,"Question Card":14,"Cursed Key":17,"Symbiotic Virus":45,"FrozenCore":34},{"HornCleat":19,"Ornamental Fan":9,"Sundial":9,"CeramicFish":3,"The Courier":18,"Toxic Egg 2":11,"Cracked Core":0,"Question Card":5,"Cursed Key":6,"Symbiotic Virus":19,"FrozenCore":14},{"HornCleat":97,"Ornamental Fan":41,"Sundial":41,"CeramicFish":11,"The Courier":90,"Toxic Egg 2":49,"Cracked Core":0,"Question Card":20,"Cursed Key":29,"Symbiotic Virus":97,"FrozenCore":68}],"FrozenCore":[14]},"card_choices":[{"not_picked":["Heatsinks","Stack"],"picked":"Streamline","floor":1.0},{"not_picked":["Hologram","Cold Snap"],"picked":"Auto Shields","floor":3.0},{"not_picked":["Conserve Battery","White Noise","Multi-Cast"],"picked":"SKIP","floor":7.0},{"not_picked":["Sweeping Beam","Go for the Eyes"],"picked":"Coolheaded","floor":12.0},{"not_picked":["Barrage","White Noise"],"picked":"Self Repair","floor":14.0},{"not_picked":["Fission","Reboot","Thunder Strike"],"picked":"Rainbow","floor":16.0},{"not_picked":["Hello World","Tempest","Gash"],"picked":"Ball Lightning","floor":18.0},{"not_picked":["Steam","Barrage","Thunder Strike","Beam Cell"],"picked":"SKIP","floor":19.0},{"not_picked":["Ball Lightning","Compile Driver","Skim"],"picked":"Tempest+1","floor":20.0},{"not_picked":["FTL+1","Gash","Redo+1"],"picked":"Capacitor","floor":24.0},{"not_picked":["Steam+1","Lockon+1","Sunder+1"],"picked":"Glacier+1","floor":25.0},{"not_picked":["Auto Shields+1","Gash","Undo+1"],"picked":"Reinforced Body+1","floor":30.0},{"not_picked":["Rebound+1","Undo+1","Auto Shields+1"],"picked":"Blizzard+1","floor":31.0},{"not_picked":["All For One","Reboot+1","Creative AI"],"picked":"Amplify+1","floor":33.0},{"not_picked":["Hologram+1","Gash","Self Repair+1","Redo+1"],"picked":"SKIP","floor":35.0},{"not_picked":["Compile Driver+1","Leap+1","Lockon","Consume+1"],"picked":"SKIP","floor":36.0},{"not_picked":["Conserve Battery+1","Go for the Eyes","Beam Cell"],"picked":"Darkness+1","floor":39.0},{"not_picked":["Chill+1","Go for the Eyes+1","Rebound"],"picked":"Reboot+1","floor":42.0},{"not_picked":["Barrage+1","Go for the Eyes+1","Conserve Battery+1","Recycle+1"],"picked":"SKIP","floor":45},{"not_picked":["Ball Lightning+1","Conserve Battery+1","Steam Power+1"],"picked":"Buffer","floor":48}],"player_experience":1099230,"relics_obtained":[{"floor":9.0,"key":"CeramicFish"},{"floor":14.0,"key":"Question Card"},{"floor":26.0,"key":"Toxic Egg 2"},{"floor":43.0,"key":"The Courier"},{"floor":45,"key":"Symbiotic Virus"}],"event_choices":[{"damage_healed":0.0,"max_hp_gain":0.0,"max_hp_loss":0.0,"gold_gain":0.0,"event_name":"Shining Light","player_choice":"Entered Light","floor":2.0,"gold_loss":0.0,"damage_taken":14.0,"cards_upgraded":["Defend_B","Defend_B"]},{"damage_healed":0.0,"max_hp_gain":0.0,"max_hp_loss":0.0,"gold_gain":0.0,"event_name":"Liars Game","player_choice":"Ignored","floor":5.0,"gold_loss":0.0,"damage_taken":0.0},{"cards_removed":["Defend_B"],"damage_healed":0.0,"max_hp_gain":0.0,"max_hp_loss":0.0,"gold_gain":0.0,"event_name":"Golden Wing","player_choice":"Card Removal","floor":11.0,"gold_loss":0.0,"damage_taken":7.0},{"damage_healed":0.0,"max_hp_gain":0.0,"max_hp_loss":0.0,"gold_gain":0.0,"event_name":"Addict","player_choice":"Obtained Relic","floor":21.0,"gold_loss":85.0,"damage_taken":0.0,"relics_obtained":["Ornamental Fan"]},{"damage_healed":0.0,"max_hp_gain":0.0,"max_hp_loss":0.0,"gold_gain":0.0,"event_name":"WeMeetAgain","player_choice":"Gave Potion","floor":22.0,"gold_loss":0.0,"damage_taken":0.0,"relics_obtained":["Sundial"]},{"damage_healed":0.0,"max_hp_gain":0.0,"max_hp_loss":0.0,"gold_gain":0.0,"event_name":"Cursed Tome","player_choice":"Ignored","floor":27.0,"gold_loss":0.0,"damage_taken":0.0},{"damage_healed":0.0,"max_hp_gain":0.0,"max_hp_loss":3.0,"gold_gain":0.0,"event_name":"Winding Halls","player_choice":"Max HP","floor":37.0,"gold_loss":0.0,"damage_taken":0.0},{"damage_healed":0.0,"max_hp_gain":0.0,"max_hp_loss":0.0,"gold_gain":0.0,"event_name":"OrinTheCat","player_choice":"Ignored","floor":38.0,"gold_loss":0.0,"damage_taken":0.0},{"damage_healed":0,"gold_gain":0,"player_choice":"Ignored","damage_taken":0,"max_hp_gain":0,"max_hp_loss":0,"event_name":"Mysterious Sphere","floor":44,"gold_loss":0}],"is_beta":false,"boss_relics":[{"not_picked":["SacredBark","Philosopher\u0027s Stone"],"picked":"Cursed Key"},{"not_picked":["Empty Cage","Runic Pyramid"],"picked":"FrozenCore"}],"items_purged_floors":[4,28,41,47],"is_endless":false,"potions_floor_spawned":[1,3,7,18,19,24,30,36,42,45],"ascension_level":0}}