{"host":"9pdg8buogrkk8pz5","time":1613877132,"event":{"mods":["AchievementEnabler","Act Like it!","Bard","BaseMod","ChefMod","Dark Map","Downfall","Minty Spire (QoL Compilation)","Potionbrewer","StSLib","The Bug Knight","The Cursed","The Disciple","The Forsaken","The Marked","The Runesmith","The Showman","The Spell Scribe","TheVacant"],"gold_per_floor":[118,118,83,93,113,113,139,139,208,220,239,250,266,148,148,148,148],"floor_reached":16,"language":"ENG","playtime":2330,"items_purged":[],"score":104,"play_id":"0d59c7b4-cd33-4f64-8cf2-1fd61a6725bb","local_time":"20210220221212","is_ascension_mode":false,"campfire_choices":[{"floor":6,"key":"DIG"},{"floor":15,"key":"REST"}],"circlet_count":0,"master_deck":["chefmod:Strike","chefmod:Strike","chefmod:Strike","chefmod:Strike","chefmod:QuickThaw","chefmod:Defend","chefmod:Defend","chefmod:Defend","chefmod:Defend","chefmod:TodaysSpecial","chefmod:Gelato","CurseOfTheBell","CurseOfTheBell","chefmod:SpaghettiCarbonara","chefmod:CapreseSalad","chefmod:Fillet+1","chefmod:HotSoup","chefmod:SaveForLater","chefmod:Cleavers","chefmod:Tenderizer","chefmod:HotSoup","Madness"],"relics":["chefmod:TrustyPot","downfall:ExtraCursedBell","Bag of Preparation","Meat on the Bone","Shovel","Lantern","potionbrewer:BottledElixir","Letter Opener"],"acts_visited":["Exordium"],"potions_floor_usage":[16,16],"damage_taken":[{"damage":0,"enemies":"Small Slimes","floor":1,"turns":3},{"damage":6,"enemies":"2 Louse","floor":4,"turns":5},{"damage":1,"enemies":"Jaw Worm","floor":5,"turns":4},{"damage":64,"enemies":"3 Sentries","floor":7,"turns":20},{"damage":2,"enemies":"3 Louse","floor":10,"turns":3},{"damage":5,"enemies":"Large Slime","floor":11,"turns":6},{"damage":1,"enemies":"Lots of Slimes","floor":12,"turns":3},{"damage":5,"enemies":"Looter","floor":13,"turns":3},{"damage":71,"enemies":"The Guardian","floor":16,"turns":10}],"seed_played":"-2000250029415763604","potions_obtained":[{"floor":1,"key":"sneckomod:MuddlingPotion"},{"floor":7,"key":"LiquidMemories"},{"floor":10,"key":"PowerPotion"}],"is_trial":false,"path_per_floor":["M","?","?","M","M","R","E","?","T","M","M","M","M","$","R","B"],"character_chosen":"THE_CHEF","items_purchased":["chefmod:HotSoup","Madness"],"campfire_rested":1,"item_purchase_floors":[14,14],"current_hp_per_floor":[83,83,83,77,76,76,24,24,24,34,41,52,47,47,71,0,0],"gold":148,"neow_bonus":"TEN_PERCENT_HP_BONUS","is_daily":false,"chose_seed":false,"campfire_upgraded":0,"win_rate":0.0,"timestamp":1613877132,"path_taken":["M","?","?","M","M","R","E","?","T","M","?","M","M","$","R","BOSS"],"items_purchased_type":["Card","Card"],"build_version":"2020-12-22","purchased_purges":0,"victory":false,"max_hp_per_floor":[83,83,83,83,83,83,83,83,83,83,83,83,83,83,83,83,83],"card_choices":[{"not_picked":["chefmod:AllYouCanEat","chefmod:ColdSteel"],"picked":"chefmod:Gelato","floor":1},{"not_picked":["chefmod:DimSum","chefmod:FryPan"],"picked":"chefmod:SpaghettiCarbonara","floor":4},{"not_picked":["chefmod:BaoBuns","chefmod:Defrost"],"picked":"chefmod:CapreseSalad","floor":5},{"not_picked":["chefmod:FryPan","chefmod:Defrost"],"picked":"chefmod:Fillet","floor":7},{"not_picked":["chefmod:BleedOut","chefmod:KnifeFlurry"],"picked":"chefmod:HotSoup","floor":10},{"not_picked":["chefmod:LiquidNitrogen","chefmod:SliceAndDice"],"picked":"chefmod:SaveForLater","floor":11},{"not_picked":["chefmod:Sorbet","chefmod:BleedOut"],"picked":"chefmod:Cleavers","floor":12},{"not_picked":["chefmod:CuttingBoard","chefmod:LocoMoco"],"picked":"chefmod:Tenderizer","floor":13}],"player_experience":88064,"relics_obtained":[{"floor":2,"key":"Bag of Preparation"},{"floor":2,"key":"Meat on the Bone"},{"floor":2,"key":"Shovel"},{"floor":6,"key":"Lantern"},{"floor":7,"key":"potionbrewer:BottledElixir"},{"floor":9,"key":"Letter Opener"}],"event_choices":[{"damage_healed":20,"gold_gain":0,"player_choice":"Healed","damage_taken":0,"max_hp_gain":0,"max_hp_loss":0,"event_name":"The Cleric","floor":3,"gold_loss":35},{"damage_healed":0,"gold_gain":0,"player_choice":"Grow","damage_taken":0,"max_hp_gain":0,"max_hp_loss":0,"event_name":"Living Wall","floor":8,"gold_loss":0,"cards_upgraded":["chefmod:Fillet"]}],"is_beta":false,"boss_relics":[],"items_purged_floors":[],"is_endless":false,"potions_floor_spawned":[1,7,10],"killed_by":"The Guardian","ascension_level":0}}