{"host":"w4b7hmige5bnqipq","time":1613937920,"event":{"mods":["2.2 Compatiblity","BaseMod","Colored Map","DeckTracker","Keyboard Shortcuts","Minty Spire (QoL Compilation)","Permanent Neow","Rare Cards Sparkle","SuperFastMode","everything is the same but u backflip on backflip","slay the spire mod where everything is the same but ironclad has a cowboy hat"],"gold_per_floor":[361,16,34,44,57,57,90,90,90,108,108,143,143,162,162,162,162],"floor_reached":16,"language":"KOR","playtime":417,"items_purged":["Strike_B"],"score":218,"play_id":"eb9ec937-8c66-44e5-8ab1-77036ed58c56","local_time":"20210222050520","is_ascension_mode":true,"campfire_choices":[{"data":"Defragment","floor":6,"key":"SMITH"},{"data":"White Noise","floor":11,"key":"SMITH"},{"data":"Recycle","floor":13,"key":"SMITH"},{"data":"Zap","floor":15,"key":"SMITH"}],"circlet_count":0,"master_deck":["AscendersBane","Strike_B","Strike_B","Strike_B","Defend_B","Defend_B","Defend_B","Defend_B","Zap+1","Dualcast","Cold Snap","Defragment+1","White Noise+1","Auto Shields","Recycle+1","Hologram"],"relics":["Cracked Core","Meat on the Bone","Blue Candle","Golden Idol","Incense Burner","Unceasing Top"],"acts_visited":["Exordium"],"potions_floor_usage":[7,7,12],"damage_taken":[{"damage":1,"enemies":"Cultist","floor":1,"turns":4},{"damage":9,"enemies":"2 Louse","floor":3,"turns":3},{"damage":4,"enemies":"Small Slimes","floor":4,"turns":3},{"damage":36,"enemies":"Exordium Wildlife","floor":5,"turns":5},{"damage":19,"enemies":"Gremlin Nob","floor":7,"turns":6},{"damage":12,"enemies":"2 Fungi Beasts","floor":10,"turns":5},{"damage":13,"enemies":"3 Sentries","floor":12,"turns":7},{"damage":2,"enemies":"Blue Slaver","floor":14,"turns":4},{"damage":37,"enemies":"Slime Boss","floor":16,"turns":11}],"seed_played":"-2362952940976407962","potions_obtained":[{"floor":4,"key":"Block Potion"},{"floor":5,"key":"Explosive Potion"},{"floor":10,"key":"Strength Potion"},{"floor":12,"key":"LiquidBronze"}],"is_trial":false,"path_per_floor":["M","$","M","M","M","R","E","?","T","M","R","E","R","M","R","B"],"character_chosen":"DEFECT","items_purchased":["Meat on the Bone"],"campfire_rested":0,"item_purchase_floors":[2],"current_hp_per_floor":[63,63,54,50,26,26,19,19,19,19,19,18,18,28,28,0,0],"gold":162,"neow_bonus":"TWO_FIFTY_GOLD","is_daily":false,"chose_seed":false,"campfire_upgraded":4,"win_rate":0.0,"timestamp":1613937920,"path_taken":["M","?","M","M","M","R","E","?","T","M","R","E","R","M","R","BOSS"],"items_purchased_type":["Relic"],"build_version":"2020-12-22","purchased_purges":1,"victory":false,"max_hp_per_floor":[64,64,64,64,64,64,64,58,58,58,58,58,58,58,58,58,58],"card_choices":[{"not_picked":["Stack","Conserve Battery"],"picked":"Cold Snap","floor":1},{"not_picked":["Beam Cell","Genetic Algorithm"],"picked":"Defragment","floor":3},{"not_picked":["Turbo","Force Field"],"picked":"White Noise","floor":4},{"not_picked":["Storm","Leap"],"picked":"Auto Shields","floor":5},{"not_picked":["Leap","Cold Snap","Stack"],"picked":"SKIP","floor":7},{"not_picked":["Stack","Cold Snap","Storm"],"picked":"SKIP","floor":10},{"not_picked":["Stack","Cold Snap","Storm"],"picked":"SKIP","floor":10},{"not_picked":["Reinforced Body","Steam Power"],"picked":"Recycle","floor":12},{"not_picked":["Cold Snap","Coolheaded"],"picked":"Hologram","floor":14}],"player_experience":793696,"relics_obtained":[{"floor":7,"key":"Blue Candle"},{"floor":9,"key":"Incense Burner"},{"floor":12,"key":"Unceasing Top"}],"event_choices":[{"damage_healed":0,"gold_gain":0,"player_choice":"Lose Max HP","damage_taken":0,"relics_obtained":["Golden Idol"],"max_hp_gain":0,"max_hp_loss":6,"event_name":"Golden Idol","floor":8,"gold_loss":0}],"is_beta":false,"boss_relics":[],"items_purged_floors":[2],"is_endless":false,"potions_floor_spawned":[4,5,10,12],"killed_by":"Slime Boss","ascension_level":19}}