{"host":"bplbr8uekuotory4","time":1613877272,"event":{"mods":["Act Like it!","BaseMod","GungeonMod","Hermit","KinomotoSakuraMod(木之本樱)","Marisa（F雨　魔理沙）","Minty Spire (QoL Compilation)","Prisma Mod","Quick Restart","Reimu（博丽灵梦）","SOS（斯巴达之子）","Spicy Shops","StSLib","TestMod","The Blackbeard","The Cursed","The Mystic","The Saiyan","The Senshi","The Servant 0.9.4","Yuri Mod","[IsaacMod]以撒尖塔"],"gold_per_floor":[113,206,41,53,69,98,98,125,203,203,203,203,203],"floor_reached":11,"language":"ZHS","playtime":165,"items_purged":[],"score":201,"play_id":"61aadf4b-169c-4a3d-9bcf-5bef8d8a35f8","local_time":"20210221111432","is_ascension_mode":true,"campfire_choices":[{"data":"blackbeard:PiratesWill","floor":7.0,"key":"SMITH"}],"circlet_count":0,"master_deck":["AscendersBane","blackbeard:BlackbeardStrike","blackbeard:BlackbeardStrike","blackbeard:BlackbeardStrike","blackbeard:BlackbeardStrike","blackbeard:IntimidatingStrike","blackbeard:BlackbeardDefend","blackbeard:BlackbeardDefend","blackbeard:BlackbeardDefend","blackbeard:BlackbeardDefend","blackbeard:Cutlass","Bomb","blackbeard:Toast+1","blackbeard:PiratesWill+1","blackbeard:Boarding+1"],"relics":["blackbeard:LoadTheCannons","testmod-TestBox","HushsDoor","DeathBook","testmod-AssaultLearning","NeowsBlessing","Bag of Marbles","Art of War","Mummified Hand","CrazyTorch:ReiMu"],"acts_visited":["Exordium"],"potions_floor_usage":[11],"damage_taken":[{"damage":0.0,"enemies":"Jaw Worm","floor":1.0,"turns":1.0},{"damage":0.0,"enemies":"Cultist","floor":4.0,"turns":1.0},{"damage":0.0,"enemies":"Small Slimes","floor":5.0,"turns":1.0},{"damage":0.0,"enemies":"3 Sentries","floor":6.0,"turns":2.0},{"damage":16.0,"enemies":"Lagavulin","floor":8.0,"turns":4.0},{"damage":20,"enemies":"Gremlin Nob","floor":11,"turns":3}],"seed_played":"-7156819177058011375","potions_obtained":[{"floor":5.0,"key":"Energy Potion"},{"floor":6.0,"key":"PowerPotion"}],"is_trial":false,"path_per_floor":["M","?","$","M","M","E","R","E","T","?","E"],"character_chosen":"BLACKBEARD_CLASS","items_purchased":["Bag of Marbles"],"campfire_rested":0,"item_purchase_floors":[3],"current_hp_per_floor":[64,49,49,49,49,49,49,33,33,12,0,0,0],"gold":203,"neow_bonus":"THREE_ENEMY_KILL","is_daily":false,"chose_seed":false,"campfire_upgraded":1,"win_rate":0.0,"timestamp":1613877272,"path_taken":["M","?","?","?","M","E","R","E","T","?","E"],"items_purchased_type":["Relic"],"build_version":"2020-12-22","purchased_purges":0,"victory":false,"max_hp_per_floor":[71,71,71,71,71,71,71,71,71,71,71,71,71],"card_choices":[{"not_picked":[],"picked":"Bomb","floor":0.0},{"not_picked":["blackbeard:Sword","blackbeard:TacticalRetreat"],"picked":"blackbeard:Toast","floor":1.0},{"not_picked":["blackbeard:DangerousBlow","blackbeard:WiseDefense","blackbeard:SmithingHammer"],"picked":"SKIP","floor":4.0},{"not_picked":["blackbeard:Dagger","blackbeard:Bandana","blackbeard:FieryDefense"],"picked":"SKIP","floor":5.0},{"not_picked":["blackbeard:BuriedTreasure","blackbeard:DoubleCannonball"],"picked":"blackbeard:PiratesWill","floor":6.0},{"not_picked":["blackbeard:GoldenStrike","blackbeard:WiseDefense"],"picked":"blackbeard:Boarding","floor":8.0}],"player_experience":1164454,"relics_obtained":[{"floor":6.0,"key":"DemoMod:WeirdEgg"},{"floor":8.0,"key":"Mummified Hand"},{"floor":9.0,"key":"CrazyTorch:ReiMu"}],"event_choices":[{"damage_healed":0.0,"max_hp_gain":0.0,"max_hp_loss":0.0,"gold_gain":0.0,"event_name":"Shining Light","player_choice":"Entered Light","floor":10.0,"gold_loss":0.0,"damage_taken":21.0,"cards_upgraded":["blackbeard:Toast","blackbeard:Boarding"]}],"is_beta":false,"boss_relics":[],"items_purged_floors":[],"is_endless":false,"potions_floor_spawned":[5,6],"killed_by":"Gremlin Nob","ascension_level":18}}