{"host":"5dhwd44u3dydylwe","time":1613871874,"event":{"mods":["AchievementEnabler","BaseMod","BetterRewards","Dota2Spire","Duelist Mod","GifTheSpireLib","Hubris","Minty Spire (QoL Compilation)","Shop Mod","StSLib","Wandering Minibosses"],"gold_per_floor":[140,151,151,163,179,354,265,265,295,322,322,322,322,322,357,357,377,407,407,407,486,486,504,515,161,161,175,201,201,233,245,245,245,245,294,294,294,294,312,312,312,421,421,431,475,199,210,210,275,275,275,347,374,374,392,130,198,242,242,272,272,272,17,46,91],"floor_reached":66,"language":"ENG","playtime":7556,"items_purged":["theDuelist:Sparks","theDuelist:ArchfiendSoldier","Doubt","theDuelist:CastleWalls","theDuelist:BloodSparks+1","theDuelist:PatricianDarkness"],"score":3143,"play_id":"96bb9e8a-5fd8-4ab7-a8f3-b0d790206f72","local_time":"20210221094434","is_ascension_mode":true,"campfire_choices":[{"data":"theDuelist:ShallowGrave","floor":8,"key":"SMITH"},{"data":"theDuelist:GravityLash","floor":11,"key":"SMITH"},{"data":"theDuelist:DefenseDraw+1","floor":14,"key":"SMITH"},{"data":"theDuelist:TimeWizard","floor":20,"key":"SMITH"},{"data":"theDuelist:SeismicShockwave","floor":29,"key":"SMITH"},{"data":"theDuelist:SliferSky","floor":32,"key":"SMITH"},{"data":"theDuelist:DefenseDraw+2","floor":38,"key":"SMITH"},{"data":"theDuelist:DefenseDraw+3","floor":40,"key":"SMITH"},{"floor":41,"key":"RECALL"},{"data":"theDuelist:DefenseDraw+4","floor":50,"key":"SMITH"},{"data":"theDuelist:DefenseDraw+5","floor":54,"key":"SMITH"},{"data":"theDuelist:DragonMirror","floor":59,"key":"SMITH"},{"data":"theDuelist:ArmoredZombie","floor":62,"key":"SMITH"}],"circlet_count":0,"master_deck":["theDuelist:ArmoredZombie+1","AscendersBane","theDuelist:ClownZombie","theDuelist:ShallowGrave+1","theDuelist:DefenseDraw+6","theDuelist:GravityLash+1","theDuelist:PowerWall+1","theDuelist:TimeWizard+1","theDuelist:SliferSky+1","theDuelist:IrisEarthMother+1","theDuelist:SeismicShockwave+1","theDuelist:GaiaDragonChamp+1","theDuelist:RainbowKuriboh+1","theDuelist:EvilMind+1","theDuelist:DragonMirror+1","theDuelist:AncientRules+1","theDuelist:TyrantWing+1"],"relics":["theDuelist:MillenniumPuzzle","theDuelist:CardPoolRelic","theDuelist:CardPoolBasicRelic","theDuelist:BoosterPackPoolRelic","theDuelist:CardPoolAddRelic","theDuelist:CardPoolMinusRelic","theDuelist:CardPoolSaveRelic","theDuelist:CardPoolOptionsRelic","Anchor","hubris:Metronome","Ginger","Membership Card","Lizard Tail","Toxic Egg 2","Ornamental Fan","Oddly Smooth Stone","theDuelist:MillenniumArmor","hubris:EmptyBottle","TwistedFunnel","Kunai","Lee\u0027s Waffle","theDuelist:ShopToken","Bag of Marbles","Self Forming Clay","theDuelist:SolderToken","Sundial","Question Card","theDuelist:ZoneToken","Busted Crown","Nunchaku","Medical Kit","hubris:PeanutButter","hubris:TinFlute","Dota2Spire:ArcaneBoots","wanderingMiniBosses:OtherGremlinHorn","Dota2Spire:HandOfMidas","Runic Dome","hubris:SoftwareUpdate","Dota2Spire:AssaultCuirass","Letter Opener","hubris:Towel","Mummified Hand","hubris:BallOfYels","Dota2Spire:EyeOfSkadi","theDuelist:MillenniumRing","hubris:Potato","Dota2Spire:MagicBottle"],"acts_visited":["Exordium","TheCity","TheBeyond","TheEnding"],"potions_floor_usage":[65,65],"damage_taken":[{"damage":0,"enemies":"2 Louse","floor":1,"turns":2},{"damage":0,"enemies":"Cultist","floor":2,"turns":3},{"damage":17,"enemies":"Small Slimes","floor":4,"turns":8},{"damage":0,"enemies":"3 Louse","floor":5,"turns":7},{"damage":1,"enemies":"Lagavulin","floor":10,"turns":5},{"damage":0,"enemies":"Gremlin Nob","floor":15,"turns":4},{"damage":0,"enemies":"Large Slime","floor":17,"turns":5},{"damage":7,"enemies":"Lagavulin","floor":18,"turns":5},{"damage":0,"enemies":"The Guardian","floor":21,"turns":12},{"damage":0,"enemies":"2 Thieves","floor":23,"turns":5},{"damage":0,"enemies":"Chosen","floor":24,"turns":2},{"damage":0,"enemies":"Sentry and Sphere","floor":27,"turns":8},{"damage":0,"enemies":"Gremlin Leader","floor":28,"turns":9},{"damage":0,"enemies":"theDuelist:KaibaA2","floor":30,"turns":5},{"damage":0,"enemies":"Shelled Parasite and Fungi","floor":31,"turns":7},{"damage":0,"enemies":"Snecko","floor":35,"turns":4},{"damage":0,"enemies":"Centurion and Healer","floor":39,"turns":3},{"damage":0,"enemies":"Champ","floor":42,"turns":5},{"damage":0,"enemies":"Orb Walker","floor":44,"turns":2},{"damage":0,"enemies":"3 Darklings","floor":45,"turns":3},{"damage":0,"enemies":"Jaw Worm Horde","floor":47,"turns":3},{"damage":0,"enemies":"Reptomancer","floor":49,"turns":4},{"damage":0,"enemies":"Sphere and 2 Shapes","floor":55,"turns":3},{"damage":36,"enemies":"Nemesis","floor":57,"turns":5},{"damage":0,"enemies":"Transient","floor":58,"turns":5},{"damage":0,"enemies":"Awakened One","floor":60,"turns":5},{"damage":0,"enemies":"Shield and Spear","floor":64,"turns":4},{"damage":0,"enemies":"The Heart","floor":65,"turns":5}],"seed_played":"-3328753346314850196","potions_obtained":[{"floor":4,"key":"theDuelist:IcePotion"},{"floor":47,"key":"PowerPotion"}],"is_trial":false,"path_per_floor":["M","M","?","M","M","?","$","R","?","E","R","T","T","R","E","?","M","E","?","R","B",null,"M","M","$","?","M","E","R","E","M","R","T","T","M","?","?","R","M","R","R","B",null,"M","M","$","M","?","E","R","?","T","T","R","M","$","E","M","R","B",null,"R","$","E","B",null],"character_chosen":"THE_DUELIST","items_purchased":["Anchor","hubris:Metronome","Ginger","Membership Card","Lizard Tail","Toxic Egg 2","Ornamental Fan","Oddly Smooth Stone","theDuelist:MillenniumArmor","hubris:EmptyBottle","TwistedFunnel","Kunai","Lee\u0027s Waffle","theDuelist:DefenseDraw+1","theDuelist:CoolBottle","theDuelist:ShopToken","Nunchaku","Medical Kit","hubris:PeanutButter","hubris:SoftwareUpdate","Dota2Spire:AssaultCuirass","Dota2Spire:EyeOfSkadi","theDuelist:DragonMirror","hubris:Potato"],"campfire_rested":0,"item_purchase_floors":[0,0,0,0,0,0,0,0,0,0,0,0,0,0,0,7,25,25,25,46,46,56,56,63],"current_hp_per_floor":[87,91,91,78,85,85,85,85,85,88,88,88,88,88,88,67,72,76,76,76,87,122,122,122,122,122,130,144,144,148,159,159,159,159,165,126,126,126,131,131,131,131,172,172,177,177,186,186,186,186,186,186,186,186,186,191,155,155,155,155,193,193,193,193,205],"gold":91,"neow_bonus":"","is_daily":false,"chose_seed":false,"campfire_upgraded":12,"win_rate":0.0,"timestamp":1613871874,"path_taken":["M","M","?","M","?","?","$","R","?","E","R","T","T","R","E","?","M","E","?","R","BOSS","M","M","$","?","M","E","R","E","M","R","T","T","M","?","?","R","M","R","R","BOSS","M","M","$","M","?","E","R","?","T","T","R","M","?","E","M","R","BOSS","R","$","E","BOSS"],"items_purchased_type":["Relic","Relic","Relic","Relic","Relic","Relic","Relic","Relic","Relic","Relic","Relic","Relic","Relic","Card","Potion","Relic","Relic","Relic","Relic","Relic","Relic","Relic","Card","Relic"],"build_version":"2020-12-22","purchased_purges":6,"victory":true,"max_hp_per_floor":[87,91,91,95,102,102,102,102,102,106,106,106,106,106,106,106,111,122,122,122,133,133,133,133,133,133,141,155,155,159,170,170,170,170,176,181,181,181,186,186,186,186,186,186,191,191,200,200,200,200,200,200,200,200,200,205,205,205,205,205,205,205,205,205,205],"card_choices":[{"not_picked":["theDuelist:DefensiveTactics+1","theDuelist:SangaWater","theDuelist:GateGuardian","theDuelist:GrandSpellbookTower+1","theDuelist:ExodiaNecross"],"picked":"SKIP","floor":1},{"not_picked":["theDuelist:DefensiveTactics+1","theDuelist:SangaWater","theDuelist:GateGuardian","theDuelist:GrandSpellbookTower+1","theDuelist:ExodiaNecross"],"picked":"SKIP","floor":1},{"not_picked":["Magnetism","Panache","Sadistic Nature","Transmutation+1"],"picked":"SKIP","floor":2},{"not_picked":["theDuelist:CyberDragonInfinity","theDuelist:GaiaDragonChamp"],"picked":"theDuelist:GravityLash","floor":4},{"not_picked":["theDuelist:DefenseDraw+1","theDuelist:SafeZone+1","theDuelist:ScrapIronScarecrow+1","theDuelist:StarlightRoad+1","theDuelist:FairyBox+1"],"picked":"SKIP","floor":5},{"not_picked":["theDuelist:Fissure","theDuelist:MillenniumGolem","theDuelist:AttackTheMoon","theDuelist:LightningDarts"],"picked":"theDuelist:PowerWall+1","floor":10},{"not_picked":["theDuelist:Earthquake","theDuelist:SpellShatteringArrow","theDuelist:DefenseZone+1","theDuelist:OnslaughtFireKings+1","theDuelist:InfernoFireBlast"],"picked":"SKIP","floor":15},{"not_picked":["theDuelist:CyberDinosaur","theDuelist:NeoMagic","theDuelist:RedRisingDragon+1","theDuelist:CallAtlanteans+1"],"picked":"theDuelist:TimeWizard","floor":17},{"not_picked":["theDuelist:SangaEarth","theDuelist:DarkPaladin","theDuelist:Babycerasaurus+1","theDuelist:BackgroundDragon+1","theDuelist:GaiaDragonChamp"],"picked":"SKIP","floor":18},{"not_picked":["theDuelist:ArmageddonDragonEmp","theDuelist:CyberDragonInfinity","theDuelist:GaiaDragonChamp","theDuelist:VoidVanishment"],"picked":"theDuelist:SliferSky","floor":21},{"not_picked":["theDuelist:AncientElf+1","theDuelist:SangaEarth","theDuelist:MindAir"],"picked":"theDuelist:IrisEarthMother+1","floor":23},{"not_picked":["theDuelist:Earthquake","theDuelist:LordD+1","theDuelist:PowerKaishin+1","theDuelist:RedRisingDragon+1"],"picked":"SKIP","floor":24},{"not_picked":["theDuelist:InjectionFairy+1","theDuelist:RedRisingDragon+1","theDuelist:PowerKaishin+1","theDuelist:AncientGearGadjiltron"],"picked":"SKIP","floor":27},{"not_picked":["theDuelist:BSkullDragon","theDuelist:Lancephorhynchus","theDuelist:Scapegoat+1"],"picked":"theDuelist:SeismicShockwave","floor":28},{"not_picked":["theDuelist:Kabazauls","theDuelist:OnslaughtFireKings+1","theDuelist:TwinHeadedFire","theDuelist:BlueDragonSummoner+1"],"picked":"SKIP","floor":30},{"not_picked":["theDuelist:ArmedProtectorDragon+1","theDuelist:BSkullDragon","theDuelist:WingedDragonRa+1"],"picked":"theDuelist:GaiaDragonChamp+1","floor":31},{"not_picked":["theDuelist:MirageDragon+1","theDuelist:ExodiaLL+1","theDuelist:MoltenDestruction+1","theDuelist:Kabazauls"],"picked":"SKIP","floor":35},{"not_picked":["theDuelist:RainbowLife+1","theDuelist:RockSunrise","theDuelist:BattleOx"],"picked":"theDuelist:RainbowKuriboh+1","floor":39},{"not_picked":["theDuelist:CyberDragonVier+1","theDuelist:MegafleetDragon+1","theDuelist:Sabersaurus+1"],"picked":"theDuelist:EvilMind+1","floor":44},{"not_picked":["theDuelist:InjectionFairy","theDuelist:BlueEyes","theDuelist:BlueEyesUltimate","theDuelist:LegendaryFlameLord+1"],"picked":"SKIP","floor":45},{"not_picked":["theDuelist:CurseDragon","theDuelist:DarkHorus+1","theDuelist:BlizzardWarrior","theDuelist:AtomicScrapDragon"],"picked":"SKIP","floor":47},{"not_picked":["theDuelist:CyberEltanin+1","theDuelist:DarkstormDragon+1","theDuelist:DreadnoughtDreadnoid+1","theDuelist:WitchBlackRose+1"],"picked":"SKIP","floor":49},{"not_picked":["theDuelist:BackupSoldier+1","theDuelist:BurstBreath","theDuelist:ThreateningRoar+1","theDuelist:WhiteHowling"],"picked":"SKIP","floor":55},{"not_picked":["theDuelist:MirageDragon","theDuelist:TwinBarrelDragon","theDuelist:CoralDragon+1","theDuelist:WhiteMagicalHat+1"],"picked":"SKIP","floor":57},{"not_picked":["theDuelist:PowerWall+1","theDuelist:GoblinSecret","theDuelist:SystemDown+1"],"picked":"theDuelist:AncientRules+1","floor":58},{"not_picked":["theDuelist:BurstBreath+1","theDuelist:IcyCrevasse+1","theDuelist:AltarTribute+1"],"picked":"theDuelist:TyrantWing+1","floor":64}],"player_experience":248803,"relics_obtained":[{"floor":10,"key":"Self Forming Clay"},{"floor":12,"key":"theDuelist:SolderToken"},{"floor":13,"key":"Sundial"},{"floor":15,"key":"Question Card"},{"floor":18,"key":"theDuelist:ZoneToken"},{"floor":28,"key":"hubris:TinFlute"},{"floor":30,"key":"Dota2Spire:ArcaneBoots"},{"floor":31,"key":"wanderingMiniBosses:OtherGremlinHorn"},{"floor":33,"key":"Dota2Spire:HandOfMidas"},{"floor":49,"key":"Letter Opener"},{"floor":52,"key":"Mummified Hand"},{"floor":53,"key":"hubris:BallOfYels"},{"floor":57,"key":"theDuelist:MillenniumRing"},{"floor":64,"key":"Dota2Spire:MagicBottle"}],"event_choices":[{"cards_removed":["theDuelist:CastleWalls"],"damage_healed":0,"gold_gain":0,"player_choice":"Purged","damage_taken":0,"max_hp_gain":0,"max_hp_loss":0,"event_name":"Purifier","floor":3,"gold_loss":0},{"damage_healed":0,"gold_gain":175,"player_choice":"AGREE","damage_taken":0,"max_hp_gain":0,"max_hp_loss":0,"event_name":"Liars Game","floor":6,"gold_loss":0,"cards_obtained":["Doubt"]},{"damage_healed":0,"gold_gain":30,"player_choice":"Searched \u00273\u0027 times","damage_taken":0,"relics_obtained":["Bag of Marbles"],"max_hp_gain":0,"max_hp_loss":0,"event_name":"Dead Adventurer","floor":9,"gold_loss":0},{"damage_healed":0,"gold_gain":0,"player_choice":"Entered Light","damage_taken":21,"max_hp_gain":0,"max_hp_loss":0,"event_name":"Shining Light","floor":16,"gold_loss":0,"cards_upgraded":["theDuelist:SummonedSkull","theDuelist:BloodSparks"]},{"damage_healed":0,"gold_gain":0,"player_choice":"Leave","duelist":true,"damage_taken":0,"max_hp_gain":0,"max_hp_loss":0,"event_name":"Tomb of the Nameless","floor":19,"gold_loss":0},{"cards_removed":["theDuelist:SummonedSkull"],"damage_healed":0,"gold_gain":0,"player_choice":"Elegance","damage_taken":0,"max_hp_gain":0,"max_hp_loss":0,"event_name":"Back to Basics","floor":26,"gold_loss":0},{"damage_healed":0,"gold_gain":0,"player_choice":"Shed Blood","damage_taken":44,"max_hp_gain":5,"max_hp_loss":0,"event_name":"Forgotten Altar","floor":36,"gold_loss":0},{"damage_healed":0,"gold_gain":0,"player_choice":"Leave","duelist":true,"damage_taken":0,"max_hp_gain":0,"max_hp_loss":0,"event_name":"Relic Duplicator","floor":37,"gold_loss":0},{"damage_healed":0,"gold_gain":0,"player_choice":"Ignored","damage_taken":0,"max_hp_gain":0,"max_hp_loss":0,"event_name":"Tomb of Lord Red Mask","floor":48,"gold_loss":0}],"is_beta":false,"boss_relics":[{"not_picked":["Fusion Hammer","Black Star"],"picked":"Busted Crown"},{"not_picked":["hubris:CrackedHourglass","theDuelist:ElectricKey"],"picked":"Runic Dome"}],"items_purged_floors":[0,0,7,25,56,63],"is_endless":false,"potions_floor_spawned":[4,5,17,21,27,28,30,45,47,49,55],"ascension_level":13}}