{"host":"mvz90ilxx8epviq1","time":1613949447,"event":{"mods":["2.2 Compatiblity","AchievementEnabler","Act Like it!","Bartender","BaseMod","Better Note","Better Third Choice","Better Vampires","Clockwork Mod","Colored Map","Colored Powertips","Downfall","Gensokyo","Hallownest","Hermit","Hubris","Koishi","Marisa????????","Minty Spire (QoL Compilation)","Replay The Spire","SIMod","Shop Mod","Spicy Shops","StSLib","The Alterego","The Blackbeard","The Bug Knight","The Construct","The Cursed","The Mystic","The Poker Player","The Senshi","The Servant 0.9.4","The Wild Card","slay the spire mod where everything is the same but ironclad has a cowboy hat"],"gold_per_floor":[112,112,127,127,127,127,153,173,173,198,55,55,99,99,99,209,209,233,258,288,1,50,106,174,144,169,234,291,491,491,554,554,706,706,773,821,300,1299,1357,1357,1392,1392,1419,1419,1486,1486,1574,1624,1624,1649,1649,1649,125,184,237],"floor_reached":56,"language":"ENG","playtime":3789,"items_purged":["blackbeard:BlackbeardDefend","Normality"],"score":1561,"play_id":"89764408-40dc-4893-a3cf-43f1fefc347f","local_time":"20210221181727","is_ascension_mode":false,"campfire_choices":[{"data":"blackbeard:Rum","floor":6,"key":"SMITH"},{"data":"blackbeard:CloakAndCannonball","floor":12,"key":"SMITH"},{"floor":15,"key":"RECALL"},{"data":"blackbeard:CaptainsHat","floor":30,"key":"SMITH"},{"floor":32,"key":"REST"},{"data":"blackbeard:BeatUp","floor":40,"key":"SMITH"},{"floor":46,"key":"REST"},{"floor":49,"key":"REST"},{"data":"blackbeard:GoldenGuillotine","floor":52,"key":"SMITH"}],"circlet_count":0,"master_deck":["blackbeard:BlackbeardStrike","blackbeard:BlackbeardStrike","blackbeard:BlackbeardStrike","blackbeard:BlackbeardStrike","blackbeard:IntimidatingStrike","blackbeard:Rum+1","blackbeard:Parrot+1","blackbeard:WeaponMastery","blackbeard:CaptainsHat+1","blackbeard:BeatUp+1","blackbeard:GoldenRain","blackbeard:PirateEarring","Normality","blackbeard:GoldenGuillotine+1","blackbeard:Sharpening+1","blackbeard:CatONineTails+1","blackbeard:SmithingHammer+1","blackbeard:PiratesWill+1","Midas Touch+1","blackbeard:Dagger+1","blackbeard:Lifeboat+1","blackbeard:GoldenDefense+1","blackbeard:Recklessness+1","blackbeard:Spear+1","blackbeard:PowderKeg+1","blackbeard:BoostMorale+1","blackbeard:BuriedTreasure+1","blackbeard:Fencing+1","Secret Weapon+1","Trip+1","Panacea+1","Purity+1","blackbeard:Spear+1","Secret Weapon+1","Dark Shackles+1","Secret Weapon+1","Pot Of Greed","Pot Of Greed","blackbeard:BrownPants+1","blackbeard:GoldenStrike","Discovery+1","Pot Of Greed","Master of Strategy","blackbeard:PirateStrength","blackbeard:AgileStrike","blackbeard:GoldenStrike"],"relics":["blackbeard:LoadTheCannons","NeowsBlessing","Replay:Bandana","blackbeard:CrossedSwords","ChewingGum","Torii","Blue Doll","blackbeard:TreasureChest","Painkiller Herb","MerchantsRug","Grinning Jar","HandDrill","Nunchaku","Bronze Scales","TheAbacus","Mirror","construct:FoamFinger","Akabeko","blackbeard:Spearhead"],"acts_visited":["Exordium","TheCity","TheBeyond","TheEnding"],"potions_floor_usage":[16,19,24,28,33,35,50,50,55,55,55],"damage_taken":[{"damage":0,"enemies":"2 Louse","floor":1,"turns":1},{"damage":0,"enemies":"Jaw Worm","floor":3,"turns":1},{"damage":0,"enemies":"3 Sentries","floor":7,"turns":2},{"damage":0,"enemies":"Cultist","floor":8,"turns":2},{"damage":13,"enemies":"Exordium Thugs","floor":10,"turns":4},{"damage":0,"enemies":"Replay:BlueRogue","floor":13,"turns":5},{"damage":3,"enemies":"The Guardian","floor":16,"turns":10},{"damage":7,"enemies":"Spheric Guardian","floor":18,"turns":4},{"damage":8,"enemies":"2 Thieves","floor":19,"turns":4},{"damage":10,"enemies":"Cultist and Chosen","floor":20,"turns":6},{"damage":1,"enemies":"Snake Plant","floor":22,"turns":3},{"damage":1,"enemies":"Replay:Snechameleon","floor":23,"turns":7},{"damage":7,"enemies":"Shelled Parasite and Fungi","floor":24,"turns":3},{"damage":1,"enemies":"Centurion and Healer","floor":27,"turns":6},{"damage":1,"enemies":"3 Cultists","floor":28,"turns":5},{"damage":5,"enemies":"Snake Plant","floor":31,"turns":4},{"damage":20,"enemies":"Pondfish","floor":33,"turns":7},{"damage":7,"enemies":"Orb Walker","floor":35,"turns":4},{"damage":0,"enemies":"3 Shapes","floor":36,"turns":1},{"damage":1,"enemies":"Spire Growth","floor":39,"turns":4},{"damage":0,"enemies":"3 Darklings","floor":41,"turns":1},{"damage":6,"enemies":"4 Shapes","floor":45,"turns":2},{"damage":49,"enemies":"Nemesis","floor":47,"turns":5},{"damage":2,"enemies":"Transient","floor":48,"turns":5},{"damage":33,"enemies":"Awakened One","floor":50,"turns":7},{"damage":0,"enemies":"Shield and Spear","floor":54,"turns":1},{"damage":74,"enemies":"The Heart","floor":55,"turns":5}],"seed_played":"-3991882552534964656","potions_obtained":[{"floor":7,"key":"ColorlessPotion"},{"floor":8,"key":"LiquidMemories"},{"floor":16,"key":"ColorlessPotion"},{"floor":18,"key":"SkillPotion"},{"floor":25,"key":"Dexterity Potion"},{"floor":25,"key":"AttackPotion"},{"floor":27,"key":"Regen Potion"},{"floor":28,"key":"Swift Potion"},{"floor":33,"key":"Milkshake"},{"floor":39,"key":"GamblersBrew"},{"floor":45,"key":"SpeedPotion"},{"floor":47,"key":"Elixir"},{"floor":48,"key":"Block Potion"}],"is_trial":false,"path_per_floor":["M","?","M","?","$","R","E","M","T","M","$","R","E","?","R","B",null,"M","M","M","$","M","E","M","?","T","M","M","?","R","M","R","B",null,"?","?","T","?","?","T","?","?","T","?","?","T","E","?","T","B",null,"T","T","E","B",null],"character_chosen":"BLACKBEARD_CLASS","items_purchased":["blackbeard:CrossedSwords","Torii","MerchantsRug","Madness+1","Grinning Jar","HandDrill","blackbeard:PirateEarring","Discovery+1","SpeedPotion","Fire Potion","TheAbacus","Mirror","construct:FoamFinger","Akabeko","Master of Strategy","blackbeard:PirateStrength","blackbeard:AgileStrike"],"campfire_rested":3,"item_purchase_floors":[11,21,37,37,37,37,37,53,53,53,53,53,53,53,53,53,53],"current_hp_per_floor":[75,68,68,68,68,68,68,68,68,55,55,55,55,55,55,52,75,68,60,50,50,49,48,41,41,41,40,53,53,53,48,70,50,75,68,68,68,68,67,67,67,57,57,57,51,73,24,22,44,11,75,75,75,75,1],"gold":237,"neow_bonus":"THREE_ENEMY_KILL","is_daily":false,"chose_seed":false,"campfire_upgraded":5,"win_rate":0.0,"timestamp":1613949447,"path_taken":["M","?","M","?","?","R","E","M","T","?","?","R","E","?","R","BOSS","M","M","?","$","M","E","M","?","T","?","?","?","R","M","R","BOSS","?","?","T","?","?","T","?","?","T","?","?","T","E","?","T","BOSS","T","T","E","BOSS"],"items_purchased_type":["Relic","Relic","Relic","Card","Relic","Relic","Card","Card","Potion","Potion","Relic","Relic","Relic","Relic","Card","Card","Card"],"build_version":"2020-12-22","purchased_purges":2,"victory":true,"max_hp_per_floor":[75,75,75,75,75,75,75,75,75,75,75,75,75,75,75,75,75,75,75,75,75,75,75,75,75,75,75,75,75,75,75,75,75,75,75,75,75,75,75,75,75,75,75,75,75,75,75,75,75,75,75,75,75,75,75],"card_choices":[{"not_picked":["blackbeard:Spear","blackbeard:VengefulSpirit"],"picked":"blackbeard:WiseDefense","floor":1},{"not_picked":["blackbeard:WiseDefense","blackbeard:JollyRoger"],"picked":"blackbeard:Rum","floor":3},{"not_picked":["blackbeard:GoldenDefense","blackbeard:BeatUp"],"picked":"blackbeard:SmithingHammer","floor":7},{"not_picked":["blackbeard:DeadlyArsenal","blackbeard:WoodenLeg"],"picked":"blackbeard:Parrot","floor":8},{"not_picked":["blackbeard:Sword","blackbeard:PirateEarring"],"picked":"blackbeard:CloakAndCannonball","floor":10},{"not_picked":["blackbeard:GoldenStrike","blackbeard:Dagger"],"picked":"blackbeard:WeaponMastery","floor":13},{"not_picked":["blackbeard:UndeadForm","blackbeard:BoostMorale"],"picked":"blackbeard:CaptainsHat","floor":16},{"not_picked":["blackbeard:Rum","blackbeard:Spear"],"picked":"blackbeard:CatONineTails+1","floor":18},{"not_picked":["blackbeard:BlindAttacks","blackbeard:Fencing"],"picked":"blackbeard:BeatUp","floor":19},{"not_picked":["blackbeard:Bandana","blackbeard:Shrapnel"],"picked":"blackbeard:BuriedTreasure","floor":20},{"not_picked":["blackbeard:FieryDefense","blackbeard:Shrapnel+1"],"picked":"blackbeard:DeadlyArsenal+1","floor":22},{"not_picked":["blackbeard:DeadlyArsenal","blackbeard:Boarding"],"picked":"blackbeard:TerrorOfTheSeas","floor":23},{"not_picked":["blackbeard:RearmingStrike","blackbeard:VengefulSpirit","blackbeard:WiseDefense"],"picked":"SKIP","floor":24},{"not_picked":["blackbeard:Sword","blackbeard:DeadlyArsenal","blackbeard:BeatUp"],"picked":"SKIP","floor":27},{"not_picked":["blackbeard:Sword","blackbeard:BeatUp"],"picked":"blackbeard:GoldenDefense+1","floor":28},{"not_picked":["blackbeard:Sword","blackbeard:DeadlyArsenal","blackbeard:SmithingHammer"],"picked":"SKIP","floor":31},{"not_picked":["blackbeard:CaptainsHat","blackbeard:ReapersScythe"],"picked":"blackbeard:GoldenRain","floor":33},{"not_picked":["blackbeard:Fencing","blackbeard:GhostInTheRum"],"picked":"blackbeard:JollyRoger+1","floor":35},{"not_picked":["blackbeard:Shrapnel","blackbeard:SwordDance"],"picked":"blackbeard:PiratesWill+1","floor":36},{"not_picked":["blackbeard:Sword","blackbeard:CloakAndCannonball"],"picked":"blackbeard:CaptainsCabin+1","floor":39},{"not_picked":["blackbeard:GoldenStrike+1","blackbeard:GoldenDefense+1"],"picked":"blackbeard:GoldenGuillotine","floor":41},{"not_picked":["Good Instincts","Thinking Ahead"],"picked":"Panacea","floor":42},{"not_picked":["Impatience","Flash of Steel"],"picked":"Purity","floor":42},{"not_picked":["Mind Blast","Crow Ritual"],"picked":"Dark Shackles","floor":42},{"not_picked":["blackbeard:Fencing","blackbeard:Sharpening","blackbeard:DeadlyArsenal"],"picked":"SKIP","floor":45},{"not_picked":["blackbeard:WeaponMastery","blackbeard:PiratesWill"],"picked":"blackbeard:BrownPants+1","floor":47},{"not_picked":["blackbeard:Toast+1","blackbeard:Fencing"],"picked":"blackbeard:GoldenStrike","floor":48},{"not_picked":["blackbeard:DangerousBlow","blackbeard:Revenge"],"picked":"blackbeard:GoldenStrike","floor":54}],"player_experience":521530,"relics_obtained":[{"floor":7,"key":"Replay:Bandana"},{"floor":13,"key":"Replay:Baseball"},{"floor":23,"key":"Blue Doll"},{"floor":26,"key":"blackbeard:TreasureChest"},{"floor":43,"key":"Nunchaku"},{"floor":47,"key":"Bronze Scales"},{"floor":54,"key":"blackbeard:Spearhead"}],"event_choices":[{"cards_removed":["blackbeard:BlackbeardDefend"],"damage_healed":0,"gold_gain":0,"player_choice":"Card Removal","damage_taken":7,"max_hp_gain":0,"max_hp_loss":0,"event_name":"Golden Wing","floor":2,"gold_loss":0},{"damage_healed":68,"gold_gain":0,"player_choice":"Embrace","damage_taken":0,"max_hp_gain":0,"max_hp_loss":75,"event_name":"betterThird:BetterShining","floor":4,"gold_loss":0},{"damage_healed":0,"gold_gain":0,"player_choice":"Forge","damage_taken":0,"max_hp_gain":0,"max_hp_loss":0,"event_name":"Accursed Blacksmith","floor":14,"gold_loss":0,"cards_upgraded":["blackbeard:Parrot"]},{"damage_healed":0,"gold_gain":0,"player_choice":"Bought 2 Potions","damage_taken":0,"max_hp_gain":0,"max_hp_loss":0,"event_name":"The Woman in Blue","floor":25,"gold_loss":0},{"damage_healed":0,"gold_gain":250,"player_choice":"Bet on Owner","damage_taken":0,"max_hp_gain":0,"max_hp_loss":0,"event_name":"The Joust","floor":29,"gold_loss":50},{"damage_healed":0,"gold_gain":999,"player_choice":"Gold","damage_taken":0,"max_hp_gain":0,"max_hp_loss":0,"event_name":"MindBloom","floor":38,"gold_loss":0,"cards_obtained":["Normality","Normality"]},{"damage_healed":0,"gold_gain":0,"player_choice":"Memory 3","damage_taken":10,"max_hp_gain":0,"max_hp_loss":0,"event_name":"SensoryStone","floor":42,"gold_loss":0}],"is_beta":false,"boss_relics":[{"not_picked":["construct:WeddingRing","Tiny House"],"picked":"ChewingGum"},{"not_picked":["hubris:BlackHole","Replay:Drink Me"],"picked":"Painkiller Herb"}],"items_purged_floors":[37,53],"is_endless":false,"potions_floor_spawned":[7,8,16,18,27,28,33,39,41,45,47,48,54],"ascension_level":0}}