{"host":"vdohis8gfezcjpr9","time":1613920149,"event":{"mods":["2.2 Compatiblity","Abigail Mod","AchievementEnabler","Act Like it!","BaseMod","BetterRewards","Colored Powertips","Custom Start","Friendly Minions","Gensokyo","Kiyohime£¨?ýï£©","Koishi","Marisa£¨Ùöéë¡¡Øª×âÞÞ£©","Minty Spire (QoL Compilation)","Permanent Neow","Prisma Mod","Rare Cards Sparkle","Reimu£¨ÚÏ???£©","Shop Mod","StSLib","Swap Starting Deck Mod","The Animator"],"gold_per_floor":[113,159,159,159,170,196,196,196,196,214,248,248,248,248,248,367,367,988,1001,1001,1001,1251,1251,1343,1343,1393,1393,1393,1446,1396,1412,1412,1507,1507,1517,1517,1517,1427,1427,1453,1453,1453,1453,735,735,735,427,73,73,73,73,73,73,99,157],"floor_reached":56,"language":"KOR","playtime":2135,"items_purged":["Strike_MRS","Strike_MRS","Strike_MRS","Strike_MRS","Defend_MRS","Defend_MRS","Defend_MRS","Defend_MRS","Parasite","Parasite"],"score":1636,"play_id":"85adbca8-b46b-4857-a96d-22f4cc551213","local_time":"20210222000909","is_ascension_mode":false,"campfire_choices":[{"floor":7,"key":"RECALL"},{"data":"Pain","floor":15,"key":"PURGE"},{"data":"Clumsy","floor":23,"key":"PURGE"},{"data":"MasterSpark","floor":27,"key":"SMITH"},{"data":"UpSweep","floor":32,"key":"SMITH"},{"floor":42,"key":"REST"},{"floor":49,"key":"REST"},{"floor":52,"key":"REST"}],"circlet_count":0,"master_deck":["MasterSpark+1","UpSweep+1","Singularity+1","MysteriousBeam+1","Robbery+1","MilkyWay+1","GasGiant+1","PowerUp+1","EarthLightRay+1","ManaRampage+1","PowerUp+1","OneTimeOff+1","FairyDestructionRay+1","EnergyFlow+1","FairyDestructionRay+1","PowerUp+1","StarBarrage+1","PowerUp+1","PulseMagic+1","FinalSpark+1","AsteroidBelt+1","RefractionSpark+1","DoubleSpark+1","MysteriousBeam+1","UltimateShortwave+1","AsteroidBelt+1","DoubleSpark+1","IllusionStar+1","Gensokyo:MarisaTwilightSpark+1","Gensokyo:CrescentMoonSlash+1","SuperNova+1","Gensokyo:SpontaneousHumanCombustion+1","Gensokyo:FourOfAKind+1","Gensokyo:FourOfAKind+1","Gensokyo:FourOfAKind+1","Gensokyo:FourOfAKind+1","CollectingQuirk+1","Gensokyo:CustomPotion","Gensokyo:ReactiveArmor","Gensokyo:SpontaneousHumanCombustion+1"],"relics":["MiniHakkero","Sling","RuthlessExorcism:ReiMu","SimpleLauncher","Sundial","Tea:ReiMu","Mastiff:ReiMu","BreadOfAWashokuLover","Unceasing Top","Pear","Lee\u0027s Waffle","Molten Egg 2","Chemical X","HandmadeGrimoire","Mango","Juzu Bracelet","Toxic Egg 2","PureWhite:ReiMu","CrazyTorch:ReiMu","Lizard Tail","Peace Pipe","Darkstone Periapt","Meat on the Bone","TentaclePot:ReiMu","Blood Vial","AmplifyWand","Frozen Egg 2","Strawberry","Gensokyo:OccultBall","Gensokyo:NagashiBinaDoll","Mercury Hourglass","Vajra","Gensokyo:LunaticRedEyes","SacredBark","Kunai","Gensokyo:MosesMiracle","Nunchaku","Bag of Preparation","HornCleat","Busted Crown","Gensokyo:EmptyGrave","WingedGreaves","StoneCalendar","Ice Cream","Bird Faced Urn","Question Card","Eternal Feather","Membership Card","Ornamental Fan","Medical Kit","Mummified Hand"],"acts_visited":["Gensokyo:Gensokyo","Gensokyo:Gensokyoer","Gensokyo:Gensokyoest","TheEnding"],"potions_floor_usage":[29,29,54,55,55],"damage_taken":[{"damage":0.0,"enemies":"Gensokyo:Gryphon","floor":1.0,"turns":1.0},{"damage":0.0,"enemies":"Gensokyo:Python","floor":2.0,"turns":3.0},{"damage":0,"enemies":"Gensokyo:3_Fairies","floor":5,"turns":2},{"damage":10,"enemies":"Gensokyo:Mamizou","floor":6,"turns":2},{"damage":0,"enemies":"Gensokyo:LivingMonolith","floor":10,"turns":1},{"damage":0,"enemies":"Gensokyo:Cirno","floor":11,"turns":4},{"damage":0,"enemies":"Gensokyo:Yukari","floor":16,"turns":2},{"damage":59,"enemies":"Gensokyo:AngelMirror","floor":18,"turns":1},{"damage":0,"enemies":"Gensokyo:Chomper","floor":19,"turns":1},{"damage":0,"enemies":"Gensokyo:Tenshi","floor":24,"turns":1},{"damage":0,"enemies":"Gensokyo:Reisen","floor":29,"turns":2},{"damage":0,"enemies":"Gensokyo:Slime_Group","floor":31,"turns":2},{"damage":0,"enemies":"Gensokyo:Eiki","floor":33,"turns":1},{"damage":0,"enemies":"Gensokyo:AncientGuardian","floor":35,"turns":1},{"damage":0,"enemies":"Gensokyo:Kasen","floor":40,"turns":2},{"damage":4,"enemies":"Gensokyo:Scarlet_Devils","floor":50,"turns":3},{"damage":0,"enemies":"Shield and Spear","floor":54,"turns":1},{"damage":38,"enemies":"The Heart","floor":55,"turns":4}],"seed_played":"-3615494296348467198","potions_obtained":[{"floor":1.0,"key":"ShroomBrew"},{"floor":6,"key":"SpeedPotion"},{"floor":10,"key":"LiquidBronze"},{"floor":35,"key":"Fire Potion"}],"is_trial":false,"path_per_floor":["M","M","?","?","M","E","R","$","T","M","E","?","?","?","R","B",null,"M","M","?","?","?","R","E","?","T","R","?","E","?","M","R","B",null,"M","?","?","?","?","E","?","R","T","$","T","?","$","COS","R","B",null,"R","$","E","B",null],"character_chosen":"MARISA","items_purchased":["Sling","RuthlessExorcism:ReiMu","ShroomBag","SimpleLauncher","Sundial","Tea:ReiMu","Mastiff:ReiMu","BreadOfAWashokuLover","Unceasing Top","Pear","Lee\u0027s Waffle","Molten Egg 2","Chemical X","HandmadeGrimoire","Mango","Juzu Bracelet","Toxic Egg 2","PureWhite:ReiMu","CrazyTorch:ReiMu","Lizard Tail","Peace Pipe","Darkstone Periapt","Meat on the Bone","TentaclePot:ReiMu","Blood Vial","AmplifyWand","Frozen Egg 2","Strawberry","Singularity+1","MysteriousBeam+1","Robbery+1","MilkyWay+1","GasGiant+1","PowerUp+1","EarthLightRay+1","ManaRampage+1","PowerUp+1","OneTimeOff+1","FairyDestructionRay+1","EnergyFlow+1","FinalSpark+1","FairyDestructionRay+1","PowerUp+1","StarBarrage+1","PowerUp+1","PulseMagic+1","FinalSpark+1","AsteroidBelt+1","RefractionSpark+1","DoubleSpark+1","MysteriousBeam+1","UltimateShortwave+1","AsteroidBelt+1","Bird Faced Urn","Question Card","DistilledChaos","LiquidMemories","Membership Card","Ornamental Fan","DistilledChaos"],"campfire_rested":3,"item_purchase_floors":[0,0,0,0,0,0,0,0,0,0,0,0,0,0,0,0,0,0,0,0,0,0,0,0,0,0,0,0,0,0,0,0,0,0,0,0,0,0,0,0,0,0,0,0,0,0,0,0,0,0,0,0,0,44,44,44,44,47,47,47],"current_hp_per_floor":[107,107,107,113,113,109,109,109,109,111,113,113,97,103,103,111,119,66,68,68,68,68,68,70,70,70,70,70,70,77,77,77,77,77,77,71,43,43,71,71,71,71,71,71,71,71,71,71,71,69,71,71,71,71,47],"gold":157,"neow_bonus":"","is_daily":false,"chose_seed":false,"campfire_upgraded":2,"win_rate":0.0,"timestamp":1613920149,"path_taken":["M","M","?","?","M","E","R","?","T","M","E","?","?","?","R","BOSS","M","M","?","?","?","R","E","?","T","R","?","E","?","M","R","BOSS","M","?","?","?","?","E","?","R","T","$","?","?","?","COS","R","BOSS","R","$","E","BOSS"],"items_purchased_type":["Relic","Relic","Relic","Relic","Relic","Relic","Relic","Relic","Relic","Relic","Relic","Relic","Relic","Relic","Relic","Relic","Relic","Relic","Relic","Relic","Relic","Relic","Relic","Relic","Relic","Relic","Relic","Relic","Card","Card","Card","Card","Card","Card","Card","Card","Card","Card","Card","Card","Card","Card","Card","Card","Card","Card","Card","Card","Card","Card","Card","Card","Card","Relic","Relic","Potion","Potion","Relic","Relic","Potion"],"build_version":"2020-12-22","purchased_purges":10,"victory":true,"max_hp_per_floor":[107,107,107,113,113,113,113,113,113,113,113,113,113,119,119,119,119,119,119,108,76,76,76,76,76,76,76,70,70,77,77,77,77,77,77,71,71,71,71,71,71,71,71,71,71,71,71,71,71,71,71,71,71,71,71],"card_choices":[{"not_picked":["SporeBomb+1","AsteroidBelt+1"],"picked":"DoubleSpark+1","floor":1.0},{"not_picked":["GalacticHalo+1","PowerUp+1"],"picked":"IllusionStar+1","floor":2.0},{"not_picked":["GalacticHalo+1","ShootingEcho+1","LuminesStrike+1"],"picked":"SKIP","floor":5},{"not_picked":["RefractionSpark+1","ShootingEcho+1","ManaRampage+1"],"picked":"SKIP","floor":6},{"not_picked":["Acceleration+1","WitchOfGreed+1","MilkyWay+1"],"picked":"SKIP","floor":10},{"not_picked":["LuminesStrike+1","GravityBeat+1","AlicesGift+1"],"picked":"SKIP","floor":11},{"not_picked":["BigCrunch+1","TreasureHunter+1"],"picked":"SuperNova+1","floor":16},{"not_picked":["AsteroidBelt+1","StarBarrage+1","UnstableBomb+1"],"picked":"SKIP","floor":18},{"not_picked":["MilkyWay+1","DC+1","EnergyRecoil+1"],"picked":"SKIP","floor":19},{"not_picked":["Gensokyo:LochNessMonster+1","Gensokyo:Kunekune+1"],"picked":"Gensokyo:SpontaneousHumanCombustion+1","floor":20},{"not_picked":["AsteroidBelt+1","MachineGunSpark+1","6A+1"],"picked":"SKIP","floor":24},{"not_picked":["SporeBomb+1","ShootingEcho+1","MachineGunSpark+1"],"picked":"SKIP","floor":29},{"not_picked":["IllusionStar+1","FairyDestructionRay+1","Acceleration+1"],"picked":"SKIP","floor":31},{"not_picked":["CasketOfStar+1","JA+1"],"picked":"CollectingQuirk+1","floor":33},{"not_picked":["DarkMatter+1"],"picked":"SKIP","floor":35},{"not_picked":["GalacticHalo+1"],"picked":"SKIP","floor":40},{"not_picked":["DC+1","MysteriousBeam+1"],"picked":"SKIP","floor":54}],"player_experience":158415,"relics_obtained":[{"floor":6,"key":"Mercury Hourglass"},{"floor":11,"key":"Vajra"},{"floor":16,"key":"Gensokyo:OccultBall"},{"floor":24,"key":"Kunai"},{"floor":26,"key":"Nunchaku"},{"floor":29,"key":"HornCleat"},{"floor":33,"key":"Gensokyo:MosesMiracle"},{"floor":33,"key":"Gensokyo:OccultBall"},{"floor":40,"key":"StoneCalendar"},{"floor":43,"key":"Ice Cream"},{"floor":45,"key":"Eternal Feather"},{"floor":54,"key":"Mummified Hand"}],"event_choices":[],"is_beta":false,"boss_relics":[{"not_picked":["Empty Cage","Snecko Eye"],"picked":"SacredBark"},{"not_picked":["Coffee Dripper","RedLine:ReiMu"],"picked":"Busted Crown"}],"items_purged_floors":[0,0,0,0,0,0,0,0,0,0],"is_endless":false,"potions_floor_spawned":[1,6,10,16,18,19,24,35],"ascension_level":0}}