{"host":"r6z36w6seh15s9tg","time":1613890132,"event":{"mods":["ATMod(∞¢Ë™Mod)","Act Like it!","Arknights","BaseMod","Gensokyo","KomeijiMod","Marisa£®ÏF”Í°°ƒß¿Ì…≥£©","Minty Spire (QoL Compilation)","Reimu£®≤©¿ˆ¡È√Œ£©","Remilia£®¿Ÿ√◊¿Ú—«£©","Spicy Shops","StSLib","The Marked","The Senshi","The Servant 0.9.4","WarShipGirlsR/’ΩΩ¢…Ÿ≈ÆR mod","Youmu£®ªÍ∆«—˝√Œ£©","Yuri Mod","°æ“≈ŒÔø®≈∆°øREMEMod"],"gold_per_floor":[115,6,24,344,356,356,356,356],"floor_reached":7,"language":"ZHS","playtime":755,"items_purged":[],"score":43,"play_id":"c7b7728b-1747-4a89-9dce-0c71f18428f2","local_time":"20210221144852","is_ascension_mode":false,"campfire_choices":[{"data":"theSenshi:MoonCrisisMakeUp","floor":6,"key":"SMITH"}],"circlet_count":0,"master_deck":["theSenshi:SailorKick","theSenshi:SailorKick","theSenshi:SailorKick","theSenshi:SailorKick","theSenshi:SailorBlock","theSenshi:SailorBlock","theSenshi:SailorBlock","theSenshi:SailorBlock","theSenshi:RoseThrow","theSenshi:MoonPrismPowerMakeUp","AT_EmpoweredMortalDraw+1","MasterReality","theSenshi:SupersonicWaves","theSenshi:OdangoHead","theSenshi:MoonTiaraMagic","theSenshi:MoonCrisisMakeUp+1"],"relics":["theSenshi:TransformationBroochRelic","AT_ATBox","REME_ComplimentaryCards","theSenshi:RoseRelic","Ornamental Fan"],"acts_visited":["Gensokyo:Gensokyo"],"potions_floor_usage":[7],"damage_taken":[{"damage":0,"enemies":"Gensokyo:3_Fairies","floor":1,"turns":5},{"damage":18,"enemies":"Gensokyo:Gryphon","floor":3,"turns":4},{"damage":22,"enemies":"Gensokyo:Python","floor":4,"turns":6},{"damage":18,"enemies":"Gensokyo:3_Kodama","floor":5,"turns":3},{"damage":20,"enemies":"Gensokyo:Mamizou","floor":7,"turns":8}],"seed_played":"-2317365907848294446","potions_obtained":[{"floor":3,"key":"GrandPatriotsElixir:ReiMu"}],"is_trial":false,"path_per_floor":["M","COS","M","M","M","R","E"],"character_chosen":"THE_SENSHI","items_purchased":[],"campfire_rested":0,"item_purchase_floors":[],"current_hp_per_floor":[75,75,57,35,17,17,0,0],"gold":356,"neow_bonus":"UPGRADE_CARD","is_daily":false,"chose_seed":false,"campfire_upgraded":1,"win_rate":0.0,"timestamp":1613890132,"path_taken":["M","COS","M","M","M","R","E"],"items_purchased_type":[],"build_version":"2020-12-22","purchased_purges":0,"victory":false,"max_hp_per_floor":[75,75,75,75,75,75,75,75],"card_choices":[{"not_picked":["theSenshi:SchoolBag","theSenshi:Sidestep"],"picked":"theSenshi:SupersonicWaves","floor":1},{"not_picked":["theSenshi:MoonSpiralHeartAttack","theSenshi:LateForSchool"],"picked":"theSenshi:OdangoHead","floor":3},{"not_picked":["theSenshi:LateForSchool","theSenshi:SailorMercuryAssists"],"picked":"theSenshi:MoonTiaraMagic","floor":4},{"not_picked":["theSenshi:SailorMercuryAssists","theSenshi:LateForSchool"],"picked":"theSenshi:MoonCrisisMakeUp","floor":5}],"player_experience":110481,"relics_obtained":[],"event_choices":[],"is_beta":false,"boss_relics":[],"items_purged_floors":[],"is_endless":false,"potions_floor_spawned":[3],"killed_by":"Gensokyo:Mamizou","ascension_level":0}}