{"host":"sav7uxregyirlf69","time":1613872228,"event":{"mods":["AchievementEnabler","BaseMod","Colored Map","DeckTracker","Keyboard Shortcuts","Minty Spire (QoL Compilation)","READ ME - Guardian Mod","StSLib","SuperFastMode"],"gold_per_floor":[109,109,34,34,34,78,148,166,166,166,179,38,38,58,58,151,151,115,115,135,0,0,0,0],"floor_reached":23,"language":"KOR","playtime":345,"items_purged":["Defend_G","Strike_G"],"score":424,"play_id":"ea13a1db-4f7b-477d-b093-f1a6c462e27d","local_time":"20210221105028","is_ascension_mode":true,"campfire_choices":[{"data":"Tactician","floor":13.0,"key":"SMITH"},{"data":"Prepared","floor":15.0,"key":"SMITH"}],"circlet_count":0,"master_deck":["AscendersBane","Strike_G","Strike_G","Defend_G","Defend_G","Defend_G","Defend_G","Survivor","Neutralize","Well Laid Plans","Tactician+1","Deadly Poison","Envenom+1","After Image+1","Noxious Fumes+1","Prepared+1","Die Die Die","Catalyst","Leg Sweep","Ghostly","Ghostly","Ghostly"],"relics":["Ring of the Snake","NeowsBlessing","Golden Idol","PreservedInsect","Eternal Feather","Frozen Egg 2","Coffee Dripper"],"acts_visited":["Exordium","TheCity"],"potions_floor_usage":[23,23],"damage_taken":[{"damage":0.0,"enemies":"Cultist","floor":1.0,"turns":1.0},{"damage":0.0,"enemies":"Gremlin Nob","floor":6.0,"turns":1.0},{"damage":0.0,"enemies":"Jaw Worm","floor":8.0,"turns":1.0},{"damage":1.0,"enemies":"Small Slimes","floor":11.0,"turns":5.0},{"damage":4.0,"enemies":"Looter","floor":14.0,"turns":5.0},{"damage":19.0,"enemies":"The Guardian","floor":16.0,"turns":10.0},{"damage":29.0,"enemies":"2 Thieves","floor":18.0,"turns":5.0},{"damage":12.0,"enemies":"Spheric Guardian","floor":20.0,"turns":5.0},{"damage":21,"enemies":"Gremlin Leader","floor":23,"turns":5}],"seed_played":"-8991028590706953654","potions_obtained":[{"floor":6.0,"key":"LiquidMemories"},{"floor":8.0,"key":"Block Potion"}],"is_trial":false,"path_per_floor":["M","?","$","?","?","E","T","M","T","?","M","$","R","M","R","B",null,"M","?","M","?","?","E"],"character_chosen":"THE_SILENT","items_purchased":["Noxious Fumes+1"],"campfire_rested":0,"item_purchase_floors":[12],"current_hp_per_floor":[59,64,64,64,64,64,64,64,64,64,63,63,64,60,64,45,59,30,30,18,18,18,0,0],"gold":0,"neow_bonus":"THREE_ENEMY_KILL","is_daily":false,"chose_seed":false,"campfire_upgraded":2,"win_rate":0.0,"timestamp":1613872228,"path_taken":["M","?","$","?","?","E","?","?","T","?","M","$","R","M","R","BOSS","M","?","M","?","?","E"],"items_purchased_type":["Card"],"build_version":"2020-12-22","purchased_purges":2,"victory":false,"max_hp_per_floor":[66,71,71,71,64,64,64,64,64,64,64,64,64,64,64,64,64,64,64,64,64,32,32,32],"card_choices":[{"not_picked":["Cloak And Dagger","Backflip"],"picked":"Well Laid Plans","floor":1.0},{"not_picked":["Acrobatics","Bane"],"picked":"Tactician","floor":6.0},{"not_picked":["Deflect","Sucker Punch"],"picked":"Deadly Poison","floor":8.0},{"not_picked":["Deadly Poison","Slice"],"picked":"After Image+1","floor":11.0},{"not_picked":["Calculated Gamble","PiercingWail"],"picked":"Prepared","floor":14.0},{"not_picked":["Envenom+1","Glass Knife"],"picked":"Die Die Die","floor":16.0},{"not_picked":["Blade Dance","Quick Slash"],"picked":"Catalyst","floor":18.0},{"not_picked":["Deflect","Dash"],"picked":"Leg Sweep","floor":20.0}],"player_experience":1638144,"relics_obtained":[{"floor":6.0,"key":"PreservedInsect"},{"floor":7.0,"key":"Eternal Feather"},{"floor":9.0,"key":"Frozen Egg 2"}],"event_choices":[{"damage_healed":0.0,"max_hp_gain":5.0,"max_hp_loss":0.0,"gold_gain":0.0,"event_name":"Big Fish","player_choice":"Donut","floor":2.0,"gold_loss":0.0,"damage_taken":0.0},{"damage_healed":0.0,"max_hp_gain":0.0,"max_hp_loss":0.0,"gold_gain":0.0,"event_name":"Liars Game","player_choice":"Ignored","floor":4.0,"gold_loss":0.0,"damage_taken":0.0},{"damage_healed":0.0,"max_hp_gain":0.0,"max_hp_loss":7.0,"gold_gain":0.0,"event_name":"Golden Idol","player_choice":"Lose Max HP","floor":5.0,"gold_loss":0.0,"damage_taken":0.0,"relics_obtained":["Golden Idol"]},{"damage_healed":0.0,"max_hp_gain":0.0,"max_hp_loss":0.0,"gold_gain":0.0,"cards_transformed":["Strike_G"],"event_name":"Living Wall","player_choice":"Change","floor":10.0,"gold_loss":0.0,"damage_taken":0.0,"cards_obtained":["Envenom"]},{"cards_removed":["Strike_G"],"damage_healed":0.0,"max_hp_gain":0.0,"max_hp_loss":0.0,"gold_gain":0.0,"event_name":"Back to Basics","player_choice":"Elegance","floor":19.0,"gold_loss":0.0,"damage_taken":0.0},{"damage_healed":0,"gold_gain":0,"player_choice":"Paid Fearfully","damage_taken":0,"max_hp_gain":0,"max_hp_loss":0,"event_name":"Masked Bandits","floor":21,"gold_loss":135},{"damage_healed":0,"gold_gain":0,"player_choice":"Became a Ghost","damage_taken":0,"max_hp_gain":0,"max_hp_loss":32,"event_name":"Ghosts","floor":22,"gold_loss":0,"cards_obtained":["Ghostly","Ghostly","Ghostly"]}],"is_beta":false,"boss_relics":[{"not_picked":["Pandora\u0027s Box","Snecko Eye"],"picked":"Coffee Dripper"}],"items_purged_floors":[3,12],"is_endless":false,"potions_floor_spawned":[6,8,16,20],"killed_by":"Gremlin Leader","ascension_level":20}}