{"host":"8yon5n5je7lh4vc0","time":1613925598,"event":{"mods":["AchievementEnabler","BaseMod","BetterRewards","Downfall","Gold Saver","Good Game Mod","Highlight Path","Hubris","Minty Spire (QoL Compilation)","Permanent Neow","Quick Restart","Remilia（蕾米莉亚）","Remove Card Discount Mod","Replay The Spire","Shop Mod","Spicy Shops","StSLib","SuperFastMode","TestMod","The Animator","The Jungle","Thieving Mod","UnlockEverythingMod","篝火指南"],"gold_per_floor":[113,133,21,21,46,46,46],"floor_reached":6,"language":"ZHS","playtime":937,"items_purged":["Overencumbered","ReplayTheSpireMod:Restless Dread","ReplayTheSpireMod:Restless Dread"],"score":49,"play_id":"12cc7f7a-c62d-4063-8db1-e11f63bd7a5d","local_time":"20210222003958","is_ascension_mode":true,"campfire_choices":[],"circlet_count":0,"master_deck":["Strike_R+1","Strike_R+2","Strike_R","Strike_R","Strike_R+1","Defend_R","Defend_R","Defend_R","Defend_R","Bash","animator:Gilgamesh+3","Havoc+1","ReplayTheSpireMod:Strike From Hell","Evolve","Abandon+1","Combust","Bloodletting+1","Pain"],"relics":["Burning Blood","testmod-TestBox","REME:ComplimentaryCards","testmod-HeartOfStrike","Membership Card","Toxic Egg 2","testmod-BouquetWithThorns","Gambling Chip","Simple Rune","Cauldron","WarpedTongs"],"acts_visited":["Exordium"],"potions_floor_usage":[6,6],"damage_taken":[{"damage":0,"enemies":"2 Louse","floor":1,"turns":1},{"damage":7,"enemies":"Jaw Worm","floor":2,"turns":2},{"damage":4,"enemies":"Lagavulin","floor":6,"turns":2}],"seed_played":"3537026248200169861","potions_obtained":[{"floor":3,"key":"bronze:BurnAndBuffPotion"},{"floor":3,"key":"EntropicBrew"},{"floor":3,"key":"Toxic Potion"}],"is_trial":false,"path_per_floor":["M","M","$","?","?","E"],"character_chosen":"IRONCLAD","items_purchased":["Membership Card","Toxic Egg 2","Havoc+1","ReplayTheSpireMod:Strike From Hell","Simple Rune","Evolve","Abandon+1","Cauldron","Combust","Bloodletting+1"],"campfire_rested":0,"item_purchase_floors":[0,0,0,0,0,0,0,3,3,3],"current_hp_per_floor":[22,21,21,5,5,1,1],"gold":46,"neow_bonus":"","is_daily":false,"chose_seed":false,"campfire_upgraded":0,"win_rate":0.0,"timestamp":1613925598,"path_taken":["M","M","$","?","?","E"],"items_purchased_type":["Relic","Relic","Card","Card","Relic","Card","Card","Relic","Card","Card"],"build_version":"2020-12-22","purchased_purges":3,"victory":false,"max_hp_per_floor":[80,80,80,80,80,80,80],"card_choices":[{"not_picked":["Clothesline","hubris:ReadiedAction+1","ReplayTheSpireMod:Corrosion Curse+1"],"picked":"SKIP","floor":1},{"not_picked":["Heavy Blade","Sword Boomerang","Clothesline"],"picked":"SKIP","floor":2}],"player_experience":14425,"relics_obtained":[],"event_choices":[{"damage_healed":0,"gold_gain":0,"player_choice":"Entered Light","damage_taken":16,"max_hp_gain":0,"max_hp_loss":0,"event_name":"Shining Light","floor":4,"gold_loss":0,"cards_upgraded":["Strike_R","Strike_R"]},{"damage_healed":0,"gold_gain":0,"player_choice":"Rummage","damage_taken":0,"relics_obtained":["WarpedTongs"],"max_hp_gain":0,"max_hp_loss":0,"event_name":"Accursed Blacksmith","floor":5,"gold_loss":0,"cards_obtained":["Pain"]}],"is_beta":false,"boss_relics":[],"items_purged_floors":[3,3,3],"is_endless":false,"potions_floor_spawned":[],"killed_by":"Lagavulin","ascension_level":9}}