{"host":"rntvpg2tay0vze4i","time":1613906589,"event":{"mods":["AchievementEnabler","BaseMod","BetterRewards","Downfall","Minty Spire (QoL Compilation)","Permanent Neow","Quick Restart","READ ME - Guardian Mod","Remove Card Discount Mod","Shop Mod","StSLib","The Blackbeard","The Saiyan"],"gold_per_floor":[112,129,45,55,230,230,257,20,45,370,370,402,402,420,420,516,516,529,544,562,562,562,562],"floor_reached":22,"language":"ENG","playtime":933,"items_purged":["Strike_G","Strike_G","Defend_G"],"score":286,"play_id":"ac333c16-a2d0-441b-a70d-277ffdb5d8d6","local_time":"20210221042309","is_ascension_mode":true,"campfire_choices":[{"data":"Noxious Fumes","floor":6,"key":"SMITH"},{"data":"Noxious Fumes","floor":13,"key":"SMITH"},{"floor":15,"key":"REST"}],"circlet_count":0,"master_deck":["Strike_G+1","Strike_G","Strike_G","Defend_G","Defend_G","Defend_G","Defend_G","Survivor","Neutralize","Bouncing Flask","Flying Knee","Noxious Fumes+1","Leg Sweep","Doubt","Bullet Time+1","Noxious Fumes+1","Mayhem","Predator","Venomology","Backflip"],"relics":["Ring of the Serpent","Art of War","MealTicket","Strawberry","Old Coin","Darkstone Periapt"],"acts_visited":["Exordium","TheCity"],"potions_floor_usage":[12,19,20,22,22],"damage_taken":[{"damage":0,"enemies":"Small Slimes","floor":1,"turns":5},{"damage":0,"enemies":"Jaw Worm","floor":2,"turns":5},{"damage":4,"enemies":"2 Louse","floor":4,"turns":2},{"damage":21,"enemies":"3 Sentries","floor":7,"turns":7},{"damage":10,"enemies":"Lagavulin","floor":10,"turns":6},{"damage":12,"enemies":"Gremlin Nob","floor":12,"turns":4},{"damage":0,"enemies":"Large Slime","floor":14,"turns":6},{"damage":19,"enemies":"Hexaghost","floor":16,"turns":8},{"damage":16,"enemies":"Spheric Guardian","floor":18,"turns":4},{"damage":27,"enemies":"2 Thieves","floor":19,"turns":4},{"damage":14,"enemies":"3 Cultists","floor":20,"turns":5},{"damage":0,"enemies":"Cultist and Chosen","floor":22,"turns":1}],"seed_played":"-4498153866065758239","potions_obtained":[{"floor":1,"key":"BlessingOfTheForge"},{"floor":2,"key":"sneckomod:MuddlingPotion"},{"floor":16,"key":"Explosive Potion"},{"floor":18,"key":"ColorlessPotion"},{"floor":20,"key":"LiquidMemories"}],"is_trial":false,"path_per_floor":["M","M","$","M","?","R","E","$","T","E","?","E","R","M","R","B",null,"M","M","M","?","M"],"character_chosen":"THE_SILENT","items_purchased":["Noxious Fumes","Noxious Fumes","Mayhem"],"campfire_rested":1,"item_purchase_floors":[3,8,8],"current_hp_per_floor":[63,63,63,59,59,59,38,53,60,50,35,23,23,23,46,27,65,49,22,8,33,33,33],"gold":562,"neow_bonus":"RANDOM_COMMON_RELIC","is_daily":false,"chose_seed":false,"campfire_upgraded":2,"win_rate":0.0,"timestamp":1613906589,"path_taken":["M","M","$","M","?","R","E","$","T","E","?","E","R","M","R","BOSS","M","M","M","?","M"],"items_purchased_type":["Card","Card","Card"],"build_version":"2020-12-22","purchased_purges":3,"victory":false,"max_hp_per_floor":[70,70,70,70,70,70,70,70,77,77,77,77,77,77,77,77,77,77,77,77,77,77,77],"card_choices":[{"not_picked":["PiercingWail","Endless Agony"],"picked":"Bouncing Flask","floor":1},{"not_picked":["Acrobatics","Masterful Stab"],"picked":"Flying Knee","floor":2},{"not_picked":["Eviscerate","Outmaneuver"],"picked":"Leg Sweep","floor":4},{"not_picked":["Slice","Deflect"],"picked":"Bullet Time","floor":7},{"not_picked":["Eviscerate","Flying Knee","Dash"],"picked":"SKIP","floor":10},{"not_picked":["Caltrops","Blade Dance","Concentrate"],"picked":"SKIP","floor":12},{"not_picked":["Blade Dance","Quick Slash"],"picked":"Predator","floor":14},{"not_picked":["Envenom","Storm of Steel"],"picked":"Venomology","floor":16},{"not_picked":["Outmaneuver","Dagger Spray+1"],"picked":"Backflip","floor":18},{"not_picked":["Riddle With Holes","Outmaneuver+1","Flying Knee"],"picked":"SKIP","floor":19},{"not_picked":["PiercingWail","Backstab","Underhanded Strike"],"picked":"SKIP","floor":20}],"player_experience":662899,"relics_obtained":[{"floor":7,"key":"MealTicket"},{"floor":9,"key":"Strawberry"},{"floor":10,"key":"Old Coin"},{"floor":12,"key":"Darkstone Periapt"}],"event_choices":[{"damage_healed":0,"gold_gain":175,"player_choice":"AGREE","damage_taken":0,"max_hp_gain":0,"max_hp_loss":0,"event_name":"Liars Game","floor":5,"gold_loss":0,"cards_obtained":["Doubt"]},{"damage_healed":0,"gold_gain":0,"player_choice":"Entered Light","damage_taken":15,"max_hp_gain":0,"max_hp_loss":0,"event_name":"Shining Light","floor":11,"gold_loss":0,"cards_upgraded":["Bullet Time","Strike_G"]},{"damage_healed":25,"gold_gain":0,"player_choice":"Heal","damage_taken":0,"max_hp_gain":0,"max_hp_loss":0,"event_name":"The Library","floor":21,"gold_loss":0}],"is_beta":false,"boss_relics":[{"not_picked":["Cursed Key","HoveringKite"],"picked":"Ring of the Serpent"}],"items_purged_floors":[3,3,3],"is_endless":false,"potions_floor_spawned":[1,2,16,18,20],"killed_by":"Cultist and Chosen","ascension_level":8}}