{"host":"5wwct7e0z3l0f094","time":1613886824,"event":{"mods":["AchievementEnabler","BaseMod","Downfall","Highlight Path","Minty Spire (QoL Compilation)","Quick Restart","StSLib","SuperFastMode"],"gold_per_floor":[119,129,129,304,304,332,332,366,366,401,414,433,433,452,452,452,452],"floor_reached":16,"language":"ENG","playtime":362,"items_purged":[],"score":232,"play_id":"80b371c1-4b5d-4a67-9c46-1d976717cab5","local_time":"20210221005344","is_ascension_mode":true,"campfire_choices":[{"data":"Bash","floor":7.0,"key":"SMITH"},{"floor":13,"key":"REST"},{"floor":15,"key":"REST"}],"circlet_count":0,"master_deck":["AscendersBane","Strike_R","Strike_R","Strike_R","Strike_R","Strike_R","Defend_R","Defend_R","Defend_R","Bash+1","Clash","Doubt","Regret","Inflame","Clash","Reaper"],"relics":["Burning Blood","NeowsBlessing","Kunai","Pear","Gambling Chip","Art of War"],"acts_visited":["Exordium"],"potions_floor_usage":[16],"damage_taken":[{"damage":0.0,"enemies":"Small Slimes","floor":1.0,"turns":1.0},{"damage":0.0,"enemies":"2 Louse","floor":2.0,"turns":1.0},{"damage":0.0,"enemies":"Gremlin Nob","floor":6.0,"turns":1.0},{"damage":52.0,"enemies":"Lagavulin","floor":8.0,"turns":7.0},{"damage":41.0,"enemies":"Gremlin Nob","floor":10.0,"turns":5.0},{"damage":0.0,"enemies":"Jaw Worm","floor":11.0,"turns":1.0},{"damage":12,"enemies":"2 Fungi Beasts","floor":12,"turns":4},{"damage":21,"enemies":"Blue Slaver","floor":14,"turns":4},{"damage":59,"enemies":"Slime Boss","floor":16,"turns":8}],"seed_played":"-2342915649517769658","potions_obtained":[{"floor":8.0,"key":"DistilledChaos"},{"floor":12,"key":"SkillPotion"}],"is_trial":false,"path_per_floor":["M","M","?","?","?","E","R","E","T","E","M","M","R","M","R","B"],"character_chosen":"IRONCLAD","items_purchased":[],"campfire_rested":2,"item_purchase_floors":[],"current_hp_per_floor":[78,80,80,80,80,90,90,44,44,9,15,9,36,27,54,0,0],"gold":452,"neow_bonus":"THREE_ENEMY_KILL","is_daily":false,"chose_seed":false,"campfire_upgraded":1,"win_rate":0.0,"timestamp":1613886824,"path_taken":["M","M","?","?","?","E","R","E","T","E","M","M","R","M","R","BOSS"],"items_purchased_type":[],"build_version":"2020-12-22","purchased_purges":0,"victory":false,"max_hp_per_floor":[80,80,80,80,80,90,90,90,90,90,90,90,90,90,90,90,90],"card_choices":[{"not_picked":["True Grit","Headbutt","Body Slam"],"picked":"SKIP","floor":1.0},{"not_picked":["Shockwave","Wild Strike"],"picked":"Clash","floor":2.0},{"not_picked":["Dual Wield","Iron Wave"],"picked":"Inflame","floor":6.0},{"not_picked":["Thunderclap","True Grit"],"picked":"Clash","floor":8.0},{"not_picked":["Body Slam","Fire Breathing","Shrug It Off"],"picked":"SKIP","floor":10.0},{"not_picked":["Burning Pact","Shockwave","Havoc"],"picked":"SKIP","floor":11.0},{"not_picked":["Evolve","Iron Wave"],"picked":"Reaper","floor":12},{"not_picked":["Pommel Strike","Reckless Charge","Thunderclap"],"picked":"SKIP","floor":14}],"player_experience":350896,"relics_obtained":[{"floor":6.0,"key":"Pear"},{"floor":8.0,"key":"Gambling Chip"},{"floor":10.0,"key":"Art of War"}],"event_choices":[{"cards_removed":["Defend_R"],"damage_healed":0.0,"max_hp_gain":0.0,"max_hp_loss":0.0,"gold_gain":0.0,"event_name":"Living Wall","player_choice":"Forget","floor":3.0,"gold_loss":0.0,"damage_taken":0.0},{"damage_healed":0.0,"max_hp_gain":0.0,"max_hp_loss":0.0,"gold_gain":175.0,"event_name":"Liars Game","player_choice":"AGREE","floor":4.0,"gold_loss":0.0,"damage_taken":0.0,"cards_obtained":["Doubt"]},{"damage_healed":0.0,"max_hp_gain":0.0,"max_hp_loss":0.0,"gold_gain":0.0,"event_name":"Big Fish","player_choice":"Box","floor":5.0,"gold_loss":0.0,"damage_taken":0.0,"relics_obtained":["Kunai"],"cards_obtained":["Regret"]}],"is_beta":false,"boss_relics":[],"items_purged_floors":[],"is_endless":false,"potions_floor_spawned":[8,12],"killed_by":"Slime Boss","ascension_level":12}}