{"host":"gop1q6bv59twswbp","time":1613918186,"event":{"mods":["AlwaysNeverKeys","BaseMod","Downfall","Hermit","Minty Spire (QoL Compilation)","Permanent Neow","Rare Cards Sparkle","StSLib","The Cursed"],"gold_per_floor":[99,111,128,139,139,124,124,124,135,167,181,193,80,90,109,214,214,14,27,27,27,38,65,65,65,50,70,86,105,139,24,44,142,142,42,58,72,87,87,447,447,447,466,122,132,132,7,18,31,31,31,62,10,10,10,10,10,10],"floor_reached":56,"language":"ENG","playtime":27336,"items_purged":["Pain","bronze:Strike","bronze:Strike"],"score":697,"play_id":"ad595a7c-a90c-43a8-9c82-1acd9bf9b8a3","local_time":"20210221093626","is_ascension_mode":false,"campfire_choices":[{"data":"bronze:Goto","floor":1.0,"key":"SMITH"},{"data":"bronze:Verify","floor":18.0,"key":"SMITH"},{"data":"bronze:Return","floor":35.0,"key":"SMITH"},{"data":"bronze:FindAndReplace","floor":42,"key":"SMITH"},{"data":"bronze:FineTuning","floor":46,"key":"SMITH"},{"floor":54,"key":"REST"}],"circlet_count":0,"master_deck":["bronze:Strike","bronze:Strike","bronze:Defend","bronze:Defend","bronze:Defend","bronze:Defend","bronze:Replicate","bronze:Goto+1","Master of Strategy","bronze:Constructor","bronze:OilSpill","bronze:CutThrough","bronze:DazingPulse","bronze:Safeguard","bronze:FineTuning+1","bronze:Repair","bronze:CutThrough","bronze:Constructor","bronze:Repair","bronze:Iterate","bronze:Return+1","bronze:FindAndReplace+1","bronze:Verify+1","bronze:Shield","bronze:FollowUp","bronze:ForceShield+1","bronze:Terminator","bronze:OilSpill+1","bronze:HardenedForm","bronze:BurnOut+1","Sadistic Nature","bronze:Frontload","bronze:Iterate+1","Parasite","bronze:MaxOutput+1","bronze:Boost","bronze:BugBarrage+1"],"relics":["bronze:BronzeCore","HornCleat","bronze:SilverBullet","sneckomod:SneckoTalon","downfall:HeartBlessingBlue","downfall:HeartBlessingRed","Enchiridion","bronze:BottledCode","bronze:BronzeIdol","Molten Egg 2","Ornamental Fan","Runic Dome","downfall:HeartBlessingGreen","Pen Nib","CaptainsWheel","Guardian:BottledAnomaly","Art of War"],"acts_visited":["Exordium","TheCity","TheBeyond","TheEnding"],"potions_floor_usage":[56,56,56],"damage_taken":[{"damage":11.0,"enemies":"2 Louse","floor":2.0,"turns":4.0},{"damage":14.0,"enemies":"Jaw Worm","floor":3.0,"turns":6.0},{"damage":3.0,"enemies":"Cultist","floor":4.0,"turns":3.0},{"damage":1.0,"enemies":"Cultist","floor":5.0,"turns":2.0},{"damage":5.0,"enemies":"downfall:FleeingMerchant","floor":6.0,"turns":4.0},{"damage":10.0,"enemies":"Blue Slaver","floor":9.0,"turns":4.0},{"damage":25.0,"enemies":"3 Sentries","floor":10.0,"turns":10.0},{"damage":0.0,"enemies":"downfall:LooterAlt","floor":11.0,"turns":3.0},{"damage":6.0,"enemies":"Exordium Wildlife","floor":12.0,"turns":5.0},{"damage":3.0,"enemies":"downfall:FleeingMerchant","floor":13.0,"turns":4.0},{"damage":0.0,"enemies":"Exordium Thugs","floor":14.0,"turns":6.0},{"damage":0.0,"enemies":"3 Louse","floor":15.0,"turns":4.0},{"damage":36.0,"enemies":"IC_STATUS_ARCHETYPE","floor":16.0,"turns":11.0},{"damage":11.0,"enemies":"Chosen","floor":19.0,"turns":5.0},{"damage":7.0,"enemies":"Spheric Guardian","floor":22.0,"turns":3.0},{"damage":19.0,"enemies":"Slavers","floor":23.0,"turns":9.0},{"damage":2.0,"enemies":"downfall:FleeingMerchant","floor":26.0,"turns":4.0},{"damage":6.0,"enemies":"Snake Plant","floor":27.0,"turns":5.0},{"damage":19.0,"enemies":"Snecko","floor":28.0,"turns":7.0},{"damage":0.0,"enemies":"3 Cultists","floor":29.0,"turns":6.0},{"damage":3.0,"enemies":"Gremlin Leader","floor":30.0,"turns":6.0},{"damage":0.0,"enemies":"downfall:FleeingMerchant","floor":31.0,"turns":4.0},{"damage":21.0,"enemies":"Cultist and Chosen","floor":32.0,"turns":7.0},{"damage":10.0,"enemies":"SI_MIRROR_ARCHETYPE","floor":33.0,"turns":8.0},{"damage":0.0,"enemies":"Orb Walker","floor":36.0,"turns":4.0},{"damage":0.0,"enemies":"3 Darklings","floor":37.0,"turns":5.0},{"damage":0.0,"enemies":"Sphere and 2 Shapes","floor":38.0,"turns":3.0},{"damage":0.0,"enemies":"downfall:FleeingMerchant","floor":40.0,"turns":2.0},{"damage":12,"enemies":"4 Shapes","floor":43,"turns":4},{"damage":0,"enemies":"Jaw Worm Horde","floor":45,"turns":6},{"damage":5,"enemies":"Writhing Mass","floor":48,"turns":5},{"damage":0,"enemies":"Transient","floor":49,"turns":5},{"damage":44,"enemies":"DF_ARCHETYPE_ORBS","floor":50,"turns":9},{"damage":23,"enemies":"downfall:CharBossMerchant","floor":52,"turns":9},{"damage":8,"enemies":"downfall:NeowBoss","floor":55,"turns":12},{"damage":89,"enemies":"downfall:NeowBossFinal","floor":56,"turns":8}],"seed_played":"-6491333135291514","potions_obtained":[{"floor":5.0,"key":"BlessingOfTheForge"},{"floor":8.0,"key":"downfall:CursedFountainPotion"},{"floor":9.0,"key":"SpeedPotion"},{"floor":11.0,"key":"Regen Potion"},{"floor":16.0,"key":"LiquidBronze"},{"floor":19.0,"key":"LiquidMemories"},{"floor":22.0,"key":"AttackPotion"},{"floor":28.0,"key":"Explosive Potion"},{"floor":32.0,"key":"SneckoOil"},{"floor":33.0,"key":"ColorlessPotion"},{"floor":43,"key":"CultistPotion"}],"is_trial":false,"path_per_floor":["R","M","M","M","?","$","T","?","M","E","M","M","$","M","M","B",null,"R","M","?","?","M","E","T","?","$","M","M","M","E","$","M","B",null,"R","M","M","M","?","$","T","R","M","$","M","R","$","M","M","B",null,"E","$","R","B","B"],"character_chosen":"THE_AUTOMATON","items_purchased":["bronze:Iterate","Guardian:BottledAnomaly","Sadistic Nature","bronze:Frontload","bronze:BugBarrage+1"],"campfire_rested":1,"item_purchase_floors":[13,44,44,44,53],"current_hp_per_floor":[70,59,45,42,41,36,36,36,26,8,15,16,20,34,48,26,70,80,69,53,53,60,51,51,51,63,64,58,58,69,69,48,52,70,70,70,70,70,70,63,63,63,66,66,70,70,70,65,70,34,70,47,47,68,69,0,0,0],"gold":10,"neow_bonus":"RANDOM_COLORLESS_2","is_daily":false,"chose_seed":false,"campfire_upgraded":5,"win_rate":0.0,"timestamp":1613918186,"path_taken":["R","M","M","M","?","$","T","?","M","E","M","?","$","M","M","BOSS","R","M","?","?","M","E","T","?","?","M","M","M","E","$","M","BOSS","R","M","M","M","?","?","T","R","M","?","M","R","$","M","M","BOSS","E","$","R","BOSS","BOSS"],"items_purchased_type":["Card","Relic","Card","Card","Card"],"build_version":"2020-12-22","purchased_purges":3,"victory":false,"max_hp_per_floor":[70,70,70,70,70,70,70,70,70,70,70,70,70,70,70,70,70,80,80,80,70,70,70,70,70,70,70,70,70,70,70,70,70,70,70,70,70,70,70,70,70,70,70,70,70,70,70,70,70,70,70,70,70,70,70,70,70,70],"card_choices":[{"not_picked":["Thinking Ahead","Magnetism"],"picked":"Master of Strategy","floor":0.0},{"not_picked":["bronze:DelayedGuard","bronze:Safeguard"],"picked":"bronze:Constructor","floor":2.0},{"not_picked":["bronze:ForLoop","bronze:WildBeam"],"picked":"bronze:OilSpill","floor":3.0},{"not_picked":["bronze:DelayedGuard","bronze:Turbo"],"picked":"bronze:CutThrough","floor":4.0},{"not_picked":[],"picked":"bronze:DazingPulse","floor":5.0},{"not_picked":["bronze:Deprecate","bronze:BronzeArmor"],"picked":"bronze:Safeguard","floor":5.0},{"not_picked":["bronze:CutThrough","bronze:NullPointer"],"picked":"bronze:FineTuning","floor":6.0},{"not_picked":["bronze:FineTuning","bronze:Constructor"],"picked":"bronze:Repair","floor":9.0},{"not_picked":["bronze:BronzeArmor","bronze:Overheat"],"picked":"bronze:CutThrough","floor":10.0},{"not_picked":["bronze:Turbo","bronze:FineTuning"],"picked":"bronze:Constructor","floor":11.0},{"not_picked":["bronze:ClassDefault","bronze:BitShift","bronze:BronzeArmor"],"picked":"SKIP","floor":12.0},{"not_picked":["bronze:Optimize","bronze:DigitalCarnage"],"picked":"bronze:Repair","floor":13.0},{"not_picked":["bronze:WhirlingStrike","bronze:Deprecate"],"picked":"bronze:Return","floor":14.0},{"not_picked":["bronze:Safeguard","bronze:Fortify"],"picked":"bronze:FindAndReplace","floor":15.0},{"not_picked":["bronze:InfiniteLoop","bronze:BurnOut"],"picked":"bronze:Verify","floor":16.0},{"not_picked":["bronze:Iterate","bronze:CutThrough"],"picked":"bronze:Shield","floor":19.0},{"not_picked":["bronze:Constructor","bronze:DelayedGuard","bronze:DelayedSlice"],"picked":"SKIP","floor":22.0},{"not_picked":["bronze:ThunderWave","bronze:FineTuning"],"picked":"bronze:FollowUp","floor":23.0},{"not_picked":["bronze:BitShift","bronze:DelayedGuard","bronze:ShipIt+1"],"picked":"SKIP","floor":26.0},{"not_picked":["bronze:Constructor+1","bronze:FineTuning","bronze:Overheat+1"],"picked":"SKIP","floor":27.0},{"not_picked":["bronze:Overheat+1","bronze:Deprecate"],"picked":"bronze:ForceShield+1","floor":28.0},{"not_picked":["bronze:CutThrough+1","bronze:FineTuning"],"picked":"bronze:Terminator","floor":29.0},{"not_picked":["bronze:ChildClass","bronze:Iterate+1"],"picked":"bronze:OilSpill+1","floor":30.0},{"not_picked":["bronze:Constructor+1","bronze:BitShift+1"],"picked":"bronze:HardenedForm","floor":31.0},{"not_picked":["bronze:Turbo","bronze:Separator+1","bronze:WhirlingStrike+1"],"picked":"SKIP","floor":32.0},{"not_picked":["bronze:CleanCode","bronze:InfiniteLoop+1"],"picked":"bronze:BurnOut+1","floor":33.0},{"not_picked":["bronze:Constructor","bronze:BitShift+1","bronze:Repair"],"picked":"SKIP","floor":36.0},{"not_picked":["bronze:NullPointer+1","bronze:DelayedGuard","bronze:Deprecate+1"],"picked":"SKIP","floor":37.0},{"not_picked":["bronze:WhirlingStrike+1","bronze:Overheat+1","bronze:CleanCode"],"picked":"SKIP","floor":38.0},{"not_picked":["bronze:DigitalCarnage+1","bronze:Branch+1","bronze:Return"],"picked":"SKIP","floor":43},{"not_picked":["bronze:DelayedGuard","bronze:OilSpill+1"],"picked":"bronze:Iterate+1","floor":45},{"not_picked":["bronze:Terminator+1","bronze:BronzeArmor"],"picked":"bronze:MaxOutput+1","floor":48},{"not_picked":["bronze:Philosophize","bronze:Separator+1","bronze:FineTuning"],"picked":"SKIP","floor":49},{"not_picked":["bronze:Turbo","bronze:DelayedSlice+1"],"picked":"bronze:Boost","floor":52}],"player_experience":975703,"relics_obtained":[{"floor":7.0,"key":"HornCleat"},{"floor":10.0,"key":"bronze:SilverBullet"},{"floor":20.0,"key":"Enchiridion"},{"floor":23.0,"key":"bronze:BronzeIdol"},{"floor":24.0,"key":"Molten Egg 2"},{"floor":30.0,"key":"Ornamental Fan"},{"floor":39.0,"key":"Pen Nib"},{"floor":41,"key":"CaptainsWheel"},{"floor":52,"key":"Art of War"}],"event_choices":[{"damage_healed":0.0,"max_hp_gain":0.0,"max_hp_loss":0.0,"gold_gain":0.0,"event_name":"Vampires","player_choice":"Ignored","floor":25.0,"gold_loss":0.0,"damage_taken":0.0},{"damage_healed":0.0,"max_hp_gain":0.0,"max_hp_loss":0.0,"gold_gain":0.0,"event_name":"Wheel of Change","player_choice":"Relic","floor":39.0,"gold_loss":0.0,"damage_taken":0.0},{"damage_healed":0,"gold_gain":0,"player_choice":"Damaged","damage_taken":7,"max_hp_gain":0,"max_hp_loss":0,"event_name":"Wheel of Change","floor":40,"gold_loss":0}],"is_beta":false,"boss_relics":[{"not_picked":["Pandora\u0027s Box","Coffee Dripper"],"picked":"sneckomod:SneckoTalon"},{"not_picked":["Cursed Key","Black Star"],"picked":"Runic Dome"}],"items_purged_floors":[13,31,47],"is_endless":false,"potions_floor_spawned":[5,9,11,14,16,19,22,28,32,33,38,43,45,52],"killed_by":"downfall:NeowBossFinal","ascension_level":0}}