{"host":"mj8akmyfd5lo602f","time":1613950620,"event":{"mods":["2.2 Compatiblity","Act Like it!","BaseMod","Bestiary","BshForSts","Colored Map","Colored Powertips","Downfall","Highlight Path","Koishi","Minty Spire (QoL Compilation)","Permanent Neow","Relic Stats","StSLib","The Marked"],"gold_per_floor":[99,113,127,143,143,155,155,188,200,225,1,15,41,60,75,180,180,180,190,207,207,219,58,58,75,75,75,75],"floor_reached":27,"language":"ENG","playtime":1981,"items_purged":[],"score":229,"play_id":"b7931b64-be8c-4bee-813f-687553b3cf4b","local_time":"20210221233700","is_ascension_mode":false,"campfire_choices":[{"data":"Koishi:Provoke","floor":1.0,"key":"SMITH"},{"data":"Koishi:HeartStoppingHorror","floor":18,"key":"SMITH"},{"data":"Koishi:ImGoingToCallYouNow","floor":26,"key":"SMITH"}],"circlet_count":0,"master_deck":["Koishi:BasicStrike","Koishi:BasicStrike","Koishi:BasicStrike","Koishi:BasicStrike","Koishi:BasicDefend","Koishi:BasicDefend","Koishi:BasicDefend","Koishi:BasicDefend","Koishi:Provoke+1","Koishi:HauntingSlash+1","Koishi:RacingHeart","Koishi:StingingMind","Koishi:StrangeCloudFist","Koishi:SubterraneanRose","Koishi:JumpScare","Koishi:ImGoingToCallYouNow+1","Koishi:TremblingHands","Koishi:RoseHell","Koishi:UnconsciousUrges","Koishi:HeartStoppingHorror+1","Koishi:BloodcurdlingScream"],"relics":["Koishi:ImaginaryFriend","Koishi:TeethAndClaws","Juzu Bracelet","Black Star","downfall:RedIOU","Chemical X","FossilizedHelix"],"acts_visited":["Exordium","TheCity"],"potions_floor_usage":[19,22,22,25,27],"damage_taken":[{"damage":0.0,"enemies":"Jaw Worm","floor":2.0,"turns":4.0},{"damage":5.0,"enemies":"Small Slimes","floor":3.0,"turns":5.0},{"damage":1.0,"enemies":"2 Louse","floor":4.0,"turns":3.0},{"damage":0.0,"enemies":"downfall:LooterAlt","floor":6.0,"turns":3.0},{"damage":10.0,"enemies":"Lagavulin","floor":8.0,"turns":10.0},{"damage":0.0,"enemies":"Blue Slaver","floor":9.0,"turns":3.0},{"damage":0.0,"enemies":"downfall:FleeingMerchant","floor":11.0,"turns":4.0},{"damage":19.0,"enemies":"Gremlin Gang","floor":12.0,"turns":6.0},{"damage":32.0,"enemies":"Gremlin Nob","floor":13.0,"turns":6.0},{"damage":2.0,"enemies":"Exordium Wildlife","floor":14.0,"turns":5.0},{"damage":6.0,"enemies":"Large Slime","floor":15.0,"turns":5.0},{"damage":7.0,"enemies":"SI_SHIV_ARCHETYPE","floor":16.0,"turns":8.0},{"damage":21,"enemies":"Spheric Guardian","floor":19,"turns":9},{"damage":25,"enemies":"downfall:LooterAlt2","floor":20,"turns":5},{"damage":7,"enemies":"Snake Plant","floor":22,"turns":4},{"damage":0,"enemies":"downfall:FleeingMerchant","floor":23,"turns":4},{"damage":31,"enemies":"Chosen and Byrds","floor":25,"turns":6},{"damage":26,"enemies":"Slavers","floor":27,"turns":2}],"seed_played":"3168733766049113580","potions_obtained":[{"floor":3.0,"key":"CultistPotion"},{"floor":4.0,"key":"Energy Potion"},{"floor":12.0,"key":"SneckoOil"},{"floor":14.0,"key":"Swift Potion"},{"floor":20,"key":"Swift Potion"},{"floor":22,"key":"DuplicationPotion"}],"is_trial":false,"path_per_floor":["R","M","M","M","?","M","T","E","M","T","$","M","E","M","M","B",null,"R","M","M","?","M","$","T","M","R","E"],"character_chosen":"KOISHI","items_purchased":["Koishi:ImGoingToCallYouNow","Koishi:TremblingHands","Chemical X"],"campfire_rested":0,"item_purchase_floors":[11,11,23],"current_hp_per_floor":[60,60,60,60,65,65,65,65,65,65,65,47,43,59,53,62,65,65,56,49,49,51,51,51,24,24,0,0],"gold":75,"neow_bonus":"UPGRADE_CARD","is_daily":false,"chose_seed":false,"campfire_upgraded":3,"win_rate":0.0,"timestamp":1613950620,"path_taken":["R","M","M","M","?","M","T","E","M","?","$","M","E","M","M","BOSS","R","M","M","?","M","$","T","M","R","E"],"items_purchased_type":["Card","Card","Relic"],"build_version":"2020-12-22","purchased_purges":0,"victory":false,"max_hp_per_floor":[60,60,60,60,65,65,65,65,65,65,65,65,65,65,65,65,65,65,65,65,65,65,65,65,65,65,65,65],"relic_stats":{"counters":[18,91],"Juzu Bracelet":0,"Black Star":0,"Chemical X":[4],"obtain_stats":[{"Koishi:TeethAndClaws":7,"downfall:RedIOU":21,"Juzu Bracelet":13,"Black Star":17,"Chemical X":23,"Orichalcum":8,"FossilizedHelix":24,"Koishi:ImaginaryFriend":0},{"Koishi:TeethAndClaws":4,"downfall:RedIOU":14,"Juzu Bracelet":9,"Black Star":12,"Chemical X":16,"Orichalcum":5,"FossilizedHelix":16,"Koishi:ImaginaryFriend":0},{"Koishi:TeethAndClaws":15,"downfall:RedIOU":76,"Juzu Bracelet":44,"Black Star":62,"Chemical X":84,"Orichalcum":25,"FossilizedHelix":84,"Koishi:ImaginaryFriend":0}]},"card_choices":[{"not_picked":["Koishi:Prune","Koishi:BloodcurdlingScream"],"picked":"Koishi:RacingHeart","floor":2.0},{"not_picked":["Koishi:Jaunt","Koishi:JumpScare"],"picked":"Koishi:StingingMind","floor":3.0},{"not_picked":["Koishi:JumpScare","Koishi:Jaunt"],"picked":"Koishi:StrangeCloudFist","floor":4.0},{"not_picked":["Koishi:SubconsciousSweep","Koishi:SuperEgo"],"picked":"Koishi:SubterraneanRose","floor":6.0},{"not_picked":["Koishi:FleetingPhantom","Koishi:ReflexRadar","Koishi:CatchAndRose"],"picked":"SKIP","floor":8.0},{"not_picked":["Koishi:SubconsciousSweep","Koishi:GhostParty"],"picked":"Koishi:JumpScare","floor":9.0},{"not_picked":["Koishi:SubterraneanRose","Koishi:JumpScare","Koishi:Prune"],"picked":"SKIP","floor":11.0},{"not_picked":["Koishi:JumpScare","Koishi:ReflexRadar","Koishi:PhantomBarrier"],"picked":"SKIP","floor":12.0},{"not_picked":["Koishi:UnconsciousUprising","Koishi:Possession"],"picked":"Koishi:RoseHell","floor":13.0},{"not_picked":["Koishi:EmbryosDream","Koishi:ApparitionsStalkTheNight"],"picked":"Koishi:UnconsciousUrges","floor":14.0},{"not_picked":["Koishi:SubterraneanRose","Koishi:PhantomStrike","Koishi:FourthEye"],"picked":"SKIP","floor":15.0},{"not_picked":["Koishi:SuperEgo","Koishi:ConditionedTeleport"],"picked":"Koishi:HeartStoppingHorror","floor":16.0},{"not_picked":["Koishi:JumpScare","Koishi:SubterraneanRose+1","Koishi:ReleaseOfTheId"],"picked":"SKIP","floor":19},{"not_picked":["Koishi:FidgetySnatcher+1","Koishi:PhantomStrike","Koishi:Jaunt"],"picked":"SKIP","floor":20},{"not_picked":["Koishi:PhantomStrike+1","Koishi:SpiritedAway"],"picked":"Koishi:BloodcurdlingScream","floor":22},{"not_picked":["Koishi:DreadfulBlow","Koishi:BloodcurdlingScream","Koishi:PhantomStrike+1"],"picked":"SKIP","floor":23},{"not_picked":["Koishi:TraumaticStroke+1","Koishi:DreadfulBlow","Koishi:UnconsciousUrges"],"picked":"SKIP","floor":25}],"player_experience":551788,"relics_obtained":[{"floor":7.0,"key":"Koishi:TeethAndClaws"},{"floor":8.0,"key":"Orichalcum"},{"floor":13.0,"key":"Juzu Bracelet"},{"floor":24,"key":"FossilizedHelix"}],"event_choices":[{"damage_healed":0.0,"max_hp_gain":5.0,"max_hp_loss":0.0,"gold_gain":0.0,"event_name":"Big Fish","player_choice":"Donut","floor":5.0,"gold_loss":0.0,"damage_taken":0.0}],"is_beta":false,"boss_relics":[{"not_picked":["Runic Dome","Tiny House"],"picked":"Black Star"}],"items_purged_floors":[],"is_endless":false,"potions_floor_spawned":[3,4,12,14,15,20,22],"killed_by":"Slavers","ascension_level":0}}