{"host":"b1k9tvirjqaexfiq","time":1613888240,"event":{"mods":["AchievementEnabler","BaseMod","Bestiary","Better Third Choice","BetterRewards","Bossed Relics","CapriCore","Colored Powertips","Conspire","Curses Come First","Energized Spire","Filter the Spire","Highlight Path","Hubris","Infinite Spire","Marked Mod","Minty Spire (QoL Compilation)","Permanent Neow","Quick Restart","Rare Cards Sparkle","Reliquary","Replay The Spire","Shop Mod","StSLib","The Animator","Together in Spire","Waifu the Spire","??????REMEMod"],"gold_per_floor":[112,132,146,146,161,161,161],"floor_reached":6,"language":"ENG","playtime":353,"items_purged":[],"score":38,"play_id":"d9d4feb3-0f08-4986-b5a7-2913bd46a686","local_time":"20210221001720","is_ascension_mode":false,"campfire_choices":[],"circlet_count":0,"master_deck":["Strike_G","Strike_G","Strike_G","Strike_G","Strike_G","Defend_G","Defend_G","Defend_G","Defend_G","Defend_G","Survivor","Neutralize","REME_BuildACard","Unload","hubris:Counter","Sucker Punch","Blade Dance","Calculated Gamble"],"relics":["Ring of the Snake","REME_ComplimentaryCards","hubris:Towel"],"acts_visited":["Exordium"],"potions_floor_usage":[],"damage_taken":[{"damage":7,"enemies":"Jaw Worm","floor":1,"turns":4},{"damage":5,"enemies":"2 Louse","floor":2,"turns":3},{"damage":4,"enemies":"conspire:RoseBush","floor":3,"turns":4},{"damage":5,"enemies":"Exordium Wildlife","floor":5,"turns":4},{"damage":40,"enemies":"Lagavulin","floor":6,"turns":6}],"seed_played":"-7522704174917546941","potions_obtained":[{"floor":2,"key":"Energy Potion"}],"is_trial":false,"path_per_floor":["M","M","M","?","M","E"],"character_chosen":"THE_SILENT","items_purchased":[],"campfire_rested":0,"item_purchase_floors":[],"current_hp_per_floor":[42,37,33,33,28,0,0],"gold":161,"neow_bonus":"THREE_RARE_CARDS","is_daily":false,"chose_seed":false,"campfire_upgraded":0,"win_rate":0.0,"timestamp":1613888240,"path_taken":["M","M","M","?","M","E"],"items_purchased_type":[],"build_version":"2020-12-22","purchased_purges":0,"victory":false,"max_hp_per_floor":[70,70,70,70,70,70,70],"card_choices":[{"not_picked":["ReplayTheSpireMod:From All Sides","Replay:Bag of Tricks"],"picked":"Unload","floor":0},{"not_picked":["Prepared","Draining Mist"],"picked":"hubris:Counter","floor":1},{"not_picked":["PiercingWail","Leg Sweep"],"picked":"Sucker Punch","floor":2},{"not_picked":["Poisoned Stab","Sucker Punch"],"picked":"Blade Dance","floor":3},{"not_picked":["ReplayTheSpireMod:The Works","Bouncing Flask"],"picked":"Calculated Gamble","floor":5}],"player_experience":75020,"relics_obtained":[],"event_choices":[],"is_beta":false,"boss_relics":[],"items_purged_floors":[],"is_endless":false,"potions_floor_spawned":[2],"killed_by":"Lagavulin","ascension_level":0}}