{"host":"qrbkigq52dd42dk0","time":1613866891,"event":{"mods":["AchievementEnabler","BaseMod","Colored Map","Colored Powertips","Minty Spire (QoL Compilation)","Morshu Shopkeeper - ENHANCED","Quick Restart","StSLib","SuperFastMode","The IronCluck","everything is the same but u backflip on backflip"],"gold_per_floor":[117,134,134,134,59,59,75,75,75,75,89,123,137,148,148,252,252,263,277,297,308,3,34,34,44,124,139,158,158,158,158],"floor_reached":30,"language":"ENG","playtime":1491,"items_purged":["Decay","Defend_G"],"score":307,"play_id":"731cc28b-1d18-4b1f-916b-ed686a82c1fd","local_time":"20210221012131","is_ascension_mode":true,"campfire_choices":[{"data":"Calculated Gamble","floor":6,"key":"SMITH"},{"data":"Accuracy","floor":15,"key":"SMITH"},{"data":"Footwork","floor":24,"key":"SMITH"},{"data":"Dodge and Roll","floor":29,"key":"SMITH"}],"circlet_count":0,"master_deck":["Strike_G","Strike_G","Strike_G","Strike_G","Strike_G","Defend_G","Defend_G","Defend_G","Survivor","Neutralize","Footwork+1","Calculated Gamble+1","Prepared","PiercingWail","After Image","Blade Dance","Accuracy+1","After Image","Backflip","Dodge and Roll+1","Footwork+1","Cloak And Dagger","Dodge and Roll","Cloak And Dagger","Dodge and Roll+1"],"relics":["Ring of the Snake","NeowsBlessing","Tiny Chest","Vajra","Meat on the Bone","Black Star","Happy Flower","Bottled Lightning","Centennial Puzzle"],"acts_visited":["Exordium","TheCity"],"potions_floor_usage":[16,18,20,25],"damage_taken":[{"damage":0,"enemies":"Cultist","floor":1,"turns":1},{"damage":0,"enemies":"Small Slimes","floor":2,"turns":1},{"damage":0,"enemies":"2 Louse","floor":7,"turns":1},{"damage":0,"enemies":"Looter","floor":11,"turns":4},{"damage":60,"enemies":"Gremlin Nob","floor":12,"turns":6},{"damage":15,"enemies":"Lots of Slimes","floor":13,"turns":5},{"damage":6,"enemies":"2 Fungi Beasts","floor":14,"turns":4},{"damage":25,"enemies":"Hexaghost","floor":16,"turns":15},{"damage":1,"enemies":"Spheric Guardian","floor":18,"turns":5},{"damage":2,"enemies":"Shell Parasite","floor":19,"turns":9},{"damage":30,"enemies":"Snake Plant","floor":20,"turns":8},{"damage":9,"enemies":"Centurion and Healer","floor":21,"turns":13},{"damage":25,"enemies":"Book of Stabbing","floor":23,"turns":10},{"damage":0,"enemies":"Shelled Parasite and Fungi","floor":25,"turns":7},{"damage":2,"enemies":"Snecko","floor":27,"turns":6},{"damage":4,"enemies":"Snake Plant","floor":28,"turns":8},{"damage":56,"enemies":"Gremlin Leader","floor":30,"turns":10}],"seed_played":"-7281950646996160997","potions_obtained":[{"floor":1,"key":"EssenceOfSteel"},{"floor":7,"key":"FairyPotion"},{"floor":16,"key":"DuplicationPotion"},{"floor":18,"key":"PowerPotion"},{"floor":21,"key":"DistilledChaos"},{"floor":27,"key":"SpeedPotion"}],"is_trial":false,"path_per_floor":["M","M","?","?","$","R","M","?","T","?","M","E","M","M","R","B",null,"M","M","M","M","$","E","R","M","T","M","M","R","E"],"character_chosen":"THE_SILENT","items_purchased":["Dodge and Roll","Happy Flower"],"campfire_rested":0,"item_purchase_floors":[22,22],"current_hp_per_floor":[70,70,70,70,70,70,70,63,63,63,63,3,24,30,30,17,70,69,67,37,40,40,27,27,39,39,37,45,45,0,0],"gold":158,"neow_bonus":"THREE_ENEMY_KILL","is_daily":false,"chose_seed":false,"campfire_upgraded":4,"win_rate":0.0,"timestamp":1613866891,"path_taken":["M","?","?","?","$","R","?","?","T","?","M","E","?","M","R","BOSS","M","M","M","M","$","E","R","M","T","M","M","R","E"],"items_purchased_type":["Card","Relic"],"build_version":"2020-12-22","purchased_purges":2,"victory":false,"max_hp_per_floor":[70,70,70,70,70,70,70,70,70,70,70,70,70,70,70,70,70,70,70,70,70,70,70,70,70,70,70,70,70,70,70],"card_choices":[{"not_picked":["Flying Knee","Underhanded Strike"],"picked":"Footwork","floor":1},{"not_picked":["Slice","Deflect"],"picked":"Calculated Gamble","floor":2},{"not_picked":["Riddle With Holes","Finisher"],"picked":"Prepared","floor":7},{"not_picked":["Underhanded Strike","Masterful Stab"],"picked":"PiercingWail","floor":11},{"not_picked":["Prepared","PiercingWail"],"picked":"After Image","floor":12},{"not_picked":["Flying Knee","All Out Attack"],"picked":"Blade Dance","floor":13},{"not_picked":["Slice","Underhanded Strike"],"picked":"Accuracy","floor":14},{"not_picked":["Bullet Time","Malaise"],"picked":"After Image","floor":16},{"not_picked":["Sucker Punch","Prepared"],"picked":"Backflip","floor":18},{"not_picked":["Slice","Crippling Poison"],"picked":"Dodge and Roll","floor":19},{"not_picked":["Choke","Backflip+1"],"picked":"Footwork","floor":20},{"not_picked":["Bouncing Flask","Deflect"],"picked":"Cloak And Dagger","floor":21},{"not_picked":["Concentrate+1","Bouncing Flask"],"picked":"Cloak And Dagger","floor":23},{"not_picked":["Underhanded Strike","Bane","Infinite Blades"],"picked":"SKIP","floor":25},{"not_picked":["PiercingWail","Bane"],"picked":"Dodge and Roll+1","floor":27},{"not_picked":["Sucker Punch+1","Dash","Dagger Spray"],"picked":"SKIP","floor":28}],"player_experience":244664,"relics_obtained":[{"floor":9,"key":"Vajra"},{"floor":12,"key":"Meat on the Bone"},{"floor":23,"key":"Bottled Lightning"},{"floor":23,"key":"Centennial Puzzle"}],"event_choices":[{"cards_removed":["Defend_G"],"damage_healed":0,"gold_gain":0,"player_choice":"Forget","damage_taken":0,"max_hp_gain":0,"max_hp_loss":0,"event_name":"Living Wall","floor":3,"gold_loss":0},{"damage_healed":0,"gold_gain":0,"player_choice":"Cursed","damage_taken":0,"max_hp_gain":0,"max_hp_loss":0,"event_name":"Wheel of Change","floor":4,"gold_loss":0,"cards_obtained":["Decay"]},{"damage_healed":0,"gold_gain":0,"player_choice":"Success","damage_taken":7,"relics_obtained":["Tiny Chest"],"max_hp_gain":0,"max_hp_loss":0,"event_name":"Scrap Ooze","floor":8,"gold_loss":0},{"damage_healed":0,"gold_gain":0,"player_choice":"Upgraded","damage_taken":0,"max_hp_gain":0,"max_hp_loss":0,"event_name":"Upgrade Shrine","floor":10,"gold_loss":0,"cards_upgraded":["Footwork"]}],"is_beta":false,"boss_relics":[{"not_picked":["Coffee Dripper","Busted Crown"],"picked":"Black Star"}],"items_purged_floors":[5,22],"is_endless":false,"potions_floor_spawned":[1,7,16,18,21,27],"killed_by":"Gremlin Leader","ascension_level":4}}