{"host":"swc5gdc7cm0k0g7l","time":1613938652,"event":{"mods":["AchievementEnabler","Act Like it!","Aspiration","BaseMod","BetterRewards","Colored Map","Colored Powertips","Downfall","Duelist Mod","Hermit","Highlight Path","Hubris","Infinite Spire","Jorbs\u0027s Wanderer Trilogy","Koishi","Minty Spire (QoL Compilation)","Quick Restart","Remilia??????","Shop Mod","StSLib","SuperFastMode","The Animator"],"gold_per_floor":[135,155,330,330,350,375,375,407,434,434,452,468,200,226,226,328,328,310,289,309,327,327,327],"floor_reached":22,"language":"ENG","playtime":1180,"items_purged":["Doubt"],"score":312,"play_id":"366f901f-49fc-41f3-bbe4-349d7f1c4947","local_time":"20210221151732","is_ascension_mode":true,"campfire_choices":[{"floor":7,"key":"REST"},{"floor":10,"key":"REST"},{"data":"theDuelist:VampireGrimson","floor":15,"key":"SMITH"}],"circlet_count":0,"master_deck":["theDuelist:ZombieCorpse","theDuelist:ZombieCorpse","theDuelist:ArchfiendZombieSkull","theDuelist:ArmoredZombie","theDuelist:ArmoredZombie","theDuelist:ClownZombie","theDuelist:ClownZombie","theDuelist:PatricianDarkness","theDuelist:ShallowGrave","theDuelist:SkullConductor","theDuelist:TutanMask","theDuelist:GiantSoldier","theDuelist:MonsterReborn","theDuelist:VampireGrimson+1","theDuelist:VampireScarletScourge","theDuelist:VampireLord","theDuelist:MayakashiWinter","theDuelist:VampireSucker","theDuelist:Wasteland","theDuelist:VampireRedBaron","theDuelist:VampireFraulein"],"relics":["theDuelist:MillenniumPuzzle","theDuelist:CardPoolRelic","theDuelist:CardPoolBasicRelic","theDuelist:BoosterPackPoolRelic","theDuelist:CardPoolAddRelic","theDuelist:CardPoolMinusRelic","theDuelist:CardPoolSaveRelic","theDuelist:CardPoolOptionsRelic","theDuelist:WhiteBowlRelic","hubris:GlazedTorus","theDuelist:ShopToken","MerchantsRug","hubris:CuriousFeather","Inserter"],"acts_visited":["Exordium","TheCity"],"potions_floor_usage":[8],"damage_taken":[{"damage":10,"enemies":"Small Slimes","floor":1,"turns":4},{"damage":0,"enemies":"2 Louse","floor":2,"turns":2},{"damage":0,"enemies":"Cultist","floor":5,"turns":4},{"damage":24,"enemies":"3 Sentries","floor":6,"turns":16},{"damage":15,"enemies":"Gremlin Nob","floor":8,"turns":4},{"damage":6,"enemies":"Lots of Slimes","floor":11,"turns":4},{"damage":0,"enemies":"Gremlin Gang","floor":12,"turns":4},{"damage":0,"enemies":"3 Sentries","floor":14,"turns":6},{"damage":9,"enemies":"The Guardian","floor":16,"turns":8},{"damage":2,"enemies":"2 Thieves","floor":18,"turns":4},{"damage":27,"enemies":"Shell Parasite","floor":20,"turns":5},{"damage":7,"enemies":"Centurion and Healer","floor":21,"turns":5},{"damage":47,"enemies":"Cultist and Chosen","floor":22,"turns":8}],"seed_played":"1493148849308935357","potions_obtained":[{"floor":5,"key":"SkillPotion"},{"floor":6,"key":"theDuelist:WhiteBottle"},{"floor":21,"key":"theDuelist:SolderPotionB"}],"is_trial":false,"path_per_floor":["M","M","?","?","M","E","R","E","T","R","M","M","$","E","R","B",null,"M","$","M","M","M"],"character_chosen":"THE_DUELIST","items_purchased":["theDuelist:ShopToken","MerchantsRug","theDuelist:Wasteland"],"campfire_rested":2,"item_purchase_floors":[13,13,19],"current_hp_per_floor":[62,62,62,62,62,38,59,44,44,65,59,59,59,59,59,50,67,65,65,38,31,0,0],"gold":327,"neow_bonus":"ONE_RARE_RELIC","is_daily":false,"chose_seed":false,"campfire_upgraded":1,"win_rate":0.0,"timestamp":1613938652,"path_taken":["M","M","?","?","M","E","R","E","T","R","M","M","$","E","R","BOSS","M","?","?","M","M"],"items_purchased_type":["Relic","Relic","Card"],"build_version":"2020-12-22","purchased_purges":1,"victory":false,"max_hp_per_floor":[72,72,72,72,72,72,72,72,72,72,72,72,72,72,72,72,72,72,72,72,72,72,72],"card_choices":[{"not_picked":["theDuelist:GhostrickWarwolf","theDuelist:GhostrickStein","theDuelist:GhostrickSpecter","theDuelist:GhostrickMummy"],"picked":"theDuelist:GhostrickAlucard","floor":1},{"not_picked":["theDuelist:Kasha","theDuelist:GhostBelle","theDuelist:GhostrickYeti","theDuelist:Polymerization","theDuelist:SkullConductor"],"picked":"SKIP","floor":2},{"not_picked":["theDuelist:VendreadRevolution","theDuelist:HauntedShrine","theDuelist:GhostrickParade","theDuelist:GhostrickMuseum","theDuelist:FragmentFusion"],"picked":"SKIP","floor":5},{"not_picked":["theDuelist:VendreadNightmare","theDuelist:UltraPolymerization"],"picked":"theDuelist:MonsterReborn","floor":6},{"not_picked":["theDuelist:GhostrickSpecter","theDuelist:VendreadCore","theDuelist:Mezuki","theDuelist:VendreadAnima"],"picked":"theDuelist:VampireGrimson","floor":8},{"not_picked":["theDuelist:ShadowVampire","theDuelist:GhostrickStein","theDuelist:GhostrickGhoul","theDuelist:Gashadokuro"],"picked":"theDuelist:VampireScarletScourge","floor":11},{"not_picked":["theDuelist:VampireVamp","theDuelist:VampireHunter","theDuelist:VampireGrimson","theDuelist:VampireGenesis"],"picked":"theDuelist:VampireLord","floor":12},{"not_picked":["theDuelist:ZombieWarrior","theDuelist:Kasha","theDuelist:GhostReaper","theDuelist:AshBlossom","theDuelist:PhantomGhost"],"picked":"SKIP","floor":14},{"not_picked":["theDuelist:YukiOnnaAbsolute","theDuelist:UltraPolymerization","theDuelist:DecayedCommander","theDuelist:BookEclipse"],"picked":"theDuelist:MayakashiWinter","floor":16},{"not_picked":["theDuelist:VendreadCore","theDuelist:RevendreadSlayer","theDuelist:GhostrickSpecter","theDuelist:GhostrickMummy"],"picked":"theDuelist:VampireSucker","floor":18},{"not_picked":["theDuelist:VampireFraulein","theDuelist:GhostrickYeti","theDuelist:GhostrickJiangshi","theDuelist:Gashadokuro"],"picked":"theDuelist:VampireRedBaron","floor":20},{"not_picked":["theDuelist:Pumpking","theDuelist:OvertexQoatlus","theDuelist:MoltenZombie","theDuelist:VampireTakeover"],"picked":"theDuelist:VampireFraulein","floor":21}],"player_experience":111250,"relics_obtained":[{"floor":6,"key":"hubris:GlazedTorus"},{"floor":8,"key":"infinitespire:Beetle Shell"},{"floor":14,"key":"hubris:CuriousFeather"}],"event_choices":[{"damage_healed":0,"gold_gain":175,"player_choice":"AGREE","damage_taken":0,"max_hp_gain":0,"max_hp_loss":0,"event_name":"Liars Game","floor":3,"gold_loss":0,"cards_obtained":["Doubt"]},{"damage_healed":0,"gold_gain":0,"player_choice":"1 cards matched","damage_taken":0,"max_hp_gain":0,"max_hp_loss":0,"event_name":"Match and Keep!","floor":4,"gold_loss":0,"cards_obtained":["theDuelist:GiantSoldier"]}],"is_beta":false,"boss_relics":[{"not_picked":["Astrolabe","Fusion Hammer"],"picked":"Inserter"}],"items_purged_floors":[13],"is_endless":false,"potions_floor_spawned":[5,6,21],"killed_by":"Cultist and Chosen","ascension_level":7}}