{"host":"bjzqjr1ycgj8gt55","time":1613876651,"event":{"mods":["100% Spire Juice","BaseMod","Better Altar","Better Match","Better Sensory Stone","Better Skull","Better Third Choice","Better Vampires","Block Reminder","Colored Map","Colored Powertips","GifTheSpireLib","Hermit","Infinite Spire","Minty Spire (QoL Compilation)","Rare Cards Sparkle","Red Circlet Mod","Shade Mod","Shop Mod","Spicy Shops","StSLib","The Cursed","The Jungle","The Marked","The Necromancer","TheVacant","Waifu the Spire","everything is the same but u backflip on backflip","slay the spire mod where everything is the same but ironclad has a cowboy hat"],"gold_per_floor":[363,177,188,18,33,68,68,79,102,102,162,162,190,204,204,309,309,323,176,192,202,214,214,241,323,350,350,367,69,103,114,114,215,215,231,231,9,25,42,75,75,109,136,136,151,161,161,181,181,181,181,181,9,35,35],"floor_reached":56,"language":"ENG","playtime":2456,"items_purged":["Strike_W","Strike_W","Strike_W"],"score":1377,"play_id":"f1fe43ed-5d6b-4efb-bf63-617f4a6a2eec","local_time":"20210220210411","is_ascension_mode":true,"campfire_choices":[{"data":"Summon_Undead_Army","floor":7,"key":"SMITH"},{"data":"Death_March_Dance","floor":10,"key":"SMITH"},{"floor":15,"key":"REST"},{"data":"Scare","floor":23,"key":"SMITH"},{"floor":32,"key":"REST"},{"floor":41,"key":"REST"},{"floor":44,"key":"RECALL"},{"data":"Summon_Vampire_Lady","floor":47,"key":"SMITH"},{"data":"Summon_Vampire_Lady","floor":49,"key":"SMITH"},{"data":"Summon_Death_Knight","floor":52,"key":"SMITH"}],"circlet_count":0,"master_deck":["Defend_W","Defend_W","Defend_W","Negative_Energy_Arrows","Bone_Wall","Deaths_Shadow","Scare","Death_March_Dance+1","Finger_Of_Death","Summon_Undead_Army+1","Blood_Is_Power","Spectral_Walk","Life_Drain","Life_Tap","Summon_Vampire_Lady+1","Finger_Of_Death","Summon_Vampire_Lady+1","Negative_Energy_Javelin+1","Corrupt","Scare+1","Summon_Undead_Army+1","Uncharnel+1","The Bomb","Summon_Death_Knight+1","Spectral_Walk+1","Negative_Energy_Javelin","Summon_Undead_Army","Life_Tap","Shade_Step","Deaths_Shadow+1","Death_Knell","Consume_Illness","Summon_Undead+1","Negative_Energy_Javelin"],"relics":["Vampire_Amulet","Membership Card","Strange Spoon","Lantern","Oddly Smooth Stone","Boot","Dream Catcher","Centennial Puzzle","SlaversCollar","Bronze Scales","Strawberry","Art of War","infinitespire:Lucky Rock","PreservedInsect","Anchor","Smiling Mask","Sozu","Lee\u0027s Waffle","Juzu Bracelet","Singing Bowl","Orichalcum","Unceasing Top","Incense Burner","Mummified Hand"],"acts_visited":["Exordium","TheCity","TheBeyond","TheEnding"],"potions_floor_usage":[6,11,22,40],"damage_taken":[{"damage":2,"enemies":"Small Slimes","floor":1,"turns":4},{"damage":0,"enemies":"Jaw Worm","floor":3,"turns":2},{"damage":4,"enemies":"infinitespire:Voidling","floor":5,"turns":2},{"damage":15,"enemies":"3 Sentries","floor":6,"turns":9},{"damage":5,"enemies":"Red Slaver","floor":8,"turns":4},{"damage":25,"enemies":"Lagavulin Event","floor":11,"turns":4},{"damage":29,"enemies":"Gremlin Nob","floor":13,"turns":5},{"damage":13,"enemies":"Large Slime","floor":14,"turns":4},{"damage":24,"enemies":"The Guardian","floor":16,"turns":11},{"damage":21,"enemies":"3 Byrds","floor":18,"turns":5},{"damage":15,"enemies":"Spheric Guardian","floor":20,"turns":4},{"damage":11,"enemies":"Cultist and Chosen","floor":21,"turns":5},{"damage":15,"enemies":"Snecko","floor":22,"turns":3},{"damage":31,"enemies":"Slavers","floor":24,"turns":5},{"damage":18,"enemies":"Shelled Parasite and Fungi","floor":28,"turns":4},{"damage":20,"enemies":"Gremlin Leader","floor":30,"turns":3},{"damage":10,"enemies":"Snake Plant","floor":31,"turns":2},{"damage":45,"enemies":"Automaton","floor":33,"turns":8},{"damage":58,"enemies":"3 Darklings","floor":35,"turns":6},{"damage":35,"enemies":"Orb Walker","floor":38,"turns":3},{"damage":43,"enemies":"Maw","floor":39,"turns":6},{"damage":32,"enemies":"Reptomancer","floor":40,"turns":5},{"damage":6,"enemies":"Nemesis","floor":42,"turns":3},{"damage":35,"enemies":"Jaw Worm Horde","floor":45,"turns":5},{"damage":2,"enemies":"3 Darklings","floor":46,"turns":4},{"damage":9,"enemies":"Spire Growth","floor":48,"turns":4},{"damage":64,"enemies":"infinitespire:MassOfShapes","floor":50,"turns":8},{"damage":16,"enemies":"Shield and Spear","floor":54,"turns":4},{"damage":106,"enemies":"The Heart","floor":55,"turns":9}],"seed_played":"1882318732289025593","potions_obtained":[{"floor":3,"key":"EssenceOfSteel"},{"floor":6,"key":"FairyPotion"},{"floor":8,"key":"SneckoOil"},{"floor":13,"key":"Ancient Potion"},{"floor":18,"key":"FearPotion"},{"floor":20,"key":"PowerPotion"},{"floor":28,"key":"LiquidMemories"}],"is_trial":false,"path_per_floor":["M","$","M","$","M","E","R","M","T","R","?","?","E","M","R","B",null,"M","$","M","M","M","R","E","T","T","?","M","$","E","M","R","B",null,"M","?","$","M","M","E","R","E","T","R","M","M","R","M","R","B",null,"R","$","E","B",null],"character_chosen":"NECROMANCER","items_purchased":["Membership Card","Scare","Death_March_Dance","Strange Spoon","Lantern","Summon_Undead_Army","Bronze Scales","Strawberry","PreservedInsect","Anchor","The Bomb","Lee\u0027s Waffle","Summon_Undead_Army","Life_Tap","Shade_Step","Unceasing Top","Incense Burner","Negative_Energy_Javelin"],"campfire_rested":3,"item_purchase_floors":[2,2,2,4,4,4,19,19,29,29,29,37,37,37,37,53,53,53],"current_hp_per_floor":[68,68,68,68,66,57,57,54,54,54,31,31,10,7,27,38,68,68,75,71,75,62,62,61,61,61,61,59,59,57,52,74,60,75,46,46,82,55,38,47,71,79,79,79,70,78,78,85,85,66,88,88,88,90,42],"gold":35,"neow_bonus":"TWO_FIFTY_GOLD","is_daily":false,"chose_seed":false,"campfire_upgraded":6,"win_rate":0.0,"timestamp":1613876651,"path_taken":["M","$","M","$","M","E","R","M","T","R","?","?","E","M","R","BOSS","M","$","?","M","M","R","E","?","T","?","M","$","E","?","R","BOSS","M","?","$","?","M","E","R","E","T","R","M","M","R","M","R","BOSS","R","$","E","BOSS"],"items_purchased_type":["Relic","Card","Card","Relic","Relic","Card","Relic","Relic","Relic","Relic","Card","Relic","Card","Card","Card","Relic","Relic","Card"],"build_version":"2020-12-22","purchased_purges":3,"victory":true,"max_hp_per_floor":[68,68,68,68,68,68,68,68,68,68,68,68,68,68,68,68,68,68,75,75,75,75,75,75,75,75,75,75,75,75,75,75,75,75,75,75,82,82,82,82,82,82,82,82,84,86,86,88,88,88,88,88,88,90,90],"card_choices":[{"not_picked":["Thousand_Bone_Knives","Bone_Armor"],"picked":"Deaths_Shadow","floor":1},{"not_picked":["Summon_Lich","Bone_Spikes"],"picked":"Finger_Of_Death","floor":3},{"not_picked":["Bone_Spikes","Violent_Necrosis"],"picked":"Blood_Is_Power","floor":5},{"not_picked":["Blood_Curse","Negative_Energy_Javelin"],"picked":"Spectral_Walk","floor":6},{"not_picked":["Toxic_Smoke_Screen","Bone_Bullets","Necromantic_Selection"],"picked":"SKIP","floor":8},{"not_picked":["Vampiric_Strike","Slay_Living"],"picked":"Life_Drain","floor":11},{"not_picked":["Bones_to_Steel","Negative_Energy_Sphere"],"picked":"Life_Tap","floor":13},{"not_picked":["Negative_Energy_Mist","Scare"],"picked":"Summon_Vampire_Lady","floor":14},{"not_picked":["Plague_Bolt","Negative_Energy_Burst"],"picked":"Finger_Of_Death","floor":15},{"not_picked":["Cloudkill","Reap_The_Weak"],"picked":"Summon_Vampire_Lady","floor":16},{"not_picked":["Bones_to_Steel","Plague_Bolt","Bone_Armory"],"picked":"SKIP","floor":18},{"not_picked":["Chill_Blood","Bone_Armor"],"picked":"Negative_Energy_Javelin+1","floor":20},{"not_picked":["Bone_Prison","Finger_Of_Death+1"],"picked":"Corrupt","floor":21},{"not_picked":["Bone_Shift","Negative_Energy_Mist"],"picked":"Scare","floor":22},{"not_picked":["Slay_Living","Bone_Bullets","Violent_Necrosis"],"picked":"SKIP","floor":24},{"not_picked":["Scare","Shackles_Of_Pain"],"picked":"Uncharnel+1","floor":28},{"not_picked":["Death_March_Dance","Pandemic","Negative_Energy_Shield"],"picked":"SKIP","floor":30},{"not_picked":["Summon_Lich","Bone_Bullets+1","Negative_Energy_Sphere"],"picked":"SKIP","floor":31},{"not_picked":["Reap_The_Weak","Detonate_Bones"],"picked":"Summon_Death_Knight","floor":33},{"not_picked":["Necromantic_Selection+1","Bone_Bullets"],"picked":"Spectral_Walk+1","floor":35},{"not_picked":["Strike_from_Beyond+1","Vampiric_Strike+1"],"picked":"Deaths_Shadow+1","floor":38},{"not_picked":["Bone_Bullets+1","Toxic_Smoke_Screen+1"],"picked":"Death_Knell","floor":39},{"not_picked":["Pandemic","Toxic_Smoke_Screen+1","Plague_Bolt+1"],"picked":"SKIP","floor":40},{"not_picked":["Thousand_Bone_Knives+1","Scare"],"picked":"Consume_Illness","floor":41},{"not_picked":["Summon_Undead_Army","Life_Drain"],"picked":"Summon_Undead+1","floor":42},{"not_picked":["Flesh_Made_Foul+1","Blood_Wake","Shackles_Of_Pain+1"],"picked":"Singing Bowl","floor":45},{"not_picked":["Negative_Energy_Javelin","Bone_Armory","Bone_Prison"],"picked":"Singing Bowl","floor":46},{"not_picked":["Shackles_Of_Pain","Bone_Armor","Consume_Illness+1"],"picked":"Singing Bowl","floor":48},{"not_picked":["Blood_Whip","Necromantic_Selection+1","Epidemic+1"],"picked":"Singing Bowl","floor":54}],"player_experience":175628,"relics_obtained":[{"floor":6,"key":"Oddly Smooth Stone"},{"floor":9,"key":"Boot"},{"floor":11,"key":"Dream Catcher"},{"floor":13,"key":"Centennial Puzzle"},{"floor":24,"key":"Art of War"},{"floor":26,"key":"infinitespire:Lucky Rock"},{"floor":30,"key":"Smiling Mask"},{"floor":40,"key":"Juzu Bracelet"},{"floor":42,"key":"Singing Bowl"},{"floor":43,"key":"Orichalcum"},{"floor":54,"key":"Mummified Hand"}],"event_choices":[{"damage_healed":0,"gold_gain":30,"player_choice":"Searched \u00272\u0027 times","damage_taken":0,"max_hp_gain":0,"max_hp_loss":0,"event_name":"Dead Adventurer","floor":11,"gold_loss":0},{"cards_removed":["Strike_W"],"damage_healed":0,"gold_gain":0,"player_choice":"Card Removal","damage_taken":0,"max_hp_gain":0,"max_hp_loss":0,"event_name":"Wheel of Change","floor":12,"gold_loss":0},{"damage_healed":0,"gold_gain":0,"player_choice":"Copied","damage_taken":0,"max_hp_gain":0,"max_hp_loss":0,"event_name":"Duplicator","floor":27,"gold_loss":0,"cards_obtained":["Summon_Undead_Army"]},{"damage_healed":0,"gold_gain":0,"cards_transformed":["Defend_W"],"player_choice":"Transformed","damage_taken":0,"max_hp_gain":0,"max_hp_loss":0,"event_name":"Transmorgrifier","floor":36,"gold_loss":0,"cards_obtained":["Negative_Energy_Javelin"]}],"is_beta":false,"boss_relics":[{"not_picked":["Empty Cage","Black Star"],"picked":"SlaversCollar"},{"not_picked":["Fusion Hammer","Snecko Eye"],"picked":"Sozu"}],"items_purged_floors":[19,29,37],"is_endless":false,"potions_floor_spawned":[3,6,8,13,18,20,28,33,39,40,48],"ascension_level":2}}