{"host":"zxd2l8an9de7z7b9","time":1613916621,"event":{"mods":["100% Spire Juice","2.2 Compatiblity","AchievementEnabler","BaseMod","CapriCore","Colored Map","Colored Powertips","Marisa£¨Ùöéë¡¡Øª×âÞÞ£©","Minty Spire (QoL Compilation)","Rare Cards Sparkle","StSLib","SuperFastMode","Td1madao Mod","everything is the same but u backflip on backflip"],"gold_per_floor":[112,112,136,86,105,124,124,49,73,96,96,96,132,151,151,270,270,291,291,291,318,338,381,13,34,34,34,34,34,34,34],"floor_reached":30,"language":"KOR","playtime":1269,"items_purged":["Strike_R","Cleave"],"score":248,"play_id":"7bfa7cf3-cb63-40a0-af3a-84e0b95c1524","local_time":"20210221231021","is_ascension_mode":false,"campfire_choices":[{"data":"Offering","floor":7,"key":"SMITH"},{"data":"Bash","floor":12,"key":"SMITH"},{"data":"Evolve","floor":15,"key":"SMITH"},{"data":"Dark Embrace","floor":27,"key":"SMITH"}],"circlet_count":0,"master_deck":["Bash+1","Reaper","Shrug It Off","Evolve+1","Offering+1","Dropkick","Offering","Pummel","Impervious","Inflame","Combust","Dark Embrace+1","Uppercut","Dark Embrace+1","True Grit+1","Feel No Pain","Shockwave+1"],"relics":["Burning Blood","Golden Idol","Juzu Bracelet","Bag of Preparation","Pandora\u0027s Box","Bag of Marbles","Regal Pillow","Membership Card","Toxic Egg 2","Anchor","White Beast Statue"],"acts_visited":["Exordium","TheCity"],"potions_floor_usage":[13,16,16,23],"damage_taken":[{"damage":0,"enemies":"Small Slimes","floor":1,"turns":3},{"damage":15,"enemies":"Jaw Worm","floor":3,"turns":5},{"damage":1,"enemies":"2 Louse","floor":5,"turns":3},{"damage":14,"enemies":"Blue Slaver","floor":6,"turns":6},{"damage":10,"enemies":"3 Louse","floor":10,"turns":6},{"damage":31,"enemies":"Lagavulin","floor":13,"turns":6},{"damage":13,"enemies":"Exordium Thugs","floor":14,"turns":4},{"damage":28,"enemies":"Slime Boss","floor":16,"turns":16},{"damage":20,"enemies":"2 Thieves","floor":18,"turns":4},{"damage":12,"enemies":"Shell Parasite","floor":22,"turns":2},{"damage":39,"enemies":"Book of Stabbing","floor":23,"turns":7},{"damage":12,"enemies":"Centurion and Healer","floor":25,"turns":6},{"damage":78,"enemies":"Gremlin Leader","floor":30,"turns":10}],"seed_played":"-2180118377045828203","potions_obtained":[{"floor":6,"key":"Strength Potion"},{"floor":10,"key":"Fire Potion"},{"floor":14,"key":"Weak Potion"},{"floor":16,"key":"BloodPotion"},{"floor":18,"key":"AttackPotion"},{"floor":23,"key":"BlessingOfTheForge"}],"is_trial":false,"path_per_floor":["M","?","M","?","M","M","R","$","T","M","$","R","E","M","R","B",null,"M","?","?","T","M","E","$","M","T","R","?","?","E"],"character_chosen":"IRONCLAD","items_purchased":["Membership Card","Toxic Egg 2","Feel No Pain"],"campfire_rested":0,"item_purchase_floors":[24,24,24],"current_hp_per_floor":[80,60,57,57,70,66,66,66,66,74,74,74,55,58,58,44,80,66,66,66,66,69,52,52,64,64,64,64,64,4,4],"gold":34,"neow_bonus":"ONE_RANDOM_RARE_CARD","is_daily":false,"chose_seed":false,"campfire_upgraded":4,"win_rate":0.0,"timestamp":1613916621,"path_taken":["M","?","M","?","M","M","R","$","T","M","$","R","E","M","R","BOSS","M","?","?","?","M","E","$","M","T","R","?","?","E"],"items_purchased_type":["Relic","Relic","Card"],"build_version":"2020-12-22","purchased_purges":2,"victory":false,"max_hp_per_floor":[80,80,80,80,80,80,80,80,80,80,80,80,80,80,80,80,80,80,80,80,80,80,80,80,80,80,80,80,80,80,80],"card_choices":[{"not_picked":["Headbutt","True Grit","Sword Boomerang"],"picked":"SKIP","floor":1},{"not_picked":["Cleave","Searing Blow"],"picked":"Shrug It Off","floor":3},{"not_picked":["Uppercut","Havoc"],"picked":"Evolve","floor":5},{"not_picked":["Armaments","Thunderclap"],"picked":"Offering","floor":6},{"not_picked":["Combust","Cleave","Anger"],"picked":"SKIP","floor":10},{"not_picked":["Dark Embrace","Heavy Blade"],"picked":"Dropkick","floor":13},{"not_picked":["True Grit","Warcry","Evolve"],"picked":"SKIP","floor":14},{"not_picked":["Demon Form","Limit Break"],"picked":"Offering","floor":16},{"not_picked":["Carnage+1","Iron Wave+1"],"picked":"Dark Embrace","floor":18},{"not_picked":["Armaments+1","Uppercut"],"picked":"True Grit+1","floor":22},{"not_picked":["Thunderclap","Carnage","Dual Wield"],"picked":"SKIP","floor":23},{"not_picked":["Ghostly Armor+1","Perfected Strike"],"picked":"Shockwave+1","floor":25}],"player_experience":424351,"relics_obtained":[{"floor":9,"key":"Juzu Bracelet"},{"floor":13,"key":"Bag of Preparation"},{"floor":21,"key":"Bag of Marbles"},{"floor":23,"key":"Regal Pillow"},{"floor":26,"key":"Anchor"}],"event_choices":[{"damage_healed":0,"gold_gain":0,"player_choice":"Take Damage","damage_taken":20,"relics_obtained":["Golden Idol"],"max_hp_gain":0,"max_hp_loss":0,"event_name":"Golden Idol","floor":2,"gold_loss":0},{"cards_removed":["Strike_R"],"damage_healed":0,"gold_gain":0,"player_choice":"Card Removal","damage_taken":0,"max_hp_gain":0,"max_hp_loss":0,"event_name":"The Cleric","floor":4,"gold_loss":50},{"damage_healed":0,"gold_gain":0,"cards_transformed":["Iron Wave","Uppercut"],"player_choice":"Became Test Subject","damage_taken":0,"max_hp_gain":0,"max_hp_loss":0,"event_name":"Drug Dealer","floor":19,"gold_loss":0,"cards_obtained":["Uppercut","Dark Embrace"]},{"damage_healed":0,"gold_gain":0,"player_choice":"Ignored","damage_taken":0,"max_hp_gain":0,"max_hp_loss":0,"event_name":"Ghosts","floor":20,"gold_loss":0},{"damage_healed":0,"gold_gain":0,"player_choice":"Gave Potion","damage_taken":0,"relics_obtained":["White Beast Statue"],"max_hp_gain":0,"max_hp_loss":0,"event_name":"WeMeetAgain","floor":28,"gold_loss":0},{"damage_healed":0,"gold_gain":0,"player_choice":"Upgraded","damage_taken":0,"max_hp_gain":0,"max_hp_loss":0,"event_name":"Upgrade Shrine","floor":29,"gold_loss":0,"cards_upgraded":["Dark Embrace"]}],"is_beta":false,"boss_relics":[{"not_picked":["Runic Dome","Snecko Eye"],"picked":"Pandora\u0027s Box"}],"items_purged_floors":[8,24],"is_endless":false,"potions_floor_spawned":[6,10,14,16,18,23],"killed_by":"Gremlin Leader","ascension_level":0}}