{"host":"Cenci","time":1613935633,"event":{"mods":["BaseMod","Bestiary","Downfall","Highlight Path","Minty Spire (QoL Compilation)","StSLib","The Marked"],"gold_per_floor":[17,117,117,133,21,21,21,32,58,58,85,85,97,97,97,221,221,237,237,237,137,152,152,181,18,18,44,44,61,88,107,107,202,202,222,234,167,167,214,245,265,265,265,293,293,304,314,331,331,331,331,331,111,137,137,137],"floor_reached":55,"language":"ENG","playtime":2217,"items_purged":["theMarked:Strike","Doubt","downfall:Aged"],"score":858,"play_id":"a1889fa6-6299-4ae4-a79a-39a5decd7740","local_time":"20210221202713","is_ascension_mode":false,"campfire_choices":[{"data":"theMarked:EternalStudent","floor":6,"key":"SMITH"},{"data":"theMarked:SoldierOfQuellstein","floor":10,"key":"SMITH"},{"floor":12,"key":"RECALL"},{"floor":15,"key":"REST"},{"data":"theMarked:Challenge","floor":23,"key":"SMITH"},{"data":"theMarked:ContemptForTheProud","floor":28,"key":"SMITH"},{"data":"theMarked:FavorableWinds","floor":32,"key":"SMITH"},{"data":"theMarked:FavorableWinds","floor":42,"key":"SMITH"},{"data":"theMarked:ComboAttacks","floor":45,"key":"SMITH"},{"data":"theMarked:ContemptForTheProud","floor":49,"key":"SMITH"},{"data":"Bite","floor":52,"key":"SMITH"}],"circlet_count":0,"master_deck":["theMarked:Defend","theMarked:Defend","theMarked:Defend","theMarked:Defend","theMarked:SoldierOfQuellstein+1","theMarked:EternalStudent+1","theMarked:Challenge+1","theMarked:OneWithTheBlade","theMarked:ContemptForTheProud+1","Bite+1","Bite","Bite","Bite+1","Bite+1","theMarked:ContemptForTheProud+1","theMarked:FavorableWinds+1","theMarked:SwordAndMagic","theMarked:FavorableWinds+1","theMarked:SwordAndMagic","theMarked:OneWithTheBlade","theMarked:SwordAndMagic","Injury","Parasite","theMarked:ComboAttacks+1","theMarked:SwordAndMagic","theMarked:FavorableWinds","theMarked:SwordAndMagic","theMarked:TakeCover"],"relics":["theMarked:ArtifactOfAir","downfall:ExtraCursedKey","Omamori","Guardian:PocketSentry","Bloody Idol","sneckomod:SneckoTalon","Dream Catcher","Bottled Lightning","Whetstone","Centennial Puzzle","Sozu","Lizard Tail","bronze:DecasWashers","Anchor","Bronze Scales"],"acts_visited":["Exordium","TheCity","TheBeyond","TheEnding"],"potions_floor_usage":[55,55,55],"damage_taken":[{"damage":11,"enemies":"Jaw Worm","floor":1,"turns":3},{"damage":0,"enemies":"2 Louse","floor":4,"turns":3},{"damage":0,"enemies":"Cultist","floor":8,"turns":2},{"damage":16,"enemies":"Lagavulin","floor":11,"turns":6},{"damage":0,"enemies":"Blue Slaver","floor":13,"turns":2},{"damage":0,"enemies":"Hexaghost","floor":16,"turns":8},{"damage":8,"enemies":"Shell Parasite","floor":18,"turns":3},{"damage":25,"enemies":"3 Byrds","floor":22,"turns":5},{"damage":0,"enemies":"Gremlin Leader","floor":24,"turns":5},{"damage":23,"enemies":"Slavers","floor":27,"turns":4},{"damage":10,"enemies":"Shelled Parasite and Fungi","floor":29,"turns":2},{"damage":12,"enemies":"Gremlin Leader","floor":30,"turns":5},{"damage":1,"enemies":"Snake Plant","floor":31,"turns":2},{"damage":14,"enemies":"Champ","floor":33,"turns":6},{"damage":8,"enemies":"3 Darklings","floor":35,"turns":3},{"damage":0,"enemies":"Orb Walker","floor":36,"turns":1},{"damage":7,"enemies":"2 Orb Walkers","floor":39,"turns":2},{"damage":4,"enemies":"Giant Head","floor":40,"turns":5},{"damage":25,"enemies":"Sphere and 2 Shapes","floor":41,"turns":3},{"damage":11,"enemies":"Reptomancer","floor":44,"turns":4},{"damage":5,"enemies":"Writhing Mass","floor":46,"turns":2},{"damage":19,"enemies":"Maw","floor":47,"turns":4},{"damage":2,"enemies":"Sphere and 2 Shapes","floor":48,"turns":2},{"damage":16,"enemies":"Donu and Deca","floor":50,"turns":4},{"damage":4,"enemies":"Shield and Spear","floor":54,"turns":3},{"damage":120,"enemies":"The Heart","floor":55,"turns":5}],"seed_played":"789933902579513852","potions_obtained":[{"floor":1,"key":"theMarked:SummonPotion"},{"floor":4,"key":"AttackPotion"},{"floor":8,"key":"Regen Potion"}],"is_trial":false,"path_per_floor":["M","?","?","M","$","R","?","M","T","R","E","R","M","?","R","B",null,"M","?","?","$","M","R","E","$","T","E","R","M","E","M","R","B",null,"M","M","$","?","?","E","M","R","T","E","R","M","M","M","R","B",null,"R","$","E","B"],"character_chosen":"THE_DEFAULT","items_purchased":["theMarked:ContemptForTheProud","theMarked:ContemptForTheProud","theMarked:OneWithTheBlade","theMarked:FavorableWinds","theMarked:SwordAndMagic","theMarked:TakeCover"],"campfire_rested":1,"item_purchase_floors":[5,25,37,53,53,53],"current_hp_per_floor":[61,61,61,61,61,61,61,61,61,61,45,45,45,27,48,48,72,64,50,50,50,36,36,50,50,50,40,40,37,45,49,49,46,50,50,50,50,47,45,47,27,27,27,26,26,26,17,23,23,17,47,47,47,47,0,0],"gold":137,"neow_bonus":"THREE_RARE_CARDS","is_daily":false,"chose_seed":false,"campfire_upgraded":9,"win_rate":0.0,"timestamp":1613935633,"path_taken":["M","?","?","?","$","R","?","M","T","R","E","R","M","?","R","BOSS","M","?","?","$","M","R","E","$","T","E","R","M","E","M","R","BOSS","M","M","$","?","?","E","M","R","T","E","R","?","M","M","R","BOSS","R","$","E","BOSS"],"items_purchased_type":["Card","Card","Card","Card","Card","Card"],"build_version":"2020-11-17","purchased_purges":3,"victory":false,"max_hp_per_floor":[72,72,72,72,72,72,72,72,72,72,72,72,72,72,72,72,72,72,50,50,50,50,50,50,50,50,50,50,50,50,50,50,50,50,50,50,50,47,47,47,47,47,47,47,47,47,47,47,47,47,47,47,47,47,47,47],"card_choices":[{"not_picked":["theMarked:DispelDoubt","theMarked:Challenge"],"picked":"theMarked:EternalStudent","floor":0},{"not_picked":["theMarked:WardOff","theMarked:HeightenedSenses","theMarked:ParalyzingBlade"],"picked":"SKIP","floor":1},{"not_picked":["theMarked:RepellingDischarge","theMarked:TakeCover"],"picked":"theMarked:OneWithTheBlade","floor":4},{"not_picked":["theMarked:ResourceFulStrike","theMarked:Aftermath","theMarked:ElectricStrings"],"picked":"SKIP","floor":8},{"not_picked":["theMarked:Overcharge","theMarked:Memento","theMarked:EnhanceMovement"],"picked":"SKIP","floor":11},{"not_picked":["theMarked:HeightenedSenses","theMarked:Maelstrom","theMarked:Aftermath"],"picked":"SKIP","floor":13},{"not_picked":["theMarked:AttractMetal","theMarked:Overthink","theMarked:Aftermath+1"],"picked":"SKIP","floor":18},{"not_picked":["theMarked:HeightenedSenses","theMarked:Generate","theMarked:TheMission"],"picked":"SKIP","floor":22},{"not_picked":["theMarked:Levitate","theMarked:Memento","theMarked:GodGivenPower"],"picked":"SKIP","floor":24},{"not_picked":["theMarked:ResourceFulStrike","theMarked:CreepingChasm","theMarked:LightningStrikesTwice"],"picked":"SKIP","floor":27},{"not_picked":["theMarked:Aftermath","theMarked:BanishingStrike","theMarked:ElectricStrings"],"picked":"SKIP","floor":29},{"not_picked":["theMarked:Parkour","theMarked:ResourceFulStrike"],"picked":"theMarked:FavorableWinds","floor":30},{"not_picked":["theMarked:Opportunist","theMarked:TwofoldDefense+1"],"picked":"theMarked:SwordAndMagic","floor":31},{"not_picked":["theMarked:Snap","theMarked:ThrowWeapon"],"picked":"theMarked:FavorableWinds","floor":33},{"not_picked":["theMarked:TwofoldDefense+1","theMarked:Overthink+1","theMarked:Improvise+1"],"picked":"SKIP","floor":35},{"not_picked":["theMarked:Determination","theMarked:Aftermath+1"],"picked":"theMarked:SwordAndMagic","floor":36},{"not_picked":["theMarked:MysticalArsenal+1","theMarked:Indomitable+1","theMarked:Overcharge+1"],"picked":"SKIP","floor":40},{"not_picked":["theMarked:Pokerface+1","theMarked:Determination"],"picked":"theMarked:SwordAndMagic","floor":41},{"not_picked":["theMarked:UnarmedFury","theMarked:ContemptForTheProud"],"picked":"theMarked:ComboAttacks","floor":44},{"not_picked":["theMarked:MuscleMemory","theMarked:BanishingStrike","theMarked:TunnelVision+1"],"picked":"SKIP","floor":46},{"not_picked":["theMarked:ResourceFulStrike","theMarked:Seal+1","theMarked:TwofoldDefense"],"picked":"SKIP","floor":47},{"not_picked":["theMarked:EmpowerWeapon","theMarked:TakeCover+1"],"picked":"theMarked:SwordAndMagic","floor":48},{"not_picked":["theMarked:ChannelForce","theMarked:Parkour+1","theMarked:Convert+1"],"picked":"SKIP","floor":54}],"player_experience":385868,"relics_obtained":[{"floor":9,"key":"Omamori"},{"floor":11,"key":"Guardian:PocketSentry"},{"floor":24,"key":"Dream Catcher"},{"floor":26,"key":"Bottled Lightning"},{"floor":27,"key":"Whetstone"},{"floor":30,"key":"Centennial Puzzle"},{"floor":39,"key":"Lizard Tail"},{"floor":40,"key":"bronze:DecasWashers"},{"floor":44,"key":"Anchor"},{"floor":54,"key":"Bronze Scales"}],"event_choices":[{"cards_removed":["Shame","Injury"],"damage_healed":0,"gold_gain":0,"player_choice":"Removed Curses","damage_taken":0,"max_hp_gain":0,"max_hp_loss":0,"event_name":"Fountain of Cleansing","floor":3,"gold_loss":0},{"damage_healed":0,"gold_gain":0,"player_choice":"Ignored","damage_taken":0,"max_hp_gain":0,"max_hp_loss":0,"event_name":"Liars Game","floor":7,"gold_loss":0},{"damage_healed":0,"gold_gain":0,"player_choice":"Take Damage","damage_taken":18,"relics_obtained":["Golden Idol"],"max_hp_gain":0,"max_hp_loss":0,"event_name":"Golden Idol","floor":14,"gold_loss":0},{"damage_healed":0,"gold_gain":0,"player_choice":"Became a vampire","damage_taken":0,"max_hp_gain":0,"max_hp_loss":22,"event_name":"Vampires","floor":19,"gold_loss":0,"cards_obtained":["Bite","Bite","Bite","Bite","Bite"]},{"damage_healed":0,"gold_gain":0,"player_choice":"Gave Idol","damage_taken":0,"relics_obtained":["Bloody Idol"],"max_hp_gain":0,"max_hp_loss":0,"event_name":"Forgotten Altar","floor":20,"relics_lost":["Golden Idol"],"gold_loss":0},{"damage_healed":0,"gold_gain":0,"player_choice":"Max HP","damage_taken":0,"max_hp_gain":0,"max_hp_loss":3,"event_name":"Winding Halls","floor":38,"gold_loss":0},{"damage_healed":0,"gold_gain":0,"player_choice":"Fight","damage_taken":0,"max_hp_gain":0,"max_hp_loss":0,"event_name":"Mysterious Sphere","floor":39,"gold_loss":0}],"is_beta":true,"boss_relics":[{"not_picked":["Tiny House","Snecko Eye"],"picked":"sneckomod:SneckoTalon"},{"not_picked":["Velvet Choker","Busted Crown"],"picked":"Sozu"}],"items_purged_floors":[5,21,25],"is_endless":false,"potions_floor_spawned":[1,4,8,11,18,27,29,30,36,39,41,46,47,48],"killed_by":"The Heart","ascension_level":0}}