{"host":"tnuwi4l1p9i8nc6x","time":1613877146,"event":{"mods":["BaseMod","BetterRewards","Colored Map","Downfall","Friendly Minions","Hermit","Hubris","Infinite Spire","Marisa????????","Minty Spire (QoL Compilation)","Remilia??????","Replay The Spire","Shop Mod","StSLib","The Bug Knight","The Construct","The Cursed","The Disciple","The Jungle","The Necromancer","The Runesmith","The Senshi","The Servant 0.9.4"],"gold_per_floor":[99,115,127,143,50,62,108,108,108,108,120,132,132,69,86,86,86,86],"floor_reached":16,"language":"ENG","playtime":1409,"items_purged":[],"score":94,"play_id":"47621051-b8c6-4e39-bf4a-7c2816eb104a","local_time":"20210220221226","is_ascension_mode":false,"campfire_choices":[{"floor":1,"key":"DIG"},{"data":"Guardian:VentSteam","floor":9,"key":"SMITH"},{"floor":13,"key":"REST"}],"circlet_count":0,"master_deck":["Guardian:Strike_Guardian","Guardian:Strike_Guardian","Guardian:Strike_Guardian","Guardian:Strike_Guardian","Guardian:Defend_Guardian","Guardian:Defend_Guardian","Guardian:Defend_Guardian","Guardian:CurlUp","Guardian:TwinSlam","Guardian:Repulse","Guardian:VentSteam+1","Guardian:DecasProtection","Guardian:DecasProtection","Guardian:SpikerProtocol","Guardian:Planning","Guardian:PrimingBeam","Guardian:FloatingOrbs","Guardian:EvasiveProtocol+1","Guardian:Recover"],"relics":["Guardian:ModeShifter","infinitespire:Lucky Rock","Blue Doll","Potion Belt"],"acts_visited":["Exordium"],"potions_floor_usage":[11,12,12],"damage_taken":[{"damage":6,"enemies":"infinitespire:Voidling","floor":2,"turns":5},{"damage":3,"enemies":"Cultist","floor":3,"turns":5},{"damage":11,"enemies":"2 Louse","floor":4,"turns":4},{"damage":0,"enemies":"downfall:FleeingMerchant","floor":5,"turns":4},{"damage":15,"enemies":"Exordium Thugs","floor":6,"turns":8},{"damage":10,"enemies":"Large Slime","floor":11,"turns":6},{"damage":13,"enemies":"Gremlin Gang","floor":12,"turns":5},{"damage":0,"enemies":"downfall:FleeingMerchant","floor":14,"turns":4},{"damage":10,"enemies":"2 Fungi Beasts","floor":15,"turns":4},{"damage":41,"enemies":"WA_ARCHETYPE_RETAIN","floor":16,"turns":8}],"seed_played":"373281729611718167","potions_obtained":[{"floor":2,"key":"Guardian:AcceleratePotion"},{"floor":4,"key":"Adrenaline Potion"},{"floor":11,"key":"Strength Potion"},{"floor":15,"key":"sneckomod:MuddlingPotion"}],"is_trial":false,"path_per_floor":["R_BF","M","M","M","$","M","T","T","R","?","M","M","R","$","M","B"],"character_chosen":"GUARDIAN","items_purchased":["Guardian:SpikerProtocol","Guardian:EvasiveProtocol+1"],"campfire_rested":1,"item_purchase_floors":[5,14],"current_hp_per_floor":[80,74,71,60,60,45,45,45,45,45,35,22,46,46,36,0,0,0],"gold":86,"neow_bonus":"ONE_RANDOM_RARE_CARD","is_daily":false,"chose_seed":false,"campfire_upgraded":1,"win_rate":0.0,"timestamp":1613877146,"path_taken":["R_BF","M","M","?","$","M","T","?","R","?","M","?","R","?","M","BOSS"],"items_purchased_type":["Card","Card"],"build_version":"2020-12-22","purchased_purges":0,"victory":false,"max_hp_per_floor":[80,80,80,80,80,80,80,80,80,80,80,80,80,80,80,80,80,80],"card_choices":[{"not_picked":["Guardian:Gem_Lightblue","Guardian:ArmoredProtocol"],"picked":"Guardian:Repulse","floor":2},{"not_picked":["Guardian:RollAttack","Guardian:CrystalBeam"],"picked":"Guardian:VentSteam","floor":3},{"not_picked":["Guardian:ShieldSpikes","Guardian:Emergency"],"picked":"Guardian:DecasProtection","floor":4},{"not_picked":["Guardian:BronzeArmor","Guardian:PiercingHide"],"picked":"Guardian:DecasProtection","floor":5},{"not_picked":["Guardian:DecasProtection","Guardian:Gem_Blue"],"picked":"Guardian:Gem_White","floor":6},{"not_picked":["Guardian:ChargeCore","Guardian:ShieldCharger"],"picked":"Guardian:Planning","floor":11},{"not_picked":["Guardian:Harden","Guardian:TimeBomb"],"picked":"Guardian:PrimingBeam","floor":12},{"not_picked":["Guardian:PrimingBeam","Guardian:Gem_Purple"],"picked":"Guardian:FloatingOrbs","floor":14},{"not_picked":["Guardian:Planning","Guardian:PrimingBeam"],"picked":"Guardian:Recover","floor":15}],"player_experience":672017,"relics_obtained":[{"floor":1,"key":"infinitespire:Lucky Rock"},{"floor":7,"key":"Blue Doll"},{"floor":8,"key":"Potion Belt"}],"event_choices":[],"is_beta":false,"boss_relics":[],"items_purged_floors":[],"is_endless":false,"potions_floor_spawned":[2,4,11,15],"killed_by":"WA_ARCHETYPE_RETAIN","ascension_level":0}}