{"host":"d44gy1wvr06n5dy0","time":1613902364,"event":{"mods":["BaseMod","Better Altar","Better Match","Better Note","Better Sensory Stone","Better Skull","Better Third Choice","Downfall","GifTheSpireLib","Minty Spire (QoL Compilation)","Relic Stats","StSLib","The Animator","The Construct","The Disciple","The Servant 0.9.4"],"gold_per_floor":[112,112,87,105,119,119,147,147,223,239,239,264,264,281,281,281,281],"floor_reached":16,"language":"ENG","playtime":1248,"items_purged":[],"score":110,"play_id":"6cd582a8-94fd-496c-bddb-d7eb96b4cb25","local_time":"20210221031244","is_ascension_mode":false,"campfire_choices":[{"floor":6,"key":"REST"},{"floor":11,"key":"REST"},{"floor":15,"key":"REST"}],"circlet_count":0,"master_deck":["Strike_Br","Strike_Br","Strike_Br","Defend_Br","Defend_Br","Defend_Br","Defend_Br","SecondHand","PatternShift","ExoVibe","ReapSow","Allegro","Echoward","Burn","Moderato","LockedBlood","Lento"],"relics":["Chronometer","betterThird:SlimedRelic","Potion Belt","The Courier","Boot"],"acts_visited":["Exordium"],"potions_floor_usage":[12,12,16,16],"damage_taken":[{"damage":3,"enemies":"Jaw Worm","floor":1,"turns":5},{"damage":2,"enemies":"Small Slimes","floor":4,"turns":5},{"damage":0,"enemies":"2 Louse","floor":5,"turns":3},{"damage":53,"enemies":"Lagavulin","floor":7,"turns":11},{"damage":0,"enemies":"Red Slaver","floor":10,"turns":6},{"damage":9,"enemies":"Gremlin Nob","floor":12,"turns":7},{"damage":7,"enemies":"Lots of Slimes","floor":14,"turns":6},{"damage":60,"enemies":"The Guardian","floor":16,"turns":15}],"seed_played":"4978671869642504567","potions_obtained":[{"floor":5,"key":"Strength Potion"},{"floor":7,"key":"Weak Potion"},{"floor":10,"key":"DuplicationPotion"},{"floor":14,"key":"champ:CounterPotion"}],"is_trial":false,"path_per_floor":["M","?","?","M","M","R","E","?","T","M","R","E","?","M","R","B"],"character_chosen":"CHRONO_CLASS","items_purchased":[],"campfire_rested":3,"item_purchase_floors":[],"current_hp_per_floor":[68,61,50,48,48,69,16,16,16,16,37,28,28,27,48,0,0],"gold":281,"neow_bonus":"TEN_PERCENT_HP_BONUS","is_daily":false,"chose_seed":false,"campfire_upgraded":0,"win_rate":0.0,"timestamp":1613902364,"path_taken":["M","?","?","M","M","R","E","?","T","M","R","E","?","M","R","BOSS"],"items_purchased_type":[],"build_version":"2020-12-22","purchased_purges":0,"victory":false,"max_hp_per_floor":[71,71,71,71,71,71,71,71,71,71,71,71,71,71,71,71,71],"relic_stats":{"counters":[8,58],"Boot":[6],"obtain_stats":[{"Potion Belt":7,"Chronometer":0,"betterThird:SlimedRelic":3,"The Courier":9,"Boot":12},{"Potion Belt":4,"Chronometer":0,"betterThird:SlimedRelic":1,"The Courier":4,"Boot":6},{"Potion Belt":24,"Chronometer":0,"betterThird:SlimedRelic":5,"The Courier":24,"Boot":37}]},"card_choices":[{"not_picked":["CrunchTime","AlternateTimeline"],"picked":"ExoVibe","floor":1},{"not_picked":["WindUp","Stagnate"],"picked":"ReapSow","floor":4},{"not_picked":["LockedOrichalcum","LockedTurtyl"],"picked":"Tempo","floor":5},{"not_picked":["Tempo","BackFourSeconds"],"picked":"Echoward","floor":7},{"not_picked":["CrunchTime","HandsUpC"],"picked":"Tempo","floor":10},{"not_picked":["LockedTurtyl","Break"],"picked":"LockedBlood","floor":12},{"not_picked":["ReapSow","Keepsakes"],"picked":"Tempo","floor":14}],"player_experience":406187,"relics_obtained":[{"floor":7,"key":"Potion Belt"},{"floor":9,"key":"The Courier"},{"floor":12,"key":"Boot"}],"event_choices":[{"cards_removed":["Strike_Br"],"damage_healed":0,"gold_gain":0,"player_choice":"Card Removal","damage_taken":7,"max_hp_gain":0,"max_hp_loss":0,"event_name":"Golden Wing","floor":2,"gold_loss":0},{"damage_healed":0,"gold_gain":0,"player_choice":"Slimed","damage_taken":11,"max_hp_gain":0,"max_hp_loss":0,"event_name":"betterThird:BetterGoop","floor":3,"gold_loss":25},{"damage_healed":16,"gold_gain":0,"player_choice":"Embrace Burn","damage_taken":0,"max_hp_gain":0,"max_hp_loss":71,"event_name":"betterThird:BetterShining","floor":8,"gold_loss":0},{"cards_removed":["LockedBlood"],"damage_healed":0,"gold_gain":0,"player_choice":"Give","damage_taken":0,"max_hp_gain":0,"max_hp_loss":0,"event_name":"betterNote:BetterNote","floor":13,"gold_loss":0,"cards_obtained":["hexamod:RadiantFlame"]}],"is_beta":false,"boss_relics":[],"items_purged_floors":[],"is_endless":false,"potions_floor_spawned":[5,7,10,14],"killed_by":"The Guardian","ascension_level":0}}