{"host":"pyjsji1xtq3ga0i3","time":1613867298,"event":{"mods":["AchievementEnabler","BaseMod","Block Reminder","Colored Map","Colored Powertips","Highlight Path","Minty Spire (QoL Compilation)","Relic Sorter"],"gold_per_floor":[116,116,127,277,295,48,68,83,155,166,201,201,221,17,17,91,91,108,108,108,33,53,80,80,97,122,142,161,32,32,47,47,121,121,136,153,153,48,97,97,123,18,18,44,44,44,44,55,55,55],"floor_reached":51,"language":"ENG","playtime":4473,"items_purged":["Strike_G","Predator","Endless Agony"],"score":1764,"play_id":"8cfe9570-5786-4f3f-983c-f4a6f7c2b5de","local_time":"20210220192818","is_ascension_mode":true,"campfire_choices":[{"data":"Riddle With Holes","floor":12.0,"key":"SMITH"},{"data":"Blade Dance","floor":15.0,"key":"SMITH"},{"data":"Burst","floor":24.0,"key":"SMITH"},{"data":"Venomology","floor":30.0,"key":"SMITH"},{"data":"Terror","floor":32.0,"key":"SMITH"},{"floor":40.0,"key":"DIG"},{"floor":46.0,"key":"DIG"},{"floor":49,"key":"DIG"}],"circlet_count":0,"master_deck":["AscendersBane","Defend_G","Defend_G+1","Defend_G","Defend_G","Survivor","Neutralize","Cloak And Dagger","Doubt","Riddle With Holes+1","Prepared+1","Cloak And Dagger","Cloak And Dagger","Dagger Throw","Terror+1","Dagger Spray","Venomology+1","Blade Dance+1","Burst+1","Bite","Bite","Bite","Bite","Bite","Blade Dance","Leg Sweep","Tools of the Trade+1","Prepared+1","Blade Dance","Tools of the Trade+1","CurseOfTheBell","PiercingWail","Riddle With Holes","Writhe","Apotheosis","Cloak And Dagger+1","Well Laid Plans+1","Sucker Punch","Panache+1","Riddle With Holes+1","Parasite","Accuracy+1"],"relics":["Ring of the Snake","Potion Belt","Du-Vu Doll","Orrery","Frozen Egg 2","Bag of Preparation","Membership Card","Coffee Dripper","Tough Bandages","War Paint","Medical Kit","Calling Bell","Dream Catcher","Darkstone Periapt","FossilizedHelix","Shovel","Shuriken","Vajra","Incense Burner","Ice Cream","PreservedInsect","Anchor"],"acts_visited":["Exordium","TheCity","TheBeyond"],"potions_floor_usage":[48,50,50,50,50],"damage_taken":[{"damage":0.0,"enemies":"2 Louse","floor":1.0,"turns":5.0},{"damage":3.0,"enemies":"Jaw Worm","floor":3.0,"turns":3.0},{"damage":2.0,"enemies":"Small Slimes","floor":5.0,"turns":4.0},{"damage":10.0,"enemies":"Exordium Wildlife","floor":7.0,"turns":4.0},{"damage":0.0,"enemies":"Exordium Thugs","floor":8.0,"turns":3.0},{"damage":2.0,"enemies":"Lots of Slimes","floor":10.0,"turns":4.0},{"damage":19.0,"enemies":"Lagavulin","floor":11.0,"turns":5.0},{"damage":0.0,"enemies":"Large Slime","floor":13.0,"turns":3.0},{"damage":0.0,"enemies":"Slime Boss","floor":16.0,"turns":4.0},{"damage":0.0,"enemies":"Spheric Guardian","floor":18.0,"turns":2.0},{"damage":7.0,"enemies":"Chosen","floor":22.0,"turns":3.0},{"damage":23.0,"enemies":"Book of Stabbing","floor":23.0,"turns":4.0},{"damage":0.0,"enemies":"Snake Plant","floor":25.0,"turns":2.0},{"damage":0.0,"enemies":"3 Cultists","floor":27.0,"turns":3.0},{"damage":0.0,"enemies":"Shelled Parasite and Fungi","floor":28.0,"turns":4.0},{"damage":0.0,"enemies":"Chosen and Byrds","floor":31.0,"turns":4.0},{"damage":10.0,"enemies":"Champ","floor":33.0,"turns":6.0},{"damage":0.0,"enemies":"Orb Walker","floor":35.0,"turns":3.0},{"damage":0.0,"enemies":"3 Shapes","floor":36.0,"turns":8.0},{"damage":0.0,"enemies":"2 Orb Walkers","floor":39.0,"turns":3.0},{"damage":0.0,"enemies":"Reptomancer","floor":41.0,"turns":3.0},{"damage":0.0,"enemies":"Nemesis","floor":44.0,"turns":5.0},{"damage":18,"enemies":"Writhing Mass","floor":48,"turns":4},{"damage":23,"enemies":"Time Eater","floor":50,"turns":8}],"seed_played":"1291454848317737308","potions_obtained":[{"floor":3.0,"key":"Energy Potion"},{"floor":7.0,"key":"Block Potion"},{"floor":16.0,"key":"Energy Potion"},{"floor":22.0,"key":"GamblersBrew"},{"floor":23.0,"key":"SteroidPotion"},{"floor":28.0,"key":"FearPotion"},{"floor":31.0,"key":"Strength Potion"},{"floor":33.0,"key":"EntropicBrew"},{"floor":36.0,"key":"BlessingOfTheForge"}],"is_trial":false,"path_per_floor":["M","?","M","?","M","$","M","M","T","M","E","R","M","$","R","B",null,"M","?","?","?","M","E","R","M","T","M","M","$","R","M","R","B",null,"M","M","?","$","?","R","E","$","T","E","?","R","?","M","R","B",null],"character_chosen":"THE_SILENT","items_purchased":["Riddle With Holes","Orrery","Membership Card","Medical Kit","Apotheosis","Well Laid Plans+1"],"campfire_rested":0,"item_purchase_floors":[6,6,14,29,38,42],"current_hp_per_floor":[59,41,38,38,36,36,26,26,26,24,5,5,5,5,5,5,51,51,46,46,46,41,24,24,24,24,44,46,46,46,46,46,44,46,46,46,52,52,52,52,52,52,52,52,42,42,42,36,36,15],"gold":55,"neow_bonus":"RANDOM_COMMON_RELIC","is_daily":false,"chose_seed":false,"campfire_upgraded":5,"win_rate":0.0,"timestamp":1613867298,"path_taken":["M","?","M","?","M","?","M","M","T","M","E","R","?","$","R","BOSS","M","?","?","?","M","E","R","M","T","M","?","?","R","M","R","BOSS","M","?","?","$","?","R","E","?","T","E","?","R","?","?","R","BOSS"],"items_purchased_type":["Card","Relic","Relic","Relic","Card","Card"],"build_version":"2020-12-22","purchased_purges":3,"victory":true,"max_hp_per_floor":[66,66,66,66,66,66,66,66,66,66,66,66,66,66,66,66,66,66,46,46,46,46,46,46,46,46,46,46,46,46,46,46,46,46,46,46,52,52,52,52,52,52,52,52,52,52,52,58,58,58],"card_choices":[{"not_picked":["Sucker Punch","Poisoned Stab"],"picked":"Cloak And Dagger","floor":1.0},{"not_picked":["Catalyst","Flying Knee"],"picked":"Predator","floor":3.0},{"not_picked":["Deadly Poison","Deflect","Bane"],"picked":"SKIP","floor":5.0},{"not_picked":["Crippling Poison","Deflect"],"picked":"Prepared","floor":6.0},{"not_picked":["Sucker Punch","Escape Plan"],"picked":"Cloak And Dagger","floor":6.0},{"not_picked":["Bullet Time","Phantasmal Killer"],"picked":"Cloak And Dagger","floor":6.0},{"not_picked":["Reflex","All Out Attack"],"picked":"Endless Agony","floor":6.0},{"not_picked":["Bane","Flying Knee"],"picked":"Dagger Throw","floor":7.0},{"not_picked":["Backstab","Heel Hook"],"picked":"Terror","floor":8.0},{"not_picked":["Deadly Poison","Outmaneuver"],"picked":"Dagger Spray","floor":10.0},{"not_picked":["Backflip","Acrobatics"],"picked":"Venomology","floor":11.0},{"not_picked":["Underhanded Strike","Dodge and Roll"],"picked":"Blade Dance","floor":13.0},{"not_picked":["Night Terror","Malaise"],"picked":"Burst","floor":16.0},{"not_picked":["Blur","Dodge and Roll","Slice"],"picked":"SKIP","floor":18.0},{"not_picked":["Dodge and Roll","Underhanded Strike","Bane"],"picked":"SKIP","floor":22.0},{"not_picked":["Slice+1","Dodge and Roll"],"picked":"Leg Sweep","floor":23.0},{"not_picked":["Dash","Dagger Spray"],"picked":"Tools of the Trade+1","floor":25.0},{"not_picked":["Choke","Terror","Catalyst"],"picked":"SKIP","floor":27.0},{"not_picked":["Skewer","Dagger Spray"],"picked":"Prepared+1","floor":28.0},{"not_picked":["Dodge and Roll","Bane"],"picked":"Blade Dance","floor":31.0},{"not_picked":["Corpse Explosion","Die Die Die"],"picked":"Tools of the Trade+1","floor":33.0},{"not_picked":["Quick Slash","Flechettes"],"picked":"PiercingWail","floor":35.0},{"not_picked":["Blade Dance","Dagger Throw+1"],"picked":"Riddle With Holes","floor":36.0},{"not_picked":["Flying Knee","Quick Slash"],"picked":"Cloak And Dagger+1","floor":39.0},{"not_picked":["Dash","Acrobatics+1","All Out Attack"],"picked":"SKIP","floor":41.0},{"not_picked":["Bullet Time","Dash"],"picked":"Sucker Punch","floor":44.0},{"not_picked":["Dark Shackles","Secret Weapon"],"picked":"Panache+1","floor":45.0},{"not_picked":["All Out Attack","Infinite Blades+1"],"picked":"Accuracy+1","floor":48}],"player_experience":496638,"relics_obtained":[{"floor":9.0,"key":"Frozen Egg 2"},{"floor":11.0,"key":"Bag of Preparation"},{"floor":23.0,"key":"Tough Bandages"},{"floor":26.0,"key":"War Paint"},{"floor":34.0,"key":"Dream Catcher"},{"floor":34.0,"key":"Darkstone Periapt"},{"floor":34.0,"key":"FossilizedHelix"},{"floor":39.0,"key":"Shovel"},{"floor":40.0,"key":"Shuriken"},{"floor":41.0,"key":"Vajra"},{"floor":43.0,"key":"Incense Burner"},{"floor":44.0,"key":"Ice Cream"},{"floor":46.0,"key":"PreservedInsect"},{"floor":49,"key":"Anchor"}],"event_choices":[{"damage_healed":0.0,"max_hp_gain":0.0,"max_hp_loss":0.0,"gold_gain":0.0,"event_name":"Scrap Ooze","player_choice":"Success","floor":2.0,"gold_loss":0.0,"damage_taken":18.0,"relics_obtained":["Du-Vu Doll"]},{"damage_healed":0.0,"max_hp_gain":0.0,"max_hp_loss":0.0,"gold_gain":150.0,"event_name":"Liars Game","player_choice":"AGREE","floor":4.0,"gold_loss":0.0,"damage_taken":0.0,"cards_obtained":["Doubt"]},{"damage_healed":0.0,"max_hp_gain":0.0,"max_hp_loss":20.0,"gold_gain":0.0,"event_name":"Vampires","player_choice":"Became a vampire","floor":19.0,"gold_loss":0.0,"damage_taken":0.0,"cards_obtained":["Bite","Bite","Bite","Bite","Bite"]},{"damage_healed":0.0,"max_hp_gain":0.0,"max_hp_loss":0.0,"gold_gain":0.0,"event_name":"The Library","player_choice":"Read","floor":20.0,"gold_loss":0.0,"damage_taken":0.0,"cards_obtained":["Blade Dance"]},{"cards_removed":["Defend_G"],"damage_healed":0.0,"max_hp_gain":0.0,"max_hp_loss":0.0,"gold_gain":0.0,"event_name":"Beggar","player_choice":"Gave Gold","floor":21.0,"gold_loss":75.0,"damage_taken":0.0},{"damage_healed":9.0,"max_hp_gain":0.0,"max_hp_loss":0.0,"gold_gain":0.0,"event_name":"Winding Halls","player_choice":"Writhe","floor":37.0,"gold_loss":0.0,"damage_taken":0.0,"cards_obtained":["Writhe"]},{"damage_healed":0.0,"max_hp_gain":0.0,"max_hp_loss":0.0,"gold_gain":0.0,"event_name":"Mysterious Sphere","player_choice":"Fight","floor":39.0,"gold_loss":0.0,"damage_taken":0.0},{"damage_healed":0.0,"max_hp_gain":0.0,"max_hp_loss":0.0,"gold_gain":0.0,"event_name":"SensoryStone","player_choice":"Memory 3","floor":45.0,"gold_loss":0.0,"damage_taken":10.0},{"damage_healed":0.0,"max_hp_gain":0.0,"max_hp_loss":0.0,"gold_gain":0.0,"event_name":"Duplicator","player_choice":"Copied","floor":47.0,"gold_loss":0.0,"damage_taken":0.0,"cards_obtained":["Riddle With Holes"]}],"is_beta":false,"boss_relics":[{"not_picked":["Philosopher\u0027s Stone","Tiny House"],"picked":"Coffee Dripper"},{"not_picked":["Runic Dome","Empty Cage"],"picked":"Calling Bell"}],"items_purged_floors":[14,29,42],"is_endless":false,"potions_floor_spawned":[3,7,16,22,23,28,31,33,36],"ascension_level":19}}