{"host":"dth8fvkfiulu86fi","time":1613902718,"event":{"mods":["2.2 Compatiblity","AchievementEnabler","BaseMod","Better Third Choice","Colored Map","Colored Powertips","Minty Spire (QoL Compilation)","Rare Cards Sparkle","StSLib","SuperFastMode","Synergy Search"],"gold_per_floor":[114,39,214,289,34,64,64,64,64,64,64,139,169,199,199,299,299,326,288,315,342,20,50,50,50,50,65,90,120,38,38,38,138,188,203,203,203,78,93,123,123,153,178,178,28,28,78,40,40,40],"floor_reached":51,"language":"ENG","playtime":1746,"items_purged":["Perfected Strike","Shame"],"score":974,"play_id":"9158a71d-32d3-47cf-964b-9b13976745ff","local_time":"20210221111838","daily_mods":["SealedDeck","Flight","Elite Swarm"],"is_ascension_mode":false,"campfire_choices":[{"data":"1","floor":15.0,"key":"LIFT"},{"data":"2","floor":32,"key":"LIFT"},{"data":"3","floor":49,"key":"LIFT"}],"circlet_count":0,"master_deck":["Heavy Blade","Shrug It Off","Shrug It Off","Shrug It Off","Anger+1","Anger","Anger","Anger+1","Anger+1","Panache+1","Flash of Steel+1","Impervious","Double Tap+1","Demon Form+1","CurseOfTheBell","Flex+1","Panache+1","Bludgeon","Shrug It Off","Dark Shackles","Impervious","Twin Strike+1","Flex","Shrug It Off+1","Reaper","Impervious","Dark Shackles","Seeing Red"],"relics":["Burning Blood","FossilizedHelix","White Beast Statue","Letter Opener","Bronze Scales","Girya","Calling Bell","MawBank","Mercury Hourglass","Thread and Needle","MealTicket","Pantograph","Red Mask","Orichalcum","HornCleat","Tiny House","Juzu Bracelet","Eternal Feather","Meat on the Bone","Bag of Preparation","Whetstone","Shovel"],"acts_visited":["Exordium","TheCity","TheBeyond"],"potions_floor_usage":[27,29,29,33,33,42,42,42,42,50,50],"damage_taken":[{"damage":0.0,"enemies":"Small Slimes","floor":1.0,"turns":3.0},{"damage":10.0,"enemies":"Gremlin Nob","floor":6.0,"turns":4.0},{"damage":0.0,"enemies":"Lagavulin","floor":13.0,"turns":4.0},{"damage":0.0,"enemies":"Gremlin Nob","floor":14.0,"turns":3.0},{"damage":38.0,"enemies":"The Guardian","floor":16.0,"turns":5.0},{"damage":0.0,"enemies":"Chosen","floor":18.0,"turns":4.0},{"damage":0.0,"enemies":"2 Thieves","floor":20.0,"turns":3.0},{"damage":0.0,"enemies":"Cultist and Chosen","floor":21.0,"turns":4.0},{"damage":17.0,"enemies":"Book of Stabbing","floor":23.0,"turns":4.0},{"damage":10,"enemies":"Snake Plant","floor":27,"turns":2},{"damage":0,"enemies":"Masked Bandits","floor":28,"turns":3},{"damage":5,"enemies":"Slavers","floor":29,"turns":3},{"damage":0,"enemies":"Collector","floor":33,"turns":6},{"damage":0,"enemies":"3 Darklings","floor":35,"turns":5},{"damage":12,"enemies":"3 Shapes","floor":39,"turns":3},{"damage":0,"enemies":"Reptomancer","floor":40,"turns":5},{"damage":45,"enemies":"Giant Head","floor":42,"turns":7},{"damage":24,"enemies":"Mind Bloom Boss Battle","floor":47,"turns":5},{"damage":22,"enemies":"Donu and Deca","floor":50,"turns":7}],"seed_played":"-7397021786818157212","potions_obtained":[{"floor":6.0,"key":"SkillPotion"},{"floor":13.0,"key":"Ancient Potion"},{"floor":14.0,"key":"SteroidPotion"},{"floor":16.0,"key":"PowerPotion"},{"floor":18.0,"key":"AttackPotion"},{"floor":21.0,"key":"SteroidPotion"},{"floor":23.0,"key":"Weak Potion"},{"floor":27,"key":"Swift Potion"},{"floor":29,"key":"AttackPotion"},{"floor":33,"key":"PowerPotion"},{"floor":34,"key":"PowerPotion"},{"floor":35,"key":"EntropicBrew"},{"floor":42,"key":"ElixirPotion"},{"floor":47,"key":"HeartOfIron"}],"is_trial":false,"path_per_floor":["M","$","?","?","$","E","?","?","T","?","$","T","E","E","R","B",null,"M","?","M","M","$","E","?","?","T","M","?","E","$","?","R","B",null,"M","?","?","$","M","E","T","E","T","?","$","?","?","$","R","B",null],"character_chosen":"IRONCLAD","items_purchased":["Panache","Flash of Steel","Panache","Bludgeon","Dark Shackles","Flex","Whetstone","Seeing Red"],"campfire_rested":0,"item_purchase_floors":[5,5,22,22,30,38,45,48],"current_hp_per_floor":[80,80,80,69,69,65,70,53,53,53,53,53,59,65,65,33,85,85,85,85,85,85,74,74,74,74,70,76,77,85,85,85,85,90,90,90,90,90,84,90,90,51,51,51,66,66,81,90,90,74],"gold":40,"neow_bonus":"","is_daily":true,"chose_seed":false,"campfire_upgraded":0,"win_rate":0.0,"timestamp":1613902718,"path_taken":["M","$","?","?","$","E","?","?","T","?","$","?","E","E","R","BOSS","M","?","?","M","$","E","?","?","T","?","?","E","$","?","R","BOSS","M","?","?","$","?","E","?","E","T","?","?","?","?","$","R","BOSS"],"items_purchased_type":["Card","Card","Card","Card","Card","Card","Relic","Card"],"build_version":"2020-12-22","purchased_purges":2,"victory":true,"max_hp_per_floor":[80,80,80,80,80,80,85,85,85,85,85,85,85,85,85,85,85,85,85,85,85,85,85,85,85,85,85,85,85,85,85,85,85,90,90,90,90,90,90,90,90,90,90,90,90,90,90,90,90,90],"card_choices":[{"not_picked":["Rampage","True Grit"],"picked":"Anger","floor":1.0},{"not_picked":["Brutality","Barricade"],"picked":"Impervious","floor":6.0},{"not_picked":["Barricade","Juggernaut"],"picked":"Double Tap","floor":13.0},{"not_picked":["Berserk","Juggernaut","Exhume"],"picked":"SKIP","floor":14.0},{"not_picked":["Berserk","Juggernaut","Exhume"],"picked":"SKIP","floor":14.0},{"not_picked":["Exhume","Berserk"],"picked":"Demon Form","floor":16.0},{"not_picked":["Searing Blow+1","Reckless Charge+1"],"picked":"Flex+1","floor":18.0},{"not_picked":["Twin Strike","Headbutt","Metallicize"],"picked":"SKIP","floor":20.0},{"not_picked":["Clash+1","Blood for Blood","Perfected Strike"],"picked":"SKIP","floor":21.0},{"not_picked":["Demon Form","Juggernaut","Brutality"],"picked":"SKIP","floor":23.0},{"not_picked":["Body Slam","Perfected Strike"],"picked":"Shrug It Off","floor":27},{"not_picked":["Fiend Fire","Double Tap","Corruption"],"picked":"SKIP","floor":29},{"not_picked":["Feed","Reaper"],"picked":"Impervious","floor":33},{"not_picked":["Shockwave+1","Whirlwind"],"picked":"Twin Strike+1","floor":35},{"not_picked":["Rampage+1","Pommel Strike+1"],"picked":"Shrug It Off+1","floor":39},{"not_picked":["Limit Break","Demon Form"],"picked":"Reaper","floor":40},{"not_picked":["Corruption","Berserk"],"picked":"Impervious","floor":42},{"not_picked":["Transmutation","Trip"],"picked":"Dark Shackles","floor":44}],"player_experience":1187844,"relics_obtained":[{"floor":6.0,"key":"FossilizedHelix"},{"floor":9.0,"key":"White Beast Statue"},{"floor":12.0,"key":"Letter Opener"},{"floor":13.0,"key":"Bronze Scales"},{"floor":14.0,"key":"Girya"},{"floor":17.0,"key":"MawBank"},{"floor":17.0,"key":"Mercury Hourglass"},{"floor":17.0,"key":"Thread and Needle"},{"floor":23.0,"key":"MealTicket"},{"floor":26,"key":"Pantograph"},{"floor":28,"key":"Red Mask"},{"floor":29,"key":"Orichalcum"},{"floor":40,"key":"Juzu Bracelet"},{"floor":41,"key":"Eternal Feather"},{"floor":42,"key":"Meat on the Bone"},{"floor":43,"key":"Bag of Preparation"},{"floor":47,"key":"Shovel"}],"event_choices":[{"damage_healed":0.0,"max_hp_gain":0.0,"max_hp_loss":0.0,"gold_gain":175.0,"event_name":"betterThird:BetterSerpent","player_choice":"AGREE","floor":3.0,"gold_loss":0.0,"damage_taken":39.0},{"damage_healed":0.0,"max_hp_gain":0.0,"max_hp_loss":0.0,"gold_gain":75.0,"event_name":"betterThird:BetterGoop","player_choice":"Gold","floor":4.0,"gold_loss":0.0,"damage_taken":11.0},{"damage_healed":0.0,"max_hp_gain":5.0,"max_hp_loss":0.0,"gold_gain":0.0,"event_name":"Big Fish","player_choice":"Donut","floor":7.0,"gold_loss":0.0,"damage_taken":0.0},{"damage_healed":70.0,"max_hp_gain":0.0,"max_hp_loss":85.0,"gold_gain":0.0,"event_name":"betterThird:BetterShining","player_choice":"Upgrade","floor":8.0,"gold_loss":0.0,"damage_taken":17.0,"cards_upgraded":["Panache","Anger"]},{"damage_healed":0.0,"max_hp_gain":0.0,"max_hp_loss":0.0,"gold_gain":0.0,"event_name":"Golden Idol","player_choice":"Ignored","floor":10.0,"gold_loss":0.0,"damage_taken":0.0},{"damage_healed":0.0,"max_hp_gain":0.0,"max_hp_loss":0.0,"gold_gain":0.0,"event_name":"The Joust","player_choice":"Bet on Murderer","floor":19.0,"gold_loss":50.0,"damage_taken":0.0},{"cards_removed":["Doubt"],"damage_healed":0,"gold_gain":0,"player_choice":"Elegance","damage_taken":0,"max_hp_gain":0,"max_hp_loss":0,"event_name":"betterThird:BetterWriting","floor":24,"gold_loss":0},{"damage_healed":0,"gold_gain":0,"player_choice":"Upgraded","damage_taken":0,"max_hp_gain":0,"max_hp_loss":0,"event_name":"Upgrade Shrine","floor":25,"gold_loss":0,"cards_upgraded":["Panache"]},{"damage_healed":0,"gold_gain":0,"player_choice":"Fought Bandits","damage_taken":0,"max_hp_gain":0,"max_hp_loss":0,"event_name":"Masked Bandits","floor":28,"gold_loss":0},{"damage_healed":0,"gold_gain":0,"player_choice":"Stole Relic","damage_taken":0,"relics_obtained":["HornCleat"],"max_hp_gain":0,"max_hp_loss":0,"event_name":"Addict","floor":31,"gold_loss":0,"cards_obtained":["Shame"]},{"cards_removed":["Intimidate"],"damage_healed":0,"gold_gain":0,"player_choice":"Removed Skill","damage_taken":0,"max_hp_gain":0,"max_hp_loss":0,"event_name":"Falling","floor":36,"gold_loss":0},{"damage_healed":0,"gold_gain":0,"player_choice":"Upgraded","damage_taken":0,"max_hp_gain":0,"max_hp_loss":0,"event_name":"Upgrade Shrine","floor":37,"gold_loss":0,"cards_upgraded":["Anger"]},{"damage_healed":0,"gold_gain":0,"player_choice":"Memory 1","damage_taken":0,"max_hp_gain":0,"max_hp_loss":0,"event_name":"SensoryStone","floor":44,"gold_loss":0},{"damage_healed":0,"gold_gain":0,"player_choice":"Forge","damage_taken":0,"max_hp_gain":0,"max_hp_loss":0,"event_name":"Accursed Blacksmith","floor":46,"gold_loss":0,"cards_upgraded":["Double Tap"]},{"damage_healed":0,"gold_gain":0,"player_choice":"Fight","damage_taken":0,"max_hp_gain":0,"max_hp_loss":0,"event_name":"MindBloom","floor":47,"gold_loss":0}],"is_beta":false,"boss_relics":[{"not_picked":["Coffee Dripper","Velvet Choker"],"picked":"Calling Bell"},{"not_picked":["Philosopher\u0027s Stone","SlaversCollar"],"picked":"Tiny House"}],"items_purged_floors":[2,38],"is_endless":false,"potions_floor_spawned":[6,13,14,16,18,20,21,23,27,28,29,33,35,39,40,42,47],"ascension_level":0}}