{"host":"f9ntswufr8mq3t4y","time":1613919508,"event":{"mods":["AchievementEnabler","BaseMod","Best Route Mod","Block Reminder","Colored Map","Colored Powertips","Curses Come First","DeckTracker","Displayed Cursed Tome","Highlight Path","Minty Spire (QoL Compilation)","Permanent Neow","Quick Restart","Slay-I","StSLib"],"gold_per_floor":[111,111,111,125,225,253,266,266,321,321,353,366,366,380,380,482,482,502,502,521,265,277,302,302,336,636,636,670,670,683,700,700,797,797,817,817,535,555,569,569,569,569,645,674,689,689,706,706,706,706,706],"floor_reached":50,"language":"ENG","playtime":2589,"items_purged":[],"score":881,"play_id":"6169643d-9dac-4a80-83d6-fa62cfad5697","local_time":"20210221175828","is_ascension_mode":true,"campfire_choices":[{"data":"Eruption","floor":8.0,"key":"SMITH"},{"floor":10.0,"key":"REST"},{"data":"LessonLearned","floor":13,"key":"SMITH"},{"floor":15,"key":"REST"},{"data":"Halt","floor":24,"key":"SMITH"},{"data":"BattleHymn","floor":27,"key":"SMITH"},{"data":"Sanctity","floor":29,"key":"SMITH"},{"floor":32,"key":"REST"},{"floor":40,"key":"REST"},{"floor":42,"key":"REST"},{"floor":46,"key":"REST"},{"floor":49,"key":"REST"}],"circlet_count":0,"master_deck":["Strike_P+1","Strike_P+1","Strike_P+1","Strike_P+1","Defend_P+1","Defend_P+1","Defend_P+1","Defend_P+1","Eruption+1","Vigilance+1","Halt+1","Sanctity+1","Protect+1","LessonLearned+1","Vault+1","BattleHymn+1","Wallop+1","Consecrate+1","Vengeance+1","Wish+1","Fasting2+1","WheelKick","Parasite","Wallop","Vault+1","Wireheading+1","Panacea"],"relics":["PureWater","Pocketwatch","Damaru","Vajra","Singing Bowl","Velvet Choker","Gremlin Horn","Letter Opener","CloakClasp","Darkstone Periapt","Old Coin","Boot","SacredBark","Membership Card","Bag of Preparation","Question Card","Frozen Egg 2"],"acts_visited":["Exordium","TheCity","TheBeyond"],"potions_floor_usage":[11,25,28,39,50,50],"damage_taken":[{"damage":0.0,"enemies":"Jaw Worm","floor":1.0,"turns":2.0},{"damage":0.0,"enemies":"Small Slimes","floor":4.0,"turns":3.0},{"damage":16.0,"enemies":"Lagavulin","floor":6.0,"turns":6.0},{"damage":0.0,"enemies":"Cultist","floor":7.0,"turns":3.0},{"damage":11,"enemies":"Gremlin Nob","floor":11,"turns":3},{"damage":2,"enemies":"Red Slaver","floor":12,"turns":3},{"damage":0,"enemies":"2 Fungi Beasts","floor":14,"turns":3},{"damage":0,"enemies":"Slime Boss","floor":16,"turns":6},{"damage":0,"enemies":"Shell Parasite","floor":18,"turns":7},{"damage":0,"enemies":"Spheric Guardian","floor":20,"turns":4},{"damage":4,"enemies":"Centurion and Healer","floor":22,"turns":4},{"damage":8,"enemies":"Gremlin Leader","floor":23,"turns":5},{"damage":1,"enemies":"Book of Stabbing","floor":25,"turns":5},{"damage":3,"enemies":"Slavers","floor":28,"turns":3},{"damage":0,"enemies":"Sentry and Sphere","floor":30,"turns":4},{"damage":0,"enemies":"Snecko","floor":31,"turns":3},{"damage":0,"enemies":"Automaton","floor":33,"turns":9},{"damage":0,"enemies":"3 Shapes","floor":35,"turns":3},{"damage":0,"enemies":"3 Darklings","floor":38,"turns":5},{"damage":76,"enemies":"Writhing Mass","floor":39,"turns":6},{"damage":0,"enemies":"Reptomancer","floor":44,"turns":5},{"damage":1,"enemies":"4 Shapes","floor":45,"turns":5},{"damage":22,"enemies":"Spire Growth","floor":47,"turns":4},{"damage":96,"enemies":"Donu and Deca","floor":50,"turns":8}],"seed_played":"291541310518504342","potions_obtained":[{"floor":4.0,"key":"PowerPotion"},{"floor":7.0,"key":"Fire Potion"},{"floor":12,"key":"Explosive Potion"},{"floor":16,"key":"FearPotion"},{"floor":30,"key":"FearPotion"},{"floor":31,"key":"Explosive Potion"},{"floor":33,"key":"Weak Potion"},{"floor":45,"key":"Ambrosia"}],"is_trial":false,"path_per_floor":["M","?","?","M","?","E","M","R","T","R","E","M","R","M","R","B",null,"M","T","M","$","M","E","R","E","T","R","E","R","M","M","R","B",null,"M","?","$","M","M","R","?","R","T","E","M","R","M","?","R","B"],"character_chosen":"WATCHER","items_purchased":["Letter Opener","Membership Card","Bag of Preparation","Fasting2","WheelKick"],"campfire_rested":7,"item_purchase_floors":[21,37,37,37,37],"current_hp_per_floor":[65,52,57,57,57,41,41,41,41,62,51,49,49,51,72,72,72,72,72,72,72,70,62,62,63,63,63,62,62,64,64,80,80,80,82,82,82,84,14,41,41,68,68,70,69,92,72,72,94,0,0],"gold":706,"neow_bonus":"ONE_RARE_RELIC","is_daily":false,"chose_seed":false,"campfire_upgraded":5,"win_rate":0.0,"timestamp":1613919508,"path_taken":["M","?","?","M","?","E","M","R","T","R","E","M","R","M","R","BOSS","M","?","?","$","M","E","R","E","T","R","E","R","M","M","R","BOSS","M","?","$","M","M","R","?","R","T","E","?","R","M","?","R","BOSS"],"items_purchased_type":["Relic","Relic","Relic","Card","Card"],"build_version":"2020-12-22","purchased_purges":0,"victory":false,"max_hp_per_floor":[65,65,70,70,70,70,70,70,70,70,70,70,70,72,72,72,72,72,72,72,72,74,74,74,76,76,76,78,78,80,80,80,80,80,82,82,82,84,90,90,90,90,90,92,92,92,94,94,94,94,94],"card_choices":[{"not_picked":["CutThroughFate","Perseverance","Protect"],"picked":"SKIP","floor":1.0},{"not_picked":["WreathOfFlame","CutThroughFate","SashWhip"],"picked":"SKIP","floor":4.0},{"not_picked":["FollowUp","ThirdEye"],"picked":"Halt","floor":6.0},{"not_picked":["Crescendo","Indignation"],"picked":"Sanctity","floor":7.0},{"not_picked":["FlyingSleeves","WreathOfFlame"],"picked":"Protect","floor":11},{"not_picked":["Indignation","EmptyFist"],"picked":"LessonLearned","floor":12},{"not_picked":["EmptyBody","FlurryOfBlows","JustLucky"],"picked":"Singing Bowl","floor":14},{"not_picked":["Wish","MasterReality"],"picked":"Vault","floor":16},{"not_picked":["BowlingBash+1","Protect"],"picked":"BattleHymn","floor":18},{"not_picked":["JustLucky","Crescendo"],"picked":"Wallop+1","floor":20},{"not_picked":["JustLucky+1","FollowUp+1","Crescendo"],"picked":"Singing Bowl","floor":22},{"not_picked":["JustLucky+1","Crescendo"],"picked":"Consecrate+1","floor":23},{"not_picked":["ClearTheMind","FlurryOfBlows","Prostrate"],"picked":"Singing Bowl","floor":25},{"not_picked":["Alpha","ThirdEye","Evaluate"],"picked":"Singing Bowl","floor":28},{"not_picked":["BattleHymn","PathToVictory","Evaluate"],"picked":"Singing Bowl","floor":30},{"not_picked":["Adaptation","FollowUp"],"picked":"Vengeance","floor":31},{"not_picked":["Omniscience","Scrawl"],"picked":"Wish","floor":33},{"not_picked":["Evaluate+1","FlurryOfBlows","Swivel+1"],"picked":"Singing Bowl","floor":35},{"not_picked":["FollowUp","JustLucky","EmptyBody"],"picked":"Singing Bowl","floor":38},{"not_picked":["Nirvana+1","Vengeance+1"],"picked":"Wallop","floor":39},{"not_picked":["Evaluate","EmptyMind+1","Perseverance","Adaptation+1"],"picked":"Singing Bowl","floor":44},{"not_picked":["Conclude","JustLucky","TalkToTheHand"],"picked":"Wireheading+1","floor":45},{"not_picked":["Pray+1","Nirvana+1","WaveOfTheHand+1","EmptyFist"],"picked":"Singing Bowl","floor":47},{"not_picked":["Swift Strike","Good Instincts","Sadistic Nature+1"],"picked":"Panacea","floor":48}],"player_experience":455775,"relics_obtained":[{"floor":6.0,"key":"Damaru"},{"floor":9.0,"key":"Vajra"},{"floor":11,"key":"Singing Bowl"},{"floor":19,"key":"Gremlin Horn"},{"floor":23,"key":"CloakClasp"},{"floor":25,"key":"Darkstone Periapt"},{"floor":26,"key":"Old Coin"},{"floor":28,"key":"Boot"},{"floor":43,"key":"Question Card"},{"floor":44,"key":"Frozen Egg 2"}],"event_choices":[{"damage_healed":0.0,"max_hp_gain":0.0,"max_hp_loss":0.0,"gold_gain":0.0,"event_name":"Shining Light","player_choice":"Entered Light","floor":2.0,"gold_loss":0.0,"damage_taken":13.0,"cards_upgraded":["Strike_P","Vigilance"]},{"damage_healed":0.0,"max_hp_gain":5.0,"max_hp_loss":0.0,"gold_gain":0.0,"event_name":"Big Fish","player_choice":"Donut","floor":3.0,"gold_loss":0.0,"damage_taken":0.0},{"damage_healed":0.0,"max_hp_gain":0.0,"max_hp_loss":0.0,"gold_gain":100.0,"event_name":"Golden Shrine","player_choice":"Pray","floor":5.0,"gold_loss":0.0,"damage_taken":0.0},{"damage_healed":0,"gold_gain":0,"player_choice":"Ignored","damage_taken":0,"max_hp_gain":0,"max_hp_loss":0,"event_name":"Tomb of Lord Red Mask","floor":36,"gold_loss":0},{"damage_healed":0,"gold_gain":0,"player_choice":"Copied","damage_taken":0,"max_hp_gain":0,"max_hp_loss":0,"event_name":"Duplicator","floor":41,"gold_loss":0,"cards_obtained":["Vault"]},{"damage_healed":0,"gold_gain":0,"player_choice":"Memory 1","damage_taken":0,"max_hp_gain":0,"max_hp_loss":0,"event_name":"SensoryStone","floor":48,"gold_loss":0}],"is_beta":false,"boss_relics":[{"not_picked":["Philosopher\u0027s Stone","Ectoplasm"],"picked":"Velvet Choker"},{"not_picked":["Pandora\u0027s Box","Empty Cage"],"picked":"SacredBark"}],"items_purged_floors":[],"is_endless":false,"potions_floor_spawned":[4,7,12,16,22,30,31,33,38,45],"killed_by":"Donu and Deca","ascension_level":5}}