{"host":"zsf7u5n6ehqeseos","time":1613942126,"event":{"mods":["AchievementEnabler","BaseMod","Colored Map","Colored Powertips","Googly Eyes","Minty Spire (QoL Compilation)"],"gold_per_floor":[110,125,200,210,228,263,263,263,263,296,316,334,359,359,359,458,458,474,497,34,89,89,89,116,116,139,10,10,10,35,47,47,144,144,160,171,191,241,257,257,285,285,285,295,295,320,354,14,14,14],"floor_reached":51,"language":"ENG","playtime":2514,"items_purged":["Regret","Shame","Normality"],"score":940,"play_id":"2ea3849a-2262-4bdf-8bfc-df690f39fc50","local_time":"20210221221526","is_ascension_mode":true,"campfire_choices":[{"floor":8.0,"key":"REST"},{"floor":15.0,"key":"REST"},{"data":"Apotheosis","floor":23.0,"key":"SMITH"},{"data":"Combust","floor":25.0,"key":"SMITH"},{"data":"Dramatic Entrance","floor":29.0,"key":"SMITH"},{"data":"Heavy Blade","floor":32.0,"key":"SMITH"},{"data":"Offering","floor":40.0,"key":"SMITH"},{"data":"Cleave","floor":45.0,"key":"SMITH"},{"data":"Burning Pact","floor":49,"key":"SMITH"}],"circlet_count":0,"master_deck":["Strike_R","Strike_R","Strike_R","Strike_R","Defend_R","Defend_R","Defend_R","Bash","Inflame","Cleave","Burning Pact+1","Cleave+1","Dropkick","Offering+1","True Grit","Heavy Blade+1","Bludgeon","Anger+1","Apotheosis+1","Inflame","Dramatic Entrance+1","Clumsy","Spot Weakness","Combust+1","Feed","Anger+1","Battle Trance+1","Rupture+1","Sword Boomerang+1","Warcry+1","Clash+1","Decay","Iron Wave+1","Clumsy"],"relics":["Burning Blood","NeowsBlessing","Sundial","TungstenRod","Magic Flower","MealTicket","Cursed Key","Happy Flower","Membership Card","Self Forming Clay","Tiny Chest","Shuriken","Centennial Puzzle","Bag of Marbles","Art of War","SacredBark","Charon\u0027s Ashes","The Courier","Vajra","Mercury Hourglass","Nunchaku","Oddly Smooth Stone","Ancient Tea Set","Lizard Tail"],"acts_visited":["Exordium","TheCity","TheBeyond"],"potions_floor_usage":[48,50,50,50],"damage_taken":[{"damage":0.0,"enemies":"Jaw Worm","floor":1.0,"turns":1.0},{"damage":0.0,"enemies":"2 Louse","floor":2.0,"turns":1.0},{"damage":0.0,"enemies":"Cultist","floor":4.0,"turns":1.0},{"damage":16.0,"enemies":"3 Louse","floor":5.0,"turns":3.0},{"damage":44.0,"enemies":"3 Sentries","floor":6.0,"turns":7.0},{"damage":25.0,"enemies":"Gremlin Nob","floor":10.0,"turns":4.0},{"damage":13.0,"enemies":"Red Slaver","floor":11.0,"turns":3.0},{"damage":7.0,"enemies":"Exordium Thugs","floor":12.0,"turns":4.0},{"damage":15.0,"enemies":"3 Sentries","floor":13.0,"turns":5.0},{"damage":31.0,"enemies":"Slime Boss","floor":16.0,"turns":7.0},{"damage":5.0,"enemies":"Spheric Guardian","floor":18.0,"turns":3.0},{"damage":13.0,"enemies":"Slavers","floor":24.0,"turns":3.0},{"damage":5.0,"enemies":"Gremlin Leader","floor":30.0,"turns":2.0},{"damage":5.0,"enemies":"2 Thieves","floor":31.0,"turns":1.0},{"damage":28.0,"enemies":"Collector","floor":33.0,"turns":6.0},{"damage":25.0,"enemies":"3 Darklings","floor":35.0,"turns":3.0},{"damage":10.0,"enemies":"Orb Walker","floor":36.0,"turns":2.0},{"damage":5.0,"enemies":"Transient","floor":37.0,"turns":5.0},{"damage":6.0,"enemies":"Mind Bloom Boss Battle","floor":38.0,"turns":5.0},{"damage":6.0,"enemies":"4 Shapes","floor":39.0,"turns":2.0},{"damage":5.0,"enemies":"Reptomancer","floor":41.0,"turns":3.0},{"damage":0.0,"enemies":"Jaw Worm Horde","floor":44.0,"turns":2.0},{"damage":15.0,"enemies":"Nemesis","floor":47.0,"turns":3.0},{"damage":47,"enemies":"Donu and Deca","floor":50,"turns":5}],"seed_played":"-6944381219443314433","potions_obtained":[{"floor":1.0,"key":"GamblersBrew"},{"floor":10.0,"key":"Regen Potion"},{"floor":12.0,"key":"BlessingOfTheForge"},{"floor":16.0,"key":"Block Potion"},{"floor":18.0,"key":"DuplicationPotion"},{"floor":24.0,"key":"SpeedPotion"},{"floor":31.0,"key":"AttackPotion"},{"floor":38.0,"key":"SneckoOil"},{"floor":41.0,"key":"AttackPotion"},{"floor":47.0,"key":"Ancient Potion"}],"is_trial":false,"path_per_floor":["M","M","?","M","M","E","?","R","T","E","M","M","E","?","R","B",null,"M","T","$","T","?","R","E","R","T","$","$","R","E","M","R","B",null,"M","M","M","?","M","R","E","T","T","M","R","T","E","$","R","B",null],"character_chosen":"IRONCLAD","items_purchased":["Membership Card","Apotheosis","Inflame","Dramatic Entrance","Self Forming Clay","Bag of Marbles","Ancient Tea Set","Lizard Tail","Fruit Juice","DuplicationPotion","PowerPotion"],"campfire_rested":2,"item_purchase_floors":[20,20,20,20,20,27,48,48,48,48,48],"current_hp_per_floor":[80,80,69,75,65,27,27,51,51,32,42,44,38,38,62,40,80,80,80,80,80,80,80,76,76,76,80,80,80,80,80,80,61,80,64,63,67,70,73,73,77,77,77,83,83,83,77,93,93,61],"gold":14,"neow_bonus":"THREE_ENEMY_KILL","is_daily":false,"chose_seed":false,"campfire_upgraded":7,"win_rate":0.0,"timestamp":1613942126,"path_taken":["M","M","?","M","M","E","?","R","T","E","M","?","E","?","R","BOSS","M","?","$","?","?","R","E","R","T","?","$","R","E","M","R","BOSS","M","M","M","?","M","R","E","?","T","?","R","?","E","$","R","BOSS"],"items_purchased_type":["Relic","Card","Card","Card","Relic","Relic","Relic","Relic","Potion","Potion","Potion"],"build_version":"2020-12-22","purchased_purges":3,"victory":true,"max_hp_per_floor":[80,80,80,80,80,80,80,80,80,80,80,80,80,80,80,80,80,80,80,80,80,80,80,80,80,80,80,80,80,80,80,80,80,80,80,80,80,80,80,80,80,80,80,83,83,83,83,93,93,97],"card_choices":[{"not_picked":["Rampage","Twin Strike"],"picked":"Inflame","floor":1.0},{"not_picked":["Inflame","Flame Barrier"],"picked":"Cleave","floor":2.0},{"not_picked":["Flame Barrier","Carnage","Havoc"],"picked":"SKIP","floor":4.0},{"not_picked":["Sever Soul","Entrench"],"picked":"Burning Pact","floor":5.0},{"not_picked":["True Grit","Iron Wave"],"picked":"Cleave","floor":6.0},{"not_picked":["Sever Soul","Blood for Blood"],"picked":"Offering","floor":10.0},{"not_picked":["Twin Strike","Burning Pact"],"picked":"True Grit","floor":11.0},{"not_picked":["Cleave","Clothesline"],"picked":"Heavy Blade","floor":12.0},{"not_picked":["Shockwave","Hemokinesis","Sever Soul"],"picked":"SKIP","floor":13.0},{"not_picked":["Fiend Fire","Juggernaut"],"picked":"Bludgeon","floor":16.0},{"not_picked":["Second Wind+1","Power Through"],"picked":"Anger+1","floor":18.0},{"not_picked":["Anger+1","Dropkick+1"],"picked":"Combust","floor":24.0},{"not_picked":["Havoc+1","Fiend Fire","Wild Strike"],"picked":"SKIP","floor":30.0},{"not_picked":["Anger","True Grit","Pommel Strike"],"picked":"SKIP","floor":31.0},{"not_picked":["Fiend Fire","Berserk"],"picked":"Feed","floor":33.0},{"not_picked":["Clothesline","Seeing Red+1"],"picked":"Anger+1","floor":35.0},{"not_picked":["Ghostly Armor+1","Flex"],"picked":"Battle Trance+1","floor":36.0},{"not_picked":["Shrug It Off","Havoc"],"picked":"Rupture+1","floor":37.0},{"not_picked":["Havoc+1","Spot Weakness"],"picked":"Sword Boomerang+1","floor":38.0},{"not_picked":["Perfected Strike+1","Reckless Charge"],"picked":"Warcry+1","floor":39.0},{"not_picked":["Pummel","Flex"],"picked":"Clash+1","floor":41.0},{"not_picked":["Anger","Havoc"],"picked":"Iron Wave+1","floor":44.0},{"not_picked":["True Grit","Juggernaut","Perfected Strike+1"],"picked":"SKIP","floor":47.0}],"player_experience":253251,"relics_obtained":[{"floor":6.0,"key":"Sundial"},{"floor":9.0,"key":"TungstenRod"},{"floor":10.0,"key":"Magic Flower"},{"floor":13.0,"key":"MealTicket"},{"floor":19.0,"key":"Happy Flower"},{"floor":21.0,"key":"Tiny Chest"},{"floor":24.0,"key":"Shuriken"},{"floor":26.0,"key":"Centennial Puzzle"},{"floor":30.0,"key":"Art of War"},{"floor":38.0,"key":"Charon\u0027s Ashes"},{"floor":41.0,"key":"The Courier"},{"floor":42.0,"key":"Vajra"},{"floor":43.0,"key":"Mercury Hourglass"},{"floor":46.0,"key":"Nunchaku"},{"floor":47.0,"key":"Oddly Smooth Stone"}],"event_choices":[{"damage_healed":0.0,"max_hp_gain":0.0,"max_hp_loss":0.0,"gold_gain":75.0,"event_name":"World of Goop","player_choice":"Gather Gold","floor":3.0,"gold_loss":0.0,"damage_taken":11.0},{"damage_healed":0.0,"max_hp_gain":0.0,"max_hp_loss":0.0,"gold_gain":0.0,"cards_transformed":["Defend_R"],"event_name":"Transmorgrifier","player_choice":"Transformed","floor":7.0,"gold_loss":0.0,"damage_taken":0.0,"cards_obtained":["Dropkick"]},{"cards_removed":["Strike_R"],"damage_healed":0.0,"max_hp_gain":0.0,"max_hp_loss":0.0,"gold_gain":0.0,"event_name":"Purifier","player_choice":"Purged","floor":14.0,"gold_loss":0.0,"damage_taken":0.0},{"damage_healed":0.0,"max_hp_gain":0.0,"max_hp_loss":0.0,"gold_gain":0.0,"event_name":"The Library","player_choice":"Read","floor":22.0,"gold_loss":0.0,"damage_taken":0.0,"cards_obtained":["Spot Weakness"]},{"damage_healed":0.0,"max_hp_gain":0.0,"max_hp_loss":0.0,"gold_gain":0.0,"event_name":"MindBloom","player_choice":"Fight","floor":38.0,"gold_loss":0.0,"damage_taken":0.0}],"is_beta":false,"boss_relics":[{"not_picked":["Busted Crown","Runic Dome"],"picked":"Cursed Key"},{"not_picked":["Runic Pyramid","Fusion Hammer"],"picked":"SacredBark"}],"items_purged_floors":[20,27,48],"is_endless":false,"potions_floor_spawned":[1,10,12,16,18,24,31,38,41,47],"ascension_level":2}}