{"host":"xsuxkwaivmtd234a","time":1613924187,"event":{"mods":["BaseMod","Bestiary","Colored Map","Minty Spire (QoL Compilation)","Relic Stats","StSLib"],"gold_per_floor":[114,114,129,141,216,216,236,196,220,220,248,248,264,1,1,99,99,116,116,135,135,135,135],"floor_reached":22,"language":"ENG","playtime":1231,"items_purged":["Defend_B"],"score":314,"play_id":"8272364a-11e5-4cee-a52d-f792a0900cb0","local_time":"20210221111627","is_ascension_mode":true,"campfire_choices":[{"data":"Sweeping Beam","floor":6,"key":"SMITH"},{"data":"Go for the Eyes","floor":10,"key":"SMITH"},{"data":"Consume","floor":12,"key":"SMITH"},{"data":"Barrage","floor":15,"key":"SMITH"}],"circlet_count":0,"master_deck":["AscendersBane","Strike_B+1","Strike_B+1","Strike_B+1","Defend_B+1","Defend_B+1","Defend_B+1","Zap","Dualcast","CurseOfTheBell","Sweeping Beam+1","Go for the Eyes+1","Consume+1","Cold Snap","Sunder","Barrage+1","Biased Cognition","Lockon","Chill"],"relics":["Calling Bell","Potion Belt","Sundial","Mango","Akabeko","Art of War","Membership Card","Fusion Hammer","InkBottle"],"acts_visited":["Exordium","TheCity"],"potions_floor_usage":[11,11,11,13,16,16],"damage_taken":[{"damage":1,"enemies":"2 Louse","floor":1,"turns":4},{"damage":4,"enemies":"Small Slimes","floor":3,"turns":4},{"damage":11,"enemies":"Cultist","floor":4,"turns":4},{"damage":5,"enemies":"Red Slaver","floor":7,"turns":5},{"damage":0,"enemies":"Gremlin Nob","floor":11,"turns":2},{"damage":24,"enemies":"Exordium Wildlife","floor":13,"turns":5},{"damage":9,"enemies":"The Guardian","floor":16,"turns":13},{"damage":37,"enemies":"Shell Parasite","floor":18,"turns":5},{"damage":8,"enemies":"Chosen","floor":20,"turns":3},{"damage":24,"enemies":"Snake Plant","floor":22,"turns":3}],"seed_played":"-5317377516662634648","potions_obtained":[{"floor":3,"key":"FearPotion"},{"floor":4,"key":"SpeedPotion"},{"floor":8,"key":"Swift Potion"},{"floor":8,"key":"FearPotion"},{"floor":8,"key":"LiquidMemories"},{"floor":11,"key":"Explosive Potion"}],"is_trial":false,"path_per_floor":["M","?","M","M","?","R","M","?","T","R","E","R","M","$","R","B",null,"M","?","M","?","M"],"character_chosen":"DEFECT","items_purchased":["Membership Card","Sunder","FocusPotion","Barrage"],"campfire_rested":0,"item_purchase_floors":[14,14,14,14],"current_hp_per_floor":[81,74,70,59,48,48,43,43,43,43,43,43,19,19,19,10,69,32,32,24,24,0,0],"gold":135,"neow_bonus":"BOSS_RELIC","is_daily":false,"chose_seed":false,"campfire_upgraded":4,"win_rate":0.0,"timestamp":1613924187,"path_taken":["M","?","M","M","?","R","M","?","T","R","E","R","?","?","R","BOSS","M","?","M","?","M"],"items_purchased_type":["Relic","Card","Potion","Card"],"build_version":"2020-12-22","purchased_purges":1,"victory":false,"max_hp_per_floor":[89,89,89,89,89,89,89,89,89,89,89,89,89,89,89,89,89,89,89,89,89,89,89],"relic_stats":{"counters":[10,48],"Sundial":[8],"Art of War":[3],"obtain_stats":[{"Calling Bell":0,"Potion Belt":0,"Sundial":0,"Mango":0,"Fusion Hammer":17,"Art of War":11,"Membership Card":14,"Cracked Core":0,"Akabeko":9,"InkBottle":21},{"Calling Bell":0,"Potion Belt":0,"Sundial":0,"Mango":0,"Fusion Hammer":7,"Art of War":5,"Membership Card":6,"Cracked Core":0,"Akabeko":4,"InkBottle":9},{"Calling Bell":0,"Potion Belt":0,"Sundial":0,"Mango":0,"Fusion Hammer":37,"Art of War":19,"Membership Card":24,"Cracked Core":0,"Akabeko":17,"InkBottle":45}],"InkBottle":[1]},"card_choices":[{"not_picked":["Conserve Battery","BootSequence"],"picked":"Sweeping Beam","floor":1},{"not_picked":["Sweeping Beam","Stack"],"picked":"Go for the Eyes","floor":3},{"not_picked":["Go for the Eyes","Sweeping Beam","Redo"],"picked":"SKIP","floor":4},{"not_picked":["Stack","Barrage","Go for the Eyes"],"picked":"SKIP","floor":7},{"not_picked":["BootSequence","Storm"],"picked":"Consume","floor":11},{"not_picked":["Leap","Loop"],"picked":"Cold Snap","floor":13},{"not_picked":["Meteor Strike","All For One"],"picked":"Biased Cognition","floor":16},{"not_picked":["Beam Cell+1","Go for the Eyes"],"picked":"Lockon","floor":18},{"not_picked":["Beam Cell+1","Go for the Eyes"],"picked":"Chill","floor":20}],"player_experience":1329095,"relics_obtained":[{"floor":0,"key":"Potion Belt"},{"floor":0,"key":"Sundial"},{"floor":0,"key":"Mango"},{"floor":9,"key":"Akabeko"},{"floor":11,"key":"Art of War"}],"event_choices":[{"cards_removed":["Strike_B"],"damage_healed":0,"gold_gain":0,"player_choice":"Card Removal","damage_taken":7,"max_hp_gain":0,"max_hp_loss":0,"event_name":"Golden Wing","floor":2,"gold_loss":0},{"damage_healed":0,"gold_gain":75,"player_choice":"Gather Gold","damage_taken":11,"max_hp_gain":0,"max_hp_loss":0,"event_name":"World of Goop","floor":5,"gold_loss":0},{"damage_healed":0,"gold_gain":0,"player_choice":"Bought 3 Potions","damage_taken":0,"max_hp_gain":0,"max_hp_loss":0,"event_name":"The Woman in Blue","floor":8,"gold_loss":0},{"damage_healed":0,"gold_gain":0,"player_choice":"Simplicity","damage_taken":0,"max_hp_gain":0,"max_hp_loss":0,"event_name":"Back to Basics","floor":19,"gold_loss":0,"cards_upgraded":["Strike_B","Strike_B","Strike_B","Defend_B","Defend_B","Defend_B"]},{"damage_healed":0,"gold_gain":0,"player_choice":"Gave Potion","damage_taken":0,"relics_obtained":["InkBottle"],"max_hp_gain":0,"max_hp_loss":0,"event_name":"WeMeetAgain","floor":21,"gold_loss":0}],"is_beta":false,"boss_relics":[{"not_picked":["Tiny House","SlaversCollar"],"picked":"Fusion Hammer"}],"items_purged_floors":[14],"is_endless":false,"potions_floor_spawned":[3,4,11],"killed_by":"Snake Plant","ascension_level":10}}