{"host":"oeeu8njhzvf3llor","time":1613932825,"event":{"mods":["BaseMod","Better Match","Better Note","Better Skull","Better Third Choice","Hubris","Minty Spire (QoL Compilation)","Rare Cards Sparkle","Replay The Spire","Shop Mod","Spicy Shops","StSLib","Swap Starting Deck Mod"],"gold_per_floor":[114,129,144,69,84,84,159,159,159,159,189,20,20,35,35,135,135,150,165,165,40,55,55,55],"floor_reached":23,"language":"ENG","playtime":738,"items_purged":["Brutality","Machine Learning","Creative AI"],"score":216,"play_id":"b390424b-a7fe-489d-aea0-ad0ffdbd8b97","local_time":"20210221134025","daily_mods":["Shiny","Red Cards","DeadlyEvents"],"is_ascension_mode":false,"campfire_choices":[{"floor":6.0,"key":"REST"},{"data":"ReplayTheSpireMod:Fabricate Wheel","floor":10.0,"key":"SMITH"},{"floor":13.0,"key":"REST"},{"floor":15.0,"key":"REST"}],"circlet_count":0,"master_deck":["Double Tap","Demon Form","Fiend Fire","Eclipse","Berserk","Impervious","Juggernaut","Demonic Infusion","Exhume","Offering","Bludgeon","Feed","Replay:Many Hands","Limit Break","Corruption","Barricade","Hemogenesis","hubris:StunningStrike","Reaper","Immolate","Hyperbeam","Buffer","Mirror Shield","Seek","Echo Form","All For One","Reboot","Fission","Core Surge","Multi-Cast","Thunder Strike","hubris:DoWhile","Biased Cognition","Electrodynamics","ReplayRNGCard","ReplayTheSpireMod:Omega Cannon","Rainbow","Meteor Strike","Amplify","hubris:Prefetch","hubris:SpecializedCircuitry","Feel No Pain","Metallicize","Rainbow","Feed","hubris:NaturalOne"],"relics":["Cracked Core","Regal Pillow","Blue Candle","Toy Ornithopter","Prayer Wheel","Black Star","hubris:Icosahedron"],"acts_visited":["Exordium","TheCity"],"potions_floor_usage":[22],"damage_taken":[{"damage":0.0,"enemies":"Cultist","floor":1.0,"turns":2.0},{"damage":11.0,"enemies":"Jaw Worm","floor":2.0,"turns":2.0},{"damage":8.0,"enemies":"Small Slimes","floor":3.0,"turns":3.0},{"damage":10.0,"enemies":"Looter","floor":5.0,"turns":2.0},{"damage":48.0,"enemies":"3 Sentries","floor":11.0,"turns":7.0},{"damage":12.0,"enemies":"2 Fungi Beasts","floor":14.0,"turns":3.0},{"damage":76.0,"enemies":"The Guardian","floor":16.0,"turns":9.0},{"damage":20,"enemies":"Chosen","floor":18,"turns":6},{"damage":23,"enemies":"Shell Parasite","floor":19,"turns":4},{"damage":33,"enemies":"Snake Plant","floor":22,"turns":2},{"damage":1,"enemies":"Replay:Snechameleon","floor":23,"turns":1}],"seed_played":"3618718455484561711","potions_obtained":[{"floor":11.0,"key":"Death Potion"},{"floor":14.0,"key":"SpeedPotion"},{"floor":18,"key":"Death Potion"}],"is_trial":false,"path_per_floor":["M","M","M","$","M","R","?","T","T","R","E","$","R","M","R","B",null,"M","M","?","$","M","E"],"character_chosen":"DEFECT","items_purchased":["Metallicize"],"campfire_rested":3,"item_purchase_floors":[12],"current_hp_per_floor":[75,64,56,56,46,68,57,57,57,57,9,9,46,34,71,8,75,55,36,36,36,8,7,7],"gold":55,"neow_bonus":"","is_daily":true,"chose_seed":false,"campfire_upgraded":1,"win_rate":0.0,"timestamp":1613932825,"path_taken":["M","M","M","$","M","R","?","?","T","R","?","$","R","M","R","BOSS","M","?","?","$","M","E"],"items_purchased_type":["Card"],"build_version":"2020-12-22","purchased_purges":3,"victory":false,"max_hp_per_floor":[75,75,75,75,75,75,75,75,75,75,75,75,75,75,75,75,75,75,75,75,75,75,75,75],"card_choices":[{"not_picked":["Turbo","Rebound","Darkness"],"picked":"SKIP","floor":1.0},{"not_picked":["Heavy Blade","Blizzard","Infernal Blade"],"picked":"SKIP","floor":2.0},{"not_picked":["Steam","Ball Lightning","Warcry"],"picked":"SKIP","floor":3.0},{"not_picked":["Ball Lightning","Beam Cell"],"picked":"Feel No Pain","floor":5.0},{"not_picked":["Barricade","Scrape","Thunderclap"],"picked":"SKIP","floor":11.0},{"not_picked":["Sweeping Beam","Coolheaded","Sword Boomerang"],"picked":"SKIP","floor":14.0},{"not_picked":["Thunder Strike","Creative AI"],"picked":"Feed","floor":16.0},{"not_picked":["hubris:SharpeningStone","BasicCrystalCard","Blood for Blood+1"],"picked":"SKIP","floor":18},{"not_picked":["Self Repair","Sweeping Beam","Clothesline+1"],"picked":"SKIP","floor":18},{"not_picked":["Darkness","ReplayTheSpireMod:System Scan","Go for the Eyes"],"picked":"SKIP","floor":19},{"not_picked":["Dual Wield","Infernal Blade","Steam"],"picked":"SKIP","floor":19},{"not_picked":["Spot Weakness","Sweeping Beam","Metallicize"],"picked":"SKIP","floor":22},{"not_picked":["Shrug It Off","Headbutt","Heavy Blade"],"picked":"SKIP","floor":22}],"player_experience":521835,"relics_obtained":[{"floor":8.0,"key":"Regal Pillow"},{"floor":9.0,"key":"Blue Candle"},{"floor":11.0,"key":"Toy Ornithopter"}],"event_choices":[{"damage_healed":0.0,"max_hp_gain":0.0,"max_hp_loss":0.0,"gold_gain":75.0,"event_name":"betterThird:BetterGoop","player_choice":"Gold","floor":7.0,"gold_loss":0.0,"damage_taken":11.0}],"is_beta":false,"boss_relics":[{"not_picked":["hubris:GrandSneckoEye","Sozu"],"picked":"Black Star"}],"items_purged_floors":[4,12,21],"is_endless":false,"potions_floor_spawned":[11,14,18],"killed_by":"Replay:Snechameleon","ascension_level":0}}