{"host":"ooetke516h53yqww","time":1613881896,"event":{"mods":["100% Spire Juice","2.2 Compatiblity","Abigail Mod","Act Like it!","Astrologer","Bartender","BaseMod","Beaked The Cultist","Better Match","Better Third Choice","Conspire","Elementarium","Friendly Minions","Hallownest","Hermit","HololiveMod","Hubris","Infinite Spire","Kiyohime????","Lobotomy","LobotomyExtend","Mari Mod (Legacy)","Mari\u0027s V1 Patch","Menagerie","Minty Spire (QoL Compilation)","Morshu Shopkeeper","Prisma Mod","Random Character Button","Reliquary","Replay The Spire","Robot Space Explorer","Ruina","Spicy Shops","StSLib","Td1madao Mod","The Alterego","The Bug Knight","The Marked","The Poker Player","The Senshi","TheSwordswoman","Uncapped","WarShipGirlsR/????R mod","Yakumo Yukari mod","Yohane!"],"gold_per_floor":[113,126,138,157,44,77,91,103,126,126,141,160,85,65,65,167,167,178,188,188,205,216,216,216,216],"floor_reached":24,"language":"ENG","playtime":983,"items_purged":[],"score":235,"play_id":"c185e512-926e-436c-accc-9f2a17b2fb74","local_time":"20210220233136","is_ascension_mode":true,"campfire_choices":[{"floor":10,"key":"REST"},{"floor":15,"key":"REST"},{"floor":23,"key":"REST"}],"circlet_count":0,"master_deck":["astrologer:Strike","astrologer:Strike","astrologer:Strike","astrologer:Strike","astrologer:Defend+1","astrologer:Defend","astrologer:Defend","astrologer:Defend","astrologer:NorthStar","astrologer:TheFool","astrologer:CometStrike","astrologer:Radiance+1","astrologer:TheTower","astrologer:MeteorShower","astrologer:StarOfChange","Injury","astrologer:FrozenStar+1","astrologer:FrozenStar","astrologer:HeatDeath","astrologer:Eclipse","astrologer:ShiningStar","astrologer:TheTower","astrologer:Nova+1","astrologer:Wish+1","astrologer:Starfield","astrologer:Stardust+1","astrologer:FadingStar","astrologer:Novile+1","astrologer:Moonlight+1"],"relics":["astrologer:SkyMirror","LetterFromLob","ClockworkSouvenir","Pen Nib","Gremlin Food","hubris:TerracottaHorce"],"acts_visited":["Exordium","ruina:Briah"],"potions_floor_usage":[16,22,22,24],"damage_taken":[{"damage":0,"enemies":"Small Slimes","floor":1,"turns":3},{"damage":0,"enemies":"Cultist","floor":2,"turns":2},{"damage":0,"enemies":"2 Louse","floor":3,"turns":1},{"damage":10,"enemies":"Large Slime","floor":4,"turns":6},{"damage":35,"enemies":"3 Sentries","floor":6,"turns":8},{"damage":1,"enemies":"Blue Slaver","floor":7,"turns":2},{"damage":5,"enemies":"Exordium Wildlife","floor":8,"turns":4},{"damage":0,"enemies":"Large Slime","floor":11,"turns":4},{"damage":2,"enemies":"3 Louse","floor":12,"turns":2},{"damage":31,"enemies":"Hexaghost","floor":16,"turns":8},{"damage":34,"enemies":"ruina:BadWolf","floor":18,"turns":6},{"damage":20,"enemies":"ruina:Nosferatu","floor":19,"turns":6},{"damage":0,"enemies":"ruina:QueenOfHate","floor":21,"turns":2},{"damage":4,"enemies":"ruina:KingOfGreed","floor":22,"turns":4},{"damage":24,"enemies":"conspire:MimicChest","floor":24,"turns":2}],"seed_played":"7728560692096969205","potions_obtained":[{"floor":2,"key":"Toxic Potion"},{"floor":3,"key":"PowerPotion"},{"floor":7,"key":"Milkshake"},{"floor":11,"key":"Energy Potion"},{"floor":18,"key":"PanachePotion"},{"floor":19,"key":"Dexterity Potion"}],"is_trial":false,"path_per_floor":["M","M","M","M","$","E","M","M","T","R","M","M","?","?","R","B",null,"M","M","?","M","M","R","?"],"character_chosen":"ASTROLOGER","items_purchased":["ClockworkSouvenir","astrologer:FrozenStar"],"campfire_rested":3,"item_purchase_floors":[5,5],"current_hp_per_floor":[70,70,70,60,60,25,24,19,19,40,40,38,38,38,59,28,60,26,6,6,6,2,23,0,0],"gold":216,"neow_bonus":"THREE_CARDS","is_daily":false,"chose_seed":false,"campfire_upgraded":0,"win_rate":0.0,"timestamp":1613881896,"path_taken":["M","M","M","M","$","E","M","M","T","R","M","M","?","?","R","BOSS","M","M","?","M","M","R","?"],"items_purchased_type":["Relic","Card"],"build_version":"2020-12-22","purchased_purges":0,"victory":false,"max_hp_per_floor":[70,70,70,70,70,70,70,70,70,70,70,70,70,70,70,70,70,70,70,70,70,70,70,70,70],"card_choices":[{"not_picked":["astrologer:SolarFlare","astrologer:TheDevil"],"picked":"astrologer:CometStrike","floor":0},{"not_picked":["astrologer:Justice","astrologer:ReadTheStars"],"picked":"astrologer:Radiance","floor":1},{"not_picked":["astrologer:Divination","astrologer:ReadTheStars"],"picked":"astrologer:TheTower","floor":2},{"not_picked":["astrologer:Eclipse","astrologer:ReadTheStars"],"picked":"astrologer:MeteorShower","floor":3},{"not_picked":["astrologer:TheDevil","astrologer:MeteorShower"],"picked":"astrologer:StarOfChange","floor":4},{"not_picked":["astrologer:Prismatic","astrologer:GlassStar"],"picked":"astrologer:FrozenStar","floor":6},{"not_picked":["astrologer:MeteorShower","astrologer:Moonlight"],"picked":"astrologer:HeatDeath","floor":7},{"not_picked":["astrologer:Radiance","astrologer:Still"],"picked":"astrologer:Eclipse","floor":8},{"not_picked":["astrologer:MeteorShower","astrologer:CometStrike"],"picked":"astrologer:ShiningStar","floor":11},{"not_picked":["astrologer:Sunrise","astrologer:CosmicExpanse"],"picked":"astrologer:TheTower","floor":12},{"not_picked":["astrologer:WheelofFortune+1","astrologer:TheChariot+1"],"picked":"astrologer:Nova+1","floor":13},{"not_picked":[],"picked":"astrologer:Wish","floor":14},{"not_picked":["astrologer:TheSun","astrologer:Death"],"picked":"astrologer:Starfield","floor":16},{"not_picked":["astrologer:SolarFlare","astrologer:Opposition"],"picked":"astrologer:Stardust+1","floor":18},{"not_picked":["astrologer:Stardust","astrologer:Moonlight+1"],"picked":"astrologer:FadingStar","floor":19},{"not_picked":["astrologer:Glimpse","astrologer:SolarFlare"],"picked":"astrologer:Novile+1","floor":21},{"not_picked":["astrologer:CometStrike","astrologer:Opposition"],"picked":"astrologer:Moonlight+1","floor":22}],"player_experience":1563493,"relics_obtained":[{"floor":1,"key":"LetterFromLob"},{"floor":6,"key":"Pen Nib"},{"floor":9,"key":"Gremlin Food"}],"event_choices":[{"damage_healed":0,"gold_gain":0,"player_choice":"2","damage_taken":0,"max_hp_gain":0,"max_hp_loss":0,"event_name":"betterMatch:BetterMatch","floor":13,"gold_loss":0,"cards_obtained":["betterMatch:RareCard"]}],"is_beta":false,"boss_relics":[{"not_picked":["conspire:RunicOctahedron","Hololive_TopUpMoneyS"],"picked":"hubris:TerracottaHorce"}],"items_purged_floors":[],"is_endless":false,"potions_floor_spawned":[2,3,7,8,11,18,19,21],"killed_by":"conspire:MimicChest","ascension_level":3}}