{"host":"2yqfi47fogfu1ic4","time":1613868596,"event":{"mods":["AchievementEnabler","BaseMod","Colored Map","Colored Powertips","Highlight Path","Minty Spire (QoL Compilation)","Permanent Neow","Relic Stats","StSLib"],"gold_per_floor":[119,394,413,251,251,251,265,292,315,345,0,0,12,25,25,99,99,118,118,134,184,197,224,224,252,252,40,57,91,102,127,139,225,237,267,303,15,28,44,73,73,73,152,180,180,192,204,238,238,238,238,238,238,23,58,58,58],"floor_reached":56,"language":"DEU","playtime":6110,"items_purged":["Regret","Strike_G","Strike_G","Flechettes","Choke+1"],"score":2350,"play_id":"f7106dc5-5256-4241-bcdb-092f384420ba","local_time":"20210221014956","is_ascension_mode":true,"campfire_choices":[{"data":"Choke","floor":6,"key":"SMITH"},{"data":"Apotheosis","floor":12,"key":"SMITH"},{"floor":15,"key":"RECALL"},{"floor":24,"key":"REST"},{"floor":32,"key":"REST"},{"data":"Venomology","floor":42,"key":"SMITH"},{"data":"Footwork","floor":49,"key":"SMITH"},{"floor":53,"key":"REST"}],"circlet_count":0,"master_deck":["AscendersBane","Survivor","Neutralize","Infinite Blades","Dagger Throw","Dagger Throw","Endless Agony","Apotheosis+1","Endless Agony","Blade Dance","Reflex","Adrenaline+1","PiercingWail","Backstab","Slice","Deflect","Corpse Explosion","Calculated Gamble+1","After Image","Storm of Steel","Finisher","Sucker Punch","Infinite Blades","Venomology+1","Dagger Spray","Sucker Punch","Cloak And Dagger","Footwork+1","PanicButton","Cloak And Dagger","Backflip","PiercingWail","Tactician+1","Panacea","Panache","Finesse","PiercingWail","Sucker Punch","Footwork+1","Leg Sweep","Footwork"],"relics":["WristBlade","Nunchaku","Tiny Chest","PreservedInsect","Black Star","Smiling Mask","Pantograph","Ginger","Centennial Puzzle","Oddly Smooth Stone","Toolbox","TungstenRod","War Paint","MawBank","Ancient Tea Set","Pandora\u0027s Box","Akabeko","Sundial","Omamori","HornCleat","Bag of Preparation","StrikeDummy","Juzu Bracelet","Paper Crane","Art of War","Blue Candle"],"acts_visited":["Exordium","TheCity","TheBeyond","TheEnding"],"potions_floor_usage":[8,10,18,20,31,39,40,44,44,47,48,50,50,51,56],"damage_taken":[{"damage":4.0,"enemies":"Jaw Worm","floor":1.0,"turns":6.0},{"damage":6.0,"enemies":"Cultist","floor":3.0,"turns":4.0},{"damage":4,"enemies":"Small Slimes","floor":7,"turns":3},{"damage":15,"enemies":"3 Sentries","floor":8,"turns":7},{"damage":17,"enemies":"Lagavulin","floor":10,"turns":6},{"damage":6,"enemies":"3 Louse","floor":13,"turns":3},{"damage":0,"enemies":"Large Slime","floor":14,"turns":4},{"damage":0,"enemies":"Slime Boss","floor":16,"turns":5},{"damage":12,"enemies":"Chosen","floor":18,"turns":3},{"damage":0,"enemies":"Spheric Guardian","floor":20,"turns":1},{"damage":0,"enemies":"Centurion and Healer","floor":22,"turns":3},{"damage":12,"enemies":"Gremlin Leader","floor":23,"turns":3},{"damage":14,"enemies":"Book of Stabbing","floor":25,"turns":4},{"damage":0,"enemies":"Snecko","floor":28,"turns":2},{"damage":0,"enemies":"Gremlin Leader","floor":29,"turns":3},{"damage":0,"enemies":"Sentry and Sphere","floor":30,"turns":1},{"damage":20,"enemies":"Book of Stabbing","floor":31,"turns":5},{"damage":10,"enemies":"Collector","floor":33,"turns":6},{"damage":2,"enemies":"Orb Walker","floor":35,"turns":2},{"damage":0,"enemies":"3 Shapes","floor":38,"turns":2},{"damage":0,"enemies":"Writhing Mass","floor":39,"turns":6},{"damage":0,"enemies":"Giant Head","floor":40,"turns":6},{"damage":9,"enemies":"Reptomancer","floor":44,"turns":4},{"damage":0,"enemies":"3 Darklings","floor":46,"turns":1},{"damage":0,"enemies":"Sphere and 2 Shapes","floor":47,"turns":5},{"damage":16,"enemies":"Nemesis","floor":48,"turns":5},{"damage":20,"enemies":"Donu and Deca","floor":50,"turns":5},{"damage":72,"enemies":"Awakened One","floor":51,"turns":21},{"damage":2,"enemies":"Shield and Spear","floor":55,"turns":3},{"damage":72,"enemies":"The Heart","floor":56,"turns":9}],"seed_played":"1416071929305520185","potions_obtained":[{"floor":1.0,"key":"FairyPotion"},{"floor":3.0,"key":"Energy Potion"},{"floor":8,"key":"FearPotion"},{"floor":16,"key":"Poison Potion"},{"floor":18,"key":"SneckoOil"},{"floor":25,"key":"SteroidPotion"},{"floor":30,"key":"GamblersBrew"},{"floor":33,"key":"SpeedPotion"},{"floor":35,"key":"GamblersBrew"},{"floor":39,"key":"Swift Potion"},{"floor":44,"key":"Regen Potion"},{"floor":48,"key":"Weak Potion"}],"is_trial":false,"path_per_floor":["M","?","M","$","T","R","M","E","T","E","$","R","M","M","R","B",null,"M","?","M","?","M","E","R","E","T","$","M","E","M","E","R","B",null,"M","T","$","M","M","E","?","R","T","E","?","M","M","E","R","B","B",null,"R","$","E","B"],"character_chosen":"THE_SILENT","items_purchased":["Infinite Blades","Apotheosis","Endless Agony","Toolbox","Footwork","PanicButton","Cloak And Dagger","Leg Sweep","Footwork"],"campfire_rested":3,"item_purchase_floors":[4,11,11,27,37,37,37,54,54],"current_hp_per_floor":[55,55,49,49,49,49,45,30,30,13,13,13,7,7,7,7,51,39,39,39,39,39,27,46,32,32,32,32,32,32,12,31,46,61,59,59,59,59,59,59,50,50,50,41,41,41,55,39,39,44,19,54,66,66,64,0,0],"gold":58,"neow_bonus":"BOSS_RELIC","is_daily":false,"chose_seed":false,"campfire_upgraded":4,"win_rate":0.0,"timestamp":1613868596,"path_taken":["M","?","M","$","?","R","M","E","T","E","$","R","?","M","R","BOSS","M","?","M","?","M","E","R","E","T","$","M","E","M","E","R","BOSS","M","?","$","M","M","E","?","R","T","E","?","?","M","E","R","BOSS","BOSS","R","$","E","BOSS"],"items_purchased_type":["Card","Card","Card","Relic","Card","Card","Card","Card","Card"],"build_version":"2020-12-22","purchased_purges":5,"victory":false,"max_hp_per_floor":[66,66,66,66,66,66,66,66,66,66,66,66,66,66,66,66,66,66,66,66,66,66,66,66,66,66,66,66,66,66,66,66,66,66,66,66,66,66,66,66,66,66,66,66,66,66,66,66,66,66,66,66,66,66,66,66,66],"relic_stats":{"counters":[30,138],"Blue Candle":[0],"PreservedInsect":494,"Bag of Preparation":[14],"Juzu Bracelet":0,"Ginger":[13],"War Paint":["Defend_G","Adrenaline"],"Smiling Mask":300,"MawBank":72,"Nunchaku":[46],"Centennial Puzzle":[28],"Sundial":[4],"Pantograph":74,"Tiny Chest":1,"Pandora\u0027s Box":["Finisher","Sucker Punch","Predator","Infinite Blades","Flechettes","Venomology","Dagger Spray","Sucker Punch"],"Black Star":8,"Art of War":[0],"obtain_stats":[{"Bag of Preparation":44,"Juzu Bracelet":48,"Ginger":25,"Smiling Mask":23,"Ancient Tea Set":31,"Nunchaku":5,"Centennial Puzzle":25,"HornCleat":43,"WristBlade":0,"Sundial":40,"Pantograph":23,"Toolbox":27,"Tiny Chest":8,"Ring of the Snake":0,"Blue Candle":55,"Oddly Smooth Stone":26,"PreservedInsect":10,"Omamori":40,"War Paint":29,"Paper Crane":48,"MawBank":31,"Akabeko":36,"Pandora\u0027s Box":34,"Black Star":17,"Art of War":55,"StrikeDummy":44,"TungstenRod":29},{"Bag of Preparation":23,"Juzu Bracelet":26,"Ginger":13,"Smiling Mask":12,"Ancient Tea Set":17,"Nunchaku":2,"Centennial Puzzle":13,"HornCleat":22,"WristBlade":0,"Sundial":22,"Pantograph":12,"Toolbox":13,"Tiny Chest":4,"Ring of the Snake":0,"Blue Candle":29,"Oddly Smooth Stone":13,"PreservedInsect":5,"Omamori":22,"War Paint":15,"Paper Crane":26,"MawBank":17,"Akabeko":19,"Pandora\u0027s Box":18,"Black Star":8,"Art of War":29,"StrikeDummy":23,"TungstenRod":15},{"Bag of Preparation":89,"Juzu Bracelet":100,"Ginger":52,"Smiling Mask":48,"Ancient Tea Set":63,"Nunchaku":10,"Centennial Puzzle":52,"HornCleat":85,"WristBlade":0,"Sundial":85,"Pantograph":48,"Toolbox":52,"Tiny Chest":20,"Ring of the Snake":0,"Blue Candle":129,"Oddly Smooth Stone":52,"PreservedInsect":26,"Omamori":85,"War Paint":57,"Paper Crane":100,"MawBank":63,"Akabeko":71,"Pandora\u0027s Box":69,"Black Star":38,"Art of War":129,"StrikeDummy":89,"TungstenRod":57}],"TungstenRod":97},"card_choices":[{"not_picked":["Reflex","Outmaneuver"],"picked":"Choke","floor":1.0},{"not_picked":["Deflect","Acrobatics","Tactician"],"picked":"SKIP","floor":3.0},{"not_picked":["Grand Finale","Poisoned Stab"],"picked":"Dagger Throw","floor":7},{"not_picked":["Heel Hook","Quick Slash"],"picked":"Dagger Throw","floor":8},{"not_picked":["Outmaneuver","Bane"],"picked":"Endless Agony","floor":10},{"not_picked":["Backflip","Cloak And Dagger"],"picked":"Blade Dance","floor":13},{"not_picked":["Poisoned Stab","Dodge and Roll"],"picked":"Reflex","floor":14},{"not_picked":["Malaise","Glass Knife"],"picked":"Adrenaline","floor":16},{"not_picked":["Outmaneuver","Flying Knee"],"picked":"PiercingWail","floor":18},{"not_picked":["Sucker Punch","Escape Plan"],"picked":"Slice","floor":20},{"not_picked":["Flying Knee","Predator","Poisoned Stab+1"],"picked":"SKIP","floor":22},{"not_picked":["Sucker Punch","Catalyst+1"],"picked":"Deflect","floor":23},{"not_picked":["Flying Knee+1","Backflip"],"picked":"Corpse Explosion","floor":25},{"not_picked":["Prepared","Concentrate"],"picked":"Calculated Gamble+1","floor":28},{"not_picked":["Acrobatics","Caltrops","Slice"],"picked":"SKIP","floor":29},{"not_picked":["Setup","Dagger Spray"],"picked":"After Image","floor":30},{"not_picked":["Distraction","Grand Finale"],"picked":"Storm of Steel","floor":31},{"not_picked":["Flying Knee","Dagger Throw"],"picked":"Cloak And Dagger","floor":35},{"not_picked":["Prepared+1","Slice"],"picked":"Backflip","floor":38},{"not_picked":["Deadly Poison","Masterful Stab+1"],"picked":"PiercingWail","floor":39},{"not_picked":["Heel Hook+1","Acrobatics"],"picked":"Tactician+1","floor":40},{"not_picked":["Impatience","Metamorphosis"],"picked":"Panacea","floor":41},{"not_picked":["Purity","Blind"],"picked":"Panache","floor":41},{"not_picked":["Forethought","Mind Blast"],"picked":"Finesse","floor":41},{"not_picked":["Sucker Punch","Deflect"],"picked":"PiercingWail","floor":44},{"not_picked":["Expertise","Sucker Punch+1","Bane+1"],"picked":"SKIP","floor":46},{"not_picked":["Caltrops","Outmaneuver"],"picked":"Footwork+1","floor":47},{"not_picked":["Poisoned Stab","Backstab","Acrobatics"],"picked":"SKIP","floor":48},{"not_picked":["Prepared","Finisher","Quick Slash"],"picked":"SKIP","floor":55}],"player_experience":1928585,"relics_obtained":[{"floor":5,"key":"Nunchaku"},{"floor":8,"key":"Tiny Chest"},{"floor":10,"key":"PreservedInsect"},{"floor":23,"key":"Smiling Mask"},{"floor":23,"key":"Pantograph"},{"floor":25,"key":"Ginger"},{"floor":25,"key":"Centennial Puzzle"},{"floor":26,"key":"Oddly Smooth Stone"},{"floor":29,"key":"TungstenRod"},{"floor":29,"key":"War Paint"},{"floor":31,"key":"MawBank"},{"floor":31,"key":"Ancient Tea Set"},{"floor":36,"key":"Akabeko"},{"floor":40,"key":"Sundial"},{"floor":40,"key":"Omamori"},{"floor":43,"key":"HornCleat"},{"floor":44,"key":"Bag of Preparation"},{"floor":44,"key":"StrikeDummy"},{"floor":48,"key":"Juzu Bracelet"},{"floor":48,"key":"Paper Crane"},{"floor":55,"key":"Art of War"},{"floor":55,"key":"Blue Candle"}],"event_choices":[{"damage_healed":0.0,"max_hp_gain":0.0,"max_hp_loss":0.0,"gold_gain":275.0,"event_name":"Golden Shrine","player_choice":"Desecrate","floor":2.0,"gold_loss":0.0,"damage_taken":0.0,"cards_obtained":["Regret"]},{"damage_healed":0,"gold_gain":0,"player_choice":"Read","damage_taken":0,"max_hp_gain":0,"max_hp_loss":0,"event_name":"The Library","floor":19,"gold_loss":0,"cards_obtained":["Backstab"]},{"damage_healed":0,"gold_gain":50,"player_choice":"Stole From Cult","damage_taken":0,"max_hp_gain":0,"max_hp_loss":0,"event_name":"Nest","floor":21,"gold_loss":0},{"damage_healed":0,"gold_gain":0,"player_choice":"Memory 3","damage_taken":10,"max_hp_gain":0,"max_hp_loss":0,"event_name":"SensoryStone","floor":41,"gold_loss":0},{"damage_healed":0,"gold_gain":0,"cards_transformed":["Predator"],"player_choice":"Transformed","damage_taken":0,"max_hp_gain":0,"max_hp_loss":0,"event_name":"Transmorgrifier","floor":45,"gold_loss":0,"cards_obtained":["Sucker Punch"]}],"is_beta":false,"boss_relics":[{"not_picked":["Calling Bell","Astrolabe"],"picked":"Black Star"},{"not_picked":["Tiny House","SacredBark"],"picked":"Pandora\u0027s Box"}],"items_purged_floors":[4,11,27,37,54],"is_endless":false,"potions_floor_spawned":[1,3,8,16,18,25,30,33,35,39,44,46,48],"killed_by":"The Heart","ascension_level":20}}