{"host":"07a2fkusd33ogvuu","time":1613921545,"event":{"mods":["BaseMod","Bestiary","Colored Powertips","Highlight Path","Minty Spire (QoL Compilation)","Relic Stats"],"gold_per_floor":[359,379,122,122,141,172,172,199,199,36,36,53,66,77,77,77,77],"floor_reached":16,"language":"ENG","playtime":895,"items_purged":["Pain"],"score":224,"play_id":"a513b43f-7891-427b-985d-6a05ddc710bf","local_time":"20210221153225","is_ascension_mode":true,"campfire_choices":[{"floor":7,"key":"REST"},{"data":"Streamline","floor":11,"key":"SMITH"},{"floor":15,"key":"REST"}],"circlet_count":0,"master_deck":["AscendersBane","Strike_B","Strike_B","Strike_B","Strike_B","Defend_B","Defend_B+1","Defend_B","Defend_B+1","Zap+1","Dualcast","Rebound","Steam","Rip and Tear","Panacea+1","Streamline+1","Undo","Hologram","Machine Learning","Gash","BootSequence"],"relics":["Cracked Core","War Paint","Torii","Bottled Lightning","Runic Capacitor"],"acts_visited":["Exordium"],"potions_floor_usage":[6,13,16,16],"damage_taken":[{"damage":12,"enemies":"Jaw Worm","floor":1,"turns":4},{"damage":8,"enemies":"Small Slimes","floor":2,"turns":3},{"damage":0,"enemies":"Cultist","floor":5,"turns":2},{"damage":10,"enemies":"3 Sentries","floor":6,"turns":4},{"damage":14,"enemies":"Gremlin Nob","floor":8,"turns":4},{"damage":1,"enemies":"Red Slaver","floor":12,"turns":3},{"damage":22,"enemies":"Exordium Thugs","floor":13,"turns":5},{"damage":8,"enemies":"Blue Slaver","floor":14,"turns":3},{"damage":26,"enemies":"The Guardian","floor":16,"turns":2}],"seed_played":"4934850616558801828","potions_obtained":[{"floor":1,"key":"Explosive Potion"},{"floor":8,"key":"Regen Potion"},{"floor":13,"key":"Energy Potion"},{"floor":14,"key":"EssenceOfDarkness"}],"is_trial":false,"path_per_floor":["M","M","$","?","M","E","R","E","T","$","R","M","M","M","R","B"],"character_chosen":"DEFECT","items_purchased":["Rip and Tear","Panacea","Runic Capacitor"],"campfire_rested":2,"item_purchase_floors":[3,3,10],"current_hp_per_floor":[52,44,44,23,23,13,34,20,20,20,20,19,11,3,24,0,0],"gold":77,"neow_bonus":"TWO_FIFTY_GOLD","is_daily":false,"chose_seed":false,"campfire_upgraded":1,"win_rate":0.0,"timestamp":1613921545,"path_taken":["M","M","$","?","M","E","R","E","T","$","R","M","M","M","R","BOSS"],"items_purchased_type":["Card","Card","Relic"],"build_version":"2020-12-22","purchased_purges":1,"victory":false,"max_hp_per_floor":[71,71,71,71,71,71,71,71,71,71,71,71,71,71,71,71,71],"relic_stats":{"Torii":1,"counters":[9,30],"War Paint":["Defend_B","Defend_B"],"obtain_stats":[{"Torii":8,"Runic Capacitor":10,"Bottled Lightning":9,"War Paint":6,"Cracked Core":0},{"Torii":5,"Runic Capacitor":5,"Bottled Lightning":5,"War Paint":4,"Cracked Core":0},{"Torii":17,"Runic Capacitor":17,"Bottled Lightning":17,"War Paint":13,"Cracked Core":0}]},"card_choices":[{"not_picked":["Gash","Compile Driver"],"picked":"Rebound","floor":1},{"not_picked":["Leap","Rebound"],"picked":"Steam","floor":2},{"not_picked":["Compile Driver","Blizzard"],"picked":"Streamline","floor":5},{"not_picked":["Compile Driver","Beam Cell"],"picked":"Undo","floor":6},{"not_picked":["Redo","FTL"],"picked":"Hologram","floor":8},{"not_picked":["Gash","Coolheaded"],"picked":"Machine Learning","floor":12},{"not_picked":["Steam","Sweeping Beam"],"picked":"Gash","floor":13},{"not_picked":["Barrage","FTL"],"picked":"BootSequence","floor":14}],"player_experience":1268996,"relics_obtained":[{"floor":6,"key":"War Paint"},{"floor":8,"key":"Torii"},{"floor":9,"key":"Bottled Lightning"}],"event_choices":[{"damage_healed":0,"gold_gain":0,"player_choice":"Entered Light","damage_taken":21,"max_hp_gain":0,"max_hp_loss":0,"event_name":"Shining Light","floor":4,"gold_loss":0,"cards_upgraded":["Zap","Panacea"]}],"is_beta":false,"boss_relics":[],"items_purged_floors":[3],"is_endless":false,"potions_floor_spawned":[1,8,13,14],"killed_by":"The Guardian","ascension_level":20}}