{"host":"l2dnabsh5e0fsksb","time":1613950940,"event":{"mods":["2.2 Compatiblity","BaseMod","Downfall","Minty Spire (QoL Compilation)","Quick Restart","StSLib"],"gold_per_floor":[199,199,199,199,199,234,234,261,279,79,90,101,1,0,15,112,112,112,126,111,124,29,62,87,116,116,133,144,154,154,4,21,123,123,123,135,153,163,181,33,33,43,71,71,121,140,140,151,164,164,164,164,164,164],"floor_reached":52,"language":"ENG","playtime":2262,"items_purged":[],"score":1268,"play_id":"53ccd646-7901-4827-a96e-2f105ba8eae5","local_time":"20210222101220","is_ascension_mode":true,"campfire_choices":[{"floor":1,"key":"RECALL"},{"floor":10,"key":"REST"},{"floor":13,"key":"REST"},{"data":"hexamod:HexaLevel","floor":18,"key":"SMITH"},{"data":"hexamod:RainOfEmbers","floor":30,"key":"SMITH"},{"data":"hexamod:GiftsFromTheDead","floor":35,"key":"SMITH"},{"floor":44,"key":"REST"},{"floor":47,"key":"REST"}],"circlet_count":0,"master_deck":["AscendersBane","hexamod:Strike","hexamod:Strike+1","hexamod:Strike+1","hexamod:Defend","hexamod:Defend","hexamod:Defend+1","hexamod:Defend","hexamod:Sear","hexamod:Float","hexamod:ThermalTransfer","hexamod:PowerFromBeyond","hexamod:SoulSteal","hexamod:RainOfEmbers+1","hexamod:Hexaguard","hexamod:RadiantFlame","hexamod:Firestarter","hexamod:HexaLevel+1","hexamod:InspiringFlames","hexamod:GhostShield","hexamod:ThermalTransfer","hexamod:SwordOfDarkness","hexamod:GhostLash","hexamod:FlamesFromBeyond","hexamod:Firestarter","hexamod:GiftsFromTheDead+1","hexamod:RadiantFlame","hexamod:NightmareStrike+1","hexamod:AdvancingGuard","hexamod:SwordOfDarkness+1","hexamod:ExtraCrispy","hexamod:AdvancingGuard+1"],"relics":["hexamod:SpiritBrand","downfall:ShatteredFragment","Mercury Hourglass","Bag of Preparation","downfall:HeartBlessingRed","downfall:HeartBlessingBlue","downfall:HeartBlessingGreen","Busted Crown","Matryoshka","Lee\u0027s Waffle","Happy Flower","Akabeko","Lantern","Bag of Marbles","Sozu","Toy Ornithopter","Potion Belt","Molten Egg 2","Nunchaku","Incense Burner"],"acts_visited":["Exordium","TheCity","TheBeyond","TheEnding"],"potions_floor_usage":[33,33],"damage_taken":[{"damage":21,"enemies":"Lagavulin","floor":6,"turns":5},{"damage":0,"enemies":"Gremlin Nob","floor":8,"turns":3},{"damage":0,"enemies":"2 Louse","floor":9,"turns":2},{"damage":0,"enemies":"Small Slimes","floor":11,"turns":2},{"damage":0,"enemies":"Jaw Worm","floor":12,"turns":2},{"damage":0,"enemies":"downfall:FleeingMerchant","floor":14,"turns":4},{"damage":0,"enemies":"Large Slime","floor":15,"turns":3},{"damage":7,"enemies":"IC_STATUS_ARCHETYPE","floor":16,"turns":6},{"damage":2,"enemies":"3 Byrds","floor":19,"turns":3},{"damage":0,"enemies":"downfall:FleeingMerchant","floor":20,"turns":4},{"damage":0,"enemies":"Spheric Guardian","floor":21,"turns":3},{"damage":1,"enemies":"downfall:FleeingMerchant","floor":22,"turns":3},{"damage":7,"enemies":"Book of Stabbing","floor":23,"turns":4},{"damage":0,"enemies":"Gremlin Leader","floor":25,"turns":3},{"damage":0,"enemies":"Chosen and Byrds","floor":27,"turns":4},{"damage":0,"enemies":"Centurion and Healer","floor":28,"turns":3},{"damage":0,"enemies":"Shelled Parasite and Fungi","floor":29,"turns":3},{"damage":1,"enemies":"Snake Plant","floor":32,"turns":2},{"damage":42,"enemies":"SI_MIRROR_ARCHETYPE","floor":33,"turns":13},{"damage":0,"enemies":"3 Darklings","floor":36,"turns":4},{"damage":13,"enemies":"3 Shapes","floor":37,"turns":3},{"damage":23,"enemies":"Writhing Mass","floor":38,"turns":3},{"damage":0,"enemies":"Jaw Worm Horde","floor":39,"turns":3},{"damage":9,"enemies":"Transient","floor":42,"turns":5},{"damage":0,"enemies":"Nemesis","floor":43,"turns":3},{"damage":4,"enemies":"Nemesis","floor":45,"turns":5},{"damage":0,"enemies":"4 Shapes","floor":46,"turns":3},{"damage":0,"enemies":"Writhing Mass","floor":48,"turns":5},{"damage":0,"enemies":"Maw","floor":49,"turns":5},{"damage":37,"enemies":"DF_ARCHETYPE_ORBS","floor":50,"turns":7},{"damage":87,"enemies":"downfall:CharBossMerchant","floor":52,"turns":7}],"seed_played":"-7416454385798463219","potions_obtained":[{"floor":12,"key":"EssenceOfSteel"},{"floor":16,"key":"Swift Potion"},{"floor":26,"key":"LiquidMemories"},{"floor":26,"key":"Fire Potion"}],"is_trial":false,"path_per_floor":["R","?","?","?","?","E","T","E","M","R","M","M","R","$","M","B",null,"R","M","$","M","$","E","T","E","?","M","M","M","R","?","M","B",null,"R","M","M","M","M","$","T","M","E","R","?","M","R","M","M","B",null,"E"],"character_chosen":"THE_SPIRIT","items_purchased":["Matryoshka","Lee\u0027s Waffle","Toy Ornithopter"],"campfire_rested":4,"item_purchase_floors":[22,22,40],"current_hp_per_floor":[63,63,42,42,42,21,21,21,21,55,55,55,79,79,79,72,78,78,76,76,76,87,80,80,80,80,80,80,80,80,97,96,54,86,86,86,73,50,50,50,50,41,41,70,66,66,95,95,95,58,87,0,0,0],"gold":164,"neow_bonus":"HUNDRED_GOLD","is_daily":false,"chose_seed":false,"campfire_upgraded":3,"win_rate":0.0,"timestamp":1613950940,"path_taken":["R","?","?","?","?","E","T","E","M","R","M","M","R","$","M","BOSS","R","M","$","M","$","E","T","E","?","M","?","M","R","?","M","BOSS","R","M","M","?","M","$","T","M","E","R","?","M","R","M","M","BOSS","E"],"items_purchased_type":["Relic","Relic","Relic"],"build_version":"2020-12-22","purchased_purges":0,"victory":false,"max_hp_per_floor":[70,70,70,70,70,70,70,70,70,80,80,80,80,80,80,80,80,80,80,80,80,87,87,87,87,87,87,87,87,87,97,97,97,97,97,97,97,97,97,97,97,97,97,97,97,97,97,97,97,97,97,97,97,97],"card_choices":[{"not_picked":["hexamod:BacktrackSmack","hexamod:SkipABeat"],"picked":"hexamod:ThermalTransfer","floor":6},{"not_picked":["hexamod:ParanormalForm","hexamod:SpectralAdrenaline"],"picked":"hexamod:PowerFromBeyond","floor":8},{"not_picked":["hexamod:AdvancingGuard","hexamod:Firestarter"],"picked":"hexamod:SoulSteal","floor":9},{"not_picked":["hexamod:NightmareGuise","hexamod:FlamesFromBeyond"],"picked":"hexamod:RainOfEmbers","floor":11},{"not_picked":["hexamod:StepThrough","hexamod:SecondSeal"],"picked":"hexamod:Hexaguard","floor":12},{"not_picked":["hexamod:InspiringFlames","hexamod:SuperheatedStrike"],"picked":"hexamod:RadiantFlame","floor":14},{"not_picked":["hexamod:DynamicBlow","hexamod:Rewind"],"picked":"hexamod:Firestarter","floor":15},{"not_picked":["hexamod:GhostflameInferno","hexamod:UnleashSpirits"],"picked":"hexamod:HexaLevel","floor":16},{"not_picked":[],"picked":"hexamod:InspiringFlames","floor":19},{"not_picked":["hexamod:RetreatToShadows"],"picked":"SKIP","floor":20},{"not_picked":[],"picked":"hexamod:GhostShield","floor":21},{"not_picked":[],"picked":"hexamod:ThermalTransfer","floor":22},{"not_picked":[],"picked":"hexamod:SwordOfDarkness","floor":23},{"not_picked":["hexamod:DynamicBlow"],"picked":"SKIP","floor":25},{"not_picked":[],"picked":"hexamod:GhostLash","floor":27},{"not_picked":[],"picked":"hexamod:FlamesFromBeyond","floor":28},{"not_picked":[],"picked":"hexamod:Firestarter","floor":29},{"not_picked":["hexamod:Toasty"],"picked":"SKIP","floor":32},{"not_picked":[],"picked":"hexamod:GiftsFromTheDead","floor":33},{"not_picked":["hexamod:HeatCrush"],"picked":"SKIP","floor":36},{"not_picked":["hexamod:RetreatToShadows+1"],"picked":"SKIP","floor":37},{"not_picked":["hexamod:SuperheatedStrike"],"picked":"SKIP","floor":38},{"not_picked":[],"picked":"hexamod:RadiantFlame","floor":39},{"not_picked":[],"picked":"hexamod:NightmareStrike+1","floor":42},{"not_picked":["hexamod:GhostflameInferno"],"picked":"SKIP","floor":43},{"not_picked":[],"picked":"hexamod:AdvancingGuard","floor":45},{"not_picked":[],"picked":"hexamod:SwordOfDarkness+1","floor":46},{"not_picked":[],"picked":"hexamod:ExtraCrispy","floor":48},{"not_picked":[],"picked":"hexamod:AdvancingGuard+1","floor":49}],"player_experience":1962577,"relics_obtained":[{"floor":6,"key":"Mercury Hourglass"},{"floor":8,"key":"Bag of Preparation"},{"floor":23,"key":"Happy Flower"},{"floor":24,"key":"Akabeko"},{"floor":24,"key":"Lantern"},{"floor":25,"key":"Bag of Marbles"},{"floor":41,"key":"Potion Belt"},{"floor":41,"key":"Molten Egg 2"},{"floor":43,"key":"Nunchaku"},{"floor":45,"key":"Incense Burner"}],"event_choices":[{"cards_removed":["downfall:Malfunctioning"],"damage_healed":0,"gold_gain":0,"player_choice":"Card Removal","damage_taken":0,"max_hp_gain":0,"max_hp_loss":0,"event_name":"The Cleric","floor":5,"gold_loss":0},{"damage_healed":0,"gold_gain":0,"player_choice":"Got Potions","damage_taken":0,"max_hp_gain":0,"max_hp_loss":0,"event_name":"Lab","floor":26,"gold_loss":0}],"is_beta":false,"boss_relics":[{"not_picked":["bronze:MakeshiftBattery","Snecko Eye"],"picked":"Busted Crown"},{"not_picked":["Runic Dome","Runic Pyramid"],"picked":"Sozu"}],"items_purged_floors":[],"is_endless":false,"potions_floor_spawned":[12,16,21,23,28,32,38,43,45,46,48],"killed_by":"downfall:CharBossMerchant","ascension_level":11}}