{"host":"vk2xyavtylxbvrfq","time":1613946758,"event":{"mods":["Bard","BaseMod","Bestiary","Better Altar","Better Match","Better Note","Better Sensory Stone","Better Skull","Better Vampires","Block Reminder","Bossed Relics","Colored Map","Curses Come First","Displayed Cursed Tome","Downfall","Extra Virgin Snecko Oil","Fox Events","Hermit","Ironclad Rager","Marked Mod","Minty Spire (QoL Compilation)","Quick Restart","Rare Cards Sparkle","Relic Sorter","Reliquary","Robot Space Explorer","Shapeshifter Mod","StSLib","The Hayseed","The Marked","The Runesmith","Unceasing Turn Reminder"],"gold_per_floor":[114,114,134,193,118,118,145,145,221,256,272,296,317,351,351,351,351],"floor_reached":16,"language":"ENG","playtime":341,"items_purged":[],"score":196,"play_id":"78320f1e-5e02-4f0f-9d2c-ece5dea2cd43","local_time":"20210221173238","is_ascension_mode":true,"campfire_choices":[{"data":"hermit:Determination","floor":6.0,"key":"SMITH"},{"floor":15,"key":"REST"}],"circlet_count":0,"master_deck":["hermit:Strike_Hermit","hermit:Strike_Hermit","hermit:Strike_Hermit","hermit:Strike_Hermit","hermit:Defend_Hermit+1","hermit:Defend_Hermit+1","hermit:Defend_Hermit","hermit:Defend_Hermit","hermit:Snapshot","hermit:Covet","hermit:Determination+1","hermit:Determination","hermit:Coalescence+1","hermit:Shortfuse","Injury","hermit:Misfire","hermit:Desperado","hermit:Manifest","hermit:FlashPowder","hermit:Coalescence"],"relics":["hermit:Momento","NeowsBlessing","reliquary:JackalopeAntler","Golden Idol","InkBottle","Lantern","Omamori"],"acts_visited":["Exordium"],"potions_floor_usage":[14],"damage_taken":[{"damage":0.0,"enemies":"2 Louse","floor":1.0,"turns":1.0},{"damage":0.0,"enemies":"Cultist","floor":3.0,"turns":1.0},{"damage":0.0,"enemies":"Lagavulin","floor":7.0,"turns":2.0},{"damage":18.0,"enemies":"Gremlin Nob","floor":10.0,"turns":4.0},{"damage":8.0,"enemies":"Small Slimes","floor":11.0,"turns":2.0},{"damage":13,"enemies":"Blue Slaver","floor":12,"turns":3},{"damage":0,"enemies":"2 Fungi Beasts","floor":13,"turns":3},{"damage":12,"enemies":"Lagavulin","floor":14,"turns":7},{"damage":26,"enemies":"The Guardian","floor":16,"turns":2}],"seed_played":"4123121043876720142","potions_obtained":[{"floor":1.0,"key":"hermit:Eclipse"},{"floor":7.0,"key":"PowerPotion"},{"floor":13,"key":"Dexterity Potion"}],"is_trial":false,"path_per_floor":["M","?","M","?","?","R","E","?","T","E","M","M","M","E","R","B"],"character_chosen":"HERMIT","items_purchased":[],"campfire_rested":1,"item_purchase_floors":[],"current_hp_per_floor":[68,53,53,53,53,53,53,53,53,35,27,14,14,2,24,0,0],"gold":351,"neow_bonus":"THREE_ENEMY_KILL","is_daily":false,"chose_seed":false,"campfire_upgraded":1,"win_rate":0.0,"timestamp":1613946758,"path_taken":["M","?","M","?","?","R","E","?","T","E","M","M","M","E","R","BOSS"],"items_purchased_type":[],"build_version":"2020-12-22","purchased_purges":0,"victory":false,"max_hp_per_floor":[75,75,75,75,75,75,75,75,75,75,75,75,75,75,75,75,75],"card_choices":[{"not_picked":["hermit:GoldenBullet","hermit:HoleUp"],"picked":"hermit:Determination","floor":1.0},{"not_picked":["hermit:BodyArmor","hermit:TakeCover"],"picked":"hermit:Determination","floor":3.0},{"not_picked":["hermit:Dive+1","hermit:SprayPray+1"],"picked":"hermit:Coalescence+1","floor":5.0},{"not_picked":["hermit:Purgatory","hermit:TakeCover"],"picked":"hermit:Shortfuse","floor":7.0},{"not_picked":["hermit:Roulette","hermit:Gestalt"],"picked":"hermit:Misfire","floor":10.0},{"not_picked":["hermit:TakeAim","hermit:ItchyTrigger"],"picked":"hermit:Desperado","floor":11},{"not_picked":["hermit:BodyArmor","hermit:Desperado"],"picked":"hermit:Manifest","floor":12},{"not_picked":["hermit:Reprieve","hermit:Quickdraw"],"picked":"hermit:FlashPowder","floor":13},{"not_picked":["hermit:ShadowCloak","hermit:PistolWhip"],"picked":"hermit:Coalescence","floor":14}],"player_experience":1459027,"relics_obtained":[{"floor":7.0,"key":"reliquary:JackalopeAntler"},{"floor":9.0,"key":"InkBottle"},{"floor":10.0,"key":"Lantern"},{"floor":14,"key":"Omamori"}],"event_choices":[{"damage_healed":0.0,"max_hp_gain":0.0,"max_hp_loss":0.0,"gold_gain":0.0,"event_name":"Shining Light","player_choice":"Entered Light","floor":2.0,"gold_loss":0.0,"damage_taken":15.0,"cards_upgraded":["hermit:Defend_Hermit","hermit:Defend_Hermit"]},{"damage_healed":0.0,"max_hp_gain":0.0,"max_hp_loss":0.0,"gold_gain":59.0,"event_name":"Golden Wing","player_choice":"Gained Gold","floor":4.0,"gold_loss":0.0,"damage_taken":0.0},{"damage_healed":0.0,"max_hp_gain":0.0,"max_hp_loss":0.0,"gold_gain":0.0,"event_name":"betterMatch:BetterMatch","player_choice":"2","floor":5.0,"gold_loss":0.0,"damage_taken":0.0,"cards_obtained":["betterMatch:CommonCard"]},{"damage_healed":0.0,"max_hp_gain":0.0,"max_hp_loss":0.0,"gold_gain":0.0,"event_name":"Golden Idol","player_choice":"Take Wound","floor":8.0,"gold_loss":0.0,"damage_taken":0.0,"relics_obtained":["Golden Idol"],"cards_obtained":["Injury"]}],"is_beta":false,"boss_relics":[],"items_purged_floors":[],"is_endless":false,"potions_floor_spawned":[1,7,13],"killed_by":"The Guardian","ascension_level":7}}