{"host":"k9oowrpcbuktvpbv","time":1613896122,"event":{"mods":["Act Like it!","BaseMod","CapriCore","Energized Spire","Gensokyo","GifTheSpireLib","Halation","Hallownest","Hubris","Koishi","Minty Spire (QoL Compilation)","Reimu??????","Relic Stats","Reliquary","Replay The Spire","StSLib","The Animator","The Immortal","The Senshi","The Wild Card","Yuyuko"],"gold_per_floor":[117,68,80,99,113,139,139,159,159,171,187,203,233,243,243,338,338,358,135,135,135,135],"floor_reached":21,"language":"ENG","playtime":1513,"items_purged":[],"score":245,"play_id":"6fac2d2c-9044-4b24-a893-3c89bc628945","local_time":"20210221092842","is_ascension_mode":false,"campfire_choices":[{"data":"Open The Fan","floor":7,"key":"SMITH"},{"data":"The Way to Death","floor":15,"key":"SMITH"}],"circlet_count":0,"master_deck":["Fantasy Butterflies","Fantasy Butterflies","Fantasy Butterflies","Fantasy Butterflies","Fantasy Butterflies","Dreamy Sakura","Dreamy Sakura","Dreamy Sakura","Dreamy Sakura","Dreamy Sakura","Deathly Ground","Faramita\u0027s Temptation","Linger over Flower","Dying Butterflies","Dying Butterflies","City of Death","Redemption of Death","Open The Fan+1","Sweet of Phantom","Open The Fan","Ghostdom Sakura","Ghostdom Sakura","The Way to Death+1","Sakura Sakura","Nihility+1","Gensokyo:BlemishedSteel"],"relics":["Coronal","Yuyuko\u0027s fan","NeowsBlessing","Thread and Needle","Bottled Flame","Vajra","reliquary:ThirdArm","Medical Kit"],"acts_visited":["Exordium","Gensokyo:Gensokyo"],"potions_floor_usage":[6,11],"damage_taken":[{"damage":1,"enemies":"Gensokyo:Python","floor":1,"turns":1},{"damage":1,"enemies":"Gensokyo:2_Kodama","floor":3,"turns":1},{"damage":1,"enemies":"Gensokyo:3_Fairies","floor":4,"turns":1},{"damage":38,"enemies":"Gensokyo:VengefulSpirit","floor":5,"turns":7},{"damage":76,"enemies":"Gensokyo:Mamizou","floor":6,"turns":15},{"damage":23,"enemies":"Gensokyo:2_Rabbits","floor":8,"turns":4},{"damage":28,"enemies":"Gensokyo:3_Kodama","floor":10,"turns":3},{"damage":16,"enemies":"Gensokyo:LivingMonolith","floor":11,"turns":4},{"damage":33,"enemies":"Gensokyo:Gryphon_and_Rabbit","floor":12,"turns":7},{"damage":21,"enemies":"Gensokyo:Aya","floor":13,"turns":4},{"damage":14,"enemies":"Gensokyo:CorruptedTreant","floor":14,"turns":4},{"damage":7,"enemies":"Gensokyo:Yukari","floor":16,"turns":7},{"damage":42,"enemies":"Gensokyo:AngelMirror","floor":18,"turns":4},{"damage":8,"enemies":"Gensokyo:Chomper","floor":21,"turns":3}],"seed_played":"-2467120676346555214","potions_obtained":[{"floor":5,"key":"SkillPotion"},{"floor":6,"key":"Adrenaline Potion"},{"floor":8,"key":"EssenceOfSteel"},{"floor":10,"key":"Firefly"},{"floor":12,"key":"FearPotion"},{"floor":16,"key":"LiquidBronze"}],"is_trial":false,"path_per_floor":["M","$","M","M","M","E","R","M","T","M","M","M","E","M","R","B",null,"M","COS","?","M"],"character_chosen":"YUYOKO","items_purchased":["Dying Butterflies"],"campfire_rested":0,"item_purchase_floors":[2],"current_hp_per_floor":[39,39,39,38,33,25,25,17,17,7,22,29,24,31,31,33,40,30,30,33,34,34],"gold":135,"neow_bonus":"THREE_ENEMY_KILL","is_daily":false,"chose_seed":false,"campfire_upgraded":2,"win_rate":0.0,"timestamp":1613896122,"path_taken":["M","$","?","M","?","E","R","M","T","M","M","M","E","?","R","BOSS","M","COS","?","M"],"items_purchased_type":["Card"],"build_version":"2020-12-22","purchased_purges":0,"victory":false,"max_hp_per_floor":[40,40,40,40,40,40,40,40,40,40,40,40,40,40,40,40,40,40,40,43,43,43],"relic_stats":{"counters":[14,65],"Medical Kit":[5],"obtain_stats":[{"Bottled Flame":9,"Yuyuko\u0027s fan":0,"NeowsBlessing":0,"Coronal":0,"Vajra":13,"Thread and Needle":6,"reliquary:ThirdArm":17,"Medical Kit":19},{"Bottled Flame":6,"Yuyuko\u0027s fan":0,"NeowsBlessing":0,"Coronal":0,"Vajra":10,"Thread and Needle":5,"reliquary:ThirdArm":12,"Medical Kit":13},{"Bottled Flame":29,"Yuyuko\u0027s fan":0,"NeowsBlessing":0,"Coronal":0,"Vajra":47,"Thread and Needle":25,"reliquary:ThirdArm":58,"Medical Kit":62}]},"card_choices":[{"not_picked":["Ghostdom Sakura","Gone"],"picked":"Linger over Flower","floor":1},{"not_picked":["Immigrant Phantom","Phantom Gift"],"picked":"City of Death","floor":3},{"not_picked":["Snowing Sakura","Showy Withering"],"picked":"Redemption of Death","floor":4},{"not_picked":["Death Dancing","Gone","Elegance"],"picked":"SKIP","floor":5},{"not_picked":["Mini Ghostdom","End of Faramita"],"picked":"Open The Fan","floor":6},{"not_picked":["Gather the Spring","Dancing Butterflies"],"picked":"Sweet of Phantom","floor":8},{"not_picked":["Unborn Light","Gauzy Sakura"],"picked":"Open The Fan","floor":10},{"not_picked":["Nihility","Spear of Papilio","The Forgotten Winter"],"picked":"SKIP","floor":11},{"not_picked":["Wandering Soul","Monster Cherry Tree"],"picked":"Ghostdom Sakura","floor":12},{"not_picked":["Dancing Butterflies","Spear of Papilio"],"picked":"Ghostdom Sakura","floor":13},{"not_picked":["Stifle","All Wander"],"picked":"The Way to Death","floor":14},{"not_picked":["Infinite Reviving","Unfulfilling Attachment"],"picked":"Sakura Sakura","floor":16},{"not_picked":["The Forgotten Winter","All Wander"],"picked":"Nihility+1","floor":18}],"player_experience":178655,"relics_obtained":[{"floor":6,"key":"Thread and Needle"},{"floor":9,"key":"Bottled Flame"},{"floor":13,"key":"Vajra"}],"event_choices":[],"is_beta":false,"boss_relics":[{"not_picked":["SacredBark","reliquary:KinkedSpring"],"picked":"reliquary:ThirdArm"}],"items_purged_floors":[],"is_endless":false,"potions_floor_spawned":[5,6,8,10,12,16],"killed_by":"Gensokyo:Chomper","ascension_level":0}}