{"host":"iv24d026eac8pm4e","time":1613898134,"event":{"mods":["BaseMod","Minty Spire (QoL Compilation)"],"gold_per_floor":[115,134,149,163,177,177,204,52,52,67,67,87,103,123,123,123,123],"floor_reached":16,"language":"ENG","playtime":594,"items_purged":["Strike_G"],"score":216,"play_id":"9021029f-3fb4-43a1-bb12-299a65a304a7","local_time":"20210221010214","is_ascension_mode":true,"campfire_choices":[{"data":"Accuracy","floor":6,"key":"SMITH"},{"floor":11,"key":"REST"},{"data":"Wraith Form v2","floor":15,"key":"SMITH"}],"circlet_count":0,"master_deck":["AscendersBane","Strike_G","Strike_G","Strike_G","Strike_G","Defend_G","Defend_G","Defend_G","Defend_G","Defend_G","Survivor","Neutralize","Storm of Steel","Endless Agony","Accuracy+1","Acrobatics","Blade Dance","Tactician","Tactician","Dagger Throw","Backflip","Finisher","PiercingWail","Concentrate","Wraith Form v2+1"],"relics":["Ring of the Snake","Ginger","InkBottle"],"acts_visited":["Exordium"],"potions_floor_usage":[10,14,16],"damage_taken":[{"damage":2,"enemies":"Cultist","floor":1,"turns":5},{"damage":0,"enemies":"2 Louse","floor":2,"turns":3},{"damage":5,"enemies":"Small Slimes","floor":3,"turns":3},{"damage":3,"enemies":"Looter","floor":4,"turns":4},{"damage":6,"enemies":"Blue Slaver","floor":5,"turns":3},{"damage":32,"enemies":"Gremlin Nob","floor":7,"turns":4},{"damage":0,"enemies":"Red Slaver","floor":10,"turns":3},{"damage":4,"enemies":"Exordium Thugs","floor":12,"turns":3},{"damage":6,"enemies":"Blue Slaver","floor":13,"turns":3},{"damage":7,"enemies":"Large Slime","floor":14,"turns":4},{"damage":14,"enemies":"Slime Boss","floor":16,"turns":7}],"seed_played":"-6308394525568709603","potions_obtained":[{"floor":1,"key":"CultistPotion"},{"floor":2,"key":"SteroidPotion"},{"floor":3,"key":"Fire Potion"},{"floor":13,"key":"Strength Potion"},{"floor":14,"key":"SmokeBomb"}],"is_trial":false,"path_per_floor":["M","M","M","M","M","R","E","$","T","M","R","M","M","M","R","B"],"character_chosen":"THE_SILENT","items_purchased":["Dagger Throw","Backflip"],"campfire_rested":1,"item_purchase_floors":[8,8],"current_hp_per_floor":[57,57,52,49,43,43,11,11,11,11,30,26,20,13,13,0,0],"gold":123,"neow_bonus":"ONE_RANDOM_RARE_CARD","is_daily":false,"chose_seed":false,"campfire_upgraded":2,"win_rate":0.0,"timestamp":1613898134,"path_taken":["M","M","M","M","M","R","E","$","T","M","R","M","M","M","R","BOSS"],"items_purchased_type":["Card","Card"],"build_version":"2020-12-22","purchased_purges":1,"victory":false,"max_hp_per_floor":[66,66,66,66,66,66,66,66,66,66,66,66,66,66,66,66,66],"card_choices":[{"not_picked":["Deadly Poison","Catalyst"],"picked":"Endless Agony","floor":1},{"not_picked":["Caltrops","Flying Knee"],"picked":"Accuracy","floor":2},{"not_picked":["Prepared","Concentrate"],"picked":"Acrobatics","floor":3},{"not_picked":["All Out Attack","Quick Slash"],"picked":"Blade Dance","floor":4},{"not_picked":["Deadly Poison","Underhanded Strike"],"picked":"Tactician","floor":5},{"not_picked":["Corpse Explosion","Slice"],"picked":"Tactician","floor":7},{"not_picked":["Deadly Poison","Dagger Throw"],"picked":"Finisher","floor":10},{"not_picked":["Backflip","Flying Knee"],"picked":"PiercingWail","floor":12},{"not_picked":["Bane","Distraction"],"picked":"Concentrate","floor":13},{"not_picked":["Blade Dance","Deadly Poison"],"picked":"Wraith Form v2","floor":14}],"player_experience":2543970,"relics_obtained":[{"floor":7,"key":"Ginger"},{"floor":9,"key":"InkBottle"}],"event_choices":[],"is_beta":false,"boss_relics":[],"items_purged_floors":[8],"is_endless":false,"potions_floor_spawned":[1,2,3,13,14],"killed_by":"Slime Boss","ascension_level":20}}