{"host":"gsp4qlltb0c3ynci","time":1613902926,"event":{"mods":["2.2 Compatiblity","Abigail Mod","Ascension Reborn","BaseMod","Friendly Minions","Minty Spire (QoL Compilation)","Prisma Mod","Replay The Spire","Say the Spire","StSLib"],"gold_per_floor":[135,39,39,39,39,141,246,327,352,462,514,631,22,117,117,448,448,498,41,41,41,491,594,685,803,827,920,1012,1102,1211,256,256,574,724,791,944,395,469,78,171,290,407,457,129,249,285,380,487,487,515],"floor_reached":51,"language":"KOR","playtime":1542,"items_purged":["Strike_G+1","Strike_G+1","Strike_G+1","Strike_G+1"],"score":1845,"play_id":"eaf7560d-084f-45dd-a0e7-fc53c8083741","local_time":"20210221192206","daily_mods":["Vintage","Heirloom","Time Dilation","Flight","DeadlyEvents","Elite Swarm","Midas"],"is_ascension_mode":true,"campfire_choices":[{"floor":15,"key":"REST"},{"data":"Strike_G+1","floor":49,"key":"PURGE"}],"circlet_count":0,"master_deck":["Defend_G+1","Defend_G+1","Defend_G+1","Defend_G+1","Defend_G+1","Enlightenment+1","Leap+1","Beam Cell+1","After Image+1","A Thousand Cuts","Envenom+1","Thinking Ahead+1","Bane+1","Adrenaline+1","ReplayTheSpireMod:Necrosis+1","Corpse Explosion+1","Burst+1","Phantasmal Killer+1","Apotheosis+1","Slice","ReplayTheSpireMod:Private Reserves+1","Masterful Stab","Calculated Gamble+1","Blade Dance+1","Backflip+1","Concentrate+1","Storm of Steel+1"],"relics":["Ring of the Snake","Tough Bandages","Prayer Wheel","ReplayTheSpireMod:TigerMarble","InkBottle","Kunai","Replay:Bandana","Whetstone","Bottled Lightning","Bag of Preparation","Happy Flower","Toxic Egg 2","TwistedFunnel","Replay:Baseball","Fusion Hammer","Divine Protection","Potion Belt","Pondfish Scales","Counterbalance","Ice Cream","PreservedInsect","ReplayTheSpireMod:Lightbulb","War Paint","Incense Burner","Calipers","ReplayTheSpireMod:Ninjato","Basket Of Snakes","Replay:Bottled Eggs","HandDrill","Tiny House","Meat on the Bone","Replay:Kaleidoscope","Replay:Wax Seal","Iron Hammer","ReplayTheSpireMod:Shallot","Sling","Replay:Bottled Snecko","Replay:Bottled Flurry","Peace Pipe","Replay:Rubber Ducky","BargainBundle","Onion Ring","Golden Egg","Singing Bowl","Replay:Accelerometer","TungstenRod"],"acts_visited":["Exordium","TheCity","TheBeyond"],"potions_floor_usage":[6,8,16,16,16,23,24,25,30,33,42,50,50,50],"damage_taken":[{"damage":0,"enemies":"Cultist","floor":1,"turns":2},{"damage":0,"enemies":"Gremlin Nob","floor":6,"turns":3},{"damage":15,"enemies":"Lagavulin","floor":7,"turns":4},{"damage":0,"enemies":"Replay:BlueRogue","floor":8,"turns":4},{"damage":4,"enemies":"Lagavulin","floor":10,"turns":8},{"damage":0,"enemies":"2 Louse","floor":11,"turns":1},{"damage":19,"enemies":"3 Sentries","floor":12,"turns":9},{"damage":0,"enemies":"Gremlin Nob","floor":14,"turns":3},{"damage":0,"enemies":"Hexaghost","floor":16,"turns":6},{"damage":0,"enemies":"2 Thieves","floor":18,"turns":2},{"damage":0,"enemies":"Gremlin Leader","floor":23,"turns":2},{"damage":0,"enemies":"Slavers","floor":24,"turns":3},{"damage":0,"enemies":"Gremlin Leader","floor":25,"turns":4},{"damage":0,"enemies":"Book of Stabbing","floor":27,"turns":2},{"damage":0,"enemies":"Replay:Snechameleon","floor":28,"turns":4},{"damage":0,"enemies":"Slavers","floor":29,"turns":2},{"damage":0,"enemies":"Book of Stabbing","floor":30,"turns":3},{"damage":0,"enemies":"Collector","floor":33,"turns":5},{"damage":0,"enemies":"Orb Walker","floor":35,"turns":2},{"damage":0,"enemies":"2 Orb Walkers","floor":36,"turns":2},{"damage":0,"enemies":"Nemesis","floor":40,"turns":1},{"damage":0,"enemies":"Giant Head","floor":41,"turns":2},{"damage":0,"enemies":"Reptomancer","floor":42,"turns":1},{"damage":0,"enemies":"R_Hoarder","floor":45,"turns":2},{"damage":0,"enemies":"3 Shapes","floor":46,"turns":1},{"damage":0,"enemies":"Nemesis","floor":47,"turns":1},{"damage":0,"enemies":"Reptomancer","floor":48,"turns":2},{"damage":0,"enemies":"Time Eater","floor":50,"turns":4}],"seed_played":"-4090952179560659335","potions_obtained":[{"floor":1,"key":"Fire Potion"},{"floor":11,"key":"Strength Potion"},{"floor":12,"key":"GhostInAJar"},{"floor":14,"key":"Explosive Potion"},{"floor":16,"key":"FearPotion"},{"floor":23,"key":"LiquidMemories"},{"floor":24,"key":"SkillPotion"},{"floor":28,"key":"AttackPotion"},{"floor":34,"key":"Adrenaline Potion"},{"floor":36,"key":"Explosive Potion"},{"floor":46,"key":"BlessingOfTheForge"},{"floor":48,"key":"PowerPotion"}],"is_trial":true,"path_per_floor":["M","$","?","?","T","E","E","E","T","E","M","E","$","E","R","B",null,"M","$","?","?","?","E","E","E","T","E","E","E","E","$","R","B",null,"M","?","$","T","$","E","E","E","T","$","E","M","E","E","R","B",null],"character_chosen":"THE_SILENT","items_purchased":["Enlightenment","Toxic Egg 2","TwistedFunnel","Thinking Ahead+1","Bane","Potion Belt","Pondfish Scales","Basket Of Snakes","Replay:Bottled Eggs","Apotheosis+1","HandDrill","Replay:Wax Seal","Iron Hammer","ReplayTheSpireMod:Private Reserves+1","Masterful Stab","Sling","Calculated Gamble+1","Blade Dance+1","BargainBundle","Onion Ring","Backflip+1","Concentrate+1","Fire Potion","Fire Potion"],"campfire_rested":1,"item_purchase_floors":[2,13,13,13,13,19,19,31,31,31,31,37,37,37,37,39,39,39,44,44,44,44,44,44],"current_hp_per_floor":[70,70,70,70,70,70,55,55,55,51,51,32,32,32,53,53,70,70,70,70,70,24,24,24,24,24,24,24,24,24,24,45,45,75,75,75,75,75,75,75,75,75,75,75,75,75,75,77,77,77],"gold":515,"neow_bonus":"","is_daily":false,"chose_seed":false,"campfire_upgraded":0,"win_rate":0.0,"timestamp":1613902926,"path_taken":["?","?","?","?","?","E","E","?","T","E","?","?","?","?","R","BOSS","M","$","?","?","?","E","?","E","T","E","E","E","E","$","R","BOSS","M","?","$","?","$","E","E","E","T","$","E","?","E","?","R","BOSS"],"items_purchased_type":["Card","Relic","Relic","Card","Card","Relic","Relic","Relic","Relic","Card","Relic","Relic","Relic","Card","Card","Relic","Card","Card","Relic","Relic","Card","Card","Potion","Potion"],"build_version":"2020-12-22","purchased_purges":4,"victory":true,"max_hp_per_floor":[70,70,70,70,70,70,70,70,70,70,70,70,70,70,70,70,70,70,70,70,70,70,70,70,70,70,70,70,70,70,70,70,70,75,75,75,75,75,75,75,75,75,75,75,75,75,75,77,77,77],"card_choices":[{"not_picked":["Doppelganger","Phantasmal Killer"],"picked":"After Image","floor":6},{"not_picked":["Malaise","Glass Knife"],"picked":"A Thousand Cuts","floor":7},{"not_picked":["Phantasmal Killer","Night Terror","Burst"],"picked":"SKIP","floor":8},{"not_picked":["ReplayTheSpireMod:From All Sides","After Image"],"picked":"Envenom","floor":10},{"not_picked":["Corpse Explosion","Envenom","ReplayTheSpireMod:From All Sides"],"picked":"SKIP","floor":12},{"not_picked":["Wraith Form v2","ReplayTheSpireMod:Necrosis+1"],"picked":"Adrenaline+1","floor":14},{"not_picked":["Die Die Die","ReplayTheSpireMod:From All Sides"],"picked":"ReplayTheSpireMod:Necrosis+1","floor":23},{"not_picked":["Malaise+1","Night Terror+1","Atom Bomb"],"picked":"SKIP","floor":24},{"not_picked":["Malaise+1","Glass Knife"],"picked":"Corpse Explosion+1","floor":25},{"not_picked":["Tools of the Trade","A Thousand Cuts"],"picked":"Burst+1","floor":27},{"not_picked":["Tools of the Trade","Grand Finale","Burst+1"],"picked":"SKIP","floor":28},{"not_picked":["Die Die Die","A Thousand Cuts","ReplayTheSpireMod:Necrosis+1"],"picked":"SKIP","floor":29},{"not_picked":["Venomology+1","Doppelganger+1"],"picked":"Phantasmal Killer+1","floor":30},{"not_picked":["Dagger Throw","Skewer"],"picked":"Slice","floor":34},{"not_picked":["Bullet Time+1","Burst+1","ReplayTheSpireMod:Necrosis+1"],"picked":"SKIP","floor":40},{"not_picked":["Glass Knife","Poison Darts+1","Die Die Die"],"picked":"SKIP","floor":41},{"not_picked":["Phantasmal Killer+1","Wraith Form v2","Burst+1"],"picked":"SKIP","floor":42},{"not_picked":["Poison Darts+1","ReplayTheSpireMod:From All Sides","Burst+1"],"picked":"SKIP","floor":45},{"not_picked":["ReplayTheSpireMod:Necrosis+1","After Image"],"picked":"Storm of Steel+1","floor":47},{"not_picked":["Malaise+1","ReplayTheSpireMod:From All Sides","Poison Darts+1"],"picked":"Singing Bowl","floor":48}],"player_experience":506142,"relics_obtained":[{"floor":1,"key":"Prayer Wheel"},{"floor":5,"key":"ReplayTheSpireMod:TigerMarble"},{"floor":6,"key":"InkBottle"},{"floor":7,"key":"Kunai"},{"floor":8,"key":"Replay:Bandana"},{"floor":9,"key":"Whetstone"},{"floor":10,"key":"Bottled Lightning"},{"floor":11,"key":"Bag of Preparation"},{"floor":12,"key":"Happy Flower"},{"floor":14,"key":"Replay:Baseball"},{"floor":18,"key":"Divine Protection"},{"floor":23,"key":"Counterbalance"},{"floor":24,"key":"Ice Cream"},{"floor":25,"key":"PreservedInsect"},{"floor":26,"key":"ReplayTheSpireMod:Lightbulb"},{"floor":27,"key":"War Paint"},{"floor":28,"key":"Incense Burner"},{"floor":29,"key":"Calipers"},{"floor":30,"key":"ReplayTheSpireMod:Ninjato"},{"floor":35,"key":"Meat on the Bone"},{"floor":36,"key":"Replay:Kaleidoscope"},{"floor":38,"key":"ReplayTheSpireMod:Shallot"},{"floor":40,"key":"Replay:Bottled Snecko"},{"floor":41,"key":"Replay:Bottled Flurry"},{"floor":42,"key":"Peace Pipe"},{"floor":43,"key":"Replay:Rubber Ducky"},{"floor":45,"key":"Golden Egg"},{"floor":46,"key":"Singing Bowl"},{"floor":47,"key":"Replay:Accelerometer"},{"floor":48,"key":"TungstenRod"}],"event_choices":[{"damage_healed":0,"gold_gain":0,"player_choice":"Ignored","damage_taken":0,"max_hp_gain":0,"max_hp_loss":0,"event_name":"Vampires","floor":20,"gold_loss":0},{"damage_healed":0,"gold_gain":0,"player_choice":"Ignored","damage_taken":0,"max_hp_gain":0,"max_hp_loss":0,"event_name":"Ghosts","floor":21,"gold_loss":0},{"damage_healed":0,"gold_gain":450,"player_choice":"GOLD GOLD GOLD GOLD GOLD ","damage_taken":46,"max_hp_gain":0,"max_hp_loss":0,"event_name":"Knowing Skull","floor":22,"potions_obtained":[],"gold_loss":0,"cards_obtained":[]},{"damage_healed":0,"gold_gain":0,"player_choice":"Fight","damage_taken":0,"max_hp_gain":0,"max_hp_loss":0,"event_name":"Mysterious Sphere","floor":36,"gold_loss":0}],"is_beta":false,"boss_relics":[{"not_picked":["Replay:Drink Me","Busted Crown"],"picked":"Fusion Hammer"},{"not_picked":["Runic Dome","Cursed Key"],"picked":"Tiny House"}],"items_purged_floors":[31,37,39,44],"is_endless":false,"potions_floor_spawned":[1,11,12,14,16,23,24,28,36,45,46,48],"ascension_level":0}}