{"host":"r4aerl4ckfvw1dw3","time":1613932130,"event":{"mods":["BaseMod","BetterRewards","Minty Spire (QoL Compilation)","Quick Restart","StSLib"],"gold_per_floor":[214,141,151,151,3,3,46,69,92,92,135,53,53,128,128,128,128],"floor_reached":16,"language":"ENG","playtime":927,"items_purged":[],"score":133,"play_id":"8f320295-bfa3-42e4-a43d-fcceec7fc36d","local_time":"20210221102850","is_ascension_mode":true,"campfire_choices":[{"floor":6.0,"key":"REST"},{"floor":13,"key":"REST"},{"data":"Loop","floor":15,"key":"SMITH"}],"circlet_count":0,"master_deck":["Strike_B","Strike_B+1","Strike_B+1","Strike_B","Defend_B","Defend_B","Defend_B","Defend_B","Zap","Dualcast","Steam","Capacitor","Turbo","Stack","Gash","Parasite","Streamline","Loop+1"],"relics":["Cracked Core","Golden Idol","Bag of Preparation","Tiny Chest","Whetstone","Cables"],"acts_visited":["Exordium"],"potions_floor_usage":[11,11],"damage_taken":[{"damage":9.0,"enemies":"Small Slimes","floor":1.0,"turns":5.0},{"damage":5.0,"enemies":"2 Louse","floor":3.0,"turns":3.0},{"damage":44.0,"enemies":"Lagavulin","floor":7.0,"turns":8.0},{"damage":8.0,"enemies":"Jaw Worm","floor":8.0,"turns":5.0},{"damage":8,"enemies":"Gremlin Nob","floor":11,"turns":3},{"damage":38,"enemies":"Hexaghost","floor":16,"turns":9}],"seed_played":"-7593599662998962437","potions_obtained":[{"floor":7.0,"key":"Strength Potion"},{"floor":8.0,"key":"AttackPotion"}],"is_trial":false,"path_per_floor":["M","$","M","?","$","R","E","M","T","?","E","$","R","?","R","B"],"character_chosen":"DEFECT","items_purchased":["Capacitor","Bag of Preparation","Loop"],"campfire_rested":2,"item_purchase_floors":[2,5,12],"current_hp_per_floor":[66,66,61,43,43,65,21,13,13,31,23,23,45,34,34,0,0],"gold":128,"neow_bonus":"HUNDRED_GOLD","is_daily":false,"chose_seed":false,"campfire_upgraded":1,"win_rate":0.0,"timestamp":1613932130,"path_taken":["M","$","M","?","$","R","E","M","T","?","E","$","R","?","R","BOSS"],"items_purchased_type":["Card","Relic","Card"],"build_version":"2020-12-22","purchased_purges":0,"victory":false,"max_hp_per_floor":[75,75,75,75,75,75,75,75,75,75,75,75,75,75,75,75,75],"card_choices":[{"not_picked":["Turbo","Double Energy"],"picked":"Steam","floor":1.0},{"not_picked":["Aggregate","BootSequence"],"picked":"Turbo","floor":3.0},{"not_picked":["Leap","Steam"],"picked":"Stack","floor":7.0},{"not_picked":["Steam","Steam Power"],"picked":"Gash","floor":8.0},{"not_picked":["Redo","Buffer"],"picked":"Streamline","floor":11}],"player_experience":645214,"relics_obtained":[{"floor":7.0,"key":"Tiny Chest"},{"floor":9.0,"key":"Whetstone"},{"floor":11,"key":"Cables"}],"event_choices":[{"damage_healed":0.0,"max_hp_gain":0.0,"max_hp_loss":0.0,"gold_gain":0.0,"event_name":"Golden Idol","player_choice":"Take Damage","floor":4.0,"gold_loss":0.0,"damage_taken":18.0,"relics_obtained":["Golden Idol"]},{"damage_healed":18.0,"max_hp_gain":0.0,"max_hp_loss":0.0,"gold_gain":0.0,"event_name":"Mushrooms","player_choice":"Healed and dodged fight","floor":10.0,"gold_loss":0.0,"damage_taken":0.0,"cards_obtained":["Parasite"]},{"damage_healed":0,"gold_gain":75,"player_choice":"Gather Gold","damage_taken":11,"max_hp_gain":0,"max_hp_loss":0,"event_name":"World of Goop","floor":14,"gold_loss":0}],"is_beta":false,"boss_relics":[],"items_purged_floors":[],"is_endless":false,"potions_floor_spawned":[7,8],"killed_by":"Hexaghost","ascension_level":5}}