{"host":"njb27ds59h4j3ikk","time":1613933122,"event":{"mods":["AchievementEnabler","BaseMod","Better Altar","Better Match","Better Note","Better Sensory Stone","Better Skull","Better Third Choice","BetterRewards","Downfall","Hermit","Hubris","Minty Spire (QoL Compilation)","Permanent Neow","Quarter Circle Forward PUNCH!","Quick Restart","Rare Cards Sparkle","Replay The Spire","Shop Mod","StSLib","Trackpad","Transform Curses"],"gold_per_floor":[115,130,146,186,361,395,411,446,446,446,457,457,477,477,477,574,574,608,608,625,625,645,645,675,691,691,691,219,251,251,251,251,349,349,381,414,414,414,38,38,65,84,84,115,115,135,163,79,79,79,79,79,379,445,445],"floor_reached":56,"language":"ENG","playtime":2365,"items_purged":[],"score":2148,"play_id":"15adfbdb-b081-47ae-9809-a62c7a87c684","local_time":"20210221134522","is_ascension_mode":true,"campfire_choices":[{"floor":12.0,"key":"REST"},{"data":"Blade Dance","floor":15.0,"key":"SMITH"},{"data":"hermit:BlackWind","floor":23.0,"key":"SMITH"},{"floor":27.0,"key":"REST"},{"floor":32.0,"key":"REST"},{"floor":40.0,"key":"RECALL"},{"floor":45.0,"key":"REST"},{"data":"1","floor":49.0,"key":"LIFT"},{"data":"Panacea","floor":52.0,"key":"SMITH"}],"circlet_count":0,"master_deck":["hermit:Strike_Hermit","hermit:Strike_Hermit","hermit:Strike_Hermit","hermit:Strike_Hermit","hermit:Defend_Hermit","hermit:Defend_Hermit","hermit:Defend_Hermit","hermit:Defend_Hermit","hermit:Snapshot","hermit:ShadowCloak","hermit:Ricochet","hermit:WideOpen","Bandage Up","Run Through","hermit:Dive","Panacea+1","Ball Lightning","hermit:Quickdraw","Sanctity","hermit:BigShot","ReplayTheSpireMod:Splinters","hermit:Midnight","Doubt","Brilliance","hermit:DeadOrAlive","Blade Dance+1","hermit:Enervate","hermit:Horror","hermit:Snipe","hermit:SprayPray","hermit:FinalCanter","hermit:BlackWind+1","hermit:RoundhouseKick","hermit:HighCaliber+1","Blade Dance+1","hermit:Headshot+1","hermit:Misfire","hermit:FromBeyond+1","Panache","hermit:Grudge","hermit:Coalescence+1","hermit:RoundhouseKick","hermit:Desperado+1","hermit:Gestalt","Flash of Steel","hermit:HeroicBravado","hermit:Dissolve","hermit:Glare+1","hermit:Roulette+1","hermit:Dive+1","hermit:Gestalt","hermit:HighCaliber+1","Replay:Sssssssssshield","ReplayUltimateDefense","Good Instincts","hermit:Desperado","hermit:Ricochet","hermit:Virtue","hermit:Manifest","hermit:Combo","hermit:Virtue+1"],"relics":["hermit:Momento","qcfpunch:Duffel_Bag","Incense Burner","StoneCalendar","Girya","qcfpunch:School_Backpack","trackpad:CultistFigurine","Akabeko","Question Card","Happy Flower","Bottled Tornado","Blood Vial","Pet Ghost","Ornamental Fan","Ring of Fury","Ring of Searing","hermit:BartenderGlass","Ancient Tea Set","Strawberry","Honey Jar","hubris:Icosahedron","hubris:Towel","hubris:SlimyHat","StrikeDummy","Regal Pillow","trackpad:RapidFire","hubris:NiceRug","trackpad:DisasterInABottle","Medical Kit","qcfpunch:Broken_Tusk","Bag of Marbles"],"acts_visited":["Exordium","TheCity","TheBeyond","TheEnding"],"potions_floor_usage":[55,55,55,55,55,55,55,55],"damage_taken":[{"damage":0.0,"enemies":"2 Louse","floor":1.0,"turns":2.0},{"damage":7.0,"enemies":"Small Slimes","floor":2.0,"turns":3.0},{"damage":0.0,"enemies":"Cultist","floor":3.0,"turns":3.0},{"damage":0.0,"enemies":"Lagavulin","floor":6.0,"turns":3.0},{"damage":0.0,"enemies":"Looter","floor":7.0,"turns":1.0},{"damage":18.0,"enemies":"3 Sentries","floor":8.0,"turns":4.0},{"damage":0.0,"enemies":"Exordium Thugs","floor":11.0,"turns":4.0},{"damage":8.0,"enemies":"Lots of Slimes","floor":13.0,"turns":2.0},{"damage":3.0,"enemies":"Slime Boss","floor":16.0,"turns":2.0},{"damage":7.0,"enemies":"Spheric Guardian","floor":18.0,"turns":2.0},{"damage":16.0,"enemies":"3 Byrds","floor":20.0,"turns":3.0},{"damage":5.0,"enemies":"Sentry and Sphere","floor":22.0,"turns":3.0},{"damage":34.0,"enemies":"Gremlin Leader","floor":24.0,"turns":4.0},{"damage":12.0,"enemies":"Cultist and Chosen","floor":25.0,"turns":3.0},{"damage":18.0,"enemies":"Replay:Snechameleon","floor":29.0,"turns":3.0},{"damage":19.0,"enemies":"hubris:MusketHawk","floor":33.0,"turns":5.0},{"damage":5.0,"enemies":"3 Darklings","floor":35.0,"turns":2.0},{"damage":14.0,"enemies":"3 Shapes","floor":36.0,"turns":3.0},{"damage":31.0,"enemies":"Reptomancer","floor":41.0,"turns":4.0},{"damage":19.0,"enemies":"Jaw Worm Horde","floor":42.0,"turns":3.0},{"damage":1.0,"enemies":"R_Hoarder","floor":44.0,"turns":4.0},{"damage":2.0,"enemies":"Transient","floor":46.0,"turns":5.0},{"damage":3.0,"enemies":"Reptomancer","floor":47.0,"turns":3.0},{"damage":7.0,"enemies":"hubris:GrandSnecko","floor":50.0,"turns":5.0},{"damage":16.0,"enemies":"hubris:Merchant","floor":53.0,"turns":5.0},{"damage":6,"enemies":"Shield and Spear","floor":54,"turns":4},{"damage":17,"enemies":"The Heart","floor":55,"turns":5}],"seed_played":"7382705786253716192","potions_obtained":[{"floor":2.0,"key":"AttackPotion"},{"floor":3.0,"key":"ColorlessPotion"},{"floor":8.0,"key":"SteroidPotion"},{"floor":13.0,"key":"BlessingOfTheForge"},{"floor":18.0,"key":"Fire Potion"},{"floor":20.0,"key":"AttackPotion"},{"floor":35.0,"key":"LiquidMemories"},{"floor":42.0,"key":"BlessingOfTheForge"},{"floor":46.0,"key":"PowerPotion"},{"floor":47.0,"key":"Toxic Potion"},{"floor":53.0,"key":"EssenceOfSteel"},{"floor":53.0,"key":"champ:CounterPotion"},{"floor":53.0,"key":"Fire Potion"},{"floor":54,"key":"EntropicBrew"}],"is_trial":false,"path_per_floor":["M","M","M","?","?","E","M","E","T","?","M","R","M","?","R","B",null,"M","?","M","?","M","R","E","M","T","R","$","E","?","?","R","B",null,"M","M","?","?","$","R","E","M","T","E","R","M","E","$","R","B",null,"R","$","E","B",null],"character_chosen":"HERMIT","items_purchased":["qcfpunch:Duffel_Bag","Incense Burner","hermit:ShadowCloak","qcfpunch:School_Backpack","trackpad:CultistFigurine","hermit:Ricochet","hermit:WideOpen","FearPotion","hermit:FromBeyond","Panache","hermit:Grudge","Guardian:BlockOnCardUsePotion","Flash of Steel","hermit:HeroicBravado","hermit:Dissolve","Replay:Sssssssssshield"],"campfire_rested":4,"item_purchase_floors":[0,0,0,0,0,0,0,0,28,28,28,28,39,39,39,48],"current_hp_per_floor":[68,65,65,65,65,65,65,47,47,47,49,71,65,65,65,64,72,67,67,57,57,54,54,22,12,12,34,34,25,25,25,49,32,70,67,55,55,55,55,55,30,13,13,14,53,53,52,52,52,47,73,73,63,59,44],"gold":445,"neow_bonus":"","is_daily":false,"chose_seed":false,"campfire_upgraded":3,"win_rate":0.0,"timestamp":1613933122,"path_taken":["M","M","M","?","?","E","M","E","T","?","?","R","M","?","R","BOSS","M","?","?","?","M","R","E","?","T","R","$","E","?","?","R","BOSS","M","M","?","?","?","R","E","M","T","E","R","?","E","?","R","BOSS","R","$","E","BOSS"],"items_purchased_type":["Relic","Relic","Card","Relic","Relic","Card","Card","Potion","Card","Card","Card","Potion","Card","Card","Card","Card"],"build_version":"2020-12-22","purchased_purges":0,"victory":true,"max_hp_per_floor":[75,75,75,75,75,75,75,75,75,75,75,75,75,75,75,75,75,75,75,75,75,75,75,75,75,75,75,75,82,82,82,82,82,82,82,82,82,82,82,82,82,82,82,82,82,82,82,82,82,82,82,82,82,82,82],"card_choices":[{"not_picked":[],"picked":"Bandage Up","floor":1.0},{"not_picked":["ReplayReversal","Havoc+1"],"picked":"Run Through","floor":1.0},{"not_picked":["hermit:Feint","hermit:EyeOfTheStorm"],"picked":"hermit:Dive","floor":1.0},{"not_picked":[],"picked":"Panacea","floor":2.0},{"not_picked":["Beam Cell","Rebound"],"picked":"Ball Lightning","floor":2.0},{"not_picked":["hermit:HighCaliber","hermit:Manifest"],"picked":"hermit:Quickdraw","floor":2.0},{"not_picked":["FlurryOfBlows","Indignation"],"picked":"Sanctity","floor":3.0},{"not_picked":["hermit:Desperado","hermit:Coalescence"],"picked":"hermit:BigShot","floor":3.0},{"not_picked":["hermit:LowProfile","hermit:Showdown"],"picked":"hermit:Midnight","floor":4.0},{"not_picked":["EmptyBody","Prostrate","Evaluate"],"picked":"Brilliance","floor":6.0},{"not_picked":["hermit:TrackingShot","hermit:HighCaliber","hermit:Glare"],"picked":"hermit:DeadOrAlive","floor":6.0},{"not_picked":["Underhanded Strike","Bane","Well Laid Plans"],"picked":"Blade Dance","floor":7.0},{"not_picked":["hermit:Magnum","hermit:HighCaliber","hermit:Manifest"],"picked":"hermit:Enervate","floor":7.0},{"not_picked":["hermit:Desperado","hermit:LowProfile","hermit:HighCaliber"],"picked":"hermit:Horror","floor":8.0},{"not_picked":["hermit:LowProfile","hermit:Misfire","hermit:Desperado"],"picked":"hermit:Snipe","floor":11.0},{"not_picked":["hermit:Roulette","hermit:Feint","hermit:Gambit"],"picked":"hermit:SprayPray","floor":13.0},{"not_picked":["hermit:HighNoon","hermit:Magnum","hermit:EternalForm"],"picked":"hermit:FinalCanter","floor":16.0},{"not_picked":["hermit:LoneWolf","hermit:Quickdraw","hermit:CalledShot"],"picked":"hermit:BlackWind","floor":18.0},{"not_picked":["hermit:HoleUp","hermit:BodyArmor","hermit:Determination"],"picked":"hermit:HighCaliber+1","floor":20.0},{"not_picked":["hermit:Quickdraw","hermit:WideOpen+1","hermit:Desperado"],"picked":"hermit:Headshot+1","floor":22.0},{"not_picked":["hermit:GoldenBullet","hermit:Headshot","hermit:ItchyTrigger","hermit:Deadeye+1"],"picked":"SKIP","floor":24.0},{"not_picked":["hermit:Combo","hermit:HoleUp","hermit:TakeAim"],"picked":"hermit:Misfire","floor":25.0},{"not_picked":["hermit:Virtue","hermit:Misfire+1","hermit:CalledShot"],"picked":"hermit:Coalescence+1","floor":29.0},{"not_picked":["hermit:Roughhouse","hermit:OverwhelmingPower","hermit:FinalCanter"],"picked":"hermit:RoundhouseKick","floor":33.0},{"not_picked":["hermit:Vantage","hermit:Spite+1","hermit:Snipe","hermit:GoldenBullet"],"picked":"hermit:Desperado+1","floor":35.0},{"not_picked":["hermit:HoleUp","hermit:Quickdraw","hermit:Roulette","hermit:TrackingShot+1"],"picked":"hermit:Gestalt","floor":36.0},{"not_picked":["hermit:Vantage+1","hermit:Malice+1","hermit:Dive","hermit:LowProfile+1"],"picked":"hermit:Glare+1","floor":41.0},{"not_picked":["hermit:Cheat","hermit:CursedWeapon+1","hermit:Combo","hermit:Deadeye"],"picked":"hermit:Roulette+1","floor":42.0},{"not_picked":["hermit:TakeCover+1","hermit:Brawl","hermit:Scavenge","hermit:Midnight"],"picked":"hermit:Dive+1","floor":44.0},{"not_picked":["hermit:Feint","hermit:FullyLoaded","hermit:HighCaliber","hermit:BodyArmor"],"picked":"hermit:Gestalt","floor":46.0},{"not_picked":["hermit:FlashPowder","hermit:LowProfile+1","hermit:OverwhelmingPower","hermit:TrackingShot+1"],"picked":"hermit:HighCaliber+1","floor":47.0},{"not_picked":[],"picked":"ReplayUltimateDefense","floor":53.0},{"not_picked":[],"picked":"Good Instincts","floor":53.0},{"not_picked":[],"picked":"hermit:Desperado","floor":53.0},{"not_picked":[],"picked":"hermit:Ricochet","floor":53.0},{"not_picked":[],"picked":"hermit:Virtue","floor":53.0},{"not_picked":[],"picked":"hermit:Manifest","floor":53.0},{"not_picked":[],"picked":"hermit:Combo","floor":53.0},{"not_picked":["hermit:Feint+1","hermit:Scavenge","hermit:Glare","hermit:Snipe"],"picked":"hermit:Virtue+1","floor":54}],"player_experience":1388219,"relics_obtained":[{"floor":3.0,"key":"Akabeko"},{"floor":4.0,"key":"Question Card"},{"floor":6.0,"key":"Happy Flower"},{"floor":6.0,"key":"Bottled Tornado"},{"floor":8.0,"key":"Blood Vial"},{"floor":9.0,"key":"Pet Ghost"},{"floor":10.0,"key":"Ornamental Fan"},{"floor":14.0,"key":"Ring of Fury"},{"floor":14.0,"key":"Ring of Searing"},{"floor":24.0,"key":"Ancient Tea Set"},{"floor":29.0,"key":"Strawberry"},{"floor":41.0,"key":"hubris:SlimyHat"},{"floor":43.0,"key":"StrikeDummy"},{"floor":44.0,"key":"Regal Pillow"},{"floor":47.0,"key":"trackpad:RapidFire"},{"floor":53.0,"key":"trackpad:DisasterInABottle"},{"floor":53.0,"key":"Medical Kit"},{"floor":53.0,"key":"qcfpunch:Broken_Tusk"},{"floor":54,"key":"Bag of Marbles"}],"event_choices":[{"damage_healed":0.0,"max_hp_gain":0.0,"max_hp_loss":0.0,"gold_gain":175.0,"event_name":"betterThird:BetterSerpent","player_choice":"AGREE","floor":5.0,"gold_loss":0.0,"damage_taken":186.0},{"damage_healed":0.0,"max_hp_gain":0.0,"max_hp_loss":0.0,"gold_gain":0.0,"event_name":"Wheel of Change","player_choice":"Relic","floor":10.0,"gold_loss":0.0,"damage_taken":0.0},{"cards_removed":["Blade Dance"],"damage_healed":0.0,"max_hp_gain":0.0,"max_hp_loss":0.0,"gold_gain":0.0,"event_name":"betterNote:BetterNote","player_choice":"Take \u0026 Give","floor":19.0,"gold_loss":0.0,"damage_taken":0.0,"cards_obtained":["hermit:RoundhouseKick"]},{"damage_healed":0.0,"max_hp_gain":0.0,"max_hp_loss":0.0,"gold_gain":0.0,"event_name":"Duplicator","player_choice":"Copied","floor":21.0,"gold_loss":0.0,"damage_taken":0.0,"cards_obtained":["Blade Dance"]}],"is_beta":false,"boss_relics":[{"not_picked":["Sozu","hubris:RunicObelisk"],"picked":"hermit:BartenderGlass"},{"not_picked":["ChewingGum","Replay:Wanted Poster"],"picked":"Honey Jar"}],"items_purged_floors":[],"is_endless":false,"potions_floor_spawned":[2,3,8,13,18,20,35,42,46,47,54],"ascension_level":7}}