{"host":"9l1knhxfturzliqa","time":1613886895,"event":{"mods":["AchievementEnabler","BaseMod","Colored Map","Colored Powertips","DeckTracker","Highlight Path","Keyboard Shortcuts","Minty Spire (QoL Compilation)","Random Character Button"],"gold_per_floor":[119,7,17,36,36,68,88,88,88,105,5,34,34,60,60,164,164,179,190,206,206,216,242,242,262,288,323,323,339,358,358,358,460,460,471,490,490,501,515,542,575,590,590,622,641,641,69,95,95,95],"floor_reached":51,"language":"KOR","playtime":4490,"items_purged":["Regret","Strike_B","Defend_B"],"score":1570,"play_id":"5656d299-a02f-4763-bb05-56d37c7babd5","local_time":"20210221145455","is_ascension_mode":true,"campfire_choices":[{"data":"Electrodynamics","floor":8.0,"key":"SMITH"},{"data":"Zap","floor":13.0,"key":"SMITH"},{"data":"Defragment","floor":15.0,"key":"SMITH"},{"data":"Echo Form","floor":24.0,"key":"SMITH"},{"data":"Defragment","floor":28.0,"key":"SMITH"},{"data":"Consume","floor":32.0,"key":"SMITH"},{"floor":46,"key":"RECALL"},{"data":"Lockon","floor":49,"key":"SMITH"}],"circlet_count":0,"master_deck":["AscendersBane","Strike_B","Strike_B","Defend_B+1","Defend_B","Defend_B","Zap+1","Dualcast+1","Genetic Algorithm","Defragment+1","Doom and Gloom","Electrodynamics+1","Lockon+1","Consume+1","Thunder Strike+1","Hologram+1","Echo Form+1","Defragment+1","Capacitor","Glacier","Amplify","Leap+1","White Noise+1","BootSequence+1","Core Surge+1"],"relics":["Cracked Core","FossilizedHelix","Bronze Scales","Bottled Tornado","Question Card","Molten Egg 2","Snecko Eye","Orichalcum","War Paint","The Courier","Sozu","WingedGreaves","Bird Faced Urn","Mummified Hand","Meat on the Bone","Runic Capacitor","Ancient Tea Set","Unceasing Top","StrikeDummy"],"acts_visited":["Exordium","TheCity","TheBeyond"],"potions_floor_usage":[36,36],"damage_taken":[{"damage":5.0,"enemies":"Cultist","floor":1.0,"turns":4.0},{"damage":2.0,"enemies":"Small Slimes","floor":3.0,"turns":4.0},{"damage":0.0,"enemies":"Jaw Worm","floor":4.0,"turns":4.0},{"damage":18.0,"enemies":"Gremlin Nob","floor":6.0,"turns":4.0},{"damage":6.0,"enemies":"2 Fungi Beasts","floor":7.0,"turns":2.0},{"damage":0.0,"enemies":"Exordium Thugs","floor":10.0,"turns":2.0},{"damage":0.0,"enemies":"Lagavulin","floor":12.0,"turns":5.0},{"damage":0.0,"enemies":"3 Sentries","floor":14.0,"turns":1.0},{"damage":26.0,"enemies":"The Guardian","floor":16.0,"turns":9.0},{"damage":6.0,"enemies":"Chosen","floor":18.0,"turns":3.0},{"damage":11.0,"enemies":"2 Thieves","floor":19.0,"turns":2.0},{"damage":8.0,"enemies":"Snake Plant","floor":20.0,"turns":3.0},{"damage":0.0,"enemies":"3 Cultists","floor":22.0,"turns":2.0},{"damage":0.0,"enemies":"Slavers","floor":23.0,"turns":1.0},{"damage":0.0,"enemies":"Centurion and Healer","floor":25.0,"turns":4.0},{"damage":0.0,"enemies":"Book of Stabbing","floor":27.0,"turns":3.0},{"damage":0.0,"enemies":"Snecko","floor":29.0,"turns":4.0},{"damage":6.0,"enemies":"Chosen and Byrds","floor":30.0,"turns":3.0},{"damage":17.0,"enemies":"Automaton","floor":33.0,"turns":8.0},{"damage":6.0,"enemies":"Orb Walker","floor":35.0,"turns":4.0},{"damage":0,"enemies":"3 Darklings","floor":36,"turns":2},{"damage":0,"enemies":"Spire Growth","floor":38,"turns":4},{"damage":0,"enemies":"Sphere and 2 Shapes","floor":39,"turns":4},{"damage":0,"enemies":"Reptomancer","floor":40,"turns":6},{"damage":0,"enemies":"Nemesis","floor":41,"turns":5},{"damage":0,"enemies":"Transient","floor":42,"turns":5},{"damage":0,"enemies":"Reptomancer","floor":44,"turns":5},{"damage":0,"enemies":"4 Shapes","floor":45,"turns":3},{"damage":0,"enemies":"Giant Head","floor":48,"turns":6},{"damage":30,"enemies":"Awakened One","floor":50,"turns":9}],"seed_played":"5110342196966861047","potions_obtained":[{"floor":3.0,"key":"SteroidPotion"},{"floor":7.0,"key":"PowerPotion"},{"floor":10.0,"key":"SpeedPotion"},{"floor":12.0,"key":"SkillPotion"},{"floor":19.0,"key":"GamblersBrew"},{"floor":20.0,"key":"SpeedPotion"},{"floor":25.0,"key":"PowerPotion"},{"floor":27.0,"key":"AttackPotion"},{"floor":29.0,"key":"Energy Potion"}],"is_trial":false,"path_per_floor":["M","$","M","M","?","E","M","R","T","M","$","E","R","E","R","B",null,"M","M","M","?","M","E","R","M","T","E","R","M","M","?","R","B",null,"M","M","?","M","M","E","E","M","T","E","M","R","$","E","R","B",null],"character_chosen":"DEFECT","items_purchased":["Defragment","Runic Capacitor","Ancient Tea Set","Unceasing Top"],"campfire_rested":0,"item_purchase_floors":[2,47,47,47],"current_hp_per_floor":[63,63,61,61,61,43,37,37,37,37,37,37,37,37,37,11,59,53,42,34,34,34,34,34,34,34,34,34,34,28,28,28,11,59,53,53,53,53,53,53,53,65,65,75,75,75,75,75,75,55],"gold":95,"neow_bonus":"ONE_RARE_RELIC","is_daily":false,"chose_seed":false,"campfire_upgraded":7,"win_rate":0.0,"timestamp":1613886895,"path_taken":["M","$","M","?","?","E","M","R","T","M","?","E","R","E","R","BOSS","M","M","M","?","M","E","R","M","T","E","R","M","M","?","R","BOSS","M","M","?","M","M","E","E","M","T","E","M","R","$","E","R","BOSS"],"items_purchased_type":["Card","Relic","Relic","Relic"],"build_version":"2020-12-22","purchased_purges":3,"victory":true,"max_hp_per_floor":[75,75,75,75,75,75,75,75,75,75,75,75,75,75,75,75,75,75,75,75,75,75,75,75,75,75,75,75,75,75,75,75,75,75,75,75,75,75,75,75,75,75,75,75,75,75,75,75,75,75],"card_choices":[{"not_picked":["Go for the Eyes","Tempest"],"picked":"Genetic Algorithm","floor":1.0},{"not_picked":["Streamline","Genetic Algorithm"],"picked":"Doom and Gloom","floor":3.0},{"not_picked":["Storm","Barrage","Reinforced Body"],"picked":"SKIP","floor":4.0},{"not_picked":["Skim","Gash"],"picked":"Electrodynamics","floor":6.0},{"not_picked":["Streamline","Cold Snap","Hello World"],"picked":"SKIP","floor":7.0},{"not_picked":["Recycle","Stack","Barrage"],"picked":"SKIP","floor":10.0},{"not_picked":["Sweeping Beam","Beam Cell"],"picked":"Lockon","floor":12.0},{"not_picked":["Auto Shields","Undo","Go for the Eyes+1"],"picked":"Consume","floor":14.0},{"not_picked":["Fission","Reboot","Meteor Strike+1"],"picked":"Thunder Strike+1","floor":16.0},{"not_picked":["Auto Shields","Streamline+1","FTL+1","Rebound+1"],"picked":"SKIP","floor":18.0},{"not_picked":["Go for the Eyes+1","Reprogram","Genetic Algorithm"],"picked":"Hologram+1","floor":19.0},{"not_picked":["FTL+1","Streamline+1","Recycle","Conserve Battery"],"picked":"SKIP","floor":20.0},{"not_picked":["Rebound+1","Compile Driver+1","Static Discharge","Redo"],"picked":"SKIP","floor":22.0},{"not_picked":["Coolheaded","Glacier+1","Steam"],"picked":"Echo Form","floor":23.0},{"not_picked":["Blizzard+1","Stack","Sweeping Beam+1","Hologram"],"picked":"SKIP","floor":25.0},{"not_picked":["Leap","Double Energy","Hologram"],"picked":"Defragment","floor":27.0},{"not_picked":["Streamline+1","Doom and Gloom+1","Stack"],"picked":"Capacitor","floor":29.0},{"not_picked":["Hologram","Beam Cell+1","Skim"],"picked":"Glacier","floor":30.0},{"not_picked":["Electrodynamics","Seek","Rainbow"],"picked":"Amplify","floor":33.0},{"not_picked":["Reinforced Body","Sunder+1","Turbo","Capacitor+1"],"picked":"SKIP","floor":35.0},{"not_picked":["Turbo","Static Discharge","Rebound+1","Barrage+1"],"picked":"SKIP","floor":36},{"not_picked":["Cold Snap+1","Coolheaded","Redo","Turbo+1"],"picked":"SKIP","floor":38},{"not_picked":["Beam Cell+1","White Noise","Electrodynamics"],"picked":"Leap+1","floor":39},{"not_picked":["Tempest","Conserve Battery","Rebound+1"],"picked":"White Noise+1","floor":40},{"not_picked":["Rebound+1","Gash+1","Darkness"],"picked":"BootSequence+1","floor":41},{"not_picked":["Genetic Algorithm","Barrage+1","Static Discharge","Reprogram"],"picked":"SKIP","floor":42},{"not_picked":["Lockon+1","Steam","Thunder Strike+1","Cold Snap+1"],"picked":"SKIP","floor":44},{"not_picked":["Glacier","Aggregate","Turbo+1","Reprogram"],"picked":"SKIP","floor":45},{"not_picked":["Blizzard+1","Rebound+1","Double Energy"],"picked":"Core Surge+1","floor":48}],"player_experience":708838,"relics_obtained":[{"floor":6.0,"key":"Bronze Scales"},{"floor":9.0,"key":"Bottled Tornado"},{"floor":12.0,"key":"Question Card"},{"floor":14.0,"key":"Molten Egg 2"},{"floor":23.0,"key":"Orichalcum"},{"floor":26.0,"key":"War Paint"},{"floor":27.0,"key":"The Courier"},{"floor":40,"key":"WingedGreaves"},{"floor":41,"key":"Bird Faced Urn"},{"floor":43,"key":"Mummified Hand"},{"floor":44,"key":"Meat on the Bone"},{"floor":48,"key":"StrikeDummy"}],"event_choices":[{"cards_removed":["Strike_B"],"damage_healed":0.0,"max_hp_gain":0.0,"max_hp_loss":0.0,"gold_gain":0.0,"event_name":"Bonfire Elementals","player_choice":"Offered Basic","floor":5.0,"gold_loss":0.0,"damage_taken":0.0},{"damage_healed":0.0,"max_hp_gain":0.0,"max_hp_loss":0.0,"gold_gain":0.0,"event_name":"Cursed Tome","player_choice":"Ignored","floor":21.0,"gold_loss":0.0,"damage_taken":0.0},{"damage_healed":0.0,"max_hp_gain":0.0,"max_hp_loss":0.0,"gold_gain":0.0,"event_name":"Ghosts","player_choice":"Ignored","floor":31.0,"gold_loss":0.0,"damage_taken":0.0},{"damage_healed":0,"gold_gain":0,"player_choice":"Ignored","damage_taken":0,"max_hp_gain":0,"max_hp_loss":0,"event_name":"Tomb of Lord Red Mask","floor":37,"gold_loss":0}],"is_beta":false,"boss_relics":[{"not_picked":["Cursed Key","Runic Pyramid"],"picked":"Snecko Eye"},{"not_picked":["Runic Dome","Philosopher\u0027s Stone"],"picked":"Sozu"}],"items_purged_floors":[2,11,47],"is_endless":false,"potions_floor_spawned":[3,7,10,12,19,20,25,27,29,30,39,42,44,48],"ascension_level":12}}