{"host":"z37g2hkgkh2zjyzk","time":1613951045,"event":{"mods":["2.2 Compatiblity","AchievementEnabler","BaseMod","Bestiary","Colored Map","Colored Powertips","Curses Come First","Highlight Path","Keyboard Shortcuts","Minty Spire (QoL Compilation)","Relic Stats","StSLib","SuperFastMode"],"gold_per_floor":[219,219,294,294,307,339,28,28,55,83,8,8,33,52,52,152,152,172,99,114,126,126,126,156,156,156,156,168,185,185,211,211,311,311,325,325,344,358,142,142,167,167,218,18,37,37,53,81,81,81,81,81,33,65,65,65],"floor_reached":55,"language":"ENG","playtime":5229,"items_purged":["Strike_R","Strike_R","Defend_R"],"score":1138,"play_id":"45ad4e0d-eb12-4671-b97e-12e9b99b87ab","local_time":"20210222004405","is_ascension_mode":true,"campfire_choices":[{"floor":8.0,"key":"REST"},{"data":"Uppercut","floor":12.0,"key":"SMITH"},{"data":"Demon Form","floor":15.0,"key":"SMITH"},{"data":"Ghostly","floor":23.0,"key":"SMITH"},{"data":"Ghostly","floor":25.0,"key":"SMITH"},{"data":"Ghostly","floor":27.0,"key":"SMITH"},{"data":"Ghostly","floor":30.0,"key":"SMITH"},{"data":"Ghostly","floor":32.0,"key":"SMITH"},{"data":"Disarm","floor":40.0,"key":"SMITH"},{"data":"Offering","floor":42.0,"key":"SMITH"},{"floor":46,"key":"RECALL"},{"floor":49,"key":"REST"},{"floor":52,"key":"REST"}],"circlet_count":0,"master_deck":["Strike_R+1","Strike_R+1","Defend_R","Defend_R","Defend_R","Bash","Uppercut+1","True Grit","Twin Strike","Demon Form+1","Offering+1","Evolve","Fire Breathing","Corruption","Power Through","Power Through","Feel No Pain","Ghostly+1","Ghostly+1","Ghostly+1","Ghostly+1","Ghostly+1","Sever Soul","Immolate","Pommel Strike+1","Disarm+1","Feel No Pain","Dark Embrace+1","Whirlwind","Heavy Blade+1","Shrug It Off+1"],"relics":["Burning Blood","Gremlin Horn","PreservedInsect","Centennial Puzzle","Anchor","Singing Bowl","Black Star","Mango","Omamori","Lantern","HornCleat","Mark of Pain","Bag of Marbles","Bottled Lightning","MealTicket","CaptainsWheel","Regal Pillow","Paper Frog","Oddly Smooth Stone"],"acts_visited":["Exordium","TheCity","TheBeyond","TheEnding"],"potions_floor_usage":[48,48,55],"damage_taken":[{"damage":8.0,"enemies":"2 Louse","floor":1.0,"turns":3.0},{"damage":2.0,"enemies":"Jaw Worm","floor":5.0,"turns":3.0},{"damage":27.0,"enemies":"3 Sentries","floor":6.0,"turns":8.0},{"damage":15.0,"enemies":"Lagavulin","floor":10.0,"turns":6.0},{"damage":6.0,"enemies":"3 Sentries","floor":13.0,"turns":5.0},{"damage":0.0,"enemies":"Small Slimes","floor":14.0,"turns":2.0},{"damage":6.0,"enemies":"Slime Boss","floor":16.0,"turns":5.0},{"damage":12.0,"enemies":"Chosen","floor":18.0,"turns":5.0},{"damage":27.0,"enemies":"3 Byrds","floor":20.0,"turns":7.0},{"damage":14.0,"enemies":"Snake Plant","floor":21.0,"turns":6.0},{"damage":10.0,"enemies":"Slavers","floor":24.0,"turns":10.0},{"damage":9.0,"enemies":"Cultist and Chosen","floor":28.0,"turns":8.0},{"damage":12.0,"enemies":"Centurion and Healer","floor":29.0,"turns":8.0},{"damage":33.0,"enemies":"Book of Stabbing","floor":31.0,"turns":8.0},{"damage":23.0,"enemies":"Champ","floor":33.0,"turns":13.0},{"damage":0.0,"enemies":"3 Shapes","floor":35.0,"turns":4.0},{"damage":0.0,"enemies":"Orb Walker","floor":37.0,"turns":4.0},{"damage":6.0,"enemies":"Writhing Mass","floor":38.0,"turns":8.0},{"damage":6.0,"enemies":"Nemesis","floor":41.0,"turns":7.0},{"damage":1,"enemies":"Maw","floor":45,"turns":6},{"damage":31,"enemies":"3 Darklings","floor":47,"turns":5},{"damage":17,"enemies":"Giant Head","floor":48,"turns":7},{"damage":32,"enemies":"Donu and Deca","floor":50,"turns":10},{"damage":20,"enemies":"Shield and Spear","floor":54,"turns":7},{"damage":58,"enemies":"The Heart","floor":55,"turns":8}],"seed_played":"-8327742272470547937","potions_obtained":[{"floor":1.0,"key":"SneckoOil"},{"floor":5.0,"key":"Block Potion"},{"floor":10.0,"key":"Swift Potion"},{"floor":14.0,"key":"SpeedPotion"},{"floor":20.0,"key":"Fire Potion"},{"floor":28.0,"key":"Regen Potion"},{"floor":29.0,"key":"Dexterity Potion"},{"floor":37.0,"key":"Regen Potion"},{"floor":47,"key":"ColorlessPotion"},{"floor":48,"key":"Fire Potion"},{"floor":54,"key":"Weak Potion"}],"is_trial":false,"path_per_floor":["M","?","?","?","M","E","$","R","T","E","$","R","E","M","R","B",null,"M","$","M","M","?","R","E","R","T","R","M","M","R","E","R","B",null,"M","?","M","M","$","R","E","R","T","$","M","R","M","E","R","B",null,"R","$","E","B"],"character_chosen":"IRONCLAD","items_purchased":["Demon Form","PreservedInsect","Power Through","Disarm","Feel No Pain","Whirlwind","BlessingOfTheForge"],"campfire_rested":3,"item_purchase_floors":[7,7,19,39,39,44,53],"current_hp_per_floor":[70,54,43,43,47,26,26,50,50,41,41,41,41,47,47,47,72,66,66,45,39,39,39,49,49,49,49,48,59,59,34,34,17,50,58,58,65,65,65,65,65,65,65,65,65,65,42,40,67,41,61,67,67,55,0,0],"gold":65,"neow_bonus":"HUNDRED_GOLD","is_daily":false,"chose_seed":false,"campfire_upgraded":9,"win_rate":0.0,"timestamp":1613951045,"path_taken":["M","?","?","?","M","E","$","R","T","E","$","R","E","?","R","BOSS","M","$","M","M","?","R","E","R","T","R","M","M","R","E","R","BOSS","M","?","?","M","?","R","E","R","T","$","M","R","M","E","R","BOSS","R","$","E","BOSS"],"items_purchased_type":["Card","Relic","Card","Card","Card","Card","Potion"],"build_version":"2020-12-22","purchased_purges":3,"victory":false,"max_hp_per_floor":[80,80,80,80,80,80,80,80,80,80,80,80,80,80,80,80,80,80,80,80,82,41,41,55,55,55,55,57,59,59,61,61,61,61,63,63,65,65,65,65,65,65,65,65,65,65,67,67,67,67,67,67,67,69,69,69],"relic_stats":{"Centennial Puzzle":[57],"Regal Pillow":7,"Gremlin Horn":[16,16],"Singing Bowl":16,"counters":[25,163],"MealTicket":0,"PreservedInsect":390,"Black Star":5,"obtain_stats":[{"Lantern":31,"Regal Pillow":48,"Gremlin Horn":6,"Singing Bowl":13,"Oddly Smooth Stone":54,"Mango":24,"PreservedInsect":7,"Omamori":24,"Burning Blood":0,"Centennial Puzzle":9,"Anchor":10,"CaptainsWheel":48,"HornCleat":31,"MealTicket":43,"Mark of Pain":34,"Black Star":17,"Bag of Marbles":41,"Bottled Lightning":41,"Paper Frog":54},{"Lantern":14,"Regal Pillow":22,"Gremlin Horn":3,"Singing Bowl":5,"Oddly Smooth Stone":24,"Mango":11,"PreservedInsect":3,"Omamori":11,"Burning Blood":0,"Centennial Puzzle":3,"Anchor":4,"CaptainsWheel":22,"HornCleat":14,"MealTicket":19,"Mark of Pain":15,"Black Star":7,"Bag of Marbles":19,"Bottled Lightning":19,"Paper Frog":24},{"Lantern":84,"Regal Pillow":138,"Gremlin Horn":14,"Singing Bowl":25,"Oddly Smooth Stone":155,"Mango":60,"PreservedInsect":14,"Omamori":60,"Burning Blood":0,"Centennial Puzzle":14,"Anchor":20,"CaptainsWheel":138,"HornCleat":84,"MealTicket":120,"Mark of Pain":97,"Black Star":32,"Bag of Marbles":120,"Bottled Lightning":120,"Paper Frog":155}],"Burning Blood":138},"card_choices":[{"not_picked":["Anger","Dropkick"],"picked":"Uppercut","floor":1.0},{"not_picked":["Anger","Headbutt"],"picked":"True Grit","floor":5.0},{"not_picked":["Flex","Carnage"],"picked":"Twin Strike","floor":6.0},{"not_picked":["Sword Boomerang","Anger"],"picked":"Offering","floor":10.0},{"not_picked":["Dark Embrace","Battle Trance"],"picked":"Evolve","floor":13.0},{"not_picked":["Rupture","Headbutt"],"picked":"Fire Breathing","floor":14.0},{"not_picked":["Berserk","Brutality"],"picked":"Corruption","floor":16.0},{"not_picked":["Warcry+1","Second Wind+1"],"picked":"Power Through","floor":18.0},{"not_picked":["Shrug It Off","Hemokinesis"],"picked":"Feel No Pain","floor":20.0},{"not_picked":["Wild Strike","Clash","Entrench"],"picked":"Singing Bowl","floor":21.0},{"not_picked":["Shrug It Off","Warcry"],"picked":"Sever Soul","floor":24.0},{"not_picked":["Clash+1","Warcry+1","Rupture+1"],"picked":"Singing Bowl","floor":28.0},{"not_picked":["Thunderclap","Clothesline","Armaments+1"],"picked":"Singing Bowl","floor":29.0},{"not_picked":["Headbutt+1","Feel No Pain","Shrug It Off"],"picked":"Singing Bowl","floor":31.0},{"not_picked":["Brutality","Demon Form"],"picked":"Immolate","floor":33.0},{"not_picked":["Flex+1","Warcry","Entrench+1"],"picked":"Singing Bowl","floor":35.0},{"not_picked":["Carnage","Clothesline","Dropkick"],"picked":"Singing Bowl","floor":37.0},{"not_picked":["Thunderclap+1","Wild Strike"],"picked":"Pommel Strike+1","floor":38.0},{"not_picked":["Anger","Body Slam"],"picked":"Dark Embrace+1","floor":41.0},{"not_picked":["Pommel Strike","Exhume"],"picked":"Heavy Blade+1","floor":45},{"not_picked":["Headbutt","Clothesline","Wild Strike"],"picked":"Singing Bowl","floor":47},{"not_picked":["Heavy Blade","Body Slam"],"picked":"Shrug It Off+1","floor":48},{"not_picked":["Corruption","Juggernaut","Burning Pact+1"],"picked":"Singing Bowl","floor":54}],"player_experience":185968,"relics_obtained":[{"floor":6.0,"key":"Gremlin Horn"},{"floor":9.0,"key":"Centennial Puzzle"},{"floor":10.0,"key":"Anchor"},{"floor":13.0,"key":"Singing Bowl"},{"floor":24.0,"key":"Mango"},{"floor":24.0,"key":"Omamori"},{"floor":31.0,"key":"Lantern"},{"floor":31.0,"key":"HornCleat"},{"floor":41.0,"key":"Bag of Marbles"},{"floor":41.0,"key":"Bottled Lightning"},{"floor":43,"key":"MealTicket"},{"floor":48,"key":"CaptainsWheel"},{"floor":48,"key":"Regal Pillow"},{"floor":54,"key":"Paper Frog"},{"floor":54,"key":"Oddly Smooth Stone"}],"event_choices":[{"damage_healed":0.0,"max_hp_gain":0.0,"max_hp_loss":0.0,"gold_gain":0.0,"event_name":"Shining Light","player_choice":"Entered Light","floor":2.0,"gold_loss":0.0,"damage_taken":16.0,"cards_upgraded":["Strike_R","Strike_R"]},{"damage_healed":0.0,"max_hp_gain":0.0,"max_hp_loss":0.0,"gold_gain":75.0,"event_name":"World of Goop","player_choice":"Gather Gold","floor":3.0,"gold_loss":0.0,"damage_taken":11.0},{"cards_removed":["Strike_R"],"damage_healed":0.0,"max_hp_gain":0.0,"max_hp_loss":0.0,"gold_gain":0.0,"event_name":"Living Wall","player_choice":"Forget","floor":4.0,"gold_loss":0.0,"damage_taken":0.0},{"damage_healed":0.0,"max_hp_gain":0.0,"max_hp_loss":41.0,"gold_gain":0.0,"event_name":"Ghosts","player_choice":"Became a Ghost","floor":22.0,"gold_loss":0.0,"damage_taken":0.0,"cards_obtained":["Ghostly","Ghostly","Ghostly","Ghostly","Ghostly"]},{"damage_healed":0.0,"max_hp_gain":0.0,"max_hp_loss":0.0,"gold_gain":0.0,"event_name":"SecretPortal","player_choice":"Ignored","floor":36.0,"gold_loss":0.0,"damage_taken":0.0}],"is_beta":false,"boss_relics":[{"not_picked":["Calling Bell","SlaversCollar"],"picked":"Black Star"},{"not_picked":["Black Blood","Velvet Choker"],"picked":"Mark of Pain"}],"items_purged_floors":[11,39,44],"is_endless":false,"potions_floor_spawned":[1,5,10,14,20,28,29,37,47,48,54],"killed_by":"The Heart","ascension_level":6}}