{"host":"lxu17chzujqn8whl","time":1613889001,"event":{"mods":["BaseMod","Minty Spire (QoL Compilation)","Relic Stats","StSLib"],"gold_per_floor":[117,42,57,74,87,119,119,119,173,183,202,277,311,324,324,425,425,439,40,40,51,69,69,69,81,130,130,148,166,166,181,181,286,286,304,317,40,50,64,64,64,114,139,139,139],"floor_reached":44,"language":"ENG","playtime":1183,"items_purged":["Doubt","Strike_B","Writhe"],"score":451,"play_id":"bf557f8e-d1d1-4154-a614-90e5e30d0c9c","local_time":"20210220223001","is_ascension_mode":false,"campfire_choices":[{"data":"Sunder","floor":7,"key":"SMITH"},{"floor":15,"key":"REST"},{"data":"RitualDagger","floor":23,"key":"SMITH"},{"data":"Self Repair","floor":27,"key":"SMITH"},{"data":"Double Energy","floor":32,"key":"SMITH"},{"data":"Seek","floor":41,"key":"SMITH"}],"circlet_count":0,"master_deck":["Strike_B","Strike_B","Strike_B","Defend_B+1","Defend_B","Defend_B","Defend_B+1","Zap","Dualcast","Sunder+1","Glacier+1","Rip and Tear+1","Core Surge+1","Double Energy+1","Cold Snap","Defragment","Seek","Sweeping Beam","RitualDagger+1","Self Repair+1","Streamline","Conserve Battery","Hologram+1","Seek+1","Barrage+1","Turbo+1","Beam Cell+1","Doubt"],"relics":["Cracked Core","Mercury Hourglass","War Paint","Whetstone","Velvet Choker","Pen Nib","Nunchaku","Bronze Scales","Orichalcum","MutagenicStrength","Cursed Key","DataDisk","Incense Burner","Bag of Preparation"],"acts_visited":["Exordium","TheCity","TheBeyond"],"potions_floor_usage":[13,16,25,38],"damage_taken":[{"damage":6,"enemies":"Jaw Worm","floor":1,"turns":4},{"damage":0,"enemies":"Small Slimes","floor":3,"turns":2},{"damage":0,"enemies":"2 Louse","floor":4,"turns":2},{"damage":0,"enemies":"Large Slime","floor":5,"turns":4},{"damage":32,"enemies":"Gremlin Nob","floor":6,"turns":4},{"damage":0,"enemies":"Exordium Wildlife","floor":10,"turns":2},{"damage":0,"enemies":"3 Louse","floor":11,"turns":2},{"damage":0,"enemies":"3 Sentries","floor":13,"turns":5},{"damage":0,"enemies":"Blue Slaver","floor":14,"turns":2},{"damage":25,"enemies":"The Guardian","floor":16,"turns":11},{"damage":5,"enemies":"3 Byrds","floor":18,"turns":4},{"damage":0,"enemies":"Chosen","floor":21,"turns":3},{"damage":0,"enemies":"Snecko","floor":22,"turns":4},{"damage":0,"enemies":"Snake Plant","floor":25,"turns":2},{"damage":10,"enemies":"3 Cultists","floor":28,"turns":5},{"damage":0,"enemies":"Snecko","floor":29,"turns":4},{"damage":15,"enemies":"Snake Plant","floor":31,"turns":3},{"damage":38,"enemies":"Collector","floor":33,"turns":13},{"damage":11,"enemies":"3 Shapes","floor":35,"turns":3},{"damage":19,"enemies":"3 Darklings","floor":36,"turns":4},{"damage":1,"enemies":"Spire Growth","floor":38,"turns":3},{"damage":3,"enemies":"Transient","floor":39,"turns":5},{"damage":5,"enemies":"Mind Bloom Boss Battle","floor":42,"turns":7},{"damage":47,"enemies":"Nemesis","floor":44,"turns":2}],"seed_played":"4434046969753883630","potions_obtained":[{"floor":1,"key":"PowerPotion"},{"floor":10,"key":"CultistPotion"},{"floor":14,"key":"SpeedPotion"},{"floor":16,"key":"Fire Potion"},{"floor":25,"key":"SpeedPotion"},{"floor":29,"key":"Regen Potion"},{"floor":42,"key":"SteroidPotion"}],"is_trial":false,"path_per_floor":["M","$","M","M","M","E","R","?","T","M","M","?","E","M","R","B",null,"M","$","?","M","M","R","?","M","T","R","M","M","?","M","R","B",null,"M","M","$","M","M","?","R","?","T","E"],"character_chosen":"DEFECT","items_purchased":["Pen Nib","Nunchaku","DataDisk"],"campfire_rested":1,"item_purchase_floors":[19,19,37],"current_hp_per_floor":[83,83,83,83,83,51,51,51,51,51,51,40,40,40,66,41,89,84,84,78,78,85,85,85,85,85,85,85,89,89,84,84,56,89,88,69,69,77,84,84,84,85,85,38,38],"gold":139,"neow_bonus":"TWENTY_PERCENT_HP_BONUS","is_daily":false,"chose_seed":false,"campfire_upgraded":5,"win_rate":0.0,"timestamp":1613889001,"path_taken":["M","$","M","M","M","E","R","?","T","M","M","?","E","M","R","BOSS","M","$","?","M","M","R","?","M","T","R","M","M","?","M","R","BOSS","M","M","$","M","M","?","R","?","T","E"],"items_purchased_type":["Relic","Relic","Relic"],"build_version":"2020-12-22","purchased_purges":3,"victory":false,"max_hp_per_floor":[89,89,89,89,89,89,89,89,89,89,89,89,89,89,89,89,89,89,89,89,89,89,89,89,89,89,89,89,89,89,89,89,89,89,89,89,89,89,89,85,85,85,85,85,85],"relic_stats":{"Nunchaku":[10],"counters":[24,96],"Bronze Scales":[133],"Pen Nib":[10],"Bag of Preparation":[2],"Whetstone":["Core Surge","Rip and Tear"],"War Paint":["Defend_B","Defend_B"],"Orichalcum":[48],"Cursed Key":1,"obtain_stats":[{"Velvet Choker":17,"Pen Nib":19,"Incense Burner":42,"Bag of Preparation":43,"Whetstone":13,"War Paint":9,"Orichalcum":26,"Cursed Key":34,"Mercury Hourglass":6,"Nunchaku":19,"DataDisk":37,"Bronze Scales":24,"MutagenicStrength":30,"Cracked Core":0},{"Velvet Choker":10,"Pen Nib":11,"Incense Burner":23,"Bag of Preparation":23,"Whetstone":8,"War Paint":5,"Orichalcum":14,"Cursed Key":18,"Mercury Hourglass":5,"Nunchaku":11,"DataDisk":20,"Bronze Scales":13,"MutagenicStrength":16,"Cracked Core":0},{"Velvet Choker":37,"Pen Nib":40,"Incense Burner":94,"Bag of Preparation":94,"Whetstone":24,"War Paint":16,"Orichalcum":49,"Cursed Key":73,"Mercury Hourglass":16,"Nunchaku":40,"DataDisk":80,"Bronze Scales":47,"MutagenicStrength":58,"Cracked Core":0}],"Mercury Hourglass":[340]},"card_choices":[{"not_picked":["Gash","Beam Cell"],"picked":"Sunder","floor":1},{"not_picked":["Go for the Eyes","Defragment"],"picked":"Glacier","floor":3},{"not_picked":["Sunder","Barrage"],"picked":"Rip and Tear","floor":4},{"not_picked":["Reprogram","Barrage","Rebound"],"picked":"SKIP","floor":5},{"not_picked":["Turbo","Go for the Eyes"],"picked":"Core Surge","floor":6},{"not_picked":["Heatsinks","Go for the Eyes"],"picked":"Double Energy","floor":10},{"not_picked":["Static Discharge","White Noise","Redo"],"picked":"SKIP","floor":11},{"not_picked":["BootSequence","Fusion"],"picked":"Cold Snap","floor":13},{"not_picked":["Go for the Eyes","Fusion"],"picked":"Defragment","floor":14},{"not_picked":["Rainbow","Hyperbeam"],"picked":"Seek","floor":16},{"not_picked":["Barrage","Loop"],"picked":"Sweeping Beam","floor":18},{"not_picked":["Gash","Barrage+1"],"picked":"Self Repair","floor":21},{"not_picked":["Skim","Turbo"],"picked":"Streamline","floor":22},{"not_picked":["Steam+1","Hologram"],"picked":"Conserve Battery","floor":25},{"not_picked":["Blizzard+1","White Noise","Go for the Eyes"],"picked":"SKIP","floor":28},{"not_picked":["Cold Snap","Core Surge"],"picked":"Hologram+1","floor":29},{"not_picked":["Redo","Barrage","FTL"],"picked":"SKIP","floor":31},{"not_picked":["Amplify","Fission"],"picked":"Seek","floor":33},{"not_picked":["Sunder+1","Sweeping Beam","Stack+1"],"picked":"SKIP","floor":35},{"not_picked":["Beam Cell","Ball Lightning+1"],"picked":"Barrage+1","floor":36},{"not_picked":["Sweeping Beam+1","Hologram+1"],"picked":"Turbo+1","floor":38},{"not_picked":["Stack+1","Biased Cognition"],"picked":"Beam Cell+1","floor":39}],"player_experience":723328,"relics_obtained":[{"floor":6,"key":"Mercury Hourglass"},{"floor":9,"key":"War Paint"},{"floor":13,"key":"Whetstone"},{"floor":26,"key":"Orichalcum"},{"floor":42,"key":"Incense Burner"},{"floor":43,"key":"Bag of Preparation"}],"event_choices":[{"damage_healed":0,"gold_gain":0,"player_choice":"Grow","damage_taken":0,"max_hp_gain":0,"max_hp_loss":0,"event_name":"Living Wall","floor":8,"gold_loss":0,"cards_upgraded":["Glacier"]},{"damage_healed":0,"gold_gain":75,"player_choice":"Gather Gold","damage_taken":11,"max_hp_gain":0,"max_hp_loss":0,"event_name":"World of Goop","floor":12,"gold_loss":0},{"damage_healed":0,"gold_gain":0,"player_choice":"Joined the Cult","damage_taken":6,"max_hp_gain":0,"max_hp_loss":0,"event_name":"Nest","floor":20,"gold_loss":0,"cards_obtained":["RitualDagger"]},{"damage_healed":0,"gold_gain":0,"player_choice":"Opened","damage_taken":0,"relics_obtained":["Bronze Scales"],"max_hp_gain":0,"max_hp_loss":0,"event_name":"The Mausoleum","floor":24,"gold_loss":0,"cards_obtained":["Writhe"]},{"damage_healed":0,"gold_gain":0,"player_choice":"Inject Mutagens","damage_taken":0,"relics_obtained":["MutagenicStrength"],"max_hp_gain":0,"max_hp_loss":0,"event_name":"Drug Dealer","floor":30,"gold_loss":0},{"damage_healed":0,"gold_gain":0,"player_choice":"Max HP","damage_taken":0,"max_hp_gain":0,"max_hp_loss":4,"event_name":"Winding Halls","floor":40,"gold_loss":0},{"damage_healed":0,"gold_gain":0,"player_choice":"Fight","damage_taken":0,"max_hp_gain":0,"max_hp_loss":0,"event_name":"MindBloom","floor":42,"gold_loss":0}],"is_beta":false,"boss_relics":[{"not_picked":["Empty Cage","SlaversCollar"],"picked":"Velvet Choker"},{"not_picked":["Inserter","Pandora\u0027s Box"],"picked":"Cursed Key"}],"items_purged_floors":[2,19,37],"is_endless":false,"potions_floor_spawned":[1,10,14,16,25,29,33,35,42],"killed_by":"Nemesis","ascension_level":0}}