{"host":"h8qp9f7fc8z1autn","time":1613946064,"event":{"mods":["AchievementEnabler","BaseMod","Beaked The Cultist","Energized Spire","Friendly Minions","Hermit","Infinite Spire","Marisa????????","Minty Spire (QoL Compilation)","StSLib","The Animator","The Bug Knight","The Construct","The Cursed","The Saiyan"],"gold_per_floor":[112,17,36,36,54,83,83,95,95,95,105,105,134,153,153,258,258,272,286,286,305,305,337,349,377,389,414,458,24,37,50,50,152,152,172,188,20,20,120,151,151,151,178,178,196,216,244,274,274,274,274,274,57,92,92],"floor_reached":56,"language":"ENG","playtime":5921,"items_purged":["TheCursedMod:Defend_TheCursed"],"score":1639,"play_id":"aab4491c-c81a-432a-b1a5-73a24cadc357","local_time":"20210221162104","is_ascension_mode":false,"campfire_choices":[{"data":"TheCursedMod:FuryStrike","floor":7,"key":"SMITH"},{"data":"TheCursedMod:SpitefulPlan","floor":12,"key":"SMITH"},{"data":"TheCursedMod:HellsGateOpen","floor":15,"key":"SMITH"},{"data":"infinitespire:Collect","floor":24,"key":"SMITH"},{"floor":32,"key":"RECALL"},{"floor":42,"key":"REST"},{"data":"TheCursedMod:OutForBlood","floor":44,"key":"SMITH"},{"data":"Apotheosis","floor":49,"key":"SMITH"},{"data":"TheCursedMod:LuckyCharm","floor":52,"key":"SMITH"}],"circlet_count":0,"master_deck":["TheCursedMod:Strike_TheCursed","TheCursedMod:Strike_TheCursed","TheCursedMod:Strike_TheCursed","TheCursedMod:Strike_TheCursed","TheCursedMod:CursedWand","TheCursedMod:CleanUpWorkshop","TheCursedMod:Dregs","TheCursedMod:FuryStrike+1","TheCursedMod:SpitefulStrike","TheCursedMod:SpitefulPlan+1","TheCursedMod:VitalStrike","TheCursedMod:Obscuration","TheCursedMod:RapidMovement","TheCursedMod:SurpriseAttack","Iron Wave","TheCursedMod:HellsGateOpen+1","TheCursedMod:Neurasthenia","TheCursedMod:Grudge","TheCursedMod:CircleOfAbyss","TheCursedMod:LuckyCharm","infinitespire:Collect+1","TheCursedMod:Stigma","TheCursedMod:ShockAndAwe","TheCursedMod:FuryStrike","Doubt","TheCursedMod:NeowsMight","TheCursedMod:SpitefulPlan","TheCursedMod:LuckyCharm+1","TheCursedMod:VitalStrike","TheCursedMod:ForbiddenAlchemy","TheCursedMod:TacticalStrike","TheCursedMod:CursedBlade+1","Apotheosis+1","Wraith","infinitespire:TheBestDefense","TheCursedMod:OutForBlood+1","Regret","infinitespire:Collect+1","TheCursedMod:FleshFromBone+1","TheCursedMod:Torture+1","TheCursedMod:HellfireBreathing","TheCursedMod:AshesToAshes","infinitespire:Pacifist","TheCursedMod:TroublousMinions","TheCursedMod:Evocation+1"],"relics":["TheCursedMod:BlackMagic101","NeowsBlessing","Singing Bowl","infinitespire:ShieldingShard","infinitespire:FocusingShard","energizedSpire:CursedPentagram","Black Star","MawBank","infinitespire:PuzzleCube","infinitespire:BottledMercury","Matryoshka","Du-Vu Doll","infinitespire:Cupcake","WingedGreaves","TheCursedMod:Tack","infinitespire:Lucky Rock","Pen Nib","Centennial Puzzle","Potion Belt","Darkstone Periapt","Incense Burner","Gremlin Horn","infinitespire:Satchel","infinitespire:EmpoweringShard","infinitespire:Beetle Shell"],"acts_visited":["Exordium","TheCity","TheBeyond","TheEnding"],"potions_floor_usage":[21,23,35,39,39,39,39,39,39,39,40,45,45,45,45,45,46,47,47,47,48,48,48,48,48,48,48,48,48,48,50,50,50,50,50,50,50,50,50,50,50,50,55,55,55,55,55,55,55,55,55,55,55,55],"damage_taken":[{"damage":0,"enemies":"Jaw Worm","floor":1,"turns":1},{"damage":0,"enemies":"Cultist","floor":3,"turns":1},{"damage":0,"enemies":"2 Louse","floor":5,"turns":1},{"damage":20,"enemies":"Gremlin Nob","floor":6,"turns":4},{"damage":20,"enemies":"Exordium Thugs","floor":8,"turns":6},{"damage":5,"enemies":"Lots of Slimes","floor":11,"turns":4},{"damage":2,"enemies":"3 Sentries","floor":13,"turns":6},{"damage":0,"enemies":"Large Slime","floor":14,"turns":3},{"damage":19,"enemies":"The Guardian","floor":16,"turns":9},{"damage":5,"enemies":"2 Thieves","floor":18,"turns":3},{"damage":0,"enemies":"3 Byrds","floor":19,"turns":5},{"damage":11,"enemies":"Cultist and Chosen","floor":21,"turns":5},{"damage":15,"enemies":"Slavers","floor":23,"turns":2},{"damage":3,"enemies":"Centurion and Healer","floor":25,"turns":6},{"damage":0,"enemies":"Snake Plant","floor":27,"turns":4},{"damage":0,"enemies":"Gremlin Leader","floor":28,"turns":4},{"damage":0,"enemies":"Cultist and Chosen","floor":30,"turns":3},{"damage":0,"enemies":"Snecko","floor":31,"turns":4},{"damage":0,"enemies":"Collector","floor":33,"turns":7},{"damage":2,"enemies":"3 Darklings","floor":35,"turns":4},{"damage":0,"enemies":"3 Shapes","floor":36,"turns":3},{"damage":20,"enemies":"infinitespire:Three Voidlings","floor":39,"turns":4},{"damage":29,"enemies":"Nightmare_Alpha","floor":39,"turns":10},{"damage":19,"enemies":"Reptomancer","floor":40,"turns":3},{"damage":0,"enemies":"3 Darklings","floor":45,"turns":3},{"damage":0,"enemies":"4 Shapes","floor":46,"turns":3},{"damage":0,"enemies":"Nemesis","floor":47,"turns":3},{"damage":0,"enemies":"Giant Head","floor":48,"turns":4},{"damage":16,"enemies":"Awakened One","floor":50,"turns":6},{"damage":0,"enemies":"Shield and Spear","floor":54,"turns":5},{"damage":0,"enemies":"The Heart","floor":55,"turns":6}],"seed_played":"4266821471600787724","potions_obtained":[{"floor":6,"key":"Dexterity Potion"},{"floor":8,"key":"infinitespire:BlackPotion"},{"floor":11,"key":"FearPotion"},{"floor":16,"key":"Regen Potion"},{"floor":25,"key":"CultistPotion"},{"floor":28,"key":"CultistPotion"},{"floor":31,"key":"infinitespire:BlackPotion"},{"floor":35,"key":"Swift Potion"},{"floor":39,"key":"Fire Potion"},{"floor":40,"key":"FearPotion"}],"is_trial":false,"path_per_floor":["M","$","M","?","M","E","R","M","T","?","M","R","E","M","R","B",null,"M","M","AVR","M","?","E","R","M","T","M","E","$","M","M","R","B",null,"M","M","$","?","?","E","?","R","T","R","M","M","E","E","R","B",null,"R","$","E","B",null],"character_chosen":"THE_CURSED","items_purchased":["TheCursedMod:SpitefulStrike","TheCursedMod:SpitefulPlan","Du-Vu Doll","TheCursedMod:LuckyCharm","Apotheosis","TheCursedMod:TroublousMinions","infinitespire:Satchel"],"campfire_rested":1,"item_purchase_floors":[2,2,29,29,37,53,53],"current_hp_per_floor":[75,75,75,75,75,55,55,35,35,35,30,30,28,28,28,9,75,72,72,72,70,70,55,55,52,52,54,54,54,54,56,56,56,81,79,79,79,79,39,20,20,44,44,44,44,44,44,50,50,48,89,89,89,89,89],"gold":92,"neow_bonus":"THREE_ENEMY_KILL","is_daily":false,"chose_seed":false,"campfire_upgraded":7,"win_rate":0.0,"timestamp":1613946064,"path_taken":["M","$","M","?","?","E","R","M","T","?","M","R","E","M","R","BOSS","M","M","AVR","M","?","E","R","M","T","?","E","$","M","M","R","BOSS","M","M","$","?","?","E","?","R","T","R","M","M","E","E","R","BOSS","R","$","E","BOSS"],"items_purchased_type":["Card","Card","Relic","Card","Card","Card","Relic"],"build_version":"2020-12-22","purchased_purges":1,"victory":true,"max_hp_per_floor":[75,75,75,75,75,75,75,75,75,75,75,75,75,75,75,75,75,77,77,77,77,77,77,77,77,77,79,79,79,79,81,81,81,81,81,81,81,81,83,83,83,83,83,83,83,83,83,89,89,89,89,89,89,89,89],"card_choices":[{"not_picked":["TheCursedMod:Stigma","TheCursedMod:RavingStaff"],"picked":"TheCursedMod:FuryStrike","floor":1},{"not_picked":["TheCursedMod:Mangle","TheCursedMod:Stretching"],"picked":"TheCursedMod:VitalStrike","floor":3},{"not_picked":["TheCursedMod:CircleOfAmplification","TheCursedMod:CursedBlade"],"picked":"TheCursedMod:Obscuration","floor":5},{"not_picked":["TheCursedMod:CircleOfAmplification","TheCursedMod:Obscuration"],"picked":"TheCursedMod:RapidMovement","floor":6},{"not_picked":["TheCursedMod:HellsGateOpen","TheCursedMod:UltimatePain"],"picked":"TheCursedMod:SurpriseAttack","floor":8},{"not_picked":["TheCursedMod:FleshFromBone","TheCursedMod:ReleasedStrength"],"picked":"TheCursedMod:HellsGateOpen","floor":11},{"not_picked":["TheCursedMod:CursedArmor","TheCursedMod:CursedMace"],"picked":"TheCursedMod:Neurasthenia","floor":13},{"not_picked":["TheCursedMod:FleshFromBone","TheCursedMod:CircleOfBlood"],"picked":"TheCursedMod:Grudge","floor":14},{"not_picked":["TheCursedMod:ShockAndAwe","TheCursedMod:ForbiddenAlchemy"],"picked":"TheCursedMod:CircleOfAbyss","floor":16},{"not_picked":["TheCursedMod:CursedShiv","TheCursedMod:CircleOfFocus","TheCursedMod:Wield"],"picked":"Singing Bowl","floor":18},{"not_picked":["TheCursedMod:CursedShiv","TheCursedMod:VitalStrike"],"picked":"TheCursedMod:LuckyCharm","floor":19},{"not_picked":["TheCursedMod:CursedAmulet+1","TheCursedMod:SaltUponWound"],"picked":"TheCursedMod:Stigma","floor":21},{"not_picked":["TheCursedMod:BloodBarrier+1","TheCursedMod:CursedSpellbook+1"],"picked":"TheCursedMod:FuryStrike","floor":23},{"not_picked":["TheCursedMod:Obscuration+1","TheCursedMod:CircleOfCorruption+1"],"picked":"TheCursedMod:NeowsMight","floor":25},{"not_picked":["TheCursedMod:CursedBoomerang","TheCursedMod:Torture","TheCursedMod:SmokeScreen+1"],"picked":"Singing Bowl","floor":27},{"not_picked":["TheCursedMod:CursedAmulet","TheCursedMod:StingEye"],"picked":"TheCursedMod:SpitefulPlan","floor":28},{"not_picked":["TheCursedMod:SurpriseAttack+1","TheCursedMod:CircleOfBlood+1"],"picked":"TheCursedMod:VitalStrike","floor":30},{"not_picked":["TheCursedMod:Evocation","TheCursedMod:SmokeScreen","TheCursedMod:CursedBlade"],"picked":"Singing Bowl","floor":31},{"not_picked":["TheCursedMod:NeowsMight","TheCursedMod:UltimatePain"],"picked":"TheCursedMod:ForbiddenAlchemy","floor":33},{"not_picked":["TheCursedMod:FleshFromBone","TheCursedMod:WearCloak"],"picked":"TheCursedMod:TacticalStrike","floor":35},{"not_picked":["TheCursedMod:CircleOfAmplification+1","TheCursedMod:SurpriseAttack+1"],"picked":"TheCursedMod:CursedBlade+1","floor":36},{"not_picked":["infinitespire:SealOfDarkness+","infinitespire:Menacing"],"picked":"infinitespire:TheBestDefense","floor":39},{"not_picked":["TheCursedMod:CursedBlade","TheCursedMod:CursedAmulet","TheCursedMod:RapidMovement"],"picked":"Singing Bowl","floor":39},{"not_picked":["TheCursedMod:CircleOfAbyss","TheCursedMod:WearCloak"],"picked":"TheCursedMod:OutForBlood","floor":40},{"not_picked":["TheCursedMod:HellsGateOpen+1","TheCursedMod:SmokeScreen+1"],"picked":"TheCursedMod:FleshFromBone+1","floor":45},{"not_picked":["TheCursedMod:CursedBlade+1","TheCursedMod:Grudge+1"],"picked":"TheCursedMod:Torture+1","floor":46},{"not_picked":["TheCursedMod:Hemoplague+1","TheCursedMod:VitalStrike"],"picked":"TheCursedMod:HellfireBreathing","floor":47},{"not_picked":["TheCursedMod:DoubleShield+1","TheCursedMod:SpreadPlague"],"picked":"TheCursedMod:AshesToAshes","floor":48},{"not_picked":["TheCursedMod:SpitefulStrike+1","TheCursedMod:CursedBlade+1"],"picked":"TheCursedMod:Evocation+1","floor":54}],"player_experience":395862,"relics_obtained":[{"floor":6,"key":"Singing Bowl"},{"floor":9,"key":"infinitespire:ShieldingShard"},{"floor":13,"key":"infinitespire:FocusingShard"},{"floor":23,"key":"MawBank"},{"floor":23,"key":"infinitespire:PuzzleCube"},{"floor":28,"key":"infinitespire:BottledMercury"},{"floor":28,"key":"Matryoshka"},{"floor":39,"key":"WingedGreaves"},{"floor":40,"key":"TheCursedMod:Tack"},{"floor":40,"key":"infinitespire:Lucky Rock"},{"floor":43,"key":"Pen Nib"},{"floor":43,"key":"Centennial Puzzle"},{"floor":47,"key":"Potion Belt"},{"floor":47,"key":"Darkstone Periapt"},{"floor":48,"key":"Incense Burner"},{"floor":48,"key":"Gremlin Horn"},{"floor":54,"key":"infinitespire:EmpoweringShard"},{"floor":54,"key":"infinitespire:Beetle Shell"}],"event_choices":[{"cards_removed":["TheCursedMod:Defend_TheCursed"],"damage_healed":0,"gold_gain":0,"player_choice":"Offered Basic","damage_taken":0,"max_hp_gain":0,"max_hp_loss":0,"event_name":"Bonfire Elementals","floor":4,"gold_loss":0},{"cards_removed":["TheCursedMod:Defend_TheCursed"],"damage_healed":0,"gold_gain":0,"player_choice":"Took Card","damage_taken":0,"max_hp_gain":0,"max_hp_loss":0,"event_name":"NoteForYourself","floor":10,"gold_loss":0,"cards_obtained":["Iron Wave"]},{"damage_healed":0,"gold_gain":0,"cards_transformed":["TheCursedMod:Defend_TheCursed"],"player_choice":"Transformed","damage_taken":0,"max_hp_gain":0,"max_hp_loss":0,"event_name":"Transmorgrifier","floor":22,"gold_loss":0,"cards_obtained":["TheCursedMod:ShockAndAwe"]},{"damage_healed":0,"gold_gain":0,"player_choice":"Ignored","damage_taken":0,"max_hp_gain":0,"max_hp_loss":0,"event_name":"OrinTheCat","floor":38,"gold_loss":0},{"damage_healed":0,"gold_gain":0,"player_choice":"Copied","damage_taken":0,"max_hp_gain":0,"max_hp_loss":0,"event_name":"Duplicator","floor":41,"gold_loss":0,"cards_obtained":["infinitespire:Collect"]}],"is_beta":false,"boss_relics":[{"not_picked":["Fusion Hammer","Runic Dome"],"picked":"energizedSpire:CursedPentagram"},{"not_picked":["Snecko Eye","energizedSpire:RedRose"],"picked":"infinitespire:Cupcake"}],"items_purged_floors":[29],"is_endless":false,"potions_floor_spawned":[6,8,11,16,25,28,31,35,36,39,40],"ascension_level":0}}