{"host":"rq7gz685gkaokql0","time":1613876562,"event":{"mods":["BaseMod","Infinite Spire","Minty Spire (QoL Compilation)","Replay The Spire","StSLib"],"gold_per_floor":[116,129,129,62,113,138,138,138,138,138,169,180,180,180,180,259,259,274,288,288,288,13,46,61,90,114,114,114],"floor_reached":27,"language":"ENG","playtime":675,"items_purged":[],"score":689,"play_id":"008cade4-62d9-4119-8bfe-a44a4bb2f514","local_time":"20210220170242","is_ascension_mode":true,"campfire_choices":[{"data":"WheelKick","floor":7,"key":"SMITH"},{"floor":15,"key":"DIG"}],"circlet_count":0,"master_deck":["AscendersBane","Defend_P","Defend_P+1","Defend_P","Eruption","Vigilance","PathToVictory","Consecrate+1","SandsOfTime+1","WheelKick+1","WaveOfTheHand","ForeignInfluence","LessonLearned","EmptyFist+1","Evaluate+1","Ghostly+1","Ghostly+1","Ghostly+1","Bite","Bite","Bite","Bite","Bite","TalkToTheHand","ReachHeaven+1","Halt","Worship","Secret Weapon","Wallop","SashWhip","Whirlwind"],"relics":["Empty Cage","BargainBundle","Replay:M_SmolderingBlood","NeowsBlessing","ReplayTheSpireMod:Ring of Exchange","infinitespire:Golems Mask","Ring of Peace","Electric Blood","Question Card","Replay:M_StaffOfTheSnake","replay:Trail_Library","infinitespire:Chaos","Dream Catcher","Replay:Bottled Eggs","Lantern"],"acts_visited":["Exordium","TheCity"],"potions_floor_usage":[16,18,27],"damage_taken":[{"damage":0,"enemies":"Small Slimes","floor":1,"turns":2},{"damage":0,"enemies":"2 Louse","floor":2,"turns":1},{"damage":0,"enemies":"3 Sentries","floor":6,"turns":2},{"damage":30,"enemies":"Lagavulin","floor":11,"turns":6},{"damage":7,"enemies":"Jaw Worm","floor":12,"turns":3},{"damage":12,"enemies":"Hexaghost","floor":16,"turns":7},{"damage":16,"enemies":"2 Thieves","floor":18,"turns":3},{"damage":1,"enemies":"Chosen","floor":19,"turns":3},{"damage":0,"enemies":"Book of Stabbing","floor":23,"turns":1},{"damage":0,"enemies":"Snake Plant","floor":24,"turns":1},{"damage":0,"enemies":"Gremlin Leader","floor":25,"turns":1},{"damage":28,"enemies":"Replay:Snechameleon","floor":27,"turns":5}],"seed_played":"-3372918773834391140","potions_obtained":[{"floor":2,"key":"GamblersBrew"},{"floor":11,"key":"LiquidBronze"},{"floor":13,"key":"FearPotion"},{"floor":13,"key":"Flashbang"},{"floor":13,"key":"Strength Potion"},{"floor":14,"key":"EssenceOfSteel"},{"floor":16,"key":"LifebloodPotion"},{"floor":19,"key":"Toxic Potion"},{"floor":25,"key":"Block Potion"}],"is_trial":false,"path_per_floor":["M","M","?","$","?","E","R","$","T","?","E","M","?","?","R","B",null,"M","M","?","?","$","E","M","E","T","E"],"character_chosen":"WATCHER","items_purchased":["SandsOfTime+1","infinitespire:Chaos","TalkToTheHand","ReachHeaven+1","Halt","Worship","Secret Weapon","Toxic Potion"],"campfire_rested":0,"item_purchase_floors":[4,22,22,22,22,22,22,22],"current_hp_per_floor":[61,61,61,61,61,61,61,61,61,61,31,24,24,24,24,17,55,44,43,34,23,21,21,21,21,21,0,0],"gold":114,"neow_bonus":"THREE_ENEMY_KILL","is_daily":false,"chose_seed":false,"campfire_upgraded":1,"win_rate":0.0,"timestamp":1613876562,"path_taken":["M","M","?","$","?","E","R","?","T","?","E","?","?","?","R","BOSS","M","M","?","?","?","E","M","E","T","E"],"items_purchased_type":["Card","Relic","Card","Card","Card","Card","Card","Potion"],"build_version":"2020-12-22","purchased_purges":0,"victory":false,"max_hp_per_floor":[68,68,68,68,68,68,68,68,68,68,68,68,68,68,68,68,68,68,68,34,23,21,21,21,21,21,21,21],"card_choices":[{"not_picked":["Replay:BluntJabs","FollowUp"],"picked":"PathToVictory","floor":1},{"not_picked":["ClearTheMind","Prostrate"],"picked":"Consecrate","floor":2},{"not_picked":["Collect","CrushJoints"],"picked":"WheelKick","floor":6},{"not_picked":["MentalFortress","DeusExMachina"],"picked":"WaveOfTheHand","floor":11},{"not_picked":["Replay:BluntJabs","CutThroughFate"],"picked":"ForeignInfluence","floor":12},{"not_picked":["Alpha","SpiritShield"],"picked":"LessonLearned","floor":16},{"not_picked":["Replay:BluntJabs","Indignation"],"picked":"EmptyFist+1","floor":18},{"not_picked":["Wireheading","EmptyFist"],"picked":"Evaluate+1","floor":19},{"not_picked":["Flying Knee","EmptyBody","CutThroughFate"],"picked":"Wallop","floor":23},{"not_picked":["CrushJoints","Acrobatics","Protect"],"picked":"SashWhip","floor":24},{"not_picked":["Dagger Throw","Carnage","Well Laid Plans"],"picked":"Whirlwind","floor":25}],"player_experience":1319309,"relics_obtained":[{"floor":6,"key":"Bag of Marbles"},{"floor":9,"key":"Blue Candle"},{"floor":11,"key":"Replay:Bottled Snecko"},{"floor":13,"key":"ReplayTheSpireMod:Ring of Addiction"},{"floor":13,"key":"Ring of Peace"},{"floor":13,"key":"Potion Belt"},{"floor":13,"key":"Toy Ornithopter"},{"floor":15,"key":"Tiny Chest"},{"floor":23,"key":"Dream Catcher"},{"floor":25,"key":"Replay:Bottled Eggs"},{"floor":26,"key":"Lantern"}],"event_choices":[{"damage_healed":0,"gold_gain":0,"player_choice":"Leave","damage_taken":0,"max_hp_gain":0,"max_hp_loss":0,"event_name":"The Cleric","floor":3,"gold_loss":0},{"damage_healed":0,"gold_gain":51,"player_choice":"Gained Gold","damage_taken":0,"max_hp_gain":0,"max_hp_loss":0,"event_name":"Golden Wing","floor":5,"gold_loss":0},{"damage_healed":0,"gold_gain":0,"player_choice":"Grow","damage_taken":0,"max_hp_gain":0,"max_hp_loss":0,"event_name":"Living Wall","floor":10,"gold_loss":0,"cards_upgraded":["Consecrate"]},{"damage_healed":0,"gold_gain":0,"player_choice":"Got Potions","damage_taken":0,"max_hp_gain":0,"max_hp_loss":0,"event_name":"Lab","floor":14,"gold_loss":0},{"damage_healed":0,"gold_gain":0,"player_choice":"Became a Ghost","damage_taken":0,"max_hp_gain":0,"max_hp_loss":34,"event_name":"Ghosts","floor":20,"gold_loss":0,"cards_obtained":["Ghostly","Ghostly","Ghostly"]},{"damage_healed":0,"gold_gain":0,"player_choice":"Became a vampire","damage_taken":0,"max_hp_gain":0,"max_hp_loss":11,"event_name":"Vampires","floor":21,"gold_loss":0,"cards_obtained":["Bite","Bite","Bite","Bite","Bite"]}],"is_beta":false,"boss_relics":[{"not_picked":["ChewingGum","Runic Dome"],"picked":"Black Star"}],"items_purged_floors":[],"is_endless":false,"potions_floor_spawned":[2,11,16,19,24,25],"killed_by":"Replay:Snechameleon","ascension_level":20}}