{"host":"htqwg582tjjtn9p7","time":1613934189,"event":{"mods":["2.2 Compatiblity","AchievementEnabler","Act Like it!","Aspiration","BaseMod","Better Third Choice","Colored Map","Conspire","Curses Come First","Displayed Cursed Tome","Energized Spire","Force Act Four","Fox Events","GifTheSpireLib","Hermit","Highlight Path","JesterMod","Mad Scientist","Minty Spire (QoL Compilation)","Pale of the Ancients","Permanent Neow","Random Character Button","Relic Stats","Reliquary","Replay The Spire","Robot Space Explorer","Ruina","Somnambulant","Spicy Shops","Spikes Relics","StSLib","Stuff the Spire","The Blue Laboratory","The Bug Knight","The Forsaken","The Gatherer","The Judge","The Jungle","The Marked","The Runesmith","The Servant 0.9.4","Uncapped"],"gold_per_floor":[114,124,0,14,14,14,24,24,24,24,24,36,66,66,66,142,142,155,74,74,74,89,121,121,121,121],"floor_reached":25,"language":"ENG","playtime":1067,"items_purged":["Strike_G"],"score":368,"play_id":"74763caf-d83d-46ef-9016-f77d8cd6aa00","local_time":"20210221200309","is_ascension_mode":true,"campfire_choices":[{"data":"Prepared","floor":6,"key":"SMITH"},{"floor":8,"key":"REST"},{"data":"Prepared","floor":11,"key":"SMITH"},{"floor":15,"key":"REST"},{"floor":24,"key":"REST"}],"circlet_count":0,"master_deck":["AscendersBane","Strike_G","Strike_G","Strike_G","Strike_G","Defend_G","Defend_G","Defend_G","Defend_G","Defend_G+1","Survivor","Neutralize","Blade Dance","ReplayTheSpireMod:Scrap Shanks+1","Prepared+1","Prepared+1","StuffTheSpire:Incantation","Envenom","Tactician","Eviscerate","Deflect"],"relics":["Ring of the Snake","aspiration:Nostalgia","Gatherer:AlchemyBag","Replay:Ringing Soul","reliquary:BallBearing","energizedSpire:NeverEndingSparkler","StuffTheSpire:Mouthbags"],"acts_visited":["Exordium","Exordium"],"potions_floor_usage":[16,22,23,23],"damage_taken":[{"damage":1,"enemies":"Jaw Worm","floor":1,"turns":8},{"damage":7,"enemies":"Small Slimes","floor":2,"turns":4},{"damage":0,"enemies":"Cultist","floor":4,"turns":3},{"damage":13,"enemies":"Large Slime","floor":7,"turns":6},{"damage":0,"enemies":"Blue Slaver","floor":12,"turns":3},{"damage":7,"enemies":"Lagavulin","floor":13,"turns":6},{"damage":6,"enemies":"Hexaghost","floor":16,"turns":8},{"damage":12,"enemies":"ruina:3_Bats","floor":18,"turns":5},{"damage":17,"enemies":"ruina:Nosferatu","floor":22,"turns":6},{"damage":25,"enemies":"ruina:ServantOfWrath","floor":23,"turns":5},{"damage":47,"enemies":"ruina:Woodsman","floor":25,"turns":4}],"seed_played":"6845982591215121400","potions_obtained":[{"floor":2,"key":"Reflective Coating"},{"floor":16,"key":"blueLaboratory:HeartbeatPotion"},{"floor":18,"key":"blueLaboratory:ArtistsPotion"},{"floor":22,"key":"blueLaboratory:NinjaPotion"},{"floor":23,"key":"blueLaboratory:BlinkPotion"}],"is_trial":false,"path_per_floor":["M","M","$","M","?","R","M","R","T","?","R","M","E","?","R","B",null,"M","$","?","?","M","E","R","M"],"character_chosen":"THE_SILENT","items_purchased":["Prepared","Eviscerate"],"campfire_rested":3,"item_purchase_floors":[3,19],"current_hp_per_floor":[58,51,51,51,31,31,18,37,37,37,37,40,33,23,43,40,64,52,55,55,55,41,19,43,0,0],"gold":121,"neow_bonus":"NOSTALGIA","is_daily":false,"chose_seed":false,"campfire_upgraded":2,"win_rate":0.0,"timestamp":1613934189,"path_taken":["M","M","$","M","?","R","M","R","T","?","R","M","E","?","R","BOSS","M","$","?","?","M","E","R","M"],"items_purchased_type":["Card","Card"],"build_version":"2020-12-22","purchased_purges":1,"victory":false,"max_hp_per_floor":[66,66,66,66,66,66,66,66,66,66,66,69,69,69,69,72,72,72,75,75,75,78,81,81,81,81],"relic_stats":{"counters":[11,58],"obtain_stats":[{"Replay:Ringing Soul":9,"StuffTheSpire:Mouthbags":23,"aspiration:Nostalgia":0,"energizedSpire:NeverEndingSparkler":17,"reliquary:BallBearing":13,"Gatherer:AlchemyBag":0,"Ring of the Snake":0},{"Replay:Ringing Soul":4,"StuffTheSpire:Mouthbags":10,"aspiration:Nostalgia":0,"energizedSpire:NeverEndingSparkler":7,"reliquary:BallBearing":6,"Gatherer:AlchemyBag":0,"Ring of the Snake":0},{"Replay:Ringing Soul":21,"StuffTheSpire:Mouthbags":54,"aspiration:Nostalgia":0,"energizedSpire:NeverEndingSparkler":38,"reliquary:BallBearing":30,"Gatherer:AlchemyBag":0,"Ring of the Snake":0}],"Ring of the Snake":[22]},"card_choices":[{"not_picked":["Underhanded Strike","Slice"],"picked":"Blade Dance","floor":1},{"not_picked":["Reflex","Deadly Poison"],"picked":"ReplayTheSpireMod:Scrap Shanks","floor":2},{"not_picked":["Dodge and Roll","Deflect"],"picked":"Prepared","floor":4},{"not_picked":["Dagger Spray","StuffTheSpire:Python","StuffTheSpire:Sprint"],"picked":"SKIP","floor":7},{"not_picked":["ReplayTheSpireMod:From All Sides","Prepared"],"picked":"StuffTheSpire:Incantation","floor":12},{"not_picked":["Grand Finale","Dodge and Roll","Bane"],"picked":"SKIP","floor":13},{"not_picked":["After Image","Adrenaline"],"picked":"Envenom","floor":16},{"not_picked":["Well Laid Plans","PiercingWail","Bane"],"picked":"SKIP","floor":18},{"not_picked":["Backflip","Flying Knee"],"picked":"Tactician","floor":22},{"not_picked":["ReplayTheSpireMod:Shiv Toss","Bouncing Flask"],"picked":"Deflect","floor":23}],"player_experience":2064365,"relics_obtained":[{"floor":9,"key":"Replay:Ringing Soul"},{"floor":13,"key":"reliquary:BallBearing"},{"floor":23,"key":"StuffTheSpire:Mouthbags"}],"event_choices":[{"damage_healed":51,"gold_gain":0,"player_choice":"Upgrade","damage_taken":20,"max_hp_gain":0,"max_hp_loss":66,"event_name":"betterThird:BetterShining","floor":5,"gold_loss":0,"cards_upgraded":["Defend_G","ReplayTheSpireMod:Scrap Shanks"]},{"damage_healed":0,"gold_gain":0,"player_choice":"Searched \u00270\u0027 times","damage_taken":0,"max_hp_gain":0,"max_hp_loss":0,"event_name":"Dead Adventurer","floor":10,"gold_loss":0},{"damage_healed":0,"gold_gain":0,"player_choice":"Damaged","damage_taken":10,"max_hp_gain":0,"max_hp_loss":0,"event_name":"Wheel of Change","floor":14,"gold_loss":0}],"is_beta":false,"boss_relics":[{"not_picked":["conspire:SeveredTorchhead","Sozu"],"picked":"energizedSpire:NeverEndingSparkler"}],"items_purged_floors":[3],"is_endless":false,"potions_floor_spawned":[2,16,18,22,23],"killed_by":"ruina:Woodsman","ascension_level":15}}