{"host":"nwjx7hbomubpmo86","time":1613945353,"event":{"mods":["AchievementEnabler","BaseMod","Better Note","Downfall","Hubris","Minty Spire (QoL Compilation)","Replay The Spire","StSLib","The Death Knight","slay the spire mod where everything is the same but ironclad has a cowboy hat"],"gold_per_floor":[114,25,25,25,25,56,56,90,90,90,109,109,140,151,151,254,254,273,273,273,289,299,324,106,106,106,31,31,46,46,75,75,175,175,188,201,216,216,236,270,285,27,51,51,51],"floor_reached":44,"language":"ENG","playtime":1976,"items_purged":[],"score":596,"play_id":"56ef15d5-4b51-4b70-b5c7-603a5ea8b3f9","local_time":"20210221230913","is_ascension_mode":true,"campfire_choices":[{"data":"DeathKnight:RuneTap","floor":7.0,"key":"SMITH"},{"data":"DeathKnight:FrosPresence","floor":10.0,"key":"SMITH"},{"floor":15.0,"key":"REST"},{"data":"DeathKnight:DarkSuccor","floor":25.0,"key":"SMITH"},{"data":"DeathKnight:Contagion","floor":30.0,"key":"SMITH"},{"floor":32.0,"key":"REST"}],"circlet_count":0,"master_deck":["DeathKnight:Strike_DeathKnight+1","DeathKnight:Strike_DeathKnight+1","DeathKnight:Strike_DeathKnight+1","DeathKnight:Strike_DeathKnight+1","DeathKnight:Defend_DeathKnight+1","DeathKnight:Defend_DeathKnight+1","DeathKnight:Defend_DeathKnight+1","DeathKnight:Defend_DeathKnight+1","DeathKnight:Defend_DeathKnight+1","DeathKnight:RuneTap+1","DeathKnight:RuneStrike","DeathKnight:IcyTouch","DeathKnight:BladedArmor+1","DeathKnight:PlagueStrike","DeathKnight:DeathAndDecay","DeathKnight:FrosPresence+1","DeathKnight:BoneShield","DeathKnight:MindFreeze","DeathKnight:DarkSuccor+1","DeathKnight:ReapingStrike+1","DeathKnight:Lichborne+1","DeathKnight:Rot+1","DeathKnight:Culling","DeathKnight:ReapingStrike+1","DeathKnight:Contagion+1","DeathKnight:IcyTouch+1","DeathKnight:IceboundArmor+1","Bandage Up+1","DeathKnight:Contagion+1","DeathKnight:GargoyleSkin+1","DeathKnight:Razorice+1","DeathKnight:FrosPresence+1","DeathKnight:Hysteria","DeathKnight:BladedArmor+1","DeathKnight:PlagueStrike+1","DeathKnight:BoneShield+1","DeathKnight:BloodTap","Apotheosis+1","DeathKnight:DeathAndDecay+1","DeathKnight:BladedArmor+1","DeathKnight:ThirstingStrike+1"],"relics":["DeathKnight:BrokenRuneblade","ReplayTheSpireMod:Ring of Exchange","Ring of Misfortune","ReplayTheSpireMod:TigerMarble","DeathKnight:AbominationHead","DeathKnight:LightbringersTabard","Golden Egg","Velvet Choker","Meat on the Bone","Replay:Bottled Steam","Enchiridion","Molten Egg 2","Painkiller Herb","Blue Doll","Dream Catcher","Boot"],"acts_visited":["Exordium","TheCity","TheBeyond"],"potions_floor_usage":[41,44],"damage_taken":[{"damage":0.0,"enemies":"Small Slimes","floor":1.0,"turns":4.0},{"damage":18.0,"enemies":"Replay:BlueRogue","floor":6.0,"turns":7.0},{"damage":21.0,"enemies":"Gremlin Nob","floor":8.0,"turns":5.0},{"damage":0.0,"enemies":"Jaw Worm","floor":11.0,"turns":4.0},{"damage":16.0,"enemies":"Replay:BlueRogue","floor":13.0,"turns":4.0},{"damage":1.0,"enemies":"Cultist","floor":14.0,"turns":3.0},{"damage":9.0,"enemies":"The Guardian","floor":16.0,"turns":9.0},{"damage":0.0,"enemies":"Chosen","floor":18.0,"turns":5.0},{"damage":5.0,"enemies":"Spheric Guardian","floor":21.0,"turns":3.0},{"damage":6.0,"enemies":"Centurion and Healer","floor":22.0,"turns":7.0},{"damage":11.0,"enemies":"Book of Stabbing","floor":23.0,"turns":5.0},{"damage":9.0,"enemies":"3 Cultists","floor":29.0,"turns":5.0},{"damage":29.0,"enemies":"Slavers","floor":31.0,"turns":4.0},{"damage":6.0,"enemies":"Pondfish","floor":33.0,"turns":9.0},{"damage":14.0,"enemies":"3 Darklings","floor":35.0,"turns":4.0},{"damage":14.0,"enemies":"3 Shapes","floor":36.0,"turns":4.0},{"damage":6.0,"enemies":"3 Darklings","floor":37.0,"turns":4.0},{"damage":13.0,"enemies":"Maw","floor":39.0,"turns":7.0},{"damage":30,"enemies":"Nemesis","floor":40,"turns":5},{"damage":24,"enemies":"Transient","floor":41,"turns":5},{"damage":23,"enemies":"Sphere and 2 Shapes","floor":44,"turns":3}],"seed_played":"7683003221961394267","potions_obtained":[{"floor":1.0,"key":"Languid Potion"},{"floor":11.0,"key":"SkillPotion"},{"floor":16.0,"key":"sneckomod:MuddlingPotion"},{"floor":18.0,"key":"ColorlessPotion"},{"floor":21.0,"key":"SpeedPotion"},{"floor":23.0,"key":"FearPotion"},{"floor":39.0,"key":"FearPotion"},{"floor":41,"key":"SkillPotion"}],"is_trial":false,"path_per_floor":["M","$","?","$","?","E","R","E","T","R","M","?","E","M","R","B",null,"M","?","?","M","M","E","$","R","T","?","?","M","R","E","R","B",null,"?","?","?","?","?","E","?","T","T","?"],"character_chosen":"DEATH_KNIGHT","items_purchased":["DeathKnight:BladedArmor","DeathKnight:PlagueStrike","DeathKnight:Contagion","DeathKnight:IcyTouch","DeathKnight:IceboundArmor","Bandage Up","Apotheosis+1","DeathKnight:DeathAndDecay+1","DeathKnight:BladedArmor","DeathKnight:ThirstingStrike+1"],"campfire_rested":2,"item_purchase_floors":[2,2,24,24,24,24,42,42,42,42],"current_hp_per_floor":[75,75,75,75,75,57,57,36,36,36,36,36,20,19,41,32,75,75,75,75,70,64,53,53,53,53,53,37,46,46,35,57,57,75,61,47,47,47,40,28,20,20,20,0,0],"gold":51,"neow_bonus":"THREE_CARDS","is_daily":false,"chose_seed":false,"campfire_upgraded":4,"win_rate":0.0,"timestamp":1613945353,"path_taken":["M","$","?","$","?","E","R","E","T","R","?","?","E","M","R","BOSS","M","?","?","M","M","E","$","R","T","?","?","M","R","E","R","BOSS","?","?","?","?","?","E","?","?","T","?"],"items_purchased_type":["Card","Card","Card","Card","Card","Card","Card","Card","Card","Card"],"build_version":"2020-12-22","purchased_purges":0,"victory":false,"max_hp_per_floor":[75,75,75,75,75,75,75,75,75,75,75,75,75,75,75,75,75,75,75,75,75,75,75,75,75,75,75,75,75,75,75,75,75,75,75,75,75,75,75,75,75,75,75,75,75],"card_choices":[{"not_picked":["DeathKnight:DeathGrip","DeathKnight:WraithWalk"],"picked":"DeathKnight:IcyTouch","floor":0.0},{"not_picked":["DeathKnight:HornOfWinter","DeathKnight:RaiseAlly","DeathKnight:DeathsAdvance"],"picked":"SKIP","floor":1.0},{"not_picked":["DeathKnight:GargoyleSkin","DeathKnight:UnholyFrenzy"],"picked":"DeathKnight:DeathAndDecay","floor":6.0},{"not_picked":["DeathKnight:IcyTouch","DeathKnight:Pestilence"],"picked":"DeathKnight:FrosPresence","floor":8.0},{"not_picked":["DeathKnight:ReapingStrike","DeathKnight:IceboundArmor"],"picked":"DeathKnight:BoneShield","floor":11.0},{"not_picked":["DeathKnight:RaiseAlly","DeathKnight:DreadStrike"],"picked":"DeathKnight:MindFreeze","floor":13.0},{"not_picked":["DeathKnight:HowlingBlast","DeathKnight:BloodStrike"],"picked":"DeathKnight:DarkSuccor","floor":14.0},{"not_picked":["DeathKnight:RunicDetonation","DeathKnight:Simulacrum"],"picked":"DeathKnight:ReapingStrike","floor":16.0},{"not_picked":["DeathKnight:Runeguard+1","DeathKnight:DreadStrike"],"picked":"DeathKnight:Lichborne+1","floor":18.0},{"not_picked":["DeathKnight:GargoyleSkin+1","DeathKnight:DreadStrike"],"picked":"DeathKnight:Rot+1","floor":21.0},{"not_picked":["DeathKnight:PathOfFrost","DeathKnight:Parry+1"],"picked":"DeathKnight:Culling","floor":22.0},{"not_picked":["DeathKnight:BloodStrike","DeathKnight:ScourgeStrike"],"picked":"DeathKnight:ReapingStrike","floor":23.0},{"not_picked":["DeathKnight:PlagueStrike","DeathKnight:BladedArmor"],"picked":"DeathKnight:Contagion","floor":29.0},{"not_picked":["DeathKnight:Culling+1","DeathKnight:RaiseAlly"],"picked":"DeathKnight:GargoyleSkin+1","floor":31.0},{"not_picked":["DeathKnight:RunicDetonation+1","DeathKnight:Simulacrum"],"picked":"DeathKnight:Razorice","floor":33.0},{"not_picked":["DeathKnight:BoneSpear+1","DeathKnight:BoneShield"],"picked":"DeathKnight:FrosPresence+1","floor":35.0},{"not_picked":["DeathKnight:Obliterate+1","DeathKnight:BloodBoil"],"picked":"DeathKnight:Hysteria","floor":36.0},{"not_picked":["DeathKnight:HornOfWinter+1","DeathKnight:DeathCoil+1"],"picked":"DeathKnight:BladedArmor+1","floor":37.0},{"not_picked":["DeathKnight:ThirstingStrike+1","DeathKnight:UnholyFrenzy"],"picked":"DeathKnight:PlagueStrike+1","floor":39.0},{"not_picked":["DeathKnight:Lichborne+1","DeathKnight:BloodPact+1"],"picked":"DeathKnight:BoneShield+1","floor":40},{"not_picked":["DeathKnight:Hysteria","DeathKnight:RaiseAlly"],"picked":"DeathKnight:BloodTap","floor":41}],"player_experience":569857,"relics_obtained":[{"floor":3.0,"key":"ReplayTheSpireMod:Ring of Exchange"},{"floor":3.0,"key":"Ring of Misfortune"},{"floor":6.0,"key":"ReplayTheSpireMod:TigerMarble"},{"floor":8.0,"key":"DeathKnight:AbominationHead"},{"floor":9.0,"key":"DeathKnight:LightbringersTabard"},{"floor":13.0,"key":"Golden Egg"},{"floor":23.0,"key":"Meat on the Bone"},{"floor":26.0,"key":"Replay:Bottled Steam"},{"floor":28.0,"key":"Enchiridion"},{"floor":31.0,"key":"Molten Egg 2"},{"floor":40,"key":"Dream Catcher"},{"floor":43,"key":"Boot"}],"event_choices":[{"cards_removed":["Looming Evil"],"damage_healed":0.0,"max_hp_gain":0.0,"max_hp_loss":0.0,"gold_gain":0.0,"event_name":"Fountain of Cleansing","player_choice":"Removed Curses","floor":5.0,"gold_loss":0.0,"damage_taken":0.0},{"damage_healed":0.0,"max_hp_gain":0.0,"max_hp_loss":0.0,"gold_gain":0.0,"event_name":"Living Wall","player_choice":"Grow","floor":12.0,"gold_loss":0.0,"damage_taken":0.0,"cards_upgraded":["DeathKnight:BladedArmor"]},{"damage_healed":0.0,"max_hp_gain":0.0,"max_hp_loss":10.0,"gold_gain":0.0,"event_name":"betterThird:BetterWriting","player_choice":"Simplicity","floor":19.0,"gold_loss":0.0,"damage_taken":0.0},{"damage_healed":0.0,"max_hp_gain":0.0,"max_hp_loss":0.0,"gold_gain":0.0,"event_name":"Ghosts","player_choice":"Ignored","floor":20.0,"gold_loss":0.0,"damage_taken":0.0},{"cards_removed":["DeathKnight:Strike_DeathKnight"],"damage_healed":0.0,"max_hp_gain":0.0,"max_hp_loss":0.0,"gold_gain":0.0,"event_name":"Beggar","player_choice":"Gave Gold","floor":27.0,"gold_loss":75.0,"damage_taken":0.0},{"damage_healed":0.0,"max_hp_gain":0.0,"max_hp_loss":0.0,"gold_gain":0.0,"event_name":"Cursed Tome","player_choice":"Obtained Book","floor":28.0,"gold_loss":0.0,"damage_taken":16.0},{"damage_healed":0.0,"max_hp_gain":0.0,"max_hp_loss":0.0,"gold_gain":0.0,"event_name":"WeMeetAgain","player_choice":"Gave Potion","floor":38.0,"gold_loss":0.0,"damage_taken":0.0,"relics_obtained":["Blue Doll"]}],"is_beta":false,"boss_relics":[{"not_picked":["hubris:CrackedHourglass","hubris:VirtuousBlindfold"],"picked":"Velvet Choker"},{"not_picked":["hubris:EmptyBottle","Chemical X"],"picked":"Painkiller Herb"}],"items_purged_floors":[],"is_endless":false,"potions_floor_spawned":[1,11,16,18,21,23,39,41],"killed_by":"Sphere and 2 Shapes","ascension_level":1}}