{"host":"3y2rtlgteqp2nuo3","time":1613914618,"event":{"mods":["2.2 Compatiblity","AchievementEnabler","BaseMod","Colored Map","DeckTracker","Highlight Path","Keyboard Shortcuts","Minty Spire (QoL Compilation)","Permanent Neow","Quick Restart","StSLib","SuperFastMode","everything is the same but u backflip on backflip"],"gold_per_floor":[119,133,147,166,186,186,219,219,219,219,219,219,229,240,240,240,240],"floor_reached":16,"language":"KOR","playtime":282,"items_purged":[],"score":198,"play_id":"6e0f84b4-5aa3-4d43-acff-4a13d4850ee3","local_time":"20210221223658","is_ascension_mode":true,"campfire_choices":[{"data":"Deadly Poison","floor":6.0,"key":"SMITH"},{"floor":10.0,"key":"REST"},{"data":"Blade Dance","floor":11.0,"key":"SMITH"},{"data":"Blade Dance","floor":15.0,"key":"SMITH"}],"circlet_count":0,"master_deck":["AscendersBane","Strike_G","Strike_G","Strike_G","Strike_G","Defend_G","Defend_G","Defend_G","Defend_G","Defend_G","Survivor","Neutralize","Blade Dance+1","Poisoned Stab","Infinite Blades","Deadly Poison+1","Dodge and Roll","Backflip","Accuracy","Blade Dance+1"],"relics":["Ring of the Snake","Bag of Preparation","WingedGreaves"],"acts_visited":["Exordium"],"potions_floor_usage":[16],"damage_taken":[{"damage":0.0,"enemies":"Jaw Worm","floor":1.0,"turns":3.0},{"damage":0.0,"enemies":"2 Louse","floor":2.0,"turns":3.0},{"damage":2.0,"enemies":"Small Slimes","floor":3.0,"turns":4.0},{"damage":16.0,"enemies":"3 Louse","floor":4.0,"turns":3.0},{"damage":7.0,"enemies":"Looter","floor":5.0,"turns":4.0},{"damage":26.0,"enemies":"Lagavulin","floor":7.0,"turns":5.0},{"damage":7.0,"enemies":"Blue Slaver","floor":13.0,"turns":4.0},{"damage":1.0,"enemies":"Red Slaver","floor":14.0,"turns":2.0},{"damage":13,"enemies":"Hexaghost","floor":16,"turns":7}],"seed_played":"1543053199068478628","potions_obtained":[{"floor":2.0,"key":"Poison Potion"},{"floor":3.0,"key":"LiquidBronze"},{"floor":7.0,"key":"AttackPotion"}],"is_trial":false,"path_per_floor":["M","M","M","M","M","R","E","?","T","R","R","?","M","M","R","B"],"character_chosen":"THE_SILENT","items_purchased":[],"campfire_rested":1,"item_purchase_floors":[],"current_hp_per_floor":[59,59,57,41,34,34,8,1,1,20,20,20,13,12,12,0,0],"gold":240,"neow_bonus":"THREE_CARDS","is_daily":false,"chose_seed":false,"campfire_upgraded":3,"win_rate":0.0,"timestamp":1613914618,"path_taken":["M","M","M","M","M","R","E","?","T","R","R","R","?","M","M","R","BOSS"],"items_purchased_type":[],"build_version":"2020-12-22","purchased_purges":0,"victory":false,"max_hp_per_floor":[66,66,66,66,66,66,66,66,66,66,66,66,66,66,66,66,66],"card_choices":[{"not_picked":["Flying Knee","Dagger Throw"],"picked":"Blade Dance","floor":0.0},{"not_picked":["Reflex","Distraction"],"picked":"Poisoned Stab","floor":1.0},{"not_picked":["Underhanded Strike","Sucker Punch"],"picked":"Infinite Blades","floor":2.0},{"not_picked":["Backflip","Outmaneuver"],"picked":"Deadly Poison","floor":3.0},{"not_picked":["Acrobatics","Predator"],"picked":"Dodge and Roll","floor":4.0},{"not_picked":["Sucker Punch","Bane"],"picked":"Backflip","floor":5.0},{"not_picked":["Dagger Spray","Wraith Form v2"],"picked":"Accuracy","floor":7.0},{"not_picked":["Quick Slash","Outmaneuver","Deflect"],"picked":"SKIP","floor":13.0},{"not_picked":["Dash","Underhanded Strike"],"picked":"Blade Dance","floor":14.0}],"player_experience":793110,"relics_obtained":[{"floor":7.0,"key":"Bag of Preparation"},{"floor":9.0,"key":"WingedGreaves"}],"event_choices":[{"cards_removed":["Strike_G"],"damage_healed":0.0,"max_hp_gain":0.0,"max_hp_loss":0.0,"gold_gain":0.0,"event_name":"Golden Wing","player_choice":"Card Removal","floor":8.0,"gold_loss":0.0,"damage_taken":7.0},{"damage_healed":0.0,"max_hp_gain":0.0,"max_hp_loss":0.0,"gold_gain":0.0,"event_name":"Golden Idol","player_choice":"Ignored","floor":12.0,"gold_loss":0.0,"damage_taken":0.0}],"is_beta":false,"boss_relics":[],"items_purged_floors":[],"is_endless":false,"potions_floor_spawned":[2,3,7],"killed_by":"Hexaghost","ascension_level":18}}