{"host":"5bsc0nab6whpyrbj","time":1613870668,"event":{"mods":["BaseMod","Highlight Path","Minty Spire (QoL Compilation)"],"gold_per_floor":[110,110,38,50,75,106,124,140,140,140,173,173,187,187,187,290,290,308,335,335,275,275],"floor_reached":21,"language":"ENG","playtime":660,"items_purged":[],"score":187,"play_id":"f9228e06-da01-45f3-a0a6-8cb97cb29c84","local_time":"20210220202428","is_ascension_mode":false,"campfire_choices":[{"floor":10.0,"key":"REST"},{"floor":15,"key":"REST"}],"circlet_count":0,"master_deck":["Strike_G","Strike_G","Strike_G","Strike_G","Strike_G","Defend_G","Defend_G+1","Defend_G","Defend_G","Defend_G","Corpse Explosion+1","Poisoned Stab","Night Terror","Bouncing Flask","Catalyst","Poisoned Stab","Parasite","Envenom","Poisoned Stab"],"relics":["Ring of the Snake","War Paint","Tiny Chest","Meat on the Bone","Pen Nib","SlaversCollar","Potion Belt"],"acts_visited":["Exordium","TheCity"],"potions_floor_usage":[16],"damage_taken":[{"damage":15.0,"enemies":"Jaw Worm","floor":1.0,"turns":4.0},{"damage":6.0,"enemies":"Cultist","floor":4.0,"turns":3.0},{"damage":34.0,"enemies":"Gremlin Nob","floor":6.0,"turns":4.0},{"damage":0.0,"enemies":"2 Louse","floor":7.0,"turns":1.0},{"damage":7.0,"enemies":"Blue Slaver","floor":8.0,"turns":3.0},{"damage":22.0,"enemies":"3 Sentries","floor":11.0,"turns":4.0},{"damage":5.0,"enemies":"3 Louse","floor":13.0,"turns":2.0},{"damage":52,"enemies":"Hexaghost","floor":16,"turns":6},{"damage":34,"enemies":"Shell Parasite","floor":18,"turns":4},{"damage":40,"enemies":"2 Thieves","floor":21,"turns":2}],"seed_played":"-2834897004323669827","potions_obtained":[{"floor":1.0,"key":"Regen Potion"},{"floor":7.0,"key":"ColorlessPotion"},{"floor":8.0,"key":"GamblersBrew"},{"floor":11.0,"key":"SteroidPotion"},{"floor":13.0,"key":"LiquidMemories"}],"is_trial":false,"path_per_floor":["M","?","$","M","T","E","M","M","T","R","E","?","M","?","R","B",null,"M","T","?","M"],"character_chosen":"THE_SILENT","items_purchased":["Bouncing Flask"],"campfire_rested":2,"item_purchase_floors":[3],"current_hp_per_floor":[55,55,55,49,49,15,15,8,8,29,28,45,40,40,61,21,70,36,36,36,0,0],"gold":275,"neow_bonus":"TRANSFORM_CARD","is_daily":false,"chose_seed":false,"campfire_upgraded":0,"win_rate":0.0,"timestamp":1613870668,"path_taken":["M","?","?","M","?","E","M","?","T","R","E","?","M","?","R","BOSS","M","?","?","M"],"items_purchased_type":["Card"],"build_version":"2020-12-22","purchased_purges":0,"victory":false,"max_hp_per_floor":[70,70,70,70,70,70,70,70,70,70,70,70,70,70,70,70,70,70,70,70,70,70],"card_choices":[{"not_picked":["Cloak And Dagger","Infinite Blades"],"picked":"Poisoned Stab","floor":1.0},{"not_picked":["Backflip","Sucker Punch","Outmaneuver"],"picked":"SKIP","floor":4.0},{"not_picked":["Night Terror","Tactician","PiercingWail"],"picked":"SKIP","floor":6.0},{"not_picked":["Outmaneuver","Dagger Spray"],"picked":"Catalyst","floor":7.0},{"not_picked":["Cloak And Dagger","Prepared","Footwork"],"picked":"SKIP","floor":8.0},{"not_picked":["After Image","Dodge and Roll"],"picked":"Poisoned Stab","floor":11.0},{"not_picked":["Finisher","Terror","Acrobatics"],"picked":"SKIP","floor":13.0},{"not_picked":["Doppelganger","Tools of the Trade"],"picked":"Envenom","floor":16},{"not_picked":["Dagger Throw+1","Leg Sweep"],"picked":"Poisoned Stab","floor":18}],"player_experience":82858,"relics_obtained":[{"floor":5.0,"key":"War Paint"},{"floor":6.0,"key":"Tiny Chest"},{"floor":9.0,"key":"Meat on the Bone"},{"floor":11.0,"key":"Pen Nib"},{"floor":19,"key":"Potion Belt"}],"event_choices":[{"damage_healed":0.0,"max_hp_gain":0.0,"max_hp_loss":0.0,"gold_gain":0.0,"cards_transformed":["Survivor"],"event_name":"Transmorgrifier","player_choice":"Transformed","floor":2.0,"gold_loss":0.0,"damage_taken":0.0,"cards_obtained":["Night Terror"]},{"damage_healed":17.0,"max_hp_gain":0.0,"max_hp_loss":0.0,"gold_gain":0.0,"event_name":"Mushrooms","player_choice":"Healed and dodged fight","floor":12.0,"gold_loss":0.0,"damage_taken":0.0,"cards_obtained":["Parasite"]},{"damage_healed":0,"gold_gain":0,"player_choice":"Fled","damage_taken":0,"max_hp_gain":0,"max_hp_loss":0,"event_name":"Scrap Ooze","floor":14,"gold_loss":0},{"damage_healed":0,"gold_gain":0,"player_choice":"Ignored","damage_taken":0,"max_hp_gain":0,"max_hp_loss":0,"event_name":"Vampires","floor":20,"gold_loss":0}],"is_beta":false,"boss_relics":[{"not_picked":["Snecko Eye","Fusion Hammer"],"picked":"SlaversCollar"}],"items_purged_floors":[],"is_endless":false,"potions_floor_spawned":[1,7,8,11,13],"killed_by":"2 Thieves","ascension_level":0}}