{"host":"ssbj2e5691x5ub3h","time":1613941870,"event":{"mods":["BaseMod","Downfall","Minty Spire (QoL Compilation)","Quick Restart","StSLib","SuperFastMode"],"gold_per_floor":[99,99,99,99,118,128,128,128,139,139,139,159,77,104,123,221,221,221,235,255,272,283,283,362,373,386,397,397,307,307,340,352,451,451,451,469,485,485,332,332,356,22,22,122,136,149,149,167,177,177],"floor_reached":51,"language":"ENG","playtime":6337,"items_purged":["Guardian:Defend_Guardian","Guardian:Strike_Guardian"],"score":730,"play_id":"7b98d82d-dc9f-47d7-a74e-92e66e2bedc8","local_time":"20210221181110","is_ascension_mode":true,"campfire_choices":[{"data":"Guardian:TwinSlam","floor":1,"key":"SMITH"},{"data":"Guardian:ShieldSpikes","floor":8,"key":"SMITH"},{"data":"Guardian:Recover","floor":11,"key":"SMITH"},{"data":"Guardian:Reroute","floor":18,"key":"SMITH"},{"data":"Guardian:WalkerClaw","floor":28,"key":"SMITH"},{"data":"Guardian:RollAttack","floor":30,"key":"SMITH"},{"data":"Guardian:CurlUp","floor":35,"key":"SMITH"},{"data":"Guardian:BodySlam","floor":40,"key":"SMITH"},{"data":"Guardian:EvasiveProtocol","floor":47,"key":"SMITH"}],"circlet_count":0,"master_deck":["Guardian:Strike_Guardian","Guardian:Strike_Guardian","Guardian:Strike_Guardian","Guardian:Defend_Guardian","Guardian:Defend_Guardian","Guardian:Defend_Guardian","Guardian:CurlUp+1","Guardian:TwinSlam+1","Guardian:Recover+1","Guardian:ShieldSpikes+1","Guardian:SpikerProtocol+1","Guardian:PiercingHide+1","Guardian:PiercingHide+1","Guardian:Reroute+1","Guardian:RollAttack+1","Guardian:TemporalShield+1","Guardian:WalkerClaw+1","Guardian:Gem_Green","Guardian:Gem_Lightblue","Guardian:ShieldSpikes+1","Guardian:BodySlam+1","Guardian:TemporalStrike+1","Guardian:EvasiveProtocol+1","Guardian:SpikerProtocol+1","Guardian:TemporalShield+1"],"relics":["Guardian:ModeShifterPlus","downfall:HeartsMalice","Toxic Egg 2","Nunchaku","Ornamental Fan","Regal Pillow","Guardian:StasisSlotReductionRelic","Toy Ornithopter","Kunai"],"acts_visited":["Exordium","TheCity","TheBeyond"],"potions_floor_usage":[31,46,50,50,50],"damage_taken":[{"damage":0,"enemies":"Cultist","floor":2,"turns":1},{"damage":0,"enemies":"Jaw Worm","floor":3,"turns":1},{"damage":0,"enemies":"2 Louse","floor":4,"turns":1},{"damage":9,"enemies":"Large Slime","floor":5,"turns":9},{"damage":2,"enemies":"2 Fungi Beasts","floor":6,"turns":6},{"damage":0,"enemies":"Red Slaver","floor":9,"turns":5},{"damage":0,"enemies":"Blue Slaver","floor":12,"turns":4},{"damage":0,"enemies":"downfall:FleeingMerchant","floor":13,"turns":4},{"damage":12,"enemies":"Gremlin Nob","floor":14,"turns":5},{"damage":6,"enemies":"Large Slime","floor":15,"turns":9},{"damage":23,"enemies":"WA_ARCHETYPE_RETAIN","floor":16,"turns":17},{"damage":5,"enemies":"downfall:LooterAlt2","floor":19,"turns":5},{"damage":0,"enemies":"Spheric Guardian","floor":20,"turns":4},{"damage":0,"enemies":"Shelled Parasite and Fungi","floor":21,"turns":3},{"damage":0,"enemies":"Snake Plant","floor":22,"turns":3},{"damage":0,"enemies":"Centurion and Healer","floor":25,"turns":6},{"damage":0,"enemies":"3 Cultists","floor":26,"turns":5},{"damage":0,"enemies":"Snecko","floor":27,"turns":5},{"damage":0,"enemies":"downfall:FleeingMerchant","floor":29,"turns":4},{"damage":17,"enemies":"Slavers","floor":31,"turns":4},{"damage":0,"enemies":"Shelled Parasite and Fungi","floor":32,"turns":4},{"damage":44,"enemies":"IC_MUSHROOM_ARCHETYPE","floor":33,"turns":12},{"damage":3,"enemies":"3 Darklings","floor":36,"turns":4},{"damage":0,"enemies":"Orb Walker","floor":37,"turns":3},{"damage":0,"enemies":"downfall:FleeingMerchant","floor":39,"turns":4},{"damage":0,"enemies":"downfall:FleeingMerchant","floor":42,"turns":4},{"damage":0,"enemies":"Spire Growth","floor":45,"turns":5},{"damage":0,"enemies":"Jaw Worm Horde","floor":46,"turns":3},{"damage":0,"enemies":"Sphere and 2 Shapes","floor":48,"turns":5},{"damage":0,"enemies":"Maw","floor":49,"turns":6},{"damage":10,"enemies":"DF_ARCHETYPE_ORBS","floor":50,"turns":16}],"seed_played":"-1133058576287689301","potions_obtained":[{"floor":5,"key":"GamblersBrew"},{"floor":6,"key":"sneckomod:MuddlingPotion"},{"floor":12,"key":"Guardian:AcceleratePotion"},{"floor":14,"key":"AttackPotion"},{"floor":22,"key":"Strength Potion"},{"floor":25,"key":"SkillPotion"},{"floor":31,"key":"Weak Potion"},{"floor":45,"key":"PowerPotion"},{"floor":48,"key":"EssenceOfSteel"}],"is_trial":false,"path_per_floor":["R","M","M","M","M","M","T","R","M","?","R","M","$","E","M","B",null,"R","M","M","M","M","?","T","M","M","M","R","$","R","E","M","B",null,"R","M","M","?","$","R","T","$","?","?","M","M","R","M","M","B",null],"character_chosen":"GUARDIAN","items_purchased":["Guardian:Gem_Crimson","Guardian:BodySlam","Guardian:EvasiveProtocol","Kunai"],"campfire_rested":0,"item_purchase_floors":[13,39,42,42],"current_hp_per_floor":[80,80,80,80,71,69,69,69,69,69,69,69,69,57,51,28,80,80,75,75,75,75,75,75,75,75,75,75,75,75,58,58,14,80,80,77,77,77,77,77,77,77,77,77,77,80,80,80,80,70],"gold":177,"neow_bonus":"THREE_ENEMY_KILL","is_daily":false,"chose_seed":false,"campfire_upgraded":9,"win_rate":0.0,"timestamp":1613941870,"path_taken":["R","M","M","?","M","M","T","R","M","?","R","?","?","E","M","BOSS","R","M","M","M","M","?","T","M","M","M","R","$","R","E","M","BOSS","R","M","M","?","$","R","T","$","?","?","M","?","R","M","M","BOSS"],"items_purchased_type":["Card","Card","Card","Relic"],"build_version":"2020-12-22","purchased_purges":2,"victory":true,"max_hp_per_floor":[80,80,80,80,80,80,80,80,80,80,80,80,80,80,80,80,80,80,80,80,80,80,80,80,80,80,80,80,80,80,80,80,80,80,80,80,80,80,80,80,80,80,80,80,80,80,80,80,80,80],"card_choices":[{"not_picked":["Guardian:PrimingBeam","Guardian:VentSteam"],"picked":"Guardian:Recover","floor":2},{"not_picked":["Guardian:RefractedBeam","Guardian:VentSteam","Guardian:GuardianWhirl"],"picked":"SKIP","floor":3},{"not_picked":["Guardian:RefractedBeam","Guardian:CrystalBeam"],"picked":"Guardian:Gem_Purple","floor":4},{"not_picked":["Guardian:Reroute","Guardian:Clone"],"picked":"Guardian:ShieldSpikes","floor":5},{"not_picked":["Guardian:GatlingBeam","Guardian:BronzeArmor"],"picked":"Guardian:SpikerProtocol","floor":6},{"not_picked":["Guardian:Planning+1","Guardian:ArmoredProtocol"],"picked":"Guardian:PiercingHide+1","floor":9},{"not_picked":["Guardian:Repulse","Guardian:WalkerClaw"],"picked":"Guardian:PiercingHide+1","floor":12},{"not_picked":["Guardian:SentryBeam","Guardian:Gem_Red"],"picked":"Guardian:Gem_Orange","floor":13},{"not_picked":["Guardian:Planning+1","Guardian:BronzeArmor+1"],"picked":"Guardian:Reroute","floor":14},{"not_picked":["Guardian:DecasProtection+1","Guardian:Recover+1","Guardian:BronzeArmor+1"],"picked":"SKIP","floor":15},{"not_picked":["Guardian:SphericShield+1","Guardian:FastForward+1"],"picked":"Guardian:Gem_Synthetic","floor":16},{"not_picked":["Guardian:Preprogram+1","Guardian:ChargeCore+1"],"picked":"Guardian:RollAttack","floor":19},{"not_picked":["Guardian:BronzeOrb","Guardian:Planning+1","Guardian:Orbwalk"],"picked":"SKIP","floor":20},{"not_picked":["Guardian:RefractedBeam+1","Guardian:BronzeArmor+1","Guardian:PrimingBeam"],"picked":"SKIP","floor":21},{"not_picked":["Guardian:PrimingBeam+1","Guardian:Suspension+1"],"picked":"Guardian:Gem_Fragmented","floor":22},{"not_picked":["Guardian:DonusPower+1","Guardian:RollAttack"],"picked":"Guardian:Gem_Red","floor":25},{"not_picked":["Guardian:PiercingHide+1","Guardian:DonusPower+1"],"picked":"Guardian:TemporalShield+1","floor":26},{"not_picked":["Guardian:CrystalBeam","Guardian:FloatingOrbs+1"],"picked":"Guardian:WalkerClaw","floor":27},{"not_picked":["Guardian:FastForward+1","Guardian:SentryBeam","Guardian:Repulse+1"],"picked":"SKIP","floor":29},{"not_picked":["Guardian:WalkerClaw+1","Guardian:Repulse","Guardian:VentSteam+1"],"picked":"SKIP","floor":31},{"not_picked":["Guardian:Incinerate","Guardian:CrystalBeam"],"picked":"Guardian:Gem_Green","floor":32},{"not_picked":["Guardian:GatlingBeam","Guardian:AncientConstruct"],"picked":"Guardian:Gem_Orange","floor":33},{"not_picked":["Guardian:WalkerClaw","Guardian:GuardianWhirl"],"picked":"Guardian:Gem_Lightblue","floor":36},{"not_picked":["Guardian:RollAttack","Guardian:VentSteam+1"],"picked":"Guardian:Gem_White","floor":37},{"not_picked":["Guardian:ShieldCharger+1","Guardian:Gem_Red"],"picked":"Guardian:ShieldSpikes+1","floor":39},{"not_picked":["Guardian:WalkerClaw","Guardian:PrismaticBeam+1"],"picked":"Guardian:TemporalStrike+1","floor":42},{"not_picked":["Guardian:ShieldCharger+1","Guardian:Gem_White"],"picked":"Guardian:SpikerProtocol+1","floor":45},{"not_picked":["Guardian:HyperBeam_Guardian","Guardian:BronzeArmor+1","Guardian:ShieldCharger+1"],"picked":"SKIP","floor":46},{"not_picked":["Guardian:Recover+1","Guardian:ChargeCore+1","Guardian:Incinerate+1"],"picked":"SKIP","floor":48},{"not_picked":["Guardian:Gem_Red","Guardian:WalkerClaw"],"picked":"Guardian:TemporalShield+1","floor":49}],"player_experience":164317,"relics_obtained":[{"floor":7,"key":"Toxic Egg 2"},{"floor":14,"key":"Nunchaku"},{"floor":24,"key":"Ornamental Fan"},{"floor":31,"key":"Regal Pillow"},{"floor":41,"key":"Toy Ornithopter"}],"event_choices":[{"damage_healed":0,"gold_gain":0,"player_choice":"Ignored","damage_taken":0,"max_hp_gain":0,"max_hp_loss":0,"event_name":"Vampires","floor":23,"gold_loss":0}],"is_beta":false,"boss_relics":[{"not_picked":["Philosopher\u0027s Stone","Tiny House"],"picked":"Guardian:ModeShifterPlus"},{"not_picked":["Astrolabe","bronze:MakeshiftBattery"],"picked":"Guardian:StasisSlotReductionRelic"}],"items_purged_floors":[29,39],"is_endless":false,"potions_floor_spawned":[5,6,12,14,15,21,22,25,31,36,45,46,48],"ascension_level":1}}