{"host":"l017gercouzhorma","time":1613899204,"event":{"mods":["AchievementEnabler","Aspiration","BaseMod","Challenge The Spire","Conspire","Downfall","Halation","Hermit","Hubris","Infinite Spire","Jorbs\u0027s Wanderer Trilogy","Mad Scientist","Marisa????????","Mimic Mod","Minty Spire (QoL Compilation)","Random Character Button","Rare Cards Sparkle","Relic Stats","Replay The Spire","Shade Mod","StSLib","The Cursed","The Disciple","The Hierophant","The Jungle","The Runesmith","The Servant 0.9.4"],"gold_per_floor":[119,136,155,255,274,300,320,14,14,14,14,14,14,33,33,138,138,156,173,22,22,22],"floor_reached":21,"language":"ENG","playtime":1726,"items_purged":["Strike_MRS","Strike_MRS"],"score":190,"play_id":"b242dee9-5fe2-4d06-b5cc-79a56851680a","local_time":"20210221022004","is_ascension_mode":true,"campfire_choices":[{"data":"CasketOfStar","floor":13,"key":"SMITH"},{"data":"StarDustReverie","floor":15,"key":"SMITH"}],"circlet_count":0,"master_deck":["Defend_MRS","Defend_MRS","Defend_MRS","Defend_MRS","MasterSpark","UpSweep","ChargingUp","OortCloud","MachineGunSpark","Acceleration","CasketOfStar+1","StarBarrage","Singularity","MilkyWay","SporeBomb","Bandage Up","StarDustReverie+1","DarkMatter","EscapeVelocity","CurseOfTheBell","BlazingStar","DragonMeteor+1","SatelliteIllusion","ShootingEcho"],"relics":["MiniHakkero","Vajra","halation:LettersToHer","Calling Bell","Ancient Tea Set","Question Card","conspire:GiftBox"],"acts_visited":["Exordium","TheCity"],"potions_floor_usage":[6,6,14,21],"damage_taken":[{"damage":0,"enemies":"Small Slimes","floor":1,"turns":2},{"damage":5,"enemies":"Cultist","floor":2,"turns":4},{"damage":7,"enemies":"conspire:RoseBush","floor":3,"turns":3},{"damage":0,"enemies":"Exordium Thugs","floor":5,"turns":4},{"damage":5,"enemies":"3 Sentries","floor":6,"turns":10},{"damage":7,"enemies":"2 Fungi Beasts","floor":7,"turns":4},{"damage":14,"enemies":"Gremlin Gang","floor":14,"turns":4},{"damage":22,"enemies":"Fading Forest","floor":16,"turns":11},{"damage":19,"enemies":"conspire:FuzzyDice","floor":18,"turns":5},{"damage":47,"enemies":"3 Byrds","floor":19,"turns":6},{"damage":19,"enemies":"Sentry and Sphere","floor":21,"turns":3}],"seed_played":"-2570919105242720120","potions_obtained":[{"floor":1,"key":"LifebloodPotion"},{"floor":3,"key":"Languid Potion"},{"floor":7,"key":"LiquidMemories"},{"floor":19,"key":"Elixir"}],"is_trial":false,"path_per_floor":["M","M","M","?","M","E","M","$","T","?","$","?","R","M","R","B",null,"M","M","$","M"],"character_chosen":"MARISA","items_purchased":["Singularity","MilkyWay","SporeBomb","Bandage Up","ShootingEcho"],"campfire_rested":0,"item_purchase_floors":[8,8,8,8,20],"current_hp_per_floor":[82,77,70,70,70,65,58,58,58,58,58,58,58,48,48,40,82,65,22,22,3,3],"gold":22,"neow_bonus":"TEN_PERCENT_HP_BONUS","is_daily":false,"chose_seed":false,"campfire_upgraded":2,"win_rate":0.0,"timestamp":1613899204,"path_taken":["M","M","M","?","?","E","M","$","T","?","?","?","R","M","R","BOSS","M","?","$","M"],"items_purchased_type":["Card","Card","Card","Card","Card"],"build_version":"2020-12-22","purchased_purges":2,"victory":false,"max_hp_per_floor":[82,82,82,82,82,82,82,82,82,82,82,82,82,82,82,82,82,82,82,82,82,82],"relic_stats":{"counters":[11,56],"Question Card":2,"obtain_stats":[{"Calling Bell":17,"conspire:GiftBox":17,"Vajra":6,"MiniHakkero":0,"halation:LettersToHer":9,"Ancient Tea Set":17,"Question Card":17},{"Calling Bell":8,"conspire:GiftBox":8,"Vajra":5,"MiniHakkero":0,"halation:LettersToHer":6,"Ancient Tea Set":8,"Question Card":8},{"Calling Bell":42,"conspire:GiftBox":42,"Vajra":23,"MiniHakkero":0,"halation:LettersToHer":27,"Ancient Tea Set":42,"Question Card":42}]},"card_choices":[{"not_picked":["LuminesStrike","DoubleSpark"],"picked":"ChargingUp","floor":1},{"not_picked":["ManaConvection","IllusionStar"],"picked":"OortCloud","floor":2},{"not_picked":["ShootingEcho","LuminesStrike"],"picked":"MachineGunSpark","floor":3},{"not_picked":["DC","LuminesStrike"],"picked":"Acceleration","floor":5},{"not_picked":["Occultation","WitchLeyline"],"picked":"CasketOfStar","floor":6},{"not_picked":["GalacticHalo","SuperPerseids"],"picked":"StarBarrage","floor":7},{"not_picked":["NonDirectionalLaser","BlazeAway"],"picked":"DarkMatter","floor":14},{"not_picked":["JA","AbsoluteMagnitude"],"picked":"EscapeVelocity","floor":16},{"not_picked":["CollectingQuirk","TreasureHunter","MaximisePower"],"picked":"BlazingStar","floor":17},{"not_picked":["OortCloud+1","WitchLeyline+1","AsteroidBelt"],"picked":"DragonMeteor+1","floor":18},{"not_picked":["GalacticHalo","PulseMagic+1","DarkMatter+1"],"picked":"SatelliteIllusion","floor":19}],"player_experience":861028,"relics_obtained":[{"floor":6,"key":"Vajra"},{"floor":9,"key":"halation:LettersToHer"},{"floor":17,"key":"Ancient Tea Set"},{"floor":17,"key":"Question Card"},{"floor":17,"key":"conspire:GiftBox"}],"event_choices":[{"damage_healed":0,"gold_gain":100,"player_choice":"Pray","damage_taken":0,"max_hp_gain":0,"max_hp_loss":0,"event_name":"Golden Shrine","floor":4,"gold_loss":0},{"damage_healed":0,"gold_gain":0,"cards_transformed":["Strike_MRS"],"player_choice":"Transformed","damage_taken":0,"max_hp_gain":0,"max_hp_loss":0,"event_name":"Transmorgrifier","floor":10,"gold_loss":0,"cards_obtained":["StarDustReverie"]},{"cards_removed":["Strike_MRS"],"damage_healed":0,"gold_gain":0,"player_choice":"Purged","damage_taken":0,"max_hp_gain":0,"max_hp_loss":0,"event_name":"Purifier","floor":12,"gold_loss":0}],"is_beta":false,"boss_relics":[{"not_picked":["halation:LoveArrow","Velvet Choker"],"picked":"Calling Bell"}],"items_purged_floors":[8,20],"is_endless":false,"potions_floor_spawned":[1,3,7,19],"killed_by":"Sentry and Sphere","ascension_level":1}}