{"host":"poshtwjux72eqzmy","time":1613951397,"event":{"mods":["BaseMod","Bestiary","Block Reminder","Highlight Path","Minty Spire (QoL Compilation)","Quick Restart","Relic Stats","StSLib","ojb\u0027s Info Mod"],"gold_per_floor":[135,60,94,94,133,181,181,224,224,224,307,67,124,154,166,255,267,345,375,387,451,463,502,9,9,9,47,81,119,172,208,208,310,310,352,406,420,420,420,420,452,495,495,547,582,582,213,88,88,88,88,88,88,35,35,35],"floor_reached":55,"language":"ENG","playtime":4365,"items_purged":["Strike_R","Strike_R","Combust+1"],"score":2002,"play_id":"f0ff98c2-d5b6-4f8e-bd6e-5a1ddec28c8c","local_time":"20210222014957","is_ascension_mode":true,"campfire_choices":[{"data":"HandOfGreed","floor":7.0,"key":"SMITH"},{"data":"Cleave","floor":10.0,"key":"SMITH"},{"data":"Shrug It Off","floor":15.0,"key":"SMITH"},{"data":"Double Tap","floor":25.0,"key":"SMITH"},{"data":"Spot Weakness","floor":32.0,"key":"SMITH"},{"data":"Dark Embrace","floor":40.0,"key":"SMITH"},{"floor":46.0,"key":"RECALL"},{"data":"Shrug It Off","floor":49.0,"key":"SMITH"},{"data":"Battle Trance","floor":53.0,"key":"SMITH"}],"circlet_count":0,"master_deck":["AscendersBane","Defend_R","Defend_R","Defend_R","Defend_R","Bash+1","HandOfGreed+1","Headbutt+1","Cleave+1","Double Tap+1","Inflame","Shrug It Off+1","Spot Weakness+1","Immolate","Shrug It Off+1","Anger+1","Necronomicurse","Burning Pact+1","Battle Trance+1","Shockwave","Offering","Reckless Charge+1","Thunderclap+1","Dark Embrace+1","Shrug It Off+1","Disarm+1","True Grit+1","Corruption","Shrug It Off+1","Dark Shackles"],"relics":["Burning Blood","Pear","Meat on the Bone","Eternal Feather","Frozen Eye","MawBank","Philosopher\u0027s Stone","Necronomicon","Bottled Lightning","Self Forming Clay","Happy Flower","Thread and Needle","InkBottle","Toy Ornithopter","Astrolabe","Pocketwatch","Question Card","Bottled Tornado","Lantern","DollysMirror"],"acts_visited":["Exordium","TheCity","TheBeyond","TheEnding"],"potions_floor_usage":[],"damage_taken":[{"damage":12.0,"enemies":"Jaw Worm","floor":1.0,"turns":2.0},{"damage":0.0,"enemies":"2 Louse","floor":3.0,"turns":3.0},{"damage":0.0,"enemies":"Cultist","floor":5.0,"turns":2.0},{"damage":30.0,"enemies":"Lagavulin","floor":6.0,"turns":6.0},{"damage":13.0,"enemies":"Large Slime","floor":8.0,"turns":4.0},{"damage":25.0,"enemies":"3 Sentries","floor":11.0,"turns":6.0},{"damage":22.0,"enemies":"Lagavulin","floor":14.0,"turns":5.0},{"damage":30.0,"enemies":"Hexaghost","floor":16.0,"turns":7.0},{"damage":37.0,"enemies":"3 Byrds","floor":18.0,"turns":6.0},{"damage":2.0,"enemies":"Chosen","floor":19.0,"turns":3.0},{"damage":42.0,"enemies":"Book of Stabbing","floor":23.0,"turns":4.0},{"damage":0.0,"enemies":"Snecko","floor":27.0,"turns":2.0},{"damage":0.0,"enemies":"Gremlin Leader","floor":28.0,"turns":3.0},{"damage":3.0,"enemies":"Snake Plant","floor":29.0,"turns":3.0},{"damage":2.0,"enemies":"Slavers","floor":30.0,"turns":2.0},{"damage":0.0,"enemies":"Sentry and Sphere","floor":31.0,"turns":3.0},{"damage":55.0,"enemies":"Champ","floor":33.0,"turns":10.0},{"damage":13.0,"enemies":"3 Shapes","floor":35.0,"turns":2.0},{"damage":21.0,"enemies":"2 Orb Walkers","floor":36.0,"turns":3.0},{"damage":6.0,"enemies":"3 Darklings","floor":37.0,"turns":2.0},{"damage":18.0,"enemies":"Nemesis","floor":41.0,"turns":5.0},{"damage":32.0,"enemies":"Spire Growth","floor":42.0,"turns":4.0},{"damage":24.0,"enemies":"Giant Head","floor":44.0,"turns":5.0},{"damage":15.0,"enemies":"Maw","floor":45.0,"turns":5.0},{"damage":54.0,"enemies":"Time Eater","floor":50.0,"turns":9.0},{"damage":33.0,"enemies":"Donu and Deca","floor":51.0,"turns":6.0},{"damage":78,"enemies":"Shield and Spear","floor":55,"turns":5}],"seed_played":"-2051957990341000886","potions_obtained":[{"floor":1.0,"key":"Ancient Potion"},{"floor":3.0,"key":"Energy Potion"},{"floor":14.0,"key":"Strength Potion"},{"floor":19.0,"key":"BloodPotion"},{"floor":27.0,"key":"Dexterity Potion"},{"floor":29.0,"key":"BlessingOfTheForge"},{"floor":30.0,"key":"BloodPotion"},{"floor":36.0,"key":"PowerPotion"},{"floor":45.0,"key":"Weak Potion"}],"is_trial":false,"path_per_floor":["M","$","M","?","M","E","R","M","T","R","E","$","?","E","R","B",null,"M","M","?","T","$","E","$","R","T","M","E","M","E","M","R","B",null,"M","?","M","?","?","R","E","M","T","E","M","R","$","$","R","B","B",null,"R","$","E"],"character_chosen":"IRONCLAD","items_purchased":["Frozen Eye","Spot Weakness","Self Forming Clay","Happy Flower","SkillPotion","DollysMirror","Dark Shackles","Weak Potion"],"campfire_rested":0,"item_purchase_floors":[12,12,24,24,24,47,47,54],"current_hp_per_floor":[62,62,68,48,54,40,40,33,33,33,26,26,26,22,31,19,63,44,48,27,27,27,19,19,31,31,49,55,58,62,68,78,41,74,67,57,63,63,63,74,62,48,48,42,45,63,63,63,74,38,38,65,74,74,0,0],"gold":35,"neow_bonus":"RANDOM_COLORLESS_2","is_daily":false,"chose_seed":true,"campfire_upgraded":8,"win_rate":0.0,"timestamp":1613951397,"path_taken":["M","$","M","?","M","E","R","M","T","R","E","$","?","E","R","BOSS","M","M","?","?","$","E","$","R","T","M","E","M","E","M","R","BOSS","M","?","M","?","?","R","E","M","T","E","M","R","$","?","R","BOSS","BOSS","R","$","E"],"items_purchased_type":["Relic","Card","Relic","Relic","Potion","Relic","Card","Potion"],"build_version":"2020-12-22","purchased_purges":3,"victory":false,"max_hp_per_floor":[68,68,68,68,68,78,78,78,78,78,78,78,78,78,78,78,78,78,78,78,78,78,78,78,78,78,78,78,78,78,78,78,78,78,78,78,78,78,74,74,74,74,74,74,74,74,74,74,74,74,74,74,74,74,74,74],"relic_stats":{"Happy Flower":[23],"counters":[27,117],"Self Forming Clay":[120],"Astrolabe":["Reckless Charge","Combust","Thunderclap"],"Eternal Feather":80,"MawBank":120,"Question Card":3,"Burning Blood":156,"Necronomicon":[41],"obtain_stats":[{"Lantern":44,"Pear":6,"Happy Flower":24,"Self Forming Clay":24,"Astrolabe":34,"Eternal Feather":11,"Thread and Needle":26,"Bottled Tornado":43,"MawBank":14,"Question Card":41,"Burning Blood":0,"Frozen Eye":12,"DollysMirror":47,"Philosopher\u0027s Stone":17,"Necronomicon":20,"Bottled Lightning":23,"InkBottle":28,"Toy Ornithopter":30,"Meat on the Bone":9,"Pocketwatch":36},{"Lantern":23,"Pear":4,"Happy Flower":11,"Self Forming Clay":11,"Astrolabe":17,"Eternal Feather":6,"Thread and Needle":11,"Bottled Tornado":22,"MawBank":7,"Question Card":21,"Burning Blood":0,"Frozen Eye":6,"DollysMirror":24,"Philosopher\u0027s Stone":8,"Necronomicon":10,"Bottled Lightning":11,"InkBottle":13,"Toy Ornithopter":15,"Meat on the Bone":5,"Pocketwatch":19},{"Lantern":92,"Pear":13,"Happy Flower":48,"Self Forming Clay":48,"Astrolabe":71,"Eternal Feather":23,"Thread and Needle":48,"Bottled Tornado":87,"MawBank":28,"Question Card":83,"Burning Blood":0,"Frozen Eye":23,"DollysMirror":97,"Philosopher\u0027s Stone":35,"Necronomicon":44,"Bottled Lightning":48,"InkBottle":53,"Toy Ornithopter":58,"Meat on the Bone":17,"Pocketwatch":76}],"InkBottle":[26],"Toy Ornithopter":25,"Meat on the Bone":144,"Pocketwatch":[9]},"card_choices":[{"not_picked":["Secret Weapon","Secret Technique"],"picked":"HandOfGreed","floor":0.0},{"not_picked":["Warcry","Anger"],"picked":"Headbutt","floor":1.0},{"not_picked":["Heavy Blade","Headbutt"],"picked":"Cleave","floor":3.0},{"not_picked":["Feel No Pain","Reckless Charge"],"picked":"Thunderclap","floor":5.0},{"not_picked":["Perfected Strike","Armaments"],"picked":"Double Tap","floor":6.0},{"not_picked":["Pummel","Pommel Strike"],"picked":"Inflame","floor":8.0},{"not_picked":["Twin Strike","Headbutt"],"picked":"Shrug It Off","floor":11.0},{"not_picked":["True Grit","Feel No Pain","Heavy Blade"],"picked":"SKIP","floor":14.0},{"not_picked":["Feed","Exhume"],"picked":"Immolate","floor":16.0},{"not_picked":["Clothesline","Havoc"],"picked":"Shrug It Off","floor":18.0},{"not_picked":["Perfected Strike","Seeing Red"],"picked":"Anger+1","floor":19.0},{"not_picked":["Pummel","Clash"],"picked":"Burning Pact+1","floor":23.0},{"not_picked":["Fiend Fire","Thunderclap+1"],"picked":"Battle Trance","floor":27.0},{"not_picked":["Clothesline","Ghostly Armor"],"picked":"Shockwave","floor":28.0},{"not_picked":["Clothesline","Thunderclap","Body Slam"],"picked":"SKIP","floor":29.0},{"not_picked":["Burning Pact","Immolate","Clash"],"picked":"SKIP","floor":30.0},{"not_picked":["Rupture+1","Twin Strike+1","Reckless Charge"],"picked":"SKIP","floor":31.0},{"not_picked":["Barricade","Fiend Fire"],"picked":"Offering","floor":33.0},{"not_picked":["Wild Strike","Carnage"],"picked":"Dark Embrace","floor":35.0},{"not_picked":["Body Slam+1","Twin Strike"],"picked":"Shrug It Off+1","floor":36.0},{"not_picked":["True Grit","Thunderclap","Shrug It Off"],"picked":"SKIP","floor":37.0},{"not_picked":["Barricade","Thunderclap+1"],"picked":"Disarm+1","floor":41.0},{"not_picked":["Flex","Whirlwind","Combust+1"],"picked":"True Grit+1","floor":42.0},{"not_picked":["Rage","Whirlwind","Body Slam","Rupture"],"picked":"SKIP","floor":44.0},{"not_picked":["True Grit","Wild Strike","Pummel"],"picked":"Corruption","floor":45.0}],"player_experience":1152593,"relics_obtained":[{"floor":6.0,"key":"Pear"},{"floor":9.0,"key":"Meat on the Bone"},{"floor":11.0,"key":"Eternal Feather"},{"floor":14.0,"key":"MawBank"},{"floor":20.0,"key":"Necronomicon"},{"floor":26.0,"key":"Thread and Needle"},{"floor":28.0,"key":"InkBottle"},{"floor":30.0,"key":"Toy Ornithopter"},{"floor":36.0,"key":"Pocketwatch"},{"floor":41.0,"key":"Question Card"},{"floor":44.0,"key":"Lantern"}],"event_choices":[{"damage_healed":0.0,"max_hp_gain":0.0,"max_hp_loss":0.0,"gold_gain":0.0,"event_name":"Shining Light","player_choice":"Entered Light","floor":4.0,"gold_loss":0.0,"damage_taken":20.0,"cards_upgraded":["Bash","Headbutt"]},{"damage_healed":0.0,"max_hp_gain":0.0,"max_hp_loss":0.0,"gold_gain":57.0,"event_name":"Golden Wing","player_choice":"Gained Gold","floor":13.0,"gold_loss":0.0,"damage_taken":0.0},{"damage_healed":0.0,"max_hp_gain":0.0,"max_hp_loss":0.0,"gold_gain":0.0,"event_name":"Cursed Tome","player_choice":"Obtained Book","floor":20.0,"gold_loss":0.0,"damage_taken":21.0},{"damage_healed":0.0,"max_hp_gain":0.0,"max_hp_loss":0.0,"gold_gain":0.0,"event_name":"Mysterious Sphere","player_choice":"Fight","floor":36.0,"gold_loss":0.0,"damage_taken":0.0},{"cards_removed":["Thunderclap"],"damage_healed":0.0,"max_hp_gain":0.0,"max_hp_loss":0.0,"gold_gain":0.0,"event_name":"Falling","player_choice":"Removed Attack","floor":38.0,"gold_loss":0.0,"damage_taken":0.0},{"damage_healed":0.0,"max_hp_gain":0.0,"max_hp_loss":4.0,"gold_gain":0.0,"event_name":"Winding Halls","player_choice":"Max HP","floor":39.0,"gold_loss":0.0,"damage_taken":0.0}],"is_beta":false,"boss_relics":[{"not_picked":["Runic Cube","Runic Dome"],"picked":"Philosopher\u0027s Stone"},{"not_picked":["Runic Pyramid","Fusion Hammer"],"picked":"Astrolabe"}],"items_purged_floors":[2,47,48],"is_endless":false,"potions_floor_spawned":[1,3,8,14,19,27,29,30,33,36,42,45],"killed_by":"Shield and Spear","ascension_level":20}}