{"host":"g3js2eermvvpeiqn","time":1613908786,"event":{"mods":["BaseMod","DeckTracker","Downfall","Minty Spire (QoL Compilation)","Quick Restart","StSLib"],"gold_per_floor":[118,118,133,149,50,75,75,55,55,55,71,81,112,124,124,124,124],"floor_reached":16,"language":"ENG","playtime":527,"items_purged":["Pain"],"score":224,"play_id":"1410dfc1-03a5-47fd-95dc-e6f4ac4513f7","local_time":"20210221055946","is_ascension_mode":true,"campfire_choices":[{"data":"Deadly Poison","floor":7,"key":"SMITH"},{"data":"Deadly Poison","floor":10,"key":"SMITH"},{"floor":15,"key":"REST"}],"circlet_count":0,"master_deck":["AscendersBane","Strike_G","Strike_G","Strike_G","Strike_G","Strike_G","Defend_G","Defend_G","Defend_G","Defend_G","Defend_G","Survivor","Neutralize","Deadly Poison+1","Poisoned Stab","Deadly Poison+1","Well Laid Plans+1","Night Terror"],"relics":["Ring of the Snake","NeowsBlessing","WarpedTongs","HornCleat","Frozen Egg 2","Molten Egg 2"],"acts_visited":["Exordium"],"potions_floor_usage":[13,16],"damage_taken":[{"damage":0,"enemies":"Small Slimes","floor":1,"turns":1},{"damage":0,"enemies":"Cultist","floor":3,"turns":1},{"damage":1,"enemies":"Jaw Worm","floor":4,"turns":1},{"damage":15,"enemies":"Lagavulin","floor":6,"turns":6},{"damage":2,"enemies":"Lots of Slimes","floor":11,"turns":5},{"damage":0,"enemies":"Exordium Wildlife","floor":12,"turns":3},{"damage":16,"enemies":"3 Sentries","floor":13,"turns":6},{"damage":0,"enemies":"Looter","floor":14,"turns":3},{"damage":44,"enemies":"Slime Boss","floor":16,"turns":8}],"seed_played":"7564019067587152389","potions_obtained":[{"floor":6,"key":"LiquidBronze"},{"floor":8,"key":"PowerPotion"},{"floor":14,"key":"Explosive Potion"}],"is_trial":false,"path_per_floor":["M","?","M","M","$","E","R","?","T","R","M","M","E","M","R","B"],"character_chosen":"THE_SILENT","items_purchased":["Deadly Poison"],"campfire_rested":1,"item_purchase_floors":[5],"current_hp_per_floor":[59,59,59,58,58,43,43,43,43,43,41,41,25,25,44,0,0],"gold":124,"neow_bonus":"THREE_ENEMY_KILL","is_daily":false,"chose_seed":false,"campfire_upgraded":2,"win_rate":0.0,"timestamp":1613908786,"path_taken":["M","?","?","M","$","E","R","?","T","R","M","?","E","M","R","BOSS"],"items_purchased_type":["Card"],"build_version":"2020-12-22","purchased_purges":1,"victory":false,"max_hp_per_floor":[66,66,66,66,66,66,66,66,66,66,66,66,66,66,66,66,66],"card_choices":[{"not_picked":["Dagger Throw","Underhanded Strike"],"picked":"Deadly Poison","floor":1},{"not_picked":["Cloak And Dagger","Underhanded Strike"],"picked":"Poisoned Stab","floor":3},{"not_picked":["Sucker Punch","Eviscerate","Setup"],"picked":"SKIP","floor":4},{"not_picked":["Dodge and Roll","Terror","Underhanded Strike"],"picked":"SKIP","floor":6},{"not_picked":["Prepared","Escape Plan","Infinite Blades+1"],"picked":"SKIP","floor":11},{"not_picked":["Dodge and Roll","Underhanded Strike","Dagger Throw"],"picked":"SKIP","floor":12},{"not_picked":["Dagger Spray+1","Sucker Punch+1"],"picked":"Well Laid Plans+1","floor":13},{"not_picked":["Predator+1","Dagger Throw+1"],"picked":"Night Terror","floor":14}],"player_experience":1547468,"relics_obtained":[{"floor":6,"key":"HornCleat"},{"floor":9,"key":"Frozen Egg 2"},{"floor":13,"key":"Molten Egg 2"}],"event_choices":[{"damage_healed":0,"gold_gain":0,"player_choice":"Rummage","damage_taken":0,"relics_obtained":["WarpedTongs"],"max_hp_gain":0,"max_hp_loss":0,"event_name":"Accursed Blacksmith","floor":2,"gold_loss":0,"cards_obtained":["Pain"]},{"damage_healed":0,"gold_gain":0,"player_choice":"Bought 1 Potion","damage_taken":0,"max_hp_gain":0,"max_hp_loss":0,"event_name":"The Woman in Blue","floor":8,"gold_loss":0}],"is_beta":false,"boss_relics":[],"items_purged_floors":[5],"is_endless":false,"potions_floor_spawned":[6,11,12,14],"killed_by":"Slime Boss","ascension_level":20}}