{"host":"cjhtzh7tp54jdfyv","time":1613903213,"event":{"mods":["AchievementEnabler","BaseMod","Colored Map","Colored Powertips","Curses Come First","DeckTracker","Filter the Spire","Minty Spire (QoL Compilation)","RNG Fix","Relic Sorter","Relic Stats","StSLib","UnlockEverythingMod","ojb\u0027s Better Paths Mod","ojb\u0027s Info Mod"],"gold_per_floor":[119,119,134,144,156,156,171,191,259,291,291,319,319,86,86,163,163,177,187,206,217,132,132,132],"floor_reached":23,"language":"ENG","playtime":1478,"items_purged":["Defend_P"],"score":410,"play_id":"224249db-f8bd-42fe-9b0a-a94faf8178c0","local_time":"20210221052653","is_ascension_mode":true,"campfire_choices":[{"data":"Eruption","floor":6.0,"key":"SMITH"},{"data":"Consecrate","floor":11.0,"key":"SMITH"},{"data":"TalkToTheHand","floor":13.0,"key":"SMITH"},{"data":"FlurryOfBlows","floor":15.0,"key":"SMITH"}],"circlet_count":0,"master_deck":["AscendersBane","Strike_P","Strike_P","Strike_P","Strike_P","Defend_P","Defend_P","Eruption+1","Vigilance","BowlingBash","Tantrum","TalkToTheHand+1","CutThroughFate","Consecrate+1","InnerPeace","DeusExMachina","FlurryOfBlows+1","Vault","Adaptation"],"relics":["SacredBark","Eternal Feather","Gambling Chip","Nunchaku","Orrery","Fusion Hammer","Gremlin Horn"],"acts_visited":["Exordium","TheCity"],"potions_floor_usage":[23,23],"damage_taken":[{"damage":9.0,"enemies":"2 Louse","floor":1.0,"turns":3.0},{"damage":3.0,"enemies":"Small Slimes","floor":3.0,"turns":3.0},{"damage":0.0,"enemies":"Cultist","floor":4.0,"turns":2.0},{"damage":0.0,"enemies":"2 Fungi Beasts","floor":5.0,"turns":2.0},{"damage":16.0,"enemies":"Lots of Slimes","floor":7.0,"turns":3.0},{"damage":10.0,"enemies":"Large Slime","floor":8.0,"turns":3.0},{"damage":12.0,"enemies":"Gremlin Nob","floor":10.0,"turns":3.0},{"damage":2.0,"enemies":"3 Sentries","floor":12.0,"turns":3.0},{"damage":7.0,"enemies":"Hexaghost","floor":16.0,"turns":5.0},{"damage":0.0,"enemies":"3 Byrds","floor":18.0,"turns":4.0},{"damage":10.0,"enemies":"2 Thieves","floor":19.0,"turns":4.0},{"damage":19,"enemies":"Shelled Parasite and Fungi","floor":20,"turns":4},{"damage":7,"enemies":"Snecko","floor":21,"turns":3},{"damage":22,"enemies":"Book of Stabbing","floor":23,"turns":4}],"seed_played":"-8151645129419278125","potions_obtained":[{"floor":4.0,"key":"LiquidBronze"},{"floor":7.0,"key":"Dexterity Potion"},{"floor":10.0,"key":"AttackPotion"},{"floor":16.0,"key":"Weak Potion"},{"floor":21,"key":"PowerPotion"}],"is_trial":false,"path_per_floor":["M","?","M","M","M","R","M","M","T","E","R","E","R","$","R","B",null,"M","M","M","M","?","E"],"character_chosen":"WATCHER","items_purchased":["Orrery"],"campfire_rested":0,"item_purchase_floors":[14],"current_hp_per_floor":[52,52,49,49,49,49,33,23,23,11,20,18,27,27,36,29,58,58,48,29,22,22,0,0],"gold":132,"neow_bonus":"BOSS_RELIC","is_daily":false,"chose_seed":false,"campfire_upgraded":4,"win_rate":0.0,"timestamp":1613903213,"path_taken":["M","?","M","M","M","R","M","M","T","E","R","E","R","?","R","BOSS","M","M","M","M","?","E"],"items_purchased_type":["Relic"],"build_version":"2020-12-22","purchased_purges":1,"victory":false,"max_hp_per_floor":[68,68,68,68,68,68,68,68,68,68,68,68,68,68,68,68,68,68,68,68,68,68,68,68],"relic_stats":{"Nunchaku":[8],"Gremlin Horn":[0,0],"counters":[14,46],"Gambling Chip":[16],"Eternal Feather":27,"obtain_stats":[{"Nunchaku":12,"Gremlin Horn":22,"SacredBark":0,"Gambling Chip":10,"Orrery":14,"Eternal Feather":9,"Fusion Hammer":17,"PureWater":0},{"Nunchaku":8,"Gremlin Horn":13,"SacredBark":0,"Gambling Chip":7,"Orrery":8,"Eternal Feather":6,"Fusion Hammer":9,"PureWater":0},{"Nunchaku":22,"Gremlin Horn":42,"SacredBark":0,"Gambling Chip":19,"Orrery":22,"Eternal Feather":16,"Fusion Hammer":27,"PureWater":0}]},"card_choices":[{"not_picked":["FollowUp","JustLucky"],"picked":"BowlingBash","floor":1.0},{"not_picked":["Halt","PathToVictory"],"picked":"Tantrum","floor":3.0},{"not_picked":["Worship","Crescendo","Study"],"picked":"SKIP","floor":4.0},{"not_picked":["PathToVictory","ThirdEye"],"picked":"TalkToTheHand","floor":5.0},{"not_picked":["Devotion","Nirvana"],"picked":"CutThroughFate","floor":7.0},{"not_picked":["SandsOfTime","Protect"],"picked":"Consecrate","floor":8.0},{"not_picked":["JustLucky","ReachHeaven"],"picked":"InnerPeace","floor":10.0},{"not_picked":["Swivel","Perseverance","MentalFortress"],"picked":"SKIP","floor":12.0},{"not_picked":["Crescendo","CarveReality"],"picked":"DeusExMachina","floor":14.0},{"not_picked":["BowlingBash","FollowUp"],"picked":"FlurryOfBlows","floor":14.0},{"not_picked":["Alpha","SpiritShield"],"picked":"Vault","floor":16.0},{"not_picked":["FlurryOfBlows","JustLucky"],"picked":"Adaptation","floor":18.0},{"not_picked":["BowlingBash","Pray","Tantrum"],"picked":"SKIP","floor":19.0},{"not_picked":["Halt+1","Crescendo","Protect"],"picked":"SKIP","floor":20},{"not_picked":["Tantrum","Prostrate","Evaluate"],"picked":"SKIP","floor":21}],"player_experience":5128805,"relics_obtained":[{"floor":9.0,"key":"Eternal Feather"},{"floor":10.0,"key":"Gambling Chip"},{"floor":12.0,"key":"Nunchaku"}],"event_choices":[{"cards_removed":["Defend_P"],"damage_healed":0.0,"max_hp_gain":0.0,"max_hp_loss":0.0,"gold_gain":0.0,"event_name":"Bonfire Elementals","player_choice":"Offered Basic","floor":2.0,"gold_loss":0.0,"damage_taken":0.0},{"damage_healed":0,"gold_gain":0,"player_choice":"Obtained Relic","damage_taken":0,"relics_obtained":["Gremlin Horn"],"max_hp_gain":0,"max_hp_loss":0,"event_name":"Addict","floor":22,"gold_loss":85}],"is_beta":false,"boss_relics":[{"not_picked":["Astrolabe","Pandora\u0027s Box"],"picked":"Fusion Hammer"}],"items_purged_floors":[14],"is_endless":false,"potions_floor_spawned":[4,7,10,16,21],"killed_by":"Book of Stabbing","ascension_level":20}}