{"host":"jsd6g3c2vo13e69c","time":1613905379,"event":{"mods":["2.2 Compatiblity","Act Like it!","BaseMod","Better Altar","Better Match","Better Note","Better Sensory Stone","Better Third Choice","BetterRewards","Colored Map","Colored Powertips","Curses Come First","Downfall","Friendly Minions","GifTheSpireLib","Googly Eyes","Gremlin Mod","Hermit","Hubris","Infinite Spire","Melee Mod","Minty Spire (QoL Compilation)","Permanent Neow","Quick Restart","Random Character Button","Replay The Spire","Shop Mod","Spire Arcade","StSLib","SuperFastMode","The Cursed","The Disciple","The Forsaken","The Jungle","The Spell Scribe","thorton"],"gold_per_floor":[112,112,112,112,124,152,152,152,202,217,217,228,228,247,247,347,397,408,408,428,428,439,439,454,454,454,467,478,497,523,533,533,634,634,648,648,663,682,576,576,904,904,904,904,923,942,942,942],"floor_reached":47,"language":"ENG","playtime":2138,"items_purged":[],"score":506,"play_id":"ebee9b8a-726e-4864-9619-8c832f50b198","local_time":"20210221060259","is_ascension_mode":false,"campfire_choices":[{"data":"meleeMod_RapidJabs","floor":11,"key":"SMITH"},{"data":"meleeMod_UCF","floor":13,"key":"SMITH"},{"data":"meleeMod_Taunt","floor":23,"key":"SMITH"},{"data":"meleeMod_Taunt","floor":25,"key":"SMITH"},{"floor":32,"key":"DIG"},{"data":"meleeMod_AmsahTech","floor":40,"key":"SMITH"},{"data":"hubris:Insight","floor":42,"key":"SMITH"},{"data":"meleeMod_FalconPunch","floor":44,"key":"SMITH"}],"circlet_count":0,"master_deck":["meleeMod_Jab","meleeMod_Jab","meleeMod_Jab","meleeMod_Jab","meleeMod_Shield","meleeMod_Shield","meleeMod_Shield","meleeMod_Shield","meleeMod_NeutralAir+1","meleeMod_BackAir","meleeMod_UpAir","hubris:Insight+1","meleeMod_FalconPunch","meleeMod_SuperSpicyCurry","meleeMod_RapidJabs+1","meleeMod_ShieldPoke+1","meleeMod_FireFlower","meleeMod_AmsahTech+1","meleeMod_FalconPunch+1","meleeMod_SoftKnee","meleeMod_UpAir","meleeMod_Taunt+1","meleeMod_Taunt+1","meleeMod_Gentleman","meleeMod_Knee","meleeMod_Knee","meleeMod_Gentleman","meleeMod_SomebodyClipThat","meleeMod_FalconDive+1","meleeMod_NippleSpike","meleeMod_HaxDash+1","meleeMod_Taunt+1","meleeMod_DownAir+1","meleeMod_NoDI+1"],"relics":["meleeMod_LosersMang0","Dream Catcher","Orichalcum","hubris:Towel","Lantern","Tiny House","meleeMod_PowerClipper","Nunchaku","Eternal Feather","Ring of Chaos","meleeMod_AirWobbling","Old Coin","Replay:Bottled Snecko"],"acts_visited":["Exordium","TheCity","TheBeyond"],"potions_floor_usage":[6,16,16,22,27,28,28,28,29,33,38,47],"damage_taken":[{"damage":0,"enemies":"Small Slimes","floor":1,"turns":4},{"damage":0,"enemies":"2 Louse","floor":5,"turns":1},{"damage":18,"enemies":"Lagavulin","floor":6,"turns":5},{"damage":0,"enemies":"Cultist","floor":10,"turns":2},{"damage":0,"enemies":"Blue Slaver","floor":12,"turns":1},{"damage":0,"enemies":"Large Slime","floor":14,"turns":5},{"damage":16,"enemies":"Slime Boss","floor":16,"turns":11},{"damage":4,"enemies":"Spheric Guardian","floor":18,"turns":3},{"damage":5,"enemies":"2 Thieves","floor":20,"turns":3},{"damage":2,"enemies":"Centurion and Healer","floor":22,"turns":2},{"damage":18,"enemies":"Sentry and Sphere","floor":24,"turns":4},{"damage":21,"enemies":"Snake Plant","floor":27,"turns":3},{"damage":12,"enemies":"Centurion and Healer","floor":28,"turns":4},{"damage":0,"enemies":"Sentry and Sphere","floor":29,"turns":2},{"damage":18,"enemies":"Slavers","floor":30,"turns":4},{"damage":6,"enemies":"3 Cultists","floor":31,"turns":4},{"damage":25,"enemies":"hubris:MusketHawk","floor":33,"turns":4},{"damage":11,"enemies":"3 Darklings","floor":35,"turns":6},{"damage":12,"enemies":"3 Shapes","floor":37,"turns":3},{"damage":0,"enemies":"Transient","floor":38,"turns":5},{"damage":88,"enemies":"Nightmare","floor":41,"turns":5},{"damage":5,"enemies":"Maw","floor":45,"turns":6},{"damage":59,"enemies":"Spire Growth","floor":46,"turns":4},{"damage":15,"enemies":"Writhing Mass","floor":47,"turns":2}],"seed_played":"3408422117196968391","potions_obtained":[{"floor":0,"key":"Energy Potion"},{"floor":0,"key":"PowerPotion"},{"floor":0,"key":"SteroidPotion"},{"floor":10,"key":"sneckomod:MuddlingPotion"},{"floor":16,"key":"Regen Potion"},{"floor":17,"key":"Guardian:BlockOnCardUsePotion"},{"floor":18,"key":"PowerPotion"},{"floor":20,"key":"EntropicBrew"},{"floor":27,"key":"ColorlessPotion"},{"floor":30,"key":"ColorlessPotion"},{"floor":35,"key":"Fire Potion"},{"floor":41,"key":"Adrenaline Potion"}],"is_trial":false,"path_per_floor":["M","?","?","?","M","E","?","?","T","M","R","M","R","M","R_BF","B",null,"M","?","M","?","M","R","M","R","T","M","M","M","E","M","R_BF","B",null,"M","?","M","M","?","R","NM","R","T","R","M","M","M"],"character_chosen":"FALCON","items_purchased":[],"campfire_rested":0,"item_purchase_floors":[],"current_hp_per_floor":[85,85,78,78,78,60,60,60,60,60,60,60,60,60,85,69,90,86,100,95,95,93,93,75,75,75,63,51,51,33,27,27,2,100,89,89,77,77,77,95,7,25,25,43,38,9,0,0],"gold":942,"neow_bonus":"THREE_SMALL_POTIONS","is_daily":false,"chose_seed":false,"campfire_upgraded":7,"win_rate":0.0,"timestamp":1613905379,"path_taken":["M","?","?","?","?","E","?","?","T","M","R","M","R","M","R_BF","BOSS","M","?","M","?","M","R","M","R","T","M","M","M","E","M","R_BF","BOSS","M","?","M","M","?","R","NM","R","T","R","M","M","M"],"items_purchased_type":[],"build_version":"2020-12-22","purchased_purges":0,"victory":false,"max_hp_per_floor":[85,85,85,85,85,85,85,85,85,85,85,85,85,85,85,85,90,90,100,100,100,100,100,100,100,100,100,100,100,100,100,100,100,100,100,100,100,100,100,100,100,100,100,100,100,100,100,100],"card_choices":[{"not_picked":["meleeMod_FalconDive","meleeMod_RaptorBoost"],"picked":"meleeMod_UpAir","floor":1},{"not_picked":["ReplayTheSpireMod:Trickstab","Discovery"],"picked":"hubris:Insight","floor":4},{"not_picked":["meleeMod_RaptorBoost","meleeMod_TeamAttackOn"],"picked":"meleeMod_FalconPunch","floor":5},{"not_picked":["meleeMod_SDRemix","meleeMod_BackAir"],"picked":"meleeMod_SuperSpicyCurry","floor":6},{"not_picked":["meleeMod_ForwardTilt","meleeMod_CrouchCancel"],"picked":"meleeMod_RapidJabs","floor":10},{"not_picked":["meleeMod_DownSmash","meleeMod_DashDance"],"picked":"meleeMod_UCF","floor":12},{"not_picked":["meleeMod_NoDI","meleeMod_SoftKnee"],"picked":"meleeMod_ShieldPoke","floor":14},{"not_picked":["meleeMod_FalconDive","meleeMod_DownAir"],"picked":"meleeMod_FireFlower","floor":15},{"not_picked":["meleeMod_EdgeGuard","meleeMod_SDRemix"],"picked":"meleeMod_AmsahTech","floor":16},{"not_picked":["meleeMod_UpTilt","meleeMod_SuperSpicyCurry"],"picked":"meleeMod_FalconPunch","floor":17},{"not_picked":["meleeMod_FalconKick","meleeMod_CommandGrab"],"picked":"meleeMod_SoftKnee","floor":18},{"not_picked":["meleeMod_Gentleman","meleeMod_SDRemix"],"picked":"meleeMod_UpAir","floor":20},{"not_picked":["meleeMod_CommandGrab","meleeMod_RaptorBoost"],"picked":"meleeMod_Taunt","floor":22},{"not_picked":["meleeMod_Randall","meleeMod_RockCrock"],"picked":"meleeMod_Taunt","floor":24},{"not_picked":["meleeMod_WallJump","meleeMod_UpTilt"],"picked":"meleeMod_Gentleman","floor":27},{"not_picked":["meleeMod_DownTilt","meleeMod_RaptorBoost"],"picked":"meleeMod_Knee","floor":28},{"not_picked":["meleeMod_CommandGrab","meleeMod_RockCrock"],"picked":"meleeMod_Knee","floor":29},{"not_picked":["meleeMod_SweetSpot+1","meleeMod_CrouchCancel","meleeMod_FalconPunch"],"picked":"SKIP","floor":30},{"not_picked":["meleeMod_RaptorBoost","meleeMod_WaveDash"],"picked":"meleeMod_Gentleman","floor":31},{"not_picked":["meleeMod_UCF","meleeMod_PhantomHit"],"picked":"meleeMod_SomebodyClipThat","floor":33},{"not_picked":["meleeMod_UpAir","meleeMod_SweetSpot+1"],"picked":"meleeMod_FalconDive+1","floor":35},{"not_picked":["meleeMod_CrouchCancel+1","meleeMod_ForwardTilt"],"picked":"meleeMod_NippleSpike","floor":37},{"not_picked":["meleeMod_NippleSpike+1","meleeMod_UpTilt"],"picked":"meleeMod_HaxDash+1","floor":38},{"not_picked":["meleeMod_NeutralAir+1","meleeMod_FalconKick+1"],"picked":"meleeMod_Taunt+1","floor":41},{"not_picked":["meleeMod_WaveLand+1","meleeMod_UpAir+1"],"picked":"meleeMod_DownAir+1","floor":45},{"not_picked":["meleeMod_SweetSpot","meleeMod_DownTilt+1"],"picked":"meleeMod_NoDI+1","floor":46}],"player_experience":392046,"relics_obtained":[{"floor":6,"key":"Orichalcum"},{"floor":9,"key":"Lantern"},{"floor":26,"key":"meleeMod_PowerClipper"},{"floor":30,"key":"Nunchaku"},{"floor":32,"key":"Eternal Feather"},{"floor":41,"key":"Old Coin"},{"floor":43,"key":"Replay:Bottled Snecko"}],"event_choices":[{"damage_healed":0,"gold_gain":0,"player_choice":"Box","damage_taken":0,"relics_obtained":["Dream Catcher"],"max_hp_gain":0,"max_hp_loss":0,"event_name":"Big Fish","floor":2,"gold_loss":0,"cards_obtained":["Regret"]},{"cards_removed":["Regret"],"damage_healed":0,"gold_gain":0,"player_choice":"Card Removal","damage_taken":7,"max_hp_gain":0,"max_hp_loss":0,"event_name":"Golden Wing","floor":3,"gold_loss":0},{"damage_healed":0,"gold_gain":1,"player_choice":"1","damage_taken":0,"max_hp_gain":0,"max_hp_loss":0,"event_name":"betterStone:BetterStone","floor":4,"gold_loss":0},{"cards_removed":["meleeMod_UCF"],"damage_healed":4,"gold_gain":0,"player_choice":"Offered Rare","damage_taken":0,"max_hp_gain":10,"max_hp_loss":0,"event_name":"Bonfire Elementals","floor":19,"gold_loss":0},{"damage_healed":0,"gold_gain":0,"player_choice":"Ignored","damage_taken":0,"max_hp_gain":0,"max_hp_loss":0,"event_name":"betterNote:BetterNote","floor":21,"gold_loss":0,"cards_obtained":["thethorton:CreditCard"]},{"damage_healed":0,"gold_gain":0,"player_choice":"Paid Gold","damage_taken":0,"relics_obtained":["meleeMod_AirWobbling"],"max_hp_gain":0,"max_hp_loss":0,"event_name":"WeMeetAgain","floor":39,"gold_loss":106}],"is_beta":false,"boss_relics":[{"not_picked":["Painkiller Herb","SlaversCollar"],"picked":"Tiny House"},{"not_picked":["ChewingGum","hubris:RunicObelisk"],"picked":"Ring of Chaos"}],"items_purged_floors":[],"is_endless":false,"potions_floor_spawned":[1,10,16,18,20,27,30,35,41],"killed_by":"Writhing Mass","ascension_level":0}}