{"host":"pfy6u49v5s5r680p","time":1613887017,"event":{"mods":["BaseMod","Colored Map","DeckTracker","Highlight Path","Keyboard Shortcuts","Minty Spire (QoL Compilation)","Permanent Neow","Quick Restart","StSLib","SuperFastMode","everything is the same but u backflip on backflip"],"gold_per_floor":[13,13,13,31,41,41,41,71,82,82,95,20,20,20,48,48,150,150,162,62,74,74,84,84,84,84,84,108,119,119,119],"floor_reached":30,"language":"KOR","playtime":658,"items_purged":["Strike_B","Strike_B"],"score":250,"play_id":"3368dd15-81e3-4cfd-b7fa-c555ce3d05da","local_time":"20210221145657","is_ascension_mode":true,"campfire_choices":[{"data":"Darkness","floor":6.0,"key":"SMITH"},{"data":"Redo","floor":7.0,"key":"SMITH"},{"floor":16.0,"key":"REST"},{"data":"Double Energy","floor":24.0,"key":"SMITH"},{"data":"Zap","floor":26.0,"key":"SMITH"}],"circlet_count":0,"master_deck":["Strike_B","Defend_B","Defend_B","Defend_B","Defend_B","Zap+1","Dualcast","Panache","Defragment","Electrodynamics","Zap","Redo+1","Darkness+1","Double Energy+1","Reboot","Rebound","Echo Form","Self Repair","Darkness+1"],"relics":["Cracked Core","Ancient Tea Set","Pear","Pocketwatch","SlaversCollar","White Beast Statue","Blood Vial"],"acts_visited":["Exordium","TheCity"],"potions_floor_usage":[30,30],"damage_taken":[{"damage":3.0,"enemies":"Jaw Worm","floor":1.0,"turns":4.0},{"damage":1.0,"enemies":"Cultist","floor":4.0,"turns":3.0},{"damage":0.0,"enemies":"2 Louse","floor":5.0,"turns":2.0},{"damage":46.0,"enemies":"Gremlin Nob","floor":8.0,"turns":5.0},{"damage":18.0,"enemies":"Exordium Wildlife","floor":9.0,"turns":4.0},{"damage":0.0,"enemies":"Large Slime","floor":11.0,"turns":3.0},{"damage":17.0,"enemies":"3 Sentries","floor":15.0,"turns":4.0},{"damage":28.0,"enemies":"The Guardian","floor":17.0,"turns":6.0},{"damage":19.0,"enemies":"Chosen","floor":19.0,"turns":5.0},{"damage":0.0,"enemies":"Spheric Guardian","floor":21.0,"turns":3.0},{"damage":30.0,"enemies":"Snecko","floor":23.0,"turns":4.0},{"damage":18.0,"enemies":"Snake Plant","floor":29.0,"turns":4.0},{"damage":36,"enemies":"Shelled Parasite and Fungi","floor":30,"turns":2}],"seed_played":"1558215241934155037","potions_obtained":[{"floor":4.0,"key":"PotionOfCapacity"},{"floor":9.0,"key":"Regen Potion"},{"floor":11.0,"key":"Swift Potion"},{"floor":19.0,"key":"Energy Potion"},{"floor":21.0,"key":"FearPotion"},{"floor":29.0,"key":"Strength Potion"}],"is_trial":false,"path_per_floor":["M","?","$","M","M","R","R","E","M","T","M","$","?","$","E","R","B",null,"M","$","M","$","M","R","?","R","T","T","M","M"],"character_chosen":"DEFECT","items_purchased":[],"campfire_rested":1,"item_purchase_floors":[],"current_hp_per_floor":[72,72,72,71,71,71,71,25,7,17,26,26,26,26,9,34,6,85,66,66,66,66,36,36,36,36,36,36,34,0,0],"gold":119,"neow_bonus":"RANDOM_COLORLESS_2","is_daily":false,"chose_seed":false,"campfire_upgraded":4,"win_rate":0.0,"timestamp":1613887017,"path_taken":["M","?","$","?","M","R","R","E","M","T","M","?","?","$","E","R","BOSS","M","$","M","$","M","R","?","R","T","?","M","M"],"items_purchased_type":[],"build_version":"2020-12-22","purchased_purges":2,"victory":false,"max_hp_per_floor":[75,75,75,75,75,75,75,75,75,85,85,85,85,85,85,85,85,85,85,85,85,85,85,85,85,85,85,85,85,85,85],"card_choices":[{"not_picked":["Sadistic Nature","The Bomb"],"picked":"Panache","floor":0.0},{"not_picked":["Hologram","Coolheaded"],"picked":"Defragment","floor":1.0},{"not_picked":["Capacitor","Beam Cell"],"picked":"Redo","floor":4.0},{"not_picked":["Chill","Redo"],"picked":"Darkness","floor":5.0},{"not_picked":["Rebound","Sweeping Beam"],"picked":"Double Energy","floor":8.0},{"not_picked":["Doom and Gloom","Ball Lightning"],"picked":"Reboot","floor":9.0},{"not_picked":["Self Repair","Cold Snap"],"picked":"Rebound","floor":11.0},{"not_picked":["Tempest","Aggregate","Rebound"],"picked":"SKIP","floor":15.0},{"not_picked":["Electrodynamics","Hyperbeam"],"picked":"Echo Form","floor":17.0},{"not_picked":["Rip and Tear","Barrage+1","Turbo"],"picked":"SKIP","floor":19.0},{"not_picked":["Self Repair","Redo","Leap"],"picked":"SKIP","floor":21.0},{"not_picked":["Consume","Compile Driver+1"],"picked":"Self Repair","floor":23.0},{"not_picked":["Streamline+1","Turbo"],"picked":"Darkness+1","floor":29.0}],"player_experience":177236,"relics_obtained":[{"floor":8.0,"key":"Ancient Tea Set"},{"floor":10.0,"key":"Pear"},{"floor":15.0,"key":"Pocketwatch"},{"floor":27.0,"key":"White Beast Statue"},{"floor":28.0,"key":"Blood Vial"}],"event_choices":[{"damage_healed":0.0,"max_hp_gain":0.0,"max_hp_loss":0.0,"gold_gain":0.0,"event_name":"Match and Keep!","player_choice":"2 cards matched","floor":2.0,"gold_loss":0.0,"damage_taken":0.0,"cards_obtained":["Electrodynamics","Zap"]},{"cards_removed":["Strike_B"],"damage_healed":0.0,"max_hp_gain":0.0,"max_hp_loss":0.0,"gold_gain":0.0,"event_name":"Living Wall","player_choice":"Forget","floor":13.0,"gold_loss":0.0,"damage_taken":0.0},{"damage_healed":0.0,"max_hp_gain":0.0,"max_hp_loss":0.0,"gold_gain":0.0,"event_name":"The Mausoleum","player_choice":"Ignored","floor":25.0,"gold_loss":0.0,"damage_taken":0.0}],"is_beta":false,"boss_relics":[{"not_picked":["Velvet Choker","Ectoplasm"],"picked":"SlaversCollar"}],"items_purged_floors":[12,20],"is_endless":false,"potions_floor_spawned":[4,9,11,19,21,29],"killed_by":"Shelled Parasite and Fungi","ascension_level":1}}