{"host":"cpsutu8lprjuipd6","time":1613923715,"event":{"mods":["BaseMod","Colored Map","Minty Spire (QoL Compilation)","Permanent Neow","Quick Restart","StSLib","SuperFastMode","The Bug Knight","Together in Spire"],"gold_per_floor":[109,109,59,134,134,134,162,162,186,197,207,207,132,151,151,247,247,262,9,27,38,52,52,68,68,93,105,42,54,66,93,105,213,225,248,260,272,284,307,319,59,75,75,75,75,75],"floor_reached":45,"language":"KOR","playtime":1248,"items_purged":["Strike_R","Strike_R","Defend_R"],"score":432,"play_id":"436c1b20-78d2-45a9-a7ea-f910007e2ea2","local_time":"20210222010835","is_ascension_mode":true,"campfire_choices":[{"data":"Dropkick","floor":6,"key":"SMITH"},{"floor":8,"key":"REST"},{"floor":15,"key":"REST"},{"floor":23,"key":"REST"},{"floor":25,"key":"REST"},{"floor":27,"key":"REST"},{"floor":32,"key":"REST"},{"floor":40,"key":"REST"}],"circlet_count":0,"master_deck":["Defend_R+1","Bash","Dropkick+1","Clash","Clash+1","Dual Wield+1","Dark Shackles+1","Clash+1"],"relics":["Burning Blood","Bronze Scales","Juzu Bracelet","Dream Catcher","Lantern","MawBank","Fusion Hammer","Medical Kit"],"acts_visited":["Exordium","TheCity","TheBeyond"],"potions_floor_usage":[16,33,33],"damage_taken":[{"damage":1,"enemies":"Cultist","floor":1,"turns":3},{"damage":33,"enemies":"3 Sentries","floor":7,"turns":8},{"damage":2,"enemies":"2 Louse","floor":10,"turns":2},{"damage":2,"enemies":"Small Slimes","floor":11,"turns":3},{"damage":8,"enemies":"Exordium Wildlife","floor":14,"turns":3},{"damage":46,"enemies":"Hexaghost","floor":16,"turns":8},{"damage":0,"enemies":"Chosen","floor":18,"turns":4},{"damage":25,"enemies":"2 Thieves","floor":20,"turns":4},{"damage":0,"enemies":"Snecko","floor":21,"turns":4},{"damage":33,"enemies":"Chosen and Byrds","floor":22,"turns":5},{"damage":49,"enemies":"Shelled Parasite and Fungi","floor":24,"turns":7},{"damage":7,"enemies":"Centurion and Healer","floor":31,"turns":4},{"damage":73,"enemies":"Automaton","floor":33,"turns":8},{"damage":2,"enemies":"Orb Walker","floor":35,"turns":2},{"damage":15,"enemies":"3 Darklings","floor":39,"turns":4},{"damage":0,"enemies":"Spire Growth","floor":42,"turns":3},{"damage":87,"enemies":"Nemesis","floor":45,"turns":6}],"seed_played":"-5559523278491251766","potions_obtained":[{"floor":10,"key":"BlessingOfTheForge"},{"floor":11,"key":"Ancient Potion"},{"floor":16,"key":"GamblersBrew"},{"floor":20,"key":"GamblersBrew"},{"floor":24,"key":"Weak Potion"},{"floor":42,"key":"Explosive Potion"}],"is_trial":false,"path_per_floor":["M","?","?","?","?","R","E","R","T","M","M","?","$","M","R","B",null,"M","$","M","M","M","R","M","R","T","R","?","?","$","M","R","B",null,"M","?","?","?","M","R","$","M","T","?","E"],"character_chosen":"IRONCLAD","items_purchased":["Lantern","Medical Kit"],"campfire_rested":7,"item_purchase_floors":[19,41],"current_hp_per_floor":[80,80,80,69,53,53,26,50,50,54,58,51,51,49,73,33,80,80,80,61,67,40,64,21,45,45,69,69,54,54,53,78,11,85,85,85,85,85,76,85,85,85,85,85,0,0],"gold":75,"neow_bonus":"RANDOM_COMMON_RELIC","is_daily":false,"chose_seed":false,"campfire_upgraded":1,"win_rate":0.0,"timestamp":1613923715,"path_taken":["M","?","?","?","?","R","E","R","T","M","M","?","$","M","R","BOSS","M","$","M","M","M","R","M","R","T","R","?","?","?","M","R","BOSS","M","?","?","?","M","R","$","M","T","?","E"],"items_purchased_type":["Relic","Relic"],"build_version":"2020-12-22","purchased_purges":3,"victory":false,"max_hp_per_floor":[80,80,80,80,80,80,80,80,80,80,80,80,80,80,80,80,80,80,80,80,80,80,80,80,80,80,80,80,85,85,85,85,85,85,85,85,85,85,85,85,85,85,85,85,85,85],"card_choices":[{"not_picked":["Pommel Strike","Burning Pact"],"picked":"Dropkick","floor":1},{"not_picked":["Power Through","Pummel","Anger"],"picked":"SKIP","floor":7},{"not_picked":["Cleave","Armaments","Perfected Strike"],"picked":"SKIP","floor":10},{"not_picked":["Shockwave","Power Through","Headbutt"],"picked":"SKIP","floor":11},{"not_picked":["Pommel Strike","Havoc","Warcry"],"picked":"SKIP","floor":14},{"not_picked":["Cleave","Hemokinesis","Perfected Strike+1"],"picked":"SKIP","floor":18},{"not_picked":["Flex+1","Sword Boomerang","Perfected Strike"],"picked":"SKIP","floor":20},{"not_picked":["Infernal Blade","Reckless Charge","Searing Blow"],"picked":"SKIP","floor":21},{"not_picked":["Uppercut","Carnage","Anger"],"picked":"SKIP","floor":22},{"not_picked":["Sever Soul+1","Perfected Strike"],"picked":"Clash","floor":24},{"not_picked":["Offering","Headbutt"],"picked":"Clash+1","floor":27},{"not_picked":["Bloodletting","Carnage+1","Shockwave"],"picked":"SKIP","floor":31},{"not_picked":["Shrug It Off","Flex"],"picked":"Dual Wield+1","floor":35},{"not_picked":["Good Instincts","Apotheosis"],"picked":"Dark Shackles","floor":37},{"not_picked":["True Grit+1","Warcry"],"picked":"Clash+1","floor":39},{"not_picked":["Pommel Strike+1","Armaments+1","Body Slam"],"picked":"SKIP","floor":42}],"player_experience":136215,"relics_obtained":[{"floor":7,"key":"Juzu Bracelet"},{"floor":9,"key":"Dream Catcher"},{"floor":26,"key":"MawBank"}],"event_choices":[{"cards_removed":["Strike_R"],"damage_healed":0,"gold_gain":0,"player_choice":"Forget","damage_taken":0,"max_hp_gain":0,"max_hp_loss":0,"event_name":"Living Wall","floor":2,"gold_loss":0},{"cards_removed":["Defend_R"],"damage_healed":0,"gold_gain":0,"player_choice":"Card Removal","damage_taken":0,"max_hp_gain":0,"max_hp_loss":0,"event_name":"The Cleric","floor":3,"gold_loss":50},{"damage_healed":0,"gold_gain":75,"player_choice":"Gather Gold","damage_taken":11,"max_hp_gain":0,"max_hp_loss":0,"event_name":"World of Goop","floor":4,"gold_loss":0},{"damage_healed":0,"gold_gain":0,"player_choice":"Entered Light","damage_taken":16,"max_hp_gain":0,"max_hp_loss":0,"event_name":"Shining Light","floor":5,"gold_loss":0,"cards_upgraded":["Strike_R","Defend_R"]},{"cards_removed":["Defend_R"],"damage_healed":0,"gold_gain":0,"player_choice":"Card Removal","damage_taken":7,"max_hp_gain":0,"max_hp_loss":0,"event_name":"Golden Wing","floor":12,"gold_loss":0},{"cards_removed":["Strike_R"],"damage_healed":0,"gold_gain":0,"player_choice":"Gave Gold","damage_taken":0,"max_hp_gain":0,"max_hp_loss":0,"event_name":"Beggar","floor":28,"gold_loss":75},{"damage_healed":0,"gold_gain":0,"player_choice":"Shed Blood","damage_taken":20,"max_hp_gain":5,"max_hp_loss":0,"event_name":"Forgotten Altar","floor":29,"gold_loss":0},{"damage_healed":0,"gold_gain":0,"player_choice":"Ignored","damage_taken":0,"max_hp_gain":0,"max_hp_loss":0,"event_name":"Tomb of Lord Red Mask","floor":36,"gold_loss":0},{"damage_healed":0,"gold_gain":0,"player_choice":"Memory 1","damage_taken":0,"max_hp_gain":0,"max_hp_loss":0,"event_name":"SensoryStone","floor":37,"gold_loss":0},{"cards_removed":["Strike_R"],"damage_healed":0,"gold_gain":0,"player_choice":"Removed Attack","damage_taken":0,"max_hp_gain":0,"max_hp_loss":0,"event_name":"Falling","floor":38,"gold_loss":0},{"damage_healed":0,"gold_gain":0,"player_choice":"Upgraded","damage_taken":0,"max_hp_gain":0,"max_hp_loss":0,"event_name":"Upgrade Shrine","floor":44,"gold_loss":0,"cards_upgraded":["Dark Shackles"]}],"is_beta":false,"boss_relics":[{"not_picked":["Busted Crown","Coffee Dripper","Runic Pyramid"]},{"not_picked":["Mark of Pain","Runic Dome"],"picked":"Fusion Hammer"}],"items_purged_floors":[13,19,41],"is_endless":false,"potions_floor_spawned":[10,11,16,20,24,42],"killed_by":"Nemesis","ascension_level":1}}