{"host":"soyfmymeou4emntr","time":1613938419,"event":{"mods":["BaseMod","Minty Spire (QoL Compilation)","Permanent Neow","Relic Sorter","Relic Stats","StSLib"],"gold_per_floor":[113,113,113,130,21,21,33,33,33,45,78,89,118,132,132,207,207,222,235,254,254,267,267,292,311,311,341,356,356,8,40,40,40,40],"floor_reached":33,"language":"ENG","playtime":2563,"items_purged":["Strike_G"],"score":688,"play_id":"808e8369-0e24-4d61-b781-ceba57bbeb84","local_time":"20210221131339","is_ascension_mode":true,"campfire_choices":[{"data":"Poisoned Stab","floor":6.0,"key":"SMITH"},{"data":"Dash","floor":8.0,"key":"SMITH"},{"data":"Footwork","floor":15.0,"key":"SMITH"},{"data":"Night Terror","floor":23.0,"key":"SMITH"},{"data":"Footwork","floor":29,"key":"SMITH"},{"data":"Accuracy","floor":32,"key":"SMITH"}],"circlet_count":0,"master_deck":["AscendersBane","Strike_G","Strike_G","Strike_G","Defend_G","Defend_G","Defend_G","Defend_G","Defend_G","Survivor","Neutralize","Footwork+1","Poisoned Stab+1","Noxious Fumes","Slice","Dash+1","Sucker Punch","Deflect","Blade Dance","Caltrops","Noxious Fumes","Night Terror+1","Skewer","Malaise","RitualDagger","Terror","Blade Dance","Footwork+1","Panache","Blade Dance","Caltrops","Accuracy+1"],"relics":["Sozu","Dead Branch","Question Card","Bird Faced Urn","Ancient Tea Set","WristBlade","Meat on the Bone","HornCleat","Art of War","Lantern"],"acts_visited":["Exordium","TheCity"],"potions_floor_usage":[],"damage_taken":[{"damage":4.0,"enemies":"Small Slimes","floor":1.0,"turns":4.0},{"damage":0.0,"enemies":"Jaw Worm","floor":4.0,"turns":7.0},{"damage":1.0,"enemies":"Cultist","floor":7.0,"turns":3.0},{"damage":0.0,"enemies":"Gremlin Gang","floor":10.0,"turns":5.0},{"damage":6.0,"enemies":"Lagavulin","floor":11.0,"turns":6.0},{"damage":1.0,"enemies":"Looter","floor":12.0,"turns":3.0},{"damage":7.0,"enemies":"3 Sentries","floor":13.0,"turns":5.0},{"damage":0.0,"enemies":"2 Fungi Beasts","floor":14.0,"turns":3.0},{"damage":30.0,"enemies":"The Guardian","floor":16.0,"turns":9.0},{"damage":12.0,"enemies":"Spheric Guardian","floor":18.0,"turns":5.0},{"damage":1.0,"enemies":"Chosen","floor":19.0,"turns":3.0},{"damage":0.0,"enemies":"3 Cultists","floor":20.0,"turns":2.0},{"damage":20.0,"enemies":"Snake Plant","floor":22.0,"turns":5.0},{"damage":8.0,"enemies":"Slavers","floor":24.0,"turns":6.0},{"damage":17.0,"enemies":"Centurion and Healer","floor":25.0,"turns":5.0},{"damage":18.0,"enemies":"Gremlin Leader","floor":27.0,"turns":9.0},{"damage":10,"enemies":"Sentry and Sphere","floor":28,"turns":4},{"damage":9,"enemies":"Book of Stabbing","floor":31,"turns":3},{"damage":69,"enemies":"Champ","floor":33,"turns":6}],"seed_played":"6359478474312727549","potions_obtained":[],"is_trial":false,"path_per_floor":["M","?","?","M","$","R","M","R","T","M","E","M","E","M","R","B",null,"M","M","M","?","M","R","E","M","T","E","M","R","$","E","R","B"],"character_chosen":"THE_SILENT","items_purchased":["Noxious Fumes","Slice","Panache","Blade Dance","Caltrops"],"campfire_rested":0,"item_purchase_floors":[5,5,30,30,30],"current_hp_per_floor":[55,44,44,44,44,44,43,43,43,43,37,38,35,39,39,17,54,50,51,57,51,41,41,41,42,42,34,42,42,42,43,43,0,0],"gold":40,"neow_bonus":"BOSS_RELIC","is_daily":false,"chose_seed":false,"campfire_upgraded":6,"win_rate":0.0,"timestamp":1613938419,"path_taken":["M","?","?","M","$","R","M","R","T","M","E","?","E","M","R","BOSS","BOSS","M","M","?","?","M","R","E","M","T","E","M","R","$","E","R","BOSS"],"items_purchased_type":["Card","Card","Card","Card","Card"],"build_version":"2020-12-22","purchased_purges":1,"victory":false,"max_hp_per_floor":[66,66,66,66,66,66,66,66,66,66,66,66,66,66,66,66,66,66,66,66,66,66,66,66,66,66,66,66,66,66,66,66,66,66],"relic_stats":{"Sozu":7,"counters":[19,93],"Dead Branch":[111],"Bird Faced Urn":[104],"Art of War":[1],"Question Card":16,"obtain_stats":[{"Sozu":0,"Lantern":31,"HornCleat":26,"WristBlade":17,"Dead Branch":2,"Bird Faced Urn":11,"Art of War":27,"Question Card":9,"Ancient Tea Set":13,"Ring of the Snake":0,"Meat on the Bone":24},{"Sozu":0,"Lantern":18,"HornCleat":15,"WristBlade":9,"Dead Branch":1,"Bird Faced Urn":5,"Art of War":16,"Question Card":3,"Ancient Tea Set":7,"Ring of the Snake":0,"Meat on the Bone":14},{"Sozu":0,"Lantern":87,"HornCleat":71,"WristBlade":45,"Dead Branch":4,"Bird Faced Urn":25,"Art of War":80,"Question Card":14,"Ancient Tea Set":33,"Ring of the Snake":0,"Meat on the Bone":66}],"Meat on the Bone":24},"card_choices":[{"not_picked":["Concentrate","Dagger Spray"],"picked":"Footwork","floor":1.0},{"not_picked":["Cloak And Dagger","Bane"],"picked":"Poisoned Stab","floor":4.0},{"not_picked":["Flying Knee","Caltrops"],"picked":"Dash","floor":7.0},{"not_picked":["Distraction","Underhanded Strike","Blur"],"picked":"Sucker Punch","floor":10.0},{"not_picked":["Burst","Tactician","Reflex"],"picked":"Deflect","floor":11.0},{"not_picked":["Deflect","Blur","Cloak And Dagger"],"picked":"Blade Dance","floor":12.0},{"not_picked":["Backflip","Expertise","Bane"],"picked":"Caltrops","floor":13.0},{"not_picked":["Poisoned Stab","Dash","Prepared"],"picked":"Noxious Fumes","floor":14.0},{"not_picked":["Doppelganger","Venomology","Bullet Time"],"picked":"Night Terror","floor":16.0},{"not_picked":["Sucker Punch","Quick Slash","Deadly Poison"],"picked":"Skewer","floor":18.0},{"not_picked":["Sucker Punch","Dagger Spray","Prepared","Flying Knee"],"picked":"SKIP","floor":19.0},{"not_picked":["Acrobatics","Backflip","Blade Dance"],"picked":"Malaise","floor":20.0},{"not_picked":["Distraction","Backstab","Outmaneuver"],"picked":"Terror","floor":22.0},{"not_picked":["Bane","Unload","Distraction","Dodge and Roll"],"picked":"SKIP","floor":24.0},{"not_picked":["Reflex","Prepared+1","Expertise"],"picked":"Blade Dance","floor":25.0},{"not_picked":["Bane","Infinite Blades","Deflect","Outmaneuver"],"picked":"SKIP","floor":27.0},{"not_picked":["Poisoned Stab","Noxious Fumes","Slice"],"picked":"Footwork","floor":28},{"not_picked":["Heel Hook","Caltrops","Flying Knee"],"picked":"Accuracy","floor":31}],"player_experience":3484775,"relics_obtained":[{"floor":9.0,"key":"Question Card"},{"floor":11.0,"key":"Bird Faced Urn"},{"floor":13.0,"key":"Ancient Tea Set"},{"floor":24.0,"key":"Meat on the Bone"},{"floor":26.0,"key":"HornCleat"},{"floor":27.0,"key":"Art of War"},{"floor":31,"key":"Lantern"}],"event_choices":[{"damage_healed":0.0,"max_hp_gain":0.0,"max_hp_loss":0.0,"gold_gain":0.0,"event_name":"Scrap Ooze","player_choice":"Success","floor":2.0,"gold_loss":0.0,"damage_taken":11.0,"relics_obtained":["Dead Branch"]},{"cards_removed":["Strike_G"],"damage_healed":0.0,"max_hp_gain":0.0,"max_hp_loss":0.0,"gold_gain":0.0,"event_name":"Bonfire Elementals","player_choice":"Offered Basic","floor":3.0,"gold_loss":0.0,"damage_taken":0.0},{"damage_healed":0.0,"max_hp_gain":0.0,"max_hp_loss":0.0,"gold_gain":0.0,"event_name":"Nest","player_choice":"Joined the Cult","floor":21.0,"gold_loss":0.0,"damage_taken":6.0,"cards_obtained":["RitualDagger"]}],"is_beta":false,"boss_relics":[{"not_picked":["Runic Dome","Coffee Dripper"],"picked":"WristBlade"}],"items_purged_floors":[30],"is_endless":false,"potions_floor_spawned":[1,7,16,18,22,24,25],"killed_by":"Champ","ascension_level":20}}