{"host":"6h53a8yusadhw57r","time":1613920038,"event":{"mods":["BaseMod","Infinite Spire","KomeijiMod","Minty Spire (QoL Compilation)","StSLib"],"gold_per_floor":[116,134,134,134,134,175,191,207,289,289,304,330,330,354,354,473,473,488,244,121,137,152,152,167,167,167,167,192,192,192],"floor_reached":29,"language":"FRA","playtime":3978,"items_purged":[],"score":328,"play_id":"411c1e13-3b2e-4745-9fb1-d5aaa2f2e6c1","local_time":"20210221160718","is_ascension_mode":true,"campfire_choices":[{"data":"SenseofElegance","floor":10.0,"key":"SMITH"},{"data":"SenseofElegance+1","floor":13.0,"key":"SMITH"},{"floor":15.0,"key":"RECALL"},{"data":"SenseofElegance+2","floor":23,"key":"SMITH"},{"data":"SenseofElegance+3","floor":25,"key":"SMITH"}],"circlet_count":0,"master_deck":["Strike_Komeiji","Strike_Komeiji","Strike_Komeiji","Strike_Komeiji","Defend_Komeiji","Defend_Komeiji","Defend_Komeiji","Defend_Komeiji","Dash_Komeiji+1","BlessingOfTime","SenseofElegance+4","SeekerDolls","NingyouSousou+1","NingyouFukuhei+1","OoedoNingyou+1","LunaDial","DemonLordCradle+1","SuitokuNoKyoryu","MakuraSeki"],"relics":["KomeijisEye","SpellCardsRule","MusicBox","NeowsBlessing","Golden Idol","TungstenRod","Blue Candle","infinitespire:PuzzleCube","ReiryokuShyu","GoodDreamPillow","Incense Burner","LinkosWocchi"],"acts_visited":["Exordium","TheCity"],"potions_floor_usage":[28,29,29],"damage_taken":[{"damage":0.0,"enemies":"2 Louse","floor":1.0,"turns":1.0},{"damage":0.0,"enemies":"Small Slimes","floor":2.0,"turns":1.0},{"damage":0.0,"enemies":"Lagavulin","floor":6.0,"turns":1.0},{"damage":6.0,"enemies":"Jaw Worm","floor":7.0,"turns":6.0},{"damage":18.0,"enemies":"Exordium Thugs","floor":8.0,"turns":36.0},{"damage":1.0,"enemies":"Looter","floor":11.0,"turns":4.0},{"damage":0.0,"enemies":"2 Fungi Beasts","floor":14.0,"turns":7.0},{"damage":14.0,"enemies":"Hexaghost","floor":16.0,"turns":18.0},{"damage":3.0,"enemies":"Spheric Guardian","floor":18.0,"turns":7.0},{"damage":0.0,"enemies":"Chosen","floor":21.0,"turns":7.0},{"damage":19,"enemies":"Centurion and Healer","floor":22,"turns":14},{"damage":14,"enemies":"Snake Plant","floor":24,"turns":5},{"damage":10,"enemies":"Chosen and Byrds","floor":28,"turns":5},{"damage":23,"enemies":"Cultist and Chosen","floor":29,"turns":5}],"seed_played":"-3654182914856450991","potions_obtained":[{"floor":2.0,"key":"SmokeBomb"},{"floor":6.0,"key":"CultistPotion"},{"floor":11.0,"key":"PowerPotion"},{"floor":14.0,"key":"Dexterity Potion"},{"floor":18.0,"key":"SkillPotion"},{"floor":22,"key":"DuplicationPotion"}],"is_trial":false,"path_per_floor":["M","M","?","?","?","E","M","M","T","R","M","T","R","M","R","B",null,"M","?","?","M","M","R","M","R","T","?","M","M"],"character_chosen":"KomeijiSatori","items_purchased":[],"campfire_rested":0,"item_purchase_floors":[],"current_hp_per_floor":[45,45,33,33,38,38,32,54,54,54,53,53,53,53,53,39,51,48,48,48,48,29,29,15,15,15,15,5,0,0],"gold":192,"neow_bonus":"THREE_ENEMY_KILL","is_daily":false,"chose_seed":false,"campfire_upgraded":4,"win_rate":0.0,"timestamp":1613920038,"path_taken":["M","M","?","?","?","E","M","M","T","R","M","?","R","M","R","BOSS","M","?","?","M","M","R","M","R","T","?","M","M"],"items_purchased_type":[],"build_version":"2020-12-22","purchased_purges":0,"victory":false,"max_hp_per_floor":[50,50,50,50,55,55,55,55,55,55,55,55,55,55,55,55,55,55,55,55,55,55,55,55,55,55,55,55,55,55],"card_choices":[{"not_picked":["Sabishigari+1","SeekerWire+1","HagoromoMizu"],"picked":"SKIP","floor":1.0},{"not_picked":["SenyouGoraku+1","SuitokuNoKyoryu"],"picked":"SenseofElegance","floor":2.0},{"not_picked":["NingyouKisou+1","MusuNoYume","YuumeiNoKurin"],"picked":"SKIP","floor":6.0},{"not_picked":["NingyouShinki+1","VampireKiss"],"picked":"SeekerDolls","floor":7.0},{"not_picked":["ShyakuBuku","KinbakuJin+1"],"picked":"NingyouSousou+1","floor":8.0},{"not_picked":["SeekerDolls","NingyouKasou+1"],"picked":"NingyouFukuhei+1","floor":11.0},{"not_picked":["NingyouSP+1","YoukiSo+1"],"picked":"OoedoNingyou+1","floor":14.0},{"not_picked":["YuumeiNoKurin","JigokuNoTaiyou"],"picked":"LunaDial","floor":16.0},{"not_picked":["Melting+1","RoshinSou+1","OoedoNingyou+1"],"picked":"SKIP","floor":18.0},{"not_picked":["SenseofElegance+1","NingyouSP+1","JyouchiJin+1"],"picked":"SKIP","floor":21},{"not_picked":["NingyouShinki+1","KeiseiJin+1"],"picked":"DemonLordCradle+1","floor":22},{"not_picked":["HagoromoMizu","GroundStardust+1"],"picked":"SuitokuNoKyoryu","floor":24},{"not_picked":["NingyouSP+1","DemonLordCradle+1"],"picked":"MakuraSeki","floor":28}],"player_experience":410099,"relics_obtained":[{"floor":6.0,"key":"TungstenRod"},{"floor":9.0,"key":"Blue Candle"},{"floor":12.0,"key":"infinitespire:PuzzleCube"},{"floor":26,"key":"Incense Burner"}],"event_choices":[{"damage_healed":0.0,"max_hp_gain":0.0,"max_hp_loss":0.0,"gold_gain":0.0,"event_name":"Golden Idol","player_choice":"Take Damage","floor":3.0,"gold_loss":0.0,"damage_taken":12.0,"relics_obtained":["Golden Idol"]},{"damage_healed":0.0,"max_hp_gain":0.0,"max_hp_loss":0.0,"gold_gain":0.0,"event_name":"Living Wall","player_choice":"Grow","floor":4.0,"gold_loss":0.0,"damage_taken":0.0,"cards_upgraded":["Dash_Komeiji"]},{"damage_healed":0.0,"max_hp_gain":5.0,"max_hp_loss":0.0,"gold_gain":0.0,"event_name":"Big Fish","player_choice":"Donut","floor":5.0,"gold_loss":0.0,"damage_taken":0.0}],"is_beta":false,"boss_relics":[{"not_picked":["Cursed Key","Runic Pyramid"],"picked":"ReiryokuShyu"}],"items_purged_floors":[],"is_endless":false,"potions_floor_spawned":[2,6,11,14,18,22,24],"killed_by":"Cultist and Chosen","ascension_level":6}}