{"host":"kohf7n3ssja803w1","time":1613875309,"event":{"mods":["100% Spire Juice","Act Like it!","BaseMod","CapriCore","Friendly Minions","Marisa£¨Ùöéë¡¡Øª×âÞÞ£©","Minty Spire (QoL Compilation)","Prisma Mod","Replay The Spire","Ruina","StSLib","Td1madao Mod","The Gatherer","The Immortal","The Jungle","The Marked","The Runesmith","WarShipGirlsR/??á´Ò³R mod"],"gold_per_floor":[113,188,188,188,204,231,241,241,266,279,56,90,90,160,160,160,160],"floor_reached":16,"language":"KOR","playtime":1402,"items_purged":[],"score":135,"play_id":"96ed60f3-7970-4b17-9672-c285cc2b133d","local_time":"20210221114149","is_ascension_mode":false,"campfire_choices":[{"floor":15,"key":"RECALL"}],"circlet_count":0,"master_deck":["Moonworks:Strike+1","Moonworks:Strike","Moonworks:Strike","Moonworks:Strike","Moonworks:Defend","Moonworks:Defend","Moonworks:Defend","Moonworks:Defend","Moonworks:Ambush","Moonworks:LongDistanceShot","Moonworks:DeployBits","Moonworks:NicePresent","Moonworks:RedAndBlue+1","Moonworks:DevilHand","Moonworks:EvilSpyWorkPreparation+1","Moonworks:x16BigRocket","Moonworks:EvilSpyWorkPreparation+1"],"relics":["Moonworks:BrokenBomb","Moonworks:Homemark","NeowsBlessing","Toxic Egg 2","Nunchaku","Replay:Mystery Machine"],"acts_visited":["Exordium"],"potions_floor_usage":[16],"damage_taken":[{"damage":0.0,"enemies":"Small Slimes","floor":1.0,"turns":1.0},{"damage":0.0,"enemies":"Jaw Worm","floor":5.0,"turns":1.0},{"damage":0.0,"enemies":"Gremlin Nob","floor":6.0,"turns":1.0},{"damage":0.0,"enemies":"Cultist","floor":7.0,"turns":3.0},{"damage":2.0,"enemies":"Exordium Thugs","floor":10.0,"turns":4.0},{"damage":0.0,"enemies":"Blue Slaver","floor":11.0,"turns":2.0},{"damage":11.0,"enemies":"3 Sentries","floor":12.0,"turns":5.0},{"damage":39,"enemies":"The Guardian","floor":16,"turns":8}],"seed_played":"-5531846440095365418","potions_obtained":[{"floor":7.0,"key":"Block Potion"},{"floor":11.0,"key":"PowerPotion"}],"is_trial":false,"path_per_floor":["M","?","?","$","M","E","M","T","T","M","M","E","$","?","R","B"],"character_chosen":"THE_STARBREAKER","items_purchased":[],"campfire_rested":0,"item_purchase_floors":[],"current_hp_per_floor":[60,49,49,49,49,49,49,49,49,47,47,38,38,38,38,0,0],"gold":160,"neow_bonus":"THREE_ENEMY_KILL","is_daily":false,"chose_seed":false,"campfire_upgraded":0,"win_rate":0.0,"timestamp":1613875309,"path_taken":["M","?","?","?","M","E","?","?","T","M","M","E","?","?","R","BOSS"],"items_purchased_type":[],"build_version":"2020-12-22","purchased_purges":0,"victory":false,"max_hp_per_floor":[60,60,60,60,60,60,60,60,60,60,60,60,60,60,60,60,60],"card_choices":[{"not_picked":["Moonworks:ImOnFire","Moonworks:SelfDestruct"],"picked":"Moonworks:DeployBits","floor":1.0},{"not_picked":["Moonworks:CastOff","Moonworks:UnpaidWork"],"picked":"Moonworks:NicePresent","floor":5.0},{"not_picked":["Moonworks:CookingTime","Moonworks:JonathanRush"],"picked":"Moonworks:RedAndBlue+1","floor":6.0},{"not_picked":["Moonworks:SakisCookie+1","Moonworks:SealedMemories+1"],"picked":"Moonworks:DevilHand","floor":7.0},{"not_picked":["Moonworks:Assault","Moonworks:DeployBits+1"],"picked":"Moonworks:EvilSpyWorkPreparation+1","floor":10.0},{"not_picked":["Moonworks:ImmovableObject+1","Moonworks:EvilSpyWorkPreparation+1"],"picked":"Moonworks:x16BigRocket","floor":11.0},{"not_picked":["Moonworks:Dash+1","Moonworks:CloudOfSeagulls"],"picked":"Moonworks:EvilSpyWorkPreparation+1","floor":12.0}],"player_experience":418361,"relics_obtained":[{"floor":6.0,"key":"Toxic Egg 2"},{"floor":9.0,"key":"Nunchaku"},{"floor":12.0,"key":"Replay:Mystery Machine"}],"event_choices":[{"damage_healed":0.0,"max_hp_gain":0.0,"max_hp_loss":0.0,"gold_gain":75.0,"event_name":"World of Goop","player_choice":"Gather Gold","floor":2.0,"gold_loss":0.0,"damage_taken":11.0},{"damage_healed":0.0,"max_hp_gain":0.0,"max_hp_loss":0.0,"gold_gain":70.0,"event_name":"Golden Wing","player_choice":"Gained Gold","floor":14.0,"gold_loss":0.0,"damage_taken":0.0}],"is_beta":false,"boss_relics":[],"items_purged_floors":[],"is_endless":false,"potions_floor_spawned":[7,11],"killed_by":"The Guardian","ascension_level":0}}