{"host":"8vqkh0x3c7vpgzzm","time":1613901238,"event":{"mods":["AchievementEnabler","BaseMod","Colored Map","Colored Powertips","Curses Come First","DeckTracker","Highlight Path","Minty Spire (QoL Compilation)","Permanent Neow","Quick Restart","Random Character Mod","Rare Cards Sparkle","Relic Sorter","Relic Stats","StSLib","SuperFastMode","Unceasing Turn Reminder","egg","everything is the same but u backflip on backflip"],"gold_per_floor":[116,128,128,147,42,70,70,88,156,183,208,208,208,225,225,299,299,309,326,47,58,69,69,100,100,126,144,174,191,116,116,116],"floor_reached":31,"language":"ENG","playtime":1394,"items_purged":["Strike_G","Pain"],"score":560,"play_id":"be03d115-3ee4-42e7-be32-3c5667b305a1","local_time":"20210221105358","is_ascension_mode":true,"campfire_choices":[{"data":"Neutralize","floor":7,"key":"SMITH"},{"floor":13,"key":"REST"},{"floor":15,"key":"REST"},{"floor":23,"key":"REST"},{"floor":25,"key":"REST"}],"circlet_count":0,"master_deck":["AscendersBane","Strike_G","Strike_G","Strike_G","Defend_G","Defend_G","Defend_G","Defend_G","Survivor","Neutralize+1","Flying Knee","Footwork","Noxious Fumes","Sucker Punch","Predator","Masterful Stab","Caltrops+1","A Thousand Cuts+1","Cloak And Dagger","Well Laid Plans+1","Flash of Steel","Backstab","Bullet Time","Dagger Throw","PiercingWail","Deadly Poison+1"],"relics":["Ring of the Snake","NeowsBlessing","Ginger","Frozen Egg 2","Regal Pillow","Orichalcum","WarpedTongs","Fusion Hammer","Eternal Feather","Blood Vial","Sundial"],"acts_visited":["Exordium","TheCity"],"potions_floor_usage":[10,16,24,24,24,24,24,28],"damage_taken":[{"damage":0,"enemies":"Small Slimes","floor":1,"turns":1},{"damage":0,"enemies":"Cultist","floor":2,"turns":1},{"damage":0,"enemies":"Jaw Worm","floor":4,"turns":1},{"damage":20,"enemies":"3 Sentries","floor":6,"turns":9},{"damage":3,"enemies":"Large Slime","floor":8,"turns":5},{"damage":32,"enemies":"Lagavulin","floor":10,"turns":9},{"damage":16,"enemies":"Gremlin Gang","floor":14,"turns":4},{"damage":39,"enemies":"Hexaghost","floor":16,"turns":9},{"damage":17,"enemies":"Shell Parasite","floor":18,"turns":7},{"damage":3,"enemies":"Chosen","floor":19,"turns":4},{"damage":8,"enemies":"Snecko","floor":21,"turns":4},{"damage":7,"enemies":"3 Cultists","floor":22,"turns":5},{"damage":16,"enemies":"Slavers","floor":24,"turns":6},{"damage":13,"enemies":"Centurion and Healer","floor":27,"turns":6},{"damage":22,"enemies":"Gremlin Leader","floor":28,"turns":6},{"damage":27,"enemies":"Snake Plant","floor":29,"turns":4},{"damage":15,"enemies":"Sentry and Sphere","floor":31,"turns":2}],"seed_played":"-1829042309048884369","potions_obtained":[{"floor":4,"key":"CultistPotion"},{"floor":8,"key":"EssenceOfSteel"},{"floor":16,"key":"AttackPotion"},{"floor":18,"key":"GhostInAJar"},{"floor":19,"key":"EntropicBrew"}],"is_trial":false,"path_per_floor":["M","M","?","M","$","E","R","M","T","E","T","?","R","M","R","B",null,"M","M","$","M","M","R","E","R","T","M","E","M","?","M"],"character_chosen":"THE_SILENT","items_purchased":["Sucker Punch","Well Laid Plans+1","Flash of Steel"],"campfire_rested":4,"item_purchase_floors":[5,20,20],"current_hp_per_floor":[59,59,59,59,59,39,39,36,36,4,4,4,38,22,56,17,54,37,34,34,26,19,53,37,66,66,53,33,8,8,0,0],"gold":116,"neow_bonus":"THREE_ENEMY_KILL","is_daily":false,"chose_seed":false,"campfire_upgraded":1,"win_rate":0.0,"timestamp":1613901238,"path_taken":["M","M","?","?","$","E","R","?","T","E","?","?","R","M","R","BOSS","M","?","$","M","?","R","E","R","T","M","E","?","?","M"],"items_purchased_type":["Card","Card","Card"],"build_version":"2020-12-22","purchased_purges":2,"victory":false,"max_hp_per_floor":[66,66,66,66,66,66,66,66,66,66,66,66,66,66,66,66,66,66,66,66,66,66,66,66,66,66,66,66,66,66,66,66],"relic_stats":{"Blood Vial":6,"Regal Pillow":45,"counters":[17,83],"Sundial":[0],"Eternal Feather":12,"Ginger":[12],"Orichalcum":[78],"obtain_stats":[{"Blood Vial":26,"Regal Pillow":10,"NeowsBlessing":0,"Sundial":28,"Eternal Feather":24,"Fusion Hammer":17,"Ginger":6,"Frozen Egg 2":9,"Orichalcum":11,"Ring of the Snake":0,"WarpedTongs":12},{"Blood Vial":13,"Regal Pillow":6,"NeowsBlessing":0,"Sundial":15,"Eternal Feather":13,"Fusion Hammer":8,"Ginger":4,"Frozen Egg 2":5,"Orichalcum":6,"Ring of the Snake":0,"WarpedTongs":6},{"Blood Vial":65,"Regal Pillow":26,"NeowsBlessing":0,"Sundial":77,"Eternal Feather":65,"Fusion Hammer":39,"Ginger":12,"Frozen Egg 2":17,"Orichalcum":26,"Ring of the Snake":0,"WarpedTongs":26}],"Ring of the Snake":[34],"WarpedTongs":[57]},"card_choices":[{"not_picked":["Dagger Throw","Sucker Punch"],"picked":"Flying Knee","floor":1},{"not_picked":["Crippling Poison","Outmaneuver"],"picked":"Footwork","floor":2},{"not_picked":["Reflex","PiercingWail"],"picked":"Noxious Fumes","floor":4},{"not_picked":["Slice","Prepared"],"picked":"Predator","floor":6},{"not_picked":["Bouncing Flask","Deadly Poison"],"picked":"Masterful Stab","floor":8},{"not_picked":["Storm of Steel","Well Laid Plans+1"],"picked":"Caltrops+1","floor":10},{"not_picked":["Bane","Predator","Tactician"],"picked":"SKIP","floor":14},{"not_picked":["Venomology","Tools of the Trade+1"],"picked":"A Thousand Cuts+1","floor":16},{"not_picked":["Poisoned Stab","Deflect"],"picked":"Cloak And Dagger","floor":18},{"not_picked":["Bane","Outmaneuver+1","Skewer"],"picked":"SKIP","floor":19},{"not_picked":["Expertise","Underhanded Strike","Endless Agony"],"picked":"SKIP","floor":21},{"not_picked":["Expertise","Prepared"],"picked":"Backstab","floor":22},{"not_picked":["PiercingWail+1","Poisoned Stab"],"picked":"Bullet Time","floor":24},{"not_picked":["Deflect","Dodge and Roll"],"picked":"Dagger Throw","floor":27},{"not_picked":["Bullet Time","Eviscerate"],"picked":"PiercingWail","floor":28},{"not_picked":["Dodge and Roll","Bane"],"picked":"Deadly Poison+1","floor":29}],"player_experience":593750,"relics_obtained":[{"floor":6,"key":"Ginger"},{"floor":9,"key":"Frozen Egg 2"},{"floor":10,"key":"Regal Pillow"},{"floor":11,"key":"Orichalcum"},{"floor":24,"key":"Eternal Feather"},{"floor":26,"key":"Blood Vial"},{"floor":28,"key":"Sundial"}],"event_choices":[{"cards_removed":["Defend_G"],"damage_healed":0,"gold_gain":0,"player_choice":"Purged","damage_taken":0,"max_hp_gain":0,"max_hp_loss":0,"event_name":"Purifier","floor":3,"gold_loss":0},{"damage_healed":0,"gold_gain":0,"player_choice":"Rummage","damage_taken":0,"relics_obtained":["WarpedTongs"],"max_hp_gain":0,"max_hp_loss":0,"event_name":"Accursed Blacksmith","floor":12,"gold_loss":0,"cards_obtained":["Pain"]},{"cards_removed":["Strike_G"],"damage_healed":0,"gold_gain":0,"player_choice":"Gave Gold","damage_taken":0,"max_hp_gain":0,"max_hp_loss":0,"event_name":"Beggar","floor":30,"gold_loss":75}],"is_beta":false,"boss_relics":[{"not_picked":["Calling Bell","SlaversCollar"],"picked":"Fusion Hammer"}],"items_purged_floors":[5,20],"is_endless":false,"potions_floor_spawned":[4,8,16,18,19,21],"killed_by":"Sentry and Sphere","ascension_level":19}}