{"host":"n95r2z13dwkl182w","time":1613897137,"event":{"mods":["2.2 Compatiblity","AchievementEnabler","BaseMod","Colored Map","Hermit","Marisa£¨Ùöéë¡¡Øª×âÞÞ£©","Minty Spire (QoL Compilation)","StSLib","SuperFastMode","The Poker Player","everything is the same but u backflip on backflip"],"gold_per_floor":[115,115,125,125,225,250,250,270,270,270,303,378,390,402,402,500,500,510,211,211,136,136,136,61,61,109,109,119,119,119,119],"floor_reached":30,"language":"KOR","playtime":402,"items_purged":["Writhe"],"score":377,"play_id":"b4c7b9e6-206d-46b7-885c-f5615d3c6d26","local_time":"20210221174537","is_ascension_mode":true,"campfire_choices":[{"data":"Bash","floor":7.0,"key":"SMITH"},{"data":"Pommel Strike","floor":15.0,"key":"SMITH"},{"data":"Ghostly","floor":23.0,"key":"SMITH"},{"data":"Ghostly","floor":25.0,"key":"SMITH"},{"data":"Ghostly","floor":29.0,"key":"SMITH"}],"circlet_count":0,"master_deck":["Defend_R","Defend_R","Defend_R","Defend_R","Bash+1","Perfected Strike","Cleave","Pommel Strike+1","Twin Strike","Feed","Ghostly+1","Ghostly+1","Ghostly+1","Ghostly","Ghostly","Bite","Bite","Bite","Bite","Bite"],"relics":["Burning Blood","NeowsBlessing","Mummified Hand","HornCleat","Self Forming Clay","Mark of Pain","HandDrill","Regal Pillow","Art of War"],"acts_visited":["Exordium","TheCity"],"potions_floor_usage":[],"damage_taken":[{"damage":0.0,"enemies":"Small Slimes","floor":1.0,"turns":1.0},{"damage":0.0,"enemies":"Cultist","floor":3.0,"turns":1.0},{"damage":0.0,"enemies":"Lagavulin","floor":6.0,"turns":1.0},{"damage":3.0,"enemies":"2 Louse","floor":8.0,"turns":2.0},{"damage":0.0,"enemies":"Gremlin Nob","floor":11.0,"turns":3.0},{"damage":0.0,"enemies":"Large Slime","floor":13.0,"turns":4.0},{"damage":8.0,"enemies":"Blue Slaver","floor":14.0,"turns":3.0},{"damage":52.0,"enemies":"Hexaghost","floor":16.0,"turns":9.0},{"damage":19.0,"enemies":"Spheric Guardian","floor":18.0,"turns":4.0},{"damage":12.0,"enemies":"Shell Parasite","floor":28.0,"turns":6.0},{"damage":0,"enemies":"Gremlin Leader","floor":30,"turns":1}],"seed_played":"-5957259198334141744","potions_obtained":[{"floor":8.0,"key":"SneckoOil"},{"floor":11.0,"key":"ColorlessPotion"},{"floor":18.0,"key":"Energy Potion"}],"is_trial":false,"path_per_floor":["M","$","M","$","?","E","R","M","T","?","E","?","M","M","R","B",null,"M","$","?","?","?","R","$","R","T","?","M","R","E"],"character_chosen":"IRONCLAD","items_purchased":["HandDrill","Blood Vial"],"campfire_rested":0,"item_purchase_floors":[19,19],"current_hp_per_floor":[80,80,80,80,80,80,80,80,80,80,80,69,75,73,73,27,80,70,70,41,41,41,41,41,41,41,41,41,41,41,41],"gold":119,"neow_bonus":"THREE_ENEMY_KILL","is_daily":false,"chose_seed":false,"campfire_upgraded":5,"win_rate":0.0,"timestamp":1613897137,"path_taken":["M","$","M","$","?","E","R","?","T","?","E","?","M","M","R","BOSS","M","$","?","?","?","R","?","R","T","?","M","R","E"],"items_purchased_type":["Relic","Relic"],"build_version":"2020-12-22","purchased_purges":1,"victory":false,"max_hp_per_floor":[80,80,80,80,80,80,80,80,80,80,80,80,80,80,80,80,80,83,83,41,41,41,41,41,41,41,41,41,41,41,41],"card_choices":[{"not_picked":["Flex","Clash"],"picked":"Perfected Strike","floor":1.0},{"not_picked":["Warcry","Dropkick"],"picked":"Cleave","floor":3.0},{"not_picked":["Ghostly Armor","True Grit","Spot Weakness"],"picked":"SKIP","floor":6.0},{"not_picked":["Shrug It Off","Sword Boomerang"],"picked":"Pommel Strike","floor":8.0},{"not_picked":["Cleave","Anger","Disarm"],"picked":"SKIP","floor":11.0},{"not_picked":["Reaper","Metallicize","Infernal Blade"],"picked":"SKIP","floor":13.0},{"not_picked":["Shockwave","Clash"],"picked":"Twin Strike","floor":14.0},{"not_picked":["Double Tap","Impervious"],"picked":"Feed","floor":16.0},{"not_picked":["Spot Weakness","Disarm+1","Blood for Blood"],"picked":"SKIP","floor":18.0},{"not_picked":["Cleave","Dark Embrace","Pummel"],"picked":"SKIP","floor":28.0}],"player_experience":93072,"relics_obtained":[{"floor":6.0,"key":"Mummified Hand"},{"floor":9.0,"key":"HornCleat"},{"floor":11.0,"key":"Self Forming Clay"},{"floor":26.0,"key":"Art of War"}],"event_choices":[{"damage_healed":0.0,"max_hp_gain":0.0,"max_hp_loss":0.0,"gold_gain":100.0,"event_name":"Golden Shrine","player_choice":"Pray","floor":5.0,"gold_loss":0.0,"damage_taken":0.0},{"damage_healed":0.0,"max_hp_gain":0.0,"max_hp_loss":0.0,"gold_gain":0.0,"event_name":"Dead Adventurer","player_choice":"Searched \u00270\u0027 times","floor":10.0,"gold_loss":0.0,"damage_taken":0.0},{"damage_healed":0.0,"max_hp_gain":0.0,"max_hp_loss":0.0,"gold_gain":75.0,"event_name":"World of Goop","player_choice":"Gather Gold","floor":12.0,"gold_loss":0.0,"damage_taken":11.0},{"damage_healed":0.0,"max_hp_gain":0.0,"max_hp_loss":42.0,"gold_gain":0.0,"event_name":"Ghosts","player_choice":"Became a Ghost","floor":20.0,"gold_loss":0.0,"damage_taken":0.0,"cards_obtained":["Ghostly","Ghostly","Ghostly","Ghostly","Ghostly"]},{"cards_removed":["Strike_R"],"damage_healed":0.0,"max_hp_gain":0.0,"max_hp_loss":0.0,"gold_gain":0.0,"event_name":"Beggar","player_choice":"Gave Gold","floor":21.0,"gold_loss":75.0,"damage_taken":0.0},{"damage_healed":0.0,"max_hp_gain":0.0,"max_hp_loss":0.0,"gold_gain":0.0,"event_name":"The Mausoleum","player_choice":"Opened","floor":22.0,"gold_loss":0.0,"damage_taken":0.0,"relics_obtained":["Regal Pillow"],"cards_obtained":["Writhe"]},{"damage_healed":0.0,"max_hp_gain":0.0,"max_hp_loss":0.0,"gold_gain":0.0,"event_name":"Vampires","player_choice":"Became a vampire (Vial)","floor":27.0,"relics_lost":["Blood Vial"],"gold_loss":0.0,"damage_taken":0.0,"cards_obtained":["Bite","Bite","Bite","Bite","Bite"]}],"is_beta":false,"boss_relics":[{"not_picked":["Busted Crown","Velvet Choker"],"picked":"Mark of Pain"}],"items_purged_floors":[24],"is_endless":false,"potions_floor_spawned":[8,11,18],"killed_by":"Gremlin Leader","ascension_level":3}}