{"host":"r4yhuzs0e1z69tr3","time":1613929949,"event":{"mods":["BaseMod","Minty Spire (QoL Compilation)","Rare Cards Sparkle"],"gold_per_floor":[117,117,136,148,0,0,19,32,32,64,77,88,88,88,88,212,212,233,533,513,528,528,528,528,548,573,597,472,491,509,525,525,654,654,669,305,305,55,55,55,99,99,99,118,131,144,144,165,165,165],"floor_reached":51,"language":"ENG","playtime":2985,"items_purged":["Writhe"],"score":683,"play_id":"65eb638b-19db-4261-8076-69269d36c6a8","local_time":"20210221125229","is_ascension_mode":false,"campfire_choices":[{"data":"WindmillStrike","floor":6,"key":"SMITH"},{"data":"Establishment","floor":13,"key":"SMITH"},{"data":"Worship","floor":15,"key":"SMITH"},{"data":"WindmillStrike","floor":24,"key":"SMITH"},{"data":"Eruption","floor":32,"key":"SMITH"},{"data":"Devotion","floor":40,"key":"SMITH"},{"data":"Swivel","floor":42,"key":"SMITH"},{"floor":49,"key":"REST"}],"circlet_count":0,"master_deck":["Strike_P","Strike_P","Strike_P","Strike_P","Defend_P","Defend_P","Defend_P","Eruption+1","Vigilance","CurseOfTheBell","Prostrate","WindmillStrike+1","EmptyBody","Worship+1","Swivel+1","CrushJoints","WheelKick","WindmillStrike+1","CutThroughFate","Establishment+1","EmptyFist","Brilliance","FollowUp+1","Indignation","SashWhip","Brilliance","BattleHymn+1","Ragnarok","Devotion+1","Crescendo","Secret Technique"],"relics":["Calling Bell","Tiny Chest","Meat on the Bone","Shovel","Orrery","The Courier","Ornamental Fan","Golden Idol","Sozu","Old Coin","Bronze Scales","Lizard Tail","Regal Pillow","Busted Crown","Mercury Hourglass","FossilizedHelix","Orichalcum","Shuriken","Pear"],"acts_visited":["Exordium","TheCity","TheBeyond"],"potions_floor_usage":[10,16,16,25],"damage_taken":[{"damage":5,"enemies":"Cultist","floor":1,"turns":6},{"damage":3,"enemies":"Small Slimes","floor":3,"turns":6},{"damage":0,"enemies":"2 Louse","floor":4,"turns":3},{"damage":14,"enemies":"Exordium Thugs","floor":7,"turns":5},{"damage":2,"enemies":"Lots of Slimes","floor":8,"turns":5},{"damage":22,"enemies":"3 Sentries","floor":10,"turns":7},{"damage":0,"enemies":"Large Slime","floor":11,"turns":4},{"damage":5,"enemies":"Looter","floor":12,"turns":4},{"damage":21,"enemies":"Slime Boss","floor":16,"turns":11},{"damage":0,"enemies":"Spheric Guardian","floor":18,"turns":3},{"damage":3,"enemies":"3 Byrds","floor":21,"turns":4},{"damage":14,"enemies":"3 Cultists","floor":25,"turns":6},{"damage":17,"enemies":"Snake Plant","floor":27,"turns":4},{"damage":12,"enemies":"Chosen and Byrds","floor":29,"turns":5},{"damage":3,"enemies":"Snecko","floor":30,"turns":4},{"damage":9,"enemies":"Centurion and Healer","floor":31,"turns":5},{"damage":26,"enemies":"Champ","floor":33,"turns":7},{"damage":9,"enemies":"Orb Walker","floor":35,"turns":3},{"damage":25,"enemies":"Reptomancer","floor":41,"turns":6},{"damage":13,"enemies":"3 Darklings","floor":44,"turns":3},{"damage":33,"enemies":"4 Shapes","floor":45,"turns":4},{"damage":43,"enemies":"Sphere and 2 Shapes","floor":46,"turns":4},{"damage":10,"enemies":"3 Darklings","floor":48,"turns":3},{"damage":49,"enemies":"Donu and Deca","floor":50,"turns":7}],"seed_played":"3662675648711483176","potions_obtained":[{"floor":1,"key":"Swift Potion"},{"floor":7,"key":"ColorlessPotion"},{"floor":11,"key":"Regen Potion"},{"floor":16,"key":"Swift Potion"}],"is_trial":false,"path_per_floor":["M","?","M","M","$","R","M","M","T","E","M","M","R","?","R","B",null,"M","T","?","M","?","T","R","M","T","M","$","M","M","M","R","B",null,"M","$","?","$","?","R","E","R","T","M","M","M","T","M","R","B",null],"character_chosen":"WATCHER","items_purchased":["Orrery","Brilliance","Mercury Hourglass","Devotion","Crescendo","FossilizedHelix"],"campfire_rested":1,"item_purchase_floors":[5,28,36,36,36,38],"current_hp_per_floor":[67,67,64,64,64,64,50,48,48,38,38,45,45,45,45,39,67,67,67,67,64,64,64,64,50,50,45,45,45,42,45,45,31,67,58,58,58,58,67,67,42,42,42,41,20,24,34,36,74,37],"gold":165,"neow_bonus":"BOSS_RELIC","is_daily":false,"chose_seed":false,"campfire_upgraded":7,"win_rate":0.0,"timestamp":1613929949,"path_taken":["M","?","?","M","$","R","M","M","T","E","M","M","R","?","R","BOSS","M","?","?","?","?","?","R","M","T","M","$","M","M","M","R","BOSS","M","?","?","$","?","R","E","R","T","M","M","M","?","?","R","BOSS"],"items_purchased_type":["Relic","Card","Relic","Card","Card","Relic"],"build_version":"2020-12-22","purchased_purges":1,"victory":true,"max_hp_per_floor":[72,72,72,72,72,72,72,72,72,72,72,72,72,67,67,67,67,67,67,67,67,67,67,67,67,67,67,67,67,67,67,67,67,67,67,67,67,67,67,67,67,67,67,67,67,67,77,77,77,77],"card_choices":[{"not_picked":["WaveOfTheHand","Protect"],"picked":"Prostrate","floor":1},{"not_picked":["FlurryOfBlows","EmptyBody"],"picked":"WindmillStrike","floor":3},{"not_picked":["DeusExMachina","BattleHymn"],"picked":"EmptyBody","floor":4},{"not_picked":["BowlingBash","Consecrate"],"picked":"Worship","floor":5},{"not_picked":["Prostrate","FlurryOfBlows"],"picked":"Swivel","floor":5},{"not_picked":["FollowUp","Pray"],"picked":"CrushJoints","floor":5},{"not_picked":["DeceiveReality","BowlingBash"],"picked":"WheelKick","floor":5},{"not_picked":["Fasting2","LikeWater"],"picked":"WindmillStrike","floor":5},{"not_picked":["Adaptation","Evaluate","PathToVictory"],"picked":"SKIP","floor":7},{"not_picked":["BattleHymn","Consecrate"],"picked":"CutThroughFate","floor":8},{"not_picked":["Evaluate","Protect","FlyingSleeves"],"picked":"SKIP","floor":10},{"not_picked":["EmptyMind","Weave"],"picked":"Establishment","floor":11},{"not_picked":["BowlingBash","Halt"],"picked":"EmptyFist","floor":12},{"not_picked":["MasterReality","Blasphemy"],"picked":"Brilliance","floor":16},{"not_picked":["PathToVictory","SignatureMove"],"picked":"FollowUp+1","floor":18},{"not_picked":["ThirdEye","BowlingBash","Evaluate"],"picked":"SKIP","floor":21},{"not_picked":["CutThroughFate","Consecrate+1"],"picked":"Indignation","floor":25},{"not_picked":["JustLucky+1","BattleHymn"],"picked":"SashWhip","floor":27},{"not_picked":["FlurryOfBlows","WheelKick+1"],"picked":"BattleHymn+1","floor":29},{"not_picked":["EmptyFist+1","Consecrate","ForeignInfluence"],"picked":"SKIP","floor":30},{"not_picked":["FlyingSleeves","LessonLearned","ThirdEye+1"],"picked":"SKIP","floor":31},{"not_picked":["Blasphemy","LessonLearned"],"picked":"Ragnarok","floor":33},{"not_picked":["Protect"],"picked":"SKIP","floor":35},{"not_picked":[],"picked":"Secret Technique","floor":37},{"not_picked":["ForeignInfluence"],"picked":"SKIP","floor":41},{"not_picked":["FearNoEvil+1"],"picked":"SKIP","floor":44},{"not_picked":["InnerPeace+1"],"picked":"SKIP","floor":45},{"not_picked":["Consecrate"],"picked":"SKIP","floor":46},{"not_picked":["Crescendo+1"],"picked":"SKIP","floor":48}],"player_experience":141409,"relics_obtained":[{"floor":0,"key":"Tiny Chest"},{"floor":0,"key":"Meat on the Bone"},{"floor":0,"key":"Shovel"},{"floor":9,"key":"The Courier"},{"floor":10,"key":"Ornamental Fan"},{"floor":19,"key":"Old Coin"},{"floor":23,"key":"Lizard Tail"},{"floor":26,"key":"Regal Pillow"},{"floor":41,"key":"Orichalcum"},{"floor":43,"key":"Shuriken"},{"floor":47,"key":"Pear"}],"event_choices":[{"cards_removed":["Defend_P"],"damage_healed":0,"gold_gain":0,"player_choice":"Purged","damage_taken":0,"max_hp_gain":0,"max_hp_loss":0,"event_name":"Purifier","floor":2,"gold_loss":0},{"damage_healed":0,"gold_gain":0,"player_choice":"Lose Max HP","damage_taken":0,"relics_obtained":["Golden Idol"],"max_hp_gain":0,"max_hp_loss":5,"event_name":"Golden Idol","floor":14,"gold_loss":0},{"damage_healed":0,"gold_gain":0,"player_choice":"Bought 1 Potion","damage_taken":0,"max_hp_gain":0,"max_hp_loss":0,"event_name":"The Woman in Blue","floor":20,"gold_loss":0},{"damage_healed":0,"gold_gain":0,"player_choice":"Opened","damage_taken":0,"relics_obtained":["Bronze Scales"],"max_hp_gain":0,"max_hp_loss":0,"event_name":"The Mausoleum","floor":22,"gold_loss":0,"cards_obtained":["Writhe"]},{"damage_healed":0,"gold_gain":0,"player_choice":"Memory 1","damage_taken":0,"max_hp_gain":0,"max_hp_loss":0,"event_name":"SensoryStone","floor":37,"gold_loss":0},{"damage_healed":9,"gold_gain":0,"player_choice":"Full Heal","damage_taken":0,"max_hp_gain":0,"max_hp_loss":0,"event_name":"Wheel of Change","floor":39,"gold_loss":0}],"is_beta":false,"boss_relics":[{"not_picked":["Fusion Hammer","Ectoplasm"],"picked":"Sozu"},{"not_picked":["Coffee Dripper","Cursed Key"],"picked":"Busted Crown"}],"items_purged_floors":[28],"is_endless":false,"potions_floor_spawned":[1,7,11,16,21,25,29,33,45,46],"ascension_level":0}}