{"host":"3pgt7cyequ6zy3lm","time":1613934086,"event":{"mods":["Aspiration","BaseMod","Better Synergies","Bossed Relics","Colored Powertips","Conspire","Displayed Cursed Tome","Downfall","Energized Spire","Halation","Hubris","Infinite Spire","Minty Spire (QoL Compilation)","Quick Restart","Reliquary","Replay The Spire","Shop Mod","StSLib","SuperFastMode","The Construct","everything is the same but u backflip on backflip"],"gold_per_floor":[99,113,131,142,142,42,42,70,90,101,118,134,146,146,163,258,258,258,276,276,294,294,294,320,347,347,361,361,361,361,361,383,498,498,498,522,540,580,604,604,604,634,112,112,112,129,129,129,158,172,172,172],"floor_reached":50,"language":"RUS","playtime":6387,"items_purged":["champ:Defend"],"score":546,"play_id":"196dcb56-c816-4da0-9ca4-484c8701e1eb","local_time":"20210221220126","is_ascension_mode":false,"campfire_choices":[{"data":"champ:Taunt","floor":1.0,"key":"SMITH"},{"data":"champ:Improvising","floor":18,"key":"SMITH"},{"data":"champ:StanceDance","floor":26,"key":"SMITH"},{"data":"champ:FlashCut","floor":30,"key":"SMITH"},{"data":"Replay:SS_forest_2","floor":35,"key":"SMITH"},{"data":"expansioncontent:StudyTheSpire","floor":47,"key":"SMITH"}],"circlet_count":0,"master_deck":["champ:Strike","champ:Strike","champ:Strike","champ:Defend","champ:Defend+1","champ:Defend","champ:Execute","champ:Taunt+1","champ:FocusedDefense","champ:FlashCut+1","champ:ShieldSlam+1","champ:StanceDance+1","Replay:SS_forest_2+1","champ:Devastate","champ:BringItOn","champ:AdrenalArmor","champ:IronFortress","champ:Improvising+1","champ:Shatter","champ:StanceDance+1","champ:ShieldWall","champ:VampiricStrike","Footwork+1","expansioncontent:StudyTheSpire+1","Injury","Decay","ReplayTheSpireMod:Book of Names","hubris:NaturalOne"],"relics":["champ:ChampionCrown","hubris:Potato","Gremlin Food","Coffee Dripper","halation:PromiseList","hubris:Icosahedron","aspiration:HiddenCompartment","Juzu Bracelet","MutagenicStrength","infinitespire:Midas Blood","Medical Kit","ReplayTheSpireMod:TigerMarble","reliquary:HotPoker","aspiration:SilentSkillbook","infinitespire:Magic Flask","Art of War","MawBank","Darkstone Periapt"],"acts_visited":["Exordium","TheCity","TheBeyond"],"potions_floor_usage":[19,27,33,38,50],"damage_taken":[{"damage":10.0,"enemies":"Cultist","floor":2.0,"turns":3.0},{"damage":12,"enemies":"2 Louse","floor":3,"turns":4},{"damage":11,"enemies":"Jaw Worm","floor":4,"turns":3},{"damage":20,"enemies":"downfall:FleeingMerchant","floor":6,"turns":4},{"damage":25,"enemies":"Gremlin Nob","floor":8,"turns":6},{"damage":6,"enemies":"Exordium Wildlife","floor":9,"turns":7},{"damage":0,"enemies":"3 Louse","floor":10,"turns":3},{"damage":0,"enemies":"2 Fungi Beasts","floor":11,"turns":4},{"damage":0,"enemies":"downfall:LooterAlt","floor":12,"turns":3},{"damage":3,"enemies":"Gremlin Gang","floor":13,"turns":5},{"damage":8,"enemies":"Red Slaver","floor":15,"turns":4},{"damage":21,"enemies":"IC_STATUS_ARCHETYPE","floor":16,"turns":12},{"damage":0,"enemies":"Chosen","floor":19,"turns":4},{"damage":15,"enemies":"downfall:LooterAlt2","floor":21,"turns":4},{"damage":15,"enemies":"conspire:SneckoGhost","floor":25,"turns":7},{"damage":1,"enemies":"conspire:HollyBat","floor":27,"turns":7},{"damage":17,"enemies":"Cultist and Chosen","floor":32,"turns":5},{"damage":29,"enemies":"DF_ARCHETYPE_CLAW","floor":33,"turns":9},{"damage":18,"enemies":"3 Darklings","floor":36,"turns":5},{"damage":0,"enemies":"Orb Walker","floor":37,"turns":3},{"damage":28,"enemies":"conspire:MimicChest","floor":38,"turns":4},{"damage":7,"enemies":"4 Shapes","floor":39,"turns":6},{"damage":0,"enemies":"Giant Head","floor":42,"turns":9},{"damage":0,"enemies":"downfall:FleeingMerchant","floor":43,"turns":4},{"damage":16,"enemies":"Sphere and 2 Shapes","floor":46,"turns":3},{"damage":33,"enemies":"3 Darklings","floor":49,"turns":6},{"damage":164,"enemies":"WA_ARCHETYPE_DIVINITY","floor":50,"turns":9}],"seed_played":"6704715253191906687","potions_obtained":[{"floor":2,"key":"Fire Potion"},{"floor":3,"key":"Energy Potion"},{"floor":10,"key":"Block Potion"},{"floor":19,"key":"FairyPotion"},{"floor":32,"key":"LiquidBronze"},{"floor":33,"key":"champ:TechniquePotion"},{"floor":38,"key":"SkillPotion"},{"floor":46,"key":"champ:CounterPotion"}],"is_trial":false,"path_per_floor":["R","M","M","M","?","$","T","E","M","M","M","M","M","?","M","B",null,"R","M","?","M","?","?","T","E","R","M","?","AVR","R","$","M","B",null,"R","M","M","?","M","?","T","E","$","?","?","M","R","?","M","B"],"character_chosen":"THE_CHAMP","items_purchased":["Replay:SS_forest_2","Medical Kit","ReplayTheSpireMod:TigerMarble","reliquary:HotPoker","expansioncontent:StudyTheSpire","Darkstone Periapt"],"campfire_rested":0,"item_purchase_floors":[6,31,31,31,43,43],"current_hp_per_floor":[99,99,97,96,96,96,96,89,98,99,99,99,99,99,91,99,99,99,99,99,94,94,94,94,89,89,99,99,99,99,63,76,67,99,99,91,99,81,89,89,89,99,99,99,99,98,98,110,97,0,0,0],"gold":172,"neow_bonus":"TEN_PERCENT_HP_BONUS","is_daily":false,"chose_seed":false,"campfire_upgraded":6,"win_rate":0.0,"timestamp":1613934086,"path_taken":["R","M","M","M","?","$","T","E","M","?","M","?","M","?","M","BOSS","R","M","?","M","?","?","T","E","R","M","?","AVR","R","?","M","BOSS","R","M","M","?","M","?","T","E","$","?","?","M","R","?","M","BOSS"],"items_purchased_type":["Card","Relic","Relic","Relic","Card","Relic"],"build_version":"2020-12-22","purchased_purges":1,"victory":false,"max_hp_per_floor":[99,99,99,99,99,99,99,99,99,99,99,99,99,99,99,99,99,99,99,99,99,99,99,99,99,99,99,99,99,99,99,99,99,99,99,99,99,99,99,99,99,99,99,99,99,99,99,111,111,117,117,117],"card_choices":[{"not_picked":["champ:Backstep","champ:BerserkersShout"],"picked":"champ:FocusedDefense","floor":2},{"not_picked":["champ:FalseCounter","champ:Duel"],"picked":"champ:FlashCut","floor":3},{"not_picked":["champ:PreciseThrust","champ:SetATrap"],"picked":"champ:ShieldSlam","floor":4},{"not_picked":["champ:Circumvent","champ:GladiatorStyle"],"picked":"champ:StanceDance","floor":6},{"not_picked":["champ:GladiatorForm","champ:EnGarde"],"picked":"champ:Devastate","floor":8},{"not_picked":["champ:StanceDance","champ:RapidStrikes","champ:PerfectedStrike"],"picked":"SKIP","floor":9},{"not_picked":["champ:Circumvent","champ:Haymaker","champ:CrownThrow"],"picked":"SKIP","floor":10},{"not_picked":["champ:FanOfKnives","champ:PerfectedStrike"],"picked":"champ:BringItOn","floor":11},{"not_picked":["champ:EnGarde","champ:GutPunch"],"picked":"champ:AdrenalArmor","floor":12},{"not_picked":["champ:GladiatorStyle","champ:Circumvent","champ:RisingSlash"],"picked":"SKIP","floor":13},{"not_picked":["champ:RisingSlash","champ:FocusedDefense"],"picked":"champ:IronFortress","floor":15},{"not_picked":["champ:HeavySlash","champ:CheapShot"],"picked":"champ:Improvising","floor":16},{"not_picked":["champ:BladeFlurry","champ:BringItOn"],"picked":"champ:Shatter","floor":19},{"not_picked":["champ:IronFortress","champ:FocusedDefense"],"picked":"champ:StanceDance+1","floor":21},{"not_picked":["champ:RisingSlash","champ:Shatter"],"picked":"champ:ShieldWall","floor":25},{"not_picked":["champ:Duel","champ:FalseCounter","champ:GutPunch"],"picked":"SKIP","floor":27},{"not_picked":["champ:FanOfKnives+1","champ:Shatter","champ:DeathBlow"],"picked":"SKIP","floor":32},{"not_picked":["champ:SwordThrow","champ:DancingMaster"],"picked":"champ:VampiricStrike","floor":33},{"not_picked":["champ:Endure","ReplayTheSpireMod:Exploit Weakness","Slice+1","Poisoned Stab+1"],"picked":"SKIP","floor":36},{"not_picked":["Outmaneuver","Dagger Spray","champ:PreemptiveStrike+1","Bane+1"],"picked":"SKIP","floor":37},{"not_picked":["champ:EnragedBash+1","champ:SkillfulDodge","Bouncing Flask","Dodge and Roll+1"],"picked":"SKIP","floor":39},{"not_picked":["champ:BringItOn","champ:Backstep","champ:TripleStrike"],"picked":"Footwork+1","floor":42},{"not_picked":["champ:SwordThrow","Fluid Movement","Deadly Poison","champ:FlashCut"],"picked":"SKIP","floor":43},{"not_picked":["Hidden Blade","Distraction+1","hubris:Counter+1","Skewer"],"picked":"SKIP","floor":46},{"not_picked":["ReplayTheSpireMod:Black Plague","infinitespire:Menacing"],"picked":"ReplayTheSpireMod:Book of Names","floor":48},{"not_picked":["champ:DeathBlow","Hidden Blade","Toxin Wave","Cloak And Dagger+1"],"picked":"SKIP","floor":49}],"player_experience":148998,"relics_obtained":[{"floor":7,"key":"hubris:Potato"},{"floor":8,"key":"Gremlin Food"},{"floor":24,"key":"aspiration:HiddenCompartment"},{"floor":25,"key":"Juzu Bracelet"},{"floor":38,"key":"infinitespire:Magic Flask"},{"floor":41,"key":"Art of War"},{"floor":42,"key":"MawBank"}],"event_choices":[{"damage_healed":0,"gold_gain":0,"player_choice":"Inject Mutagens","damage_taken":0,"relics_obtained":["MutagenicStrength"],"max_hp_gain":0,"max_hp_loss":0,"event_name":"Drug Dealer","floor":28,"gold_loss":0},{"cards_removed":["champ:Strike"],"damage_healed":0,"gold_gain":0,"player_choice":"Removed Attack","damage_taken":0,"max_hp_gain":0,"max_hp_loss":0,"event_name":"Falling","floor":40,"gold_loss":0}],"is_beta":false,"boss_relics":[{"not_picked":["halation:PinkAlligatorPlush","hubris:ScarierMask"],"picked":"Coffee Dripper"},{"not_picked":["reliquary:Craggleroot","hubris:RunicObelisk"],"picked":"aspiration:SilentSkillbook"}],"items_purged_floors":[43],"is_endless":false,"potions_floor_spawned":[2,3,10,15,16,19,32,33,38,42,46],"killed_by":"WA_ARCHETYPE_DIVINITY","ascension_level":0}}