{"host":"tzyzz5n7hg2ni9q2","time":1613896301,"event":{"mods":["BaseMod","Minty Spire (QoL Compilation)","Quick Restart"],"gold_per_floor":[112,112,112,112,135,135,161,161,461,494,494,510,71,91,91,91,91],"floor_reached":16,"language":"ENG","playtime":223,"items_purged":[],"score":167,"play_id":"5cd8521a-695c-477a-86bd-f35b12e8033b","local_time":"20210221093141","is_ascension_mode":true,"campfire_choices":[{"data":"Bash","floor":6.0,"key":"SMITH"},{"floor":8.0,"key":"REST"},{"data":"1","floor":15.0,"key":"LIFT"}],"circlet_count":0,"master_deck":["AscendersBane","Strike_R","Strike_R","Strike_R","Strike_R","Defend_R","Defend_R","Defend_R","Defend_R","Bash+1","Twin Strike+1","Spot Weakness","Body Slam","True Grit+1","Shrug It Off+1"],"relics":["Burning Blood","Toy Ornithopter","Golden Idol","Dream Catcher","Old Coin","Bird Faced Urn","Girya","Toxic Egg 2","PreservedInsect"],"acts_visited":[],"potions_floor_usage":[],"damage_taken":[{"damage":5.0,"enemies":"Small Slimes","floor":1.0,"turns":4.0},{"damage":3.0,"enemies":"2 Louse","floor":5.0,"turns":2.0},{"damage":10.0,"enemies":"Gremlin Nob","floor":10.0,"turns":3.0},{"damage":4.0,"enemies":"Jaw Worm","floor":12.0,"turns":4.0},{"damage":11.0,"enemies":"Blue Slaver","floor":14.0,"turns":4.0},{"damage":0,"enemies":"Slime Boss","floor":16,"turns":1}],"seed_played":"-709246520273763757","potions_obtained":[{"floor":1.0,"key":"GamblersBrew"},{"floor":14.0,"key":"LiquidBronze"}],"is_trial":false,"path_per_floor":["M","?","?","?","M","R","T","R","T","E","?","M","$","M","R","B"],"character_chosen":"IRONCLAD","items_purchased":["Toxic Egg 2","PreservedInsect","True Grit+1"],"campfire_rested":1,"item_purchase_floors":[13,13,13],"current_hp_per_floor":[69,69,62,44,47,47,47,69,69,70,67,69,69,64,64,64,64],"gold":91,"neow_bonus":"RANDOM_COMMON_RELIC","is_daily":false,"chose_seed":false,"campfire_upgraded":1,"win_rate":0.0,"timestamp":1613896301,"path_taken":["M","?","?","?","M","R","?","R","T","E","?","M","$","M","R","BOSS"],"items_purchased_type":["Relic","Relic","Card"],"build_version":"2020-12-22","purchased_purges":0,"victory":false,"max_hp_per_floor":[75,75,75,75,75,75,75,75,75,75,75,75,75,75,75,75,75],"card_choices":[{"not_picked":["Sever Soul","Shockwave"],"picked":"Twin Strike","floor":1.0},{"not_picked":["Flex","Perfected Strike","Brutality"],"picked":"SKIP","floor":5.0},{"not_picked":["Uppercut","Iron Wave"],"picked":"Spot Weakness","floor":8.0},{"not_picked":["Thunderclap","Sentinel","Anger"],"picked":"SKIP","floor":10.0},{"not_picked":["Fire Breathing","Sword Boomerang"],"picked":"Body Slam","floor":12.0},{"not_picked":["Warcry+1","Clash"],"picked":"Shrug It Off+1","floor":14.0}],"player_experience":318120,"relics_obtained":[{"floor":7.0,"key":"Dream Catcher"},{"floor":9.0,"key":"Old Coin"},{"floor":10.0,"key":"Bird Faced Urn"}],"event_choices":[{"damage_healed":0.0,"max_hp_gain":0.0,"max_hp_loss":0.0,"gold_gain":0.0,"event_name":"Living Wall","player_choice":"Grow","floor":2.0,"gold_loss":0.0,"damage_taken":0.0,"cards_upgraded":["Twin Strike"]},{"cards_removed":["Strike_R"],"damage_healed":0.0,"max_hp_gain":0.0,"max_hp_loss":0.0,"gold_gain":0.0,"event_name":"Golden Wing","player_choice":"Card Removal","floor":3.0,"gold_loss":0.0,"damage_taken":7.0},{"damage_healed":0.0,"max_hp_gain":0.0,"max_hp_loss":0.0,"gold_gain":0.0,"event_name":"Golden Idol","player_choice":"Take Damage","floor":4.0,"gold_loss":0.0,"damage_taken":18.0,"relics_obtained":["Golden Idol"]},{"damage_healed":0.0,"max_hp_gain":0.0,"max_hp_loss":0.0,"gold_gain":0.0,"event_name":"Scrap Ooze","player_choice":"Success","floor":11.0,"gold_loss":0.0,"damage_taken":3.0,"relics_obtained":["Girya"]}],"is_beta":false,"boss_relics":[],"items_purged_floors":[],"is_endless":false,"potions_floor_spawned":[1,14],"killed_by":"Slime Boss","ascension_level":14}}