{"host":"n08mv44ohivl39d9","time":1613881216,"event":{"mods":["BaseMod","Bestiary","Highlight Path","Minty Spire (QoL Compilation)","Relic Stats"],"gold_per_floor":[312,1,15,15,39,75,25,25,51,76,76,116,129,165,165,255,255,275,325,325,345,20,20,20,20],"floor_reached":24,"language":"ENG","playtime":2358,"items_purged":["Strike_G","Strike_G"],"score":578,"play_id":"0ff7d35f-af83-42fb-ba07-1284b1ad9bc2","local_time":"20210220222016","is_ascension_mode":true,"campfire_choices":[{"data":"Swift Strike","floor":8,"key":"SMITH"},{"data":"Wraith Form v2","floor":11,"key":"SMITH"},{"data":"Crippling Poison","floor":15,"key":"SMITH"},{"data":"Predator","floor":23,"key":"SMITH"}],"circlet_count":0,"master_deck":["AscendersBane","Strike_G","Strike_G","Strike_G","Defend_G","Defend_G+1","Defend_G","Defend_G","Defend_G+1","Survivor","Neutralize","Slice","Swift Strike+1","Acrobatics","Well Laid Plans","Predator+1","Sucker Punch","Wraith Form v2+1","Noxious Fumes","Crippling Poison+1","Corpse Explosion","Burst","Deflect+1","Necronomicurse"],"relics":["Ring of the Snake","Old Coin","Golden Idol","Smiling Mask","War Paint","Gremlin Horn","Turnip","Black Star","Necronomicon","Bag of Preparation","Lee\u0027s Waffle"],"acts_visited":["Exordium","TheCity"],"potions_floor_usage":[14,14,18,18,24],"damage_taken":[{"damage":0,"enemies":"2 Louse","floor":1,"turns":5},{"damage":0,"enemies":"Jaw Worm","floor":3,"turns":5},{"damage":4,"enemies":"Small Slimes","floor":5,"turns":4},{"damage":23,"enemies":"Lagavulin","floor":6,"turns":10},{"damage":1,"enemies":"Blue Slaver","floor":10,"turns":4},{"damage":7,"enemies":"3 Sentries","floor":12,"turns":6},{"damage":0,"enemies":"Large Slime","floor":13,"turns":6},{"damage":0,"enemies":"Lagavulin","floor":14,"turns":6},{"damage":0,"enemies":"The Guardian","floor":16,"turns":13},{"damage":9,"enemies":"Shell Parasite","floor":18,"turns":6},{"damage":2,"enemies":"Chosen","floor":21,"turns":5},{"damage":89,"enemies":"Book of Stabbing","floor":24,"turns":7}],"seed_played":"4241101362089603829","potions_obtained":[{"floor":5,"key":"LiquidBronze"},{"floor":12,"key":"Poison Potion"},{"floor":13,"key":"EntropicBrew"},{"floor":14,"key":"SteroidPotion"},{"floor":18,"key":"AttackPotion"}],"is_trial":false,"path_per_floor":["M","$","M","?","M","E","$","R","T","M","R","E","M","E","R","B",null,"M","?","?","M","$","R","E"],"character_chosen":"THE_SILENT","items_purchased":["Swift Strike","Acrobatics","Well Laid Plans","Bag of Preparation","Lee\u0027s Waffle"],"campfire_rested":0,"item_purchase_floors":[2,2,2,22,22],"current_hp_per_floor":[59,59,59,59,55,32,32,32,32,31,31,24,24,24,24,24,51,42,42,21,19,67,67,0,0],"gold":20,"neow_bonus":"ONE_RARE_RELIC","is_daily":false,"chose_seed":false,"campfire_upgraded":4,"win_rate":0.0,"timestamp":1613881216,"path_taken":["M","$","M","?","M","E","$","R","T","M","R","E","M","E","R","BOSS","M","?","?","M","$","R","E"],"items_purchased_type":["Card","Card","Card","Relic","Relic"],"build_version":"2020-12-22","purchased_purges":2,"victory":false,"max_hp_per_floor":[66,66,66,60,60,60,60,60,60,60,60,60,60,60,60,60,60,60,60,60,60,67,67,67,67],"relic_stats":{"Lee\u0027s Waffle":48,"Gremlin Horn":[1,1],"counters":[12,77],"Golden Idol":61,"Turnip":[2],"Black Star":0,"Necronomicon":[3],"Bag of Preparation":[2],"War Paint":["Defend_G","Defend_G"],"Smiling Mask":50,"obtain_stats":[{"Lee\u0027s Waffle":22,"Gremlin Horn":12,"Golden Idol":4,"Turnip":14,"Black Star":17,"Necronomicon":20,"Bag of Preparation":22,"War Paint":9,"Smiling Mask":6,"Ring of the Snake":0,"Old Coin":0},{"Lee\u0027s Waffle":11,"Gremlin Horn":6,"Golden Idol":2,"Turnip":8,"Black Star":9,"Necronomicon":10,"Bag of Preparation":11,"War Paint":4,"Smiling Mask":4,"Ring of the Snake":0,"Old Coin":0},{"Lee\u0027s Waffle":70,"Gremlin Horn":34,"Golden Idol":10,"Turnip":46,"Black Star":59,"Necronomicon":65,"Bag of Preparation":70,"War Paint":24,"Smiling Mask":24,"Ring of the Snake":0,"Old Coin":0}],"Ring of the Snake":[24]},"card_choices":[{"not_picked":["Flechettes","Dagger Throw"],"picked":"Slice","floor":1},{"not_picked":["Deadly Poison","Poisoned Stab"],"picked":"Predator","floor":3},{"not_picked":["Prepared","Predator"],"picked":"Sucker Punch","floor":5},{"not_picked":["Night Terror","Backflip"],"picked":"Wraith Form v2","floor":6},{"not_picked":["All Out Attack","Outmaneuver"],"picked":"Noxious Fumes","floor":10},{"not_picked":["Prepared","Acrobatics"],"picked":"Crippling Poison","floor":12},{"not_picked":["Concentrate","Dagger Spray","Riddle With Holes"],"picked":"SKIP","floor":13},{"not_picked":["Bane","Prepared"],"picked":"Corpse Explosion","floor":14},{"not_picked":["Tools of the Trade","Night Terror"],"picked":"Burst","floor":16},{"not_picked":["Predator+1","Dash"],"picked":"Deflect+1","floor":18},{"not_picked":["Distraction","Bane","Slice"],"picked":"SKIP","floor":21}],"player_experience":1503998,"relics_obtained":[{"floor":6,"key":"Smiling Mask"},{"floor":9,"key":"War Paint"},{"floor":12,"key":"Gremlin Horn"},{"floor":14,"key":"Turnip"},{"floor":20,"key":"Necronomicon"}],"event_choices":[{"damage_healed":0,"gold_gain":0,"player_choice":"Lose Max HP","damage_taken":0,"relics_obtained":["Golden Idol"],"max_hp_gain":0,"max_hp_loss":6,"event_name":"Golden Idol","floor":4,"gold_loss":0},{"damage_healed":0,"gold_gain":50,"player_choice":"Stole From Cult","damage_taken":0,"max_hp_gain":0,"max_hp_loss":0,"event_name":"Nest","floor":19,"gold_loss":0},{"damage_healed":0,"gold_gain":0,"player_choice":"Obtained Book","damage_taken":21,"max_hp_gain":0,"max_hp_loss":0,"event_name":"Cursed Tome","floor":20,"gold_loss":0}],"is_beta":false,"boss_relics":[{"not_picked":["Busted Crown","Tiny House"],"picked":"Black Star"}],"items_purged_floors":[2,7],"is_endless":false,"potions_floor_spawned":[5,12,13,14,18],"killed_by":"Book of Stabbing","ascension_level":20}}