{"host":"p4yrwepmrl4g8pul","time":1613879388,"event":{"mods":["Act Like it!","BaseMod","BetterRewards","Colored Map","Custom Start","Gensokyo","Marisa£®ÏF”Í°°ƒß¿Ì…≥£©","Minty Spire (QoL Compilation)","Quick Restart","Rare Cards Sparkle","Reimu£®≤©¿ˆ¡È√Œ£©","Remilia£®¿Ÿ√◊¿Ú—«£©","Shop Mod","StSLib","The Jungle","Thieving Mod"],"gold_per_floor":[117,117,117,138,138,173,173,191,191,191,216,237,251,251,251],"floor_reached":14,"language":"ZHS","playtime":308,"items_purged":[],"score":234,"play_id":"a69bf198-0b2a-4f74-a571-abac478bd4b0","local_time":"20210221114948","is_ascension_mode":true,"campfire_choices":[{"data":"UpSweep","floor":7.0,"key":"SMITH"}],"circlet_count":0,"master_deck":["AscendersBane","Strike_MRS","Strike_MRS","Strike_MRS","Defend_MRS","Defend_MRS","Defend_MRS","Defend_MRS","MasterSpark","UpSweep+1","ChargeUpSpray","RefractionSpark","AsteroidBelt","MilkyWay"],"relics":["MiniHakkero","NeowsBlessing","Golden Idol","MagicBroom","Question Card"],"acts_visited":["Exordium"],"potions_floor_usage":[11,12],"damage_taken":[{"damage":0.0,"enemies":"Jaw Worm","floor":1.0,"turns":1.0},{"damage":0.0,"enemies":"Small Slimes","floor":4.0,"turns":1.0},{"damage":0.0,"enemies":"Gremlin Nob","floor":6.0,"turns":1.0},{"damage":7,"enemies":"2 Louse","floor":8,"turns":2},{"damage":1,"enemies":"2 Fungi Beasts","floor":11,"turns":3},{"damage":27,"enemies":"Exordium Thugs","floor":12,"turns":5},{"damage":8,"enemies":"Blue Slaver","floor":13,"turns":4},{"damage":15,"enemies":"Lagavulin","floor":14,"turns":3}],"seed_played":"-93407397459694457","potions_obtained":[{"floor":1.0,"key":"LiquidBronze"},{"floor":4.0,"key":"SneckoOil"},{"floor":6.0,"key":"SkillPotion"}],"is_trial":false,"path_per_floor":["M","?","?","M","?","E","R","M","T","?","M","M","M","E"],"character_chosen":"MARISA","items_purchased":[],"campfire_rested":0,"item_purchase_floors":[],"current_hp_per_floor":[63,56,56,56,56,56,56,49,49,49,48,21,13,0,0],"gold":251,"neow_bonus":"THREE_ENEMY_KILL","is_daily":false,"chose_seed":false,"campfire_upgraded":1,"win_rate":0.0,"timestamp":1613879388,"path_taken":["M","?","?","M","?","E","R","M","T","?","M","?","M","E"],"items_purchased_type":[],"build_version":"2020-12-22","purchased_purges":0,"victory":false,"max_hp_per_floor":[70,70,63,63,63,63,63,63,63,63,63,63,63,63,63],"card_choices":[{"not_picked":["DeepEcoloBomb","Acceleration"],"picked":"ChargeUpSpray","floor":1.0},{"not_picked":["ShootingEcho","StarlightTyphoon"],"picked":"RefractionSpark","floor":4.0},{"not_picked":["EarthLightRay","RefractionSpark","EnergyFlow"],"picked":"SKIP","floor":6.0},{"not_picked":["DC","EnergyFlow","IllusionStar"],"picked":"SKIP","floor":8},{"not_picked":["GravityBeat","LuminesStrike","GalacticHalo","Occultation"],"picked":"SKIP","floor":11},{"not_picked":["DoubleSpark","Robbery","MagicChant"],"picked":"AsteroidBelt","floor":12},{"not_picked":["MysteriousBeam","Acceleration","6A"],"picked":"MilkyWay","floor":13}],"player_experience":819756,"relics_obtained":[{"floor":6.0,"key":"MagicBroom"},{"floor":9,"key":"Question Card"}],"event_choices":[{"cards_removed":["Strike_MRS"],"damage_healed":0.0,"max_hp_gain":0.0,"max_hp_loss":0.0,"gold_gain":0.0,"event_name":"Golden Wing","player_choice":"Card Removal","floor":2.0,"gold_loss":0.0,"damage_taken":7.0},{"damage_healed":0.0,"max_hp_gain":0.0,"max_hp_loss":7.0,"gold_gain":0.0,"event_name":"Golden Idol","player_choice":"Lose Max HP","floor":3.0,"gold_loss":0.0,"damage_taken":0.0,"relics_obtained":["Golden Idol"]},{"damage_healed":0.0,"max_hp_gain":0.0,"max_hp_loss":0.0,"gold_gain":0.0,"event_name":"Scrap Ooze","player_choice":"Fled","floor":5.0,"gold_loss":0.0,"damage_taken":0.0},{"damage_healed":0,"gold_gain":0,"player_choice":"0 cards matched","damage_taken":0,"max_hp_gain":0,"max_hp_loss":0,"event_name":"Match and Keep!","floor":10,"gold_loss":0,"cards_obtained":[]}],"is_beta":false,"boss_relics":[],"items_purged_floors":[],"is_endless":false,"potions_floor_spawned":[1,4,6],"killed_by":"Lagavulin","ascension_level":20}}