{"host":"jfbo3eu2ui08ej1u","time":1613885645,"event":{"mods":["2.2 Compatiblity","AchievementEnabler","Act Like it!","Aspiration","BaseMod","Better Altar","Better Match","Better Note","Better Sensory Stone","Better Skull","Better Third Choice","Block Reminder","Colored Map","Colored Powertips","Conspire","DeckTracker","Displayed Cursed Tome","Energized Spire","Fox Events","GifTheSpireLib","Hermit","Hubris","Infinite Spire","Marked Mod","Minty Spire (QoL Compilation)","Monster B Gone","Pale of the Ancients","Poor People Problems","Quick Restart","Relic Filter","Reliquary","Reorder Act Four","Replay The Spire","Shop Mod","Spicy Shops","Spire Arcade","StSLib","Stuff the Spire","The Blue Laboratory","The Disciple","The Forsaken","The Hierophant","The Marked","Uncapped","Unceasing Turn Reminder","Wandering Minibosses"],"gold_per_floor":[117,137,172,185,24,24,53,68,68,68,68,68,68,80,80,157,157,177,177,157,274,274,274,274],"floor_reached":23,"language":"ENG","playtime":803,"items_purged":[],"score":378,"play_id":"7db33628-c702-47e7-93a1-bf7b53116732","local_time":"20210221003405","is_ascension_mode":true,"campfire_choices":[{"data":"StuffTheSpire:Coldhearted","floor":6.0,"key":"SMITH"},{"data":"Redo","floor":11.0,"key":"SMITH"},{"data":"Zap","floor":13.0,"key":"SMITH"},{"data":"Dualcast","floor":15.0,"key":"SMITH"}],"circlet_count":0,"master_deck":["AscendersBane","Strike_B","Strike_B","Strike_B","Defend_B","Defend_B","Defend_B","Defend_B","Zap+1","Dualcast+1","Compile Driver","StuffTheSpire:Coldhearted+1","Redo+1","Ball Lightning","Self Repair","Panic Button","StuffTheSpire:MirrorStance","StuffTheSpire:Synthwave","Master of Strategy","ReplayTheSpireMod:Brewmster"],"relics":["FrozenCore","conspire:TopHat","infinitespire:Beetle Shell","hubris:DisguiseKit","Prayer Wheel","hubris:Icosahedron"],"acts_visited":["Exordium","TheCity"],"potions_floor_usage":[],"damage_taken":[{"damage":7.0,"enemies":"Jaw Worm","floor":1.0,"turns":3.0},{"damage":4.0,"enemies":"Small Slimes","floor":2.0,"turns":3.0},{"damage":14.0,"enemies":"conspire:MimicChest","floor":3.0,"turns":3.0},{"damage":7.0,"enemies":"Cultist","floor":4.0,"turns":5.0},{"damage":14.0,"enemies":"Lagavulin","floor":7.0,"turns":8.0},{"damage":10.0,"enemies":"2 Fungi Beasts","floor":8.0,"turns":3.0},{"damage":7.0,"enemies":"3 Louse","floor":14.0,"turns":3.0},{"damage":13.0,"enemies":"Slime Boss","floor":16.0,"turns":6.0},{"damage":53.0,"enemies":"Chosen","floor":18.0,"turns":7.0},{"damage":0.0,"enemies":"Shell Parasite","floor":21.0,"turns":9.0},{"damage":48,"enemies":"Book of Stabbing","floor":23,"turns":6}],"seed_played":"-7136588912260678299","potions_obtained":[{"floor":2.0,"key":"EssenceOfDarkness"},{"floor":7.0,"key":"FocusPotion"},{"floor":14.0,"key":"blueLaboratory:NullPotion"},{"floor":16.0,"key":"blueLaboratory:CreativityPotion"},{"floor":18.0,"key":"blueLaboratory:RecallPotion"},{"floor":20.0,"key":"PotionOfCapacity"}],"is_trial":false,"path_per_floor":["M","M","?","M","$","R","E","M","T","?","R","?","R","M","R","B",null,"M","?","?","M","?","E"],"character_chosen":"DEFECT","items_purchased":["Self Repair"],"campfire_rested":0,"item_purchase_floors":[5],"current_hp_per_floor":[64,60,46,39,39,39,39,43,43,43,43,36,36,43,43,44,70,31,31,31,45,45,0,0],"gold":274,"neow_bonus":"TEN_PERCENT_HP_BONUS","is_daily":false,"chose_seed":false,"campfire_upgraded":4,"win_rate":0.0,"timestamp":1613885645,"path_taken":["M","M","?","?","$","R","E","M","T","?","R","?","R","M","R","BOSS","M","?","?","?","?","E"],"items_purchased_type":["Card"],"build_version":"2020-12-22","purchased_purges":0,"victory":false,"max_hp_per_floor":[78,78,78,78,78,78,78,78,78,78,78,78,78,78,78,78,78,78,78,78,78,78,78,78],"card_choices":[{"not_picked":["Barrage","Go for the Eyes"],"picked":"Compile Driver","floor":1.0},{"not_picked":["Stack","StuffTheSpire:LoadUp"],"picked":"StuffTheSpire:Coldhearted","floor":2.0},{"not_picked":["StuffTheSpire:NuclearReactor","Beam Cell"],"picked":"Redo","floor":3.0},{"not_picked":["Go for the Eyes","ReplayTheSpireMod:Calculation Training"],"picked":"Ball Lightning","floor":4.0},{"not_picked":["Fusion","Static Discharge"],"picked":"Panic Button","floor":7.0},{"not_picked":["StuffTheSpire:Plugnplay","Gash","Barrage"],"picked":"SKIP","floor":8.0},{"not_picked":["Reprogram","Leap","Sweeping Beam","ReplayTheSpireMod:Speed Training"],"picked":"SKIP","floor":14.0},{"not_picked":["Mirror Shield","Machine Learning","Venomology"],"picked":"ReplayTheSpireMod:Fabricate Wheel","floor":16.0},{"not_picked":["Panic Button","Gash","Streamline"],"picked":"StuffTheSpire:MirrorStance","floor":18.0},{"not_picked":["Panic Button","Barrage","Beam Cell","Deflect"],"picked":"SKIP","floor":18.0},{"not_picked":["Beam Cell","Stack","Flechettes"],"picked":"StuffTheSpire:Synthwave","floor":21.0},{"not_picked":["StuffTheSpire:LoadUp","Sweeping Beam+1","ReplayTheSpireMod:GoodbyeWorld","Bane"],"picked":"SKIP","floor":21.0},{"not_picked":["Mind Blast","Swift Strike"],"picked":"Master of Strategy","floor":22.0},{"not_picked":["Panacea","Survey Options"],"picked":"ReplayTheSpireMod:Brewmster","floor":22.0}],"player_experience":1360748,"relics_obtained":[{"floor":3.0,"key":"conspire:TopHat"},{"floor":7.0,"key":"infinitespire:Beetle Shell"},{"floor":9.0,"key":"hubris:DisguiseKit"}],"event_choices":[{"cards_removed":["Strike_B"],"damage_healed":0.0,"max_hp_gain":0.0,"max_hp_loss":0.0,"gold_gain":0.0,"event_name":"Golden Wing","player_choice":"Card Removal","floor":12.0,"gold_loss":0.0,"damage_taken":7.0},{"damage_healed":0.0,"max_hp_gain":0.0,"max_hp_loss":0.0,"gold_gain":0.0,"event_name":"The Woman in Blue","player_choice":"Bought 1 Potion","floor":20.0,"gold_loss":0.0,"damage_taken":0.0},{"damage_healed":0.0,"max_hp_gain":0.0,"max_hp_loss":0.0,"gold_gain":2.0,"event_name":"betterStone:BetterStone","player_choice":"1","floor":22.0,"gold_loss":0.0,"damage_taken":0.0}],"is_beta":false,"boss_relics":[{"not_picked":["reliquary:Ember","Calling Bell"],"picked":"FrozenCore"}],"items_purged_floors":[],"is_endless":false,"potions_floor_spawned":[2,7,14,16,18],"killed_by":"Book of Stabbing","ascension_level":20}}