{"host":"qc1sjgtdjonvdsd8","time":1613894790,"event":{"mods":["BaseMod","Colored Map","Colored Powertips","Curses Come First","Minty Spire (QoL Compilation)","Replay The Spire","StSLib"],"gold_per_floor":[117,117,132,57,75,75,91,44,95,170,170,345,356,356,356,356,356],"floor_reached":16,"language":"ENG","playtime":851,"items_purged":["Defend_G"],"score":117,"play_id":"5d972095-60bd-4ae4-a296-9be76f0d8ee6","local_time":"20210221000630","is_ascension_mode":true,"campfire_choices":[{"data":"Expertise","floor":6,"key":"SMITH"},{"data":"Dodge and Roll","floor":11,"key":"SMITH"}],"circlet_count":0,"master_deck":["Strike_G","Strike_G","Strike_G","Defend_G","Defend_G","Defend_G","Survivor","Neutralize","Masterful Stab+1","Dodge and Roll+1","Sneak Up+1","Dodge and Roll+1","Expertise+1","Deflect+1","Backflip","Doubt","Blur"],"relics":["Astrolabe","Replay:Mystery Machine","Oddly Smooth Stone"],"acts_visited":["Exordium"],"potions_floor_usage":[7,7],"damage_taken":[{"damage":0,"enemies":"2 Louse","floor":1,"turns":3},{"damage":0,"enemies":"Cultist","floor":3,"turns":4},{"damage":0,"enemies":"Jaw Worm","floor":5,"turns":3},{"damage":4,"enemies":"Large Slime","floor":7,"turns":6},{"damage":0,"enemies":"Looter","floor":13,"turns":3},{"damage":26,"enemies":"Hexaghost","floor":16,"turns":13}],"seed_played":"-4245342667750492723","potions_obtained":[{"floor":1,"key":"SteroidPotion"},{"floor":3,"key":"CunningPotion"},{"floor":13,"key":"Milkshake"}],"is_trial":false,"path_per_floor":["M","?","M","$","M","R","M","$","T","?","R","?","M","T","R_BF","B"],"character_chosen":"THE_SILENT","items_purchased":["Backflip"],"campfire_rested":0,"item_purchase_floors":[8],"current_hp_per_floor":[63,63,63,63,63,63,59,59,59,48,48,48,48,48,69,43,43],"gold":356,"neow_bonus":"BOSS_RELIC","is_daily":false,"chose_seed":false,"campfire_upgraded":2,"win_rate":0.0,"timestamp":1613894790,"path_taken":["M","?","?","?","M","R","M","?","T","?","R","?","M","?","R_BF","BOSS"],"items_purchased_type":["Card"],"build_version":"2020-12-22","purchased_purges":1,"victory":false,"max_hp_per_floor":[70,70,70,70,70,70,70,70,70,70,70,70,70,70,70,70,70],"card_choices":[{"not_picked":["Skewer","Heel Hook"],"picked":"Dodge and Roll","floor":1},{"not_picked":["Underhanded Strike","Noxious Fumes"],"picked":"Expertise","floor":3},{"not_picked":["All Out Attack","Caltrops"],"picked":"Deflect","floor":5},{"not_picked":["All Out Attack","Atom Bomb","Flying Knee"],"picked":"SKIP","floor":7},{"not_picked":["Cloak And Dagger","Blade Dance"],"picked":"Blur","floor":13}],"player_experience":329875,"relics_obtained":[{"floor":9,"key":"Replay:Mystery Machine"},{"floor":14,"key":"Oddly Smooth Stone"}],"event_choices":[{"damage_healed":0,"gold_gain":0,"player_choice":"Bought 0 Potions","damage_taken":0,"max_hp_gain":0,"max_hp_loss":0,"event_name":"The Woman in Blue","floor":2,"gold_loss":0},{"damage_healed":0,"gold_gain":75,"player_choice":"Gather Gold","damage_taken":11,"max_hp_gain":0,"max_hp_loss":0,"event_name":"World of Goop","floor":10,"gold_loss":0},{"damage_healed":0,"gold_gain":175,"player_choice":"AGREE","damage_taken":0,"max_hp_gain":0,"max_hp_loss":0,"event_name":"Liars Game","floor":12,"gold_loss":0,"cards_obtained":["Doubt"]}],"is_beta":false,"boss_relics":[],"items_purged_floors":[4],"is_endless":false,"potions_floor_spawned":[1,3,13],"killed_by":"Hexaghost","ascension_level":6}}