{"host":"vumwfieg2b2mnrfl","time":1613871442,"event":{"mods":["AchievementEnabler","BaseMod","Minty Spire (QoL Compilation)","Rare Cards Sparkle","Relic Stats"],"gold_per_floor":[118,268,282,282,296,330,330,348,372,390,236,264,287,312,312,389,389,402,131,131,141,141,141,141],"floor_reached":23,"language":"ENG","playtime":600,"items_purged":["Doubt","Strike_G"],"score":398,"play_id":"2ece7045-641c-4805-a09b-d222b5a5ba1d","local_time":"20210220193722","is_ascension_mode":true,"campfire_choices":[{"floor":7.0,"key":"REST"},{"data":"Catalyst","floor":15,"key":"SMITH"}],"circlet_count":0,"master_deck":["AscendersBane","Strike_G","Strike_G","Strike_G","Defend_G","Defend_G","Defend_G","Defend_G","Defend_G","Survivor","Neutralize","PiercingWail","Catalyst+1","Corpse Explosion","Masterful Stab","All Out Attack","Quick Slash","Noxious Fumes","PiercingWail","Bane","Tools of the Trade","Bouncing Flask","Leg Sweep"],"relics":["Ring of the Snake","NeowsBlessing","Dream Catcher","Centennial Puzzle","Bag of Marbles","Odd Mushroom","Tiny Chest","Sozu","OrangePellets"],"acts_visited":["Exordium","TheCity"],"potions_floor_usage":[13,16],"damage_taken":[{"damage":0.0,"enemies":"Small Slimes","floor":1.0,"turns":1.0},{"damage":0.0,"enemies":"Cultist","floor":3.0,"turns":1.0},{"damage":0.0,"enemies":"2 Louse","floor":5.0,"turns":1.0},{"damage":45.0,"enemies":"Gremlin Nob","floor":6.0,"turns":4.0},{"damage":2.0,"enemies":"Exordium Wildlife","floor":8.0,"turns":4.0},{"damage":5.0,"enemies":"3 Louse","floor":10.0,"turns":3.0},{"damage":15,"enemies":"Lagavulin","floor":12,"turns":6},{"damage":0,"enemies":"The Mushroom Lair","floor":13,"turns":2},{"damage":18,"enemies":"Hexaghost","floor":16,"turns":9},{"damage":18,"enemies":"Chosen","floor":18,"turns":4},{"damage":3,"enemies":"Spheric Guardian","floor":21,"turns":4},{"damage":30,"enemies":"Slavers","floor":23,"turns":3}],"seed_played":"1381368759341567173","potions_obtained":[{"floor":3.0,"key":"Ancient Potion"},{"floor":4.0,"key":"Strength Potion"},{"floor":4.0,"key":"AttackPotion"},{"floor":8.0,"key":"Block Potion"},{"floor":12,"key":"Regen Potion"}],"is_trial":false,"path_per_floor":["M","?","M","?","M","E","R","M","T","M","$","E","?","T","R","B",null,"M","$","?","M","?","E"],"character_chosen":"THE_SILENT","items_purchased":["Noxious Fumes","OrangePellets"],"campfire_rested":1,"item_purchase_floors":[11,19],"current_hp_per_floor":[59,59,59,59,59,14,33,31,31,26,26,11,11,11,11,8,52,34,34,34,31,25,0,0],"gold":141,"neow_bonus":"THREE_ENEMY_KILL","is_daily":false,"chose_seed":false,"campfire_upgraded":1,"win_rate":0.0,"timestamp":1613871442,"path_taken":["M","?","M","?","?","E","R","M","T","M","$","E","?","?","R","BOSS","M","$","?","?","?","E"],"items_purchased_type":["Card","Relic"],"build_version":"2020-12-22","purchased_purges":2,"victory":false,"max_hp_per_floor":[66,66,66,66,66,66,66,66,66,66,66,66,66,66,66,66,66,66,66,66,66,66,66,66],"relic_stats":{"Sozu":0,"OrangePellets":[3],"Dream Catcher":1,"Centennial Puzzle":[18],"counters":[12,42],"Tiny Chest":0,"obtain_stats":[{"Sozu":17,"OrangePellets":19,"Dream Catcher":6,"Centennial Puzzle":9,"NeowsBlessing":0,"Tiny Chest":14,"Bag of Marbles":12,"Odd Mushroom":13,"Ring of the Snake":0},{"Sozu":9,"OrangePellets":10,"Dream Catcher":4,"Centennial Puzzle":5,"NeowsBlessing":0,"Tiny Chest":8,"Bag of Marbles":7,"Odd Mushroom":8,"Ring of the Snake":0},{"Sozu":31,"OrangePellets":35,"Dream Catcher":7,"Centennial Puzzle":11,"NeowsBlessing":0,"Tiny Chest":22,"Bag of Marbles":20,"Odd Mushroom":22,"Ring of the Snake":0}],"Ring of the Snake":[24]},"card_choices":[{"not_picked":["Slice","Sucker Punch"],"picked":"PiercingWail","floor":1.0},{"not_picked":["Cloak And Dagger","Slice"],"picked":"Catalyst","floor":3.0},{"not_picked":["Slice","Quick Slash"],"picked":"Corpse Explosion","floor":5.0},{"not_picked":["Bane","Terror"],"picked":"Masterful Stab","floor":6.0},{"not_picked":["Setup","Slice"],"picked":"All Out Attack","floor":8.0},{"not_picked":["Reflex","Slice"],"picked":"Quick Slash","floor":10.0},{"not_picked":["Accuracy","Outmaneuver"],"picked":"PiercingWail","floor":12},{"not_picked":["Dodge and Roll","Blade Dance"],"picked":"Bane","floor":13},{"not_picked":["Bullet Time","Corpse Explosion"],"picked":"Tools of the Trade","floor":16},{"not_picked":["Sucker Punch","Dodge and Roll"],"picked":"Bouncing Flask","floor":18},{"not_picked":["Sucker Punch","Dash"],"picked":"Leg Sweep","floor":21}],"player_experience":575327,"relics_obtained":[{"floor":6.0,"key":"Dream Catcher"},{"floor":9.0,"key":"Centennial Puzzle"},{"floor":12,"key":"Bag of Marbles"},{"floor":13,"key":"Odd Mushroom"},{"floor":14,"key":"Tiny Chest"}],"event_choices":[{"damage_healed":0.0,"max_hp_gain":0.0,"max_hp_loss":0.0,"gold_gain":150.0,"event_name":"Liars Game","player_choice":"AGREE","floor":2.0,"gold_loss":0.0,"damage_taken":0.0,"cards_obtained":["Doubt"]},{"damage_healed":0.0,"max_hp_gain":0.0,"max_hp_loss":0.0,"gold_gain":0.0,"event_name":"Lab","player_choice":"Got Potions","floor":4.0,"gold_loss":0.0,"damage_taken":0.0},{"damage_healed":0,"gold_gain":0,"player_choice":"Fought Mushrooms","damage_taken":0,"max_hp_gain":0,"max_hp_loss":0,"event_name":"Mushrooms","floor":13,"gold_loss":0},{"cards_removed":["Strike_G"],"damage_healed":0,"gold_gain":0,"player_choice":"Purged","damage_taken":0,"max_hp_gain":0,"max_hp_loss":0,"event_name":"Purifier","floor":20,"gold_loss":0},{"damage_healed":0,"gold_gain":0,"player_choice":"","damage_taken":6,"max_hp_gain":0,"max_hp_loss":0,"event_name":"Knowing Skull","floor":22,"potions_obtained":[],"gold_loss":0,"cards_obtained":[]}],"is_beta":false,"boss_relics":[{"not_picked":["Coffee Dripper","Empty Cage"],"picked":"Sozu"}],"items_purged_floors":[11,19],"is_endless":false,"potions_floor_spawned":[3,5,8,12],"killed_by":"Slavers","ascension_level":20}}