{"host":"cmyud3of70k6t1eo","time":1613889700,"event":{"mods":["BaseMod","Conspire","Downfall","Infinite Spire","Minty Spire (QoL Compilation)","Morshu Shopkeeper","Morshu Shopkeeper - ENHANCED","Quick Restart","StSLib","The Blue Laboratory","UnlockEverythingMod","Wide Potions"],"gold_per_floor":[99,99,9,23,37,37,37,48,33,52,71,82,82,96,106,206,206,106,106,6,23,42,42,42,27,227,261,276,176,176,52,65,65,65,65],"floor_reached":33,"language":"ENG","playtime":2417,"items_purged":["Pain"],"score":259,"play_id":"6ccf0994-3223-4cf3-bba2-e02f63e57959","local_time":"20210221014140","is_ascension_mode":false,"campfire_choices":[{"floor":1,"key":"RECALL"},{"data":"Guardian:FastForward","floor":18,"key":"SMITH"},{"floor":23,"key":"REST"},{"floor":29,"key":"REST"}],"circlet_count":0,"master_deck":["Guardian:Strike_Guardian","Guardian:Strike_Guardian","Guardian:Defend_Guardian","Guardian:Defend_Guardian","Guardian:Defend_Guardian","Guardian:CurlUp","Guardian:TwinSlam","Guardian:Incinerate","Guardian:SentryBeam","Guardian:VentSteam","Guardian:SpikerProtocol","Guardian:ChargeCore","Guardian:FierceBash","Guardian:Preprogram","Guardian:CrystalBeam","Guardian:FastForward+1","Guardian:SentryBeam","expansioncontent:PolyBeam","Guardian:CrystalBeam","Guardian:TemporalStrike","Guardian:CrystalBeam","Guardian:Gem_Red","expansioncontent:PolyBeam","Guardian:SpikerProtocol","Guardian:TemporalShield+1"],"relics":["Guardian:ModeShifter","WarpedTongs","Du-Vu Doll","Empty Cage","downfall:HeartBlessingRed","Mummified Hand","Oddly Smooth Stone","downfall:HeartBlessingGreen","Toxic Egg 2","DollysMirror"],"acts_visited":["Exordium","TheCity"],"potions_floor_usage":[16,16,33,33],"damage_taken":[{"damage":2,"enemies":"downfall:FleeingMerchant","floor":3,"turns":4},{"damage":0,"enemies":"Jaw Worm","floor":4,"turns":6},{"damage":0,"enemies":"Cultist","floor":5,"turns":4},{"damage":5,"enemies":"Small Slimes","floor":8,"turns":3},{"damage":0,"enemies":"downfall:FleeingMerchant","floor":9,"turns":4},{"damage":9,"enemies":"Exordium Thugs","floor":10,"turns":5},{"damage":0,"enemies":"downfall:LooterAlt","floor":11,"turns":3},{"damage":4,"enemies":"3 Louse","floor":12,"turns":3},{"damage":13,"enemies":"Exordium Thugs","floor":14,"turns":6},{"damage":16,"enemies":"Red Slaver","floor":15,"turns":4},{"damage":9,"enemies":"SI_SHIV_ARCHETYPE","floor":16,"turns":6},{"damage":5,"enemies":"downfall:FleeingMerchant","floor":20,"turns":4},{"damage":12,"enemies":"3 Byrds","floor":21,"turns":4},{"damage":6,"enemies":"Chosen","floor":22,"turns":4},{"damage":15,"enemies":"downfall:FleeingMerchant","floor":25,"turns":4},{"damage":45,"enemies":"Gremlin Leader","floor":27,"turns":7},{"damage":16,"enemies":"Sentry and Sphere","floor":28,"turns":5},{"damage":13,"enemies":"downfall:FleeingMerchant","floor":31,"turns":4},{"damage":15,"enemies":"Snake Plant","floor":32,"turns":5},{"damage":14,"enemies":"DF_ARCHETYPE_CLAW","floor":33,"turns":2}],"seed_played":"529244240569053539","potions_obtained":[{"floor":4,"key":"LiquidBronze"},{"floor":11,"key":"blueLaboratory:ExaltedPotion"},{"floor":12,"key":"EssenceOfSteel"},{"floor":14,"key":"AttackPotion"},{"floor":21,"key":"Ancient Potion"},{"floor":22,"key":"blueLaboratory:BubblePotion"}],"is_trial":false,"path_per_floor":["R","?","$","M","M","?","T","M","$","M","M","M","?","M","M","B",null,"R","?","$","M","M","R","T","$","?","E","M","R","?","$","M","B"],"character_chosen":"GUARDIAN","items_purchased":["expansioncontent:PolyBeam","Toxic Egg 2","DollysMirror","Guardian:SpikerProtocol"],"campfire_rested":2,"item_purchase_floors":[20,31,31,31],"current_hp_per_floor":[88,88,86,86,86,86,86,81,81,72,72,68,68,55,39,30,88,88,88,83,71,65,88,88,73,73,28,12,38,38,25,10,0,0,0],"gold":65,"neow_bonus":"TEN_PERCENT_HP_BONUS","is_daily":false,"chose_seed":false,"campfire_upgraded":1,"win_rate":0.0,"timestamp":1613889700,"path_taken":["R","?","$","M","?","?","T","M","?","M","?","M","?","M","M","BOSS","R","?","?","?","M","R","T","?","?","E","?","R","?","$","M","BOSS"],"items_purchased_type":["Card","Relic","Relic","Card"],"build_version":"2020-12-22","purchased_purges":1,"victory":false,"max_hp_per_floor":[88,88,88,88,88,88,88,88,88,88,88,88,88,88,88,88,88,88,88,88,88,88,88,88,88,88,88,88,88,88,88,88,88,88,88],"card_choices":[{"not_picked":["Guardian:ChargeUp","Guardian:Harden"],"picked":"Guardian:Gem_Purple","floor":3},{"not_picked":["Guardian:Recover","Guardian:RollAttack"],"picked":"Guardian:Incinerate","floor":4},{"not_picked":["Guardian:PiercingHide","Guardian:Recover"],"picked":"Guardian:SentryBeam","floor":5},{"not_picked":["Guardian:GuardianWhirl","Guardian:Recover"],"picked":"Guardian:VentSteam","floor":8},{"not_picked":["Guardian:ShieldCharger","Guardian:BronzeOrb"],"picked":"Guardian:SpikerProtocol","floor":9},{"not_picked":["Guardian:SpikerProtocol","Guardian:Gem_Cyan"],"picked":"Guardian:ChargeCore","floor":10},{"not_picked":["Guardian:Reroute","Guardian:Incinerate"],"picked":"Guardian:FierceBash","floor":11},{"not_picked":["Guardian:Orbwalk","Guardian:TimeCapacitor"],"picked":"Guardian:Gem_Green","floor":12},{"not_picked":["Guardian:PrimingBeam","Guardian:Gem_Cyan"],"picked":"Guardian:Preprogram","floor":14},{"not_picked":["Guardian:PrismaticBarrier","Guardian:PrimingBeam"],"picked":"Guardian:CrystalBeam","floor":15},{"not_picked":["Guardian:AncientConstruct","Guardian:FierceBash"],"picked":"Guardian:FastForward","floor":16},{"not_picked":["Guardian:Preprogram","Guardian:TimeBomb+1"],"picked":"Guardian:SentryBeam","floor":20},{"not_picked":["Guardian:Recover+1","Guardian:Planning"],"picked":"Guardian:CrystalBeam","floor":21},{"not_picked":["Guardian:DonusPower+1","Guardian:ShieldCharger+1"],"picked":"Guardian:TemporalStrike","floor":22},{"not_picked":["Guardian:Recover","Guardian:RollAttack"],"picked":"Guardian:CrystalBeam","floor":25},{"not_picked":["Guardian:DecasProtection","Guardian:BodySlam+1"],"picked":"Guardian:Gem_Red","floor":27},{"not_picked":["Guardian:SphericShield","Guardian:VentSteam+1"],"picked":"Guardian:Gem_Lightblue","floor":28},{"not_picked":["Guardian:GatlingBeam","Guardian:AncientConstruct"],"picked":"Guardian:Gem_Red","floor":31},{"not_picked":["Guardian:DecasProtection+1","Guardian:Incinerate"],"picked":"Guardian:TemporalShield+1","floor":32}],"player_experience":147797,"relics_obtained":[{"floor":7,"key":"Du-Vu Doll"},{"floor":24,"key":"Mummified Hand"},{"floor":27,"key":"Oddly Smooth Stone"}],"event_choices":[{"damage_healed":0,"gold_gain":0,"player_choice":"Ignored","damage_taken":0,"max_hp_gain":0,"max_hp_loss":0,"event_name":"NoteForYourself","floor":6,"gold_loss":0},{"damage_healed":0,"gold_gain":200,"player_choice":"Gold","damage_taken":0,"max_hp_gain":0,"max_hp_loss":0,"event_name":"Wheel of Change","floor":26,"gold_loss":0},{"damage_healed":0,"gold_gain":0,"player_choice":"Leave","damage_taken":0,"max_hp_gain":0,"max_hp_loss":0,"event_name":"conspire:Investor","floor":30,"gold_loss":0}],"is_beta":false,"boss_relics":[{"not_picked":["Velvet Choker","Fusion Hammer"],"picked":"Empty Cage"}],"items_purged_floors":[3],"is_endless":false,"potions_floor_spawned":[4,11,12,14,15,21,22],"killed_by":"DF_ARCHETYPE_CLAW","ascension_level":0}}