{"host":"0ucmu30xnqs1j0i5","time":1613920042,"event":{"mods":["AchievementEnabler","BaseMod","Colored Map","Colored Powertips","Minty Spire (QoL Compilation)","Quick Restart"],"gold_per_floor":[8000,8000,8100,6995,7005,7032,7043,7062,7138,7138,6128,6140,6150,5376,5376,5480,5480,5499,5509,4519,4538,4557,4557,4584,4594,4618,4631,4631,4631,3756,3766,3766,3868,3868,3888,2909,2959,2974,3028,3028,3028,3039,3090,3110,3438,3014,3032,3048,3048,3048,3048,3048,2510,2539,2539],"floor_reached":56,"language":"ZHS","playtime":5916,"items_purged":["Strike_B","Strike_B","Strike_B","Defend_B","Defend_B","Defend_B","Hologram","Zap"],"score":1328,"play_id":"fda12517-b6e4-415e-aea0-39dc67545142","local_time":"20210221230722","is_ascension_mode":false,"campfire_choices":[{"data":"Static Discharge","floor":10,"key":"SMITH"},{"data":"Apotheosis","floor":15,"key":"SMITH"},{"data":"Seek","floor":23,"key":"SMITH"},{"floor":32,"key":"RECALL"},{"data":"1","floor":40,"key":"LIFT"},{"data":"2","floor":49,"key":"LIFT"},{"data":"3","floor":52,"key":"LIFT"}],"circlet_count":0,"master_deck":["Dualcast","Master of Strategy","Storm","Genetic Algorithm","Cold Snap","Go for the Eyes","Consume","Biased Cognition","Static Discharge+1","Chaos","Stack","Apotheosis+1","Heatsinks","Multi-Cast","Hologram","Master of Strategy","Seek+1","Coolheaded+1","Capacitor+1","All For One+1","Impatience+1","Electrodynamics","Beam Cell+1","Loop+1","Force Field+1","Echo Form","Self Repair+1","Genetic Algorithm+1","Machine Learning","Impatience+1","Thunder Strike+1","Heatsinks+1"],"relics":["Cracked Core","Prayer Wheel","ClockworkSouvenir","Regal Pillow","Unceasing Top","Potion Belt","HandDrill","Molten Egg 2","Sundial","Pantograph","Mummified Hand","Empty Cage","Toxic Egg 2","Orichalcum","Chemical X","Mercury Hourglass","Nunchaku","Pear","Girya","Cauldron","Fusion Hammer","Letter Opener","Ornamental Fan","Membership Card","FossilizedHelix","Mango","Vajra","Old Coin","Juzu Bracelet","Incense Burner","Frozen Eye","Sling","Ice Cream","Gremlin Horn","Shuriken"],"acts_visited":["Exordium","TheCity","TheBeyond","TheEnding"],"potions_floor_usage":[22,27,33,33,33,39,45,48,50,55,55,55,55,55],"damage_taken":[{"damage":8.0,"enemies":"Small Slimes","floor":1.0,"turns":3.0},{"damage":0.0,"enemies":"2 Louse","floor":5.0,"turns":4.0},{"damage":39.0,"enemies":"Lagavulin","floor":6.0,"turns":14.0},{"damage":0.0,"enemies":"Cultist","floor":7.0,"turns":3.0},{"damage":1.0,"enemies":"2 Fungi Beasts","floor":8.0,"turns":3.0},{"damage":4,"enemies":"Blue Slaver","floor":12,"turns":3},{"damage":4,"enemies":"Red Slaver","floor":13,"turns":3},{"damage":18,"enemies":"Hexaghost","floor":16,"turns":6},{"damage":5,"enemies":"Spheric Guardian","floor":18,"turns":4},{"damage":0,"enemies":"3 Byrds","floor":19,"turns":3},{"damage":8,"enemies":"Snecko","floor":21,"turns":4},{"damage":4,"enemies":"Cultist and Chosen","floor":22,"turns":3},{"damage":9,"enemies":"Gremlin Leader","floor":24,"turns":4},{"damage":1,"enemies":"Chosen and Byrds","floor":25,"turns":3},{"damage":0,"enemies":"3 Cultists","floor":27,"turns":4},{"damage":0,"enemies":"Cultist and Chosen","floor":31,"turns":4},{"damage":0,"enemies":"Automaton","floor":33,"turns":4},{"damage":6,"enemies":"3 Shapes","floor":35,"turns":2},{"damage":0,"enemies":"Mind Bloom Boss Battle","floor":37,"turns":4},{"damage":0,"enemies":"Orb Walker","floor":38,"turns":3},{"damage":0,"enemies":"2 Orb Walkers","floor":39,"turns":3},{"damage":0,"enemies":"3 Darklings","floor":42,"turns":1},{"damage":0,"enemies":"Transient","floor":44,"turns":5},{"damage":0,"enemies":"Giant Head","floor":45,"turns":4},{"damage":9,"enemies":"4 Shapes","floor":47,"turns":3},{"damage":0,"enemies":"Writhing Mass","floor":48,"turns":3},{"damage":2,"enemies":"Time Eater","floor":50,"turns":4},{"damage":5,"enemies":"Shield and Spear","floor":54,"turns":3},{"damage":34,"enemies":"The Heart","floor":55,"turns":5}],"seed_played":"1623129943290565416","potions_obtained":[{"floor":1.0,"key":"SmokeBomb"},{"floor":5.0,"key":"Ancient Potion"},{"floor":7.0,"key":"Ancient Potion"},{"floor":8,"key":"SkillPotion"},{"floor":16,"key":"Energy Potion"},{"floor":21,"key":"SkillPotion"},{"floor":22,"key":"CultistPotion"},{"floor":29,"key":"Block Potion"},{"floor":29,"key":"Explosive Potion"},{"floor":30,"key":"Regen Potion"},{"floor":30,"key":"DistilledChaos"},{"floor":39,"key":"DistilledChaos"},{"floor":47,"key":"PowerPotion"},{"floor":54,"key":"GamblersBrew"}],"is_trial":false,"path_per_floor":["M","?","?","$","M","E","M","M","T","R","$","M","M","$","R","B",null,"M","M","$","M","M","R","E","M","T","M","?","?","$","M","R","B",null,"M","$","?","M","?","R","?","M","T","M","E","$","M","M","R","B",null,"R","$","E","B",null],"character_chosen":"DEFECT","items_purchased":["ClockworkSouvenir","Regal Pillow","Unceasing Top","Master of Strategy","Storm","Genetic Algorithm","Cold Snap","Hologram","HandDrill","Molten Egg 2","Sundial","Apotheosis","Heatsinks","Pantograph","Mummified Hand","Master of Strategy","Toxic Egg 2","Orichalcum","Chemical X","All For One+1","Impatience+1","ColorlessPotion","Pear","Girya","Cauldron","Letter Opener","Ornamental Fan","Membership Card","PowerPotion","SpeedPotion","Dexterity Potion","Impatience+1","Juzu Bracelet","Incense Burner","Frozen Eye","Sling","Ice Cream","Gremlin Horn","AttackPotion","Fire Potion"],"campfire_rested":0,"item_purchase_floors":[4,4,4,4,4,4,4,4,11,11,11,11,11,14,14,14,20,20,20,20,20,20,30,30,30,36,36,36,36,36,36,36,46,46,46,53,53,53,53,53],"current_hp_per_floor":[74,71,71,71,71,32,32,31,31,31,31,27,23,23,23,30,82,77,77,77,69,65,65,56,55,55,55,55,55,65,75,75,92,92,86,86,92,92,106,106,106,106,106,106,106,106,97,106,106,106,106,106,106,106,96],"gold":2539,"neow_bonus":"TEN_PERCENT_HP_BONUS","is_daily":false,"chose_seed":false,"campfire_upgraded":3,"win_rate":0.0,"timestamp":1613920042,"path_taken":["M","?","?","$","M","E","M","M","T","R","$","?","M","$","R","BOSS","M","M","$","M","M","R","E","M","T","M","?","?","$","M","R","BOSS","M","$","?","M","?","R","?","M","T","M","E","?","M","M","R","BOSS","R","$","E","BOSS"],"items_purchased_type":["Relic","Relic","Relic","Card","Card","Card","Card","Card","Relic","Relic","Relic","Card","Card","Relic","Relic","Card","Relic","Relic","Relic","Card","Card","Potion","Relic","Relic","Relic","Relic","Relic","Relic","Potion","Potion","Potion","Card","Relic","Relic","Relic","Relic","Relic","Relic","Potion","Potion"],"build_version":"2020-12-22","purchased_purges":8,"victory":true,"max_hp_per_floor":[82,82,82,82,82,82,82,82,82,82,82,82,82,82,82,82,82,82,82,82,82,82,82,82,82,82,82,82,82,92,92,92,92,92,92,92,92,92,106,106,106,106,106,106,106,106,106,106,106,106,106,106,106,106,106],"card_choices":[{"not_picked":["Blizzard","Tempest","Force Field"],"picked":"SKIP","floor":1.0},{"not_picked":["Sweeping Beam","Hello World"],"picked":"Go for the Eyes","floor":5.0},{"not_picked":["Hologram","Steam"],"picked":"Consume","floor":5.0},{"not_picked":["Cold Snap","Blizzard"],"picked":"Biased Cognition","floor":6.0},{"not_picked":["Doom and Gloom","Barrage"],"picked":"Static Discharge","floor":7.0},{"not_picked":["Coolheaded","Leap"],"picked":"Chaos","floor":7.0},{"not_picked":["Redo","Streamline"],"picked":"Stack","floor":8},{"not_picked":["Streamline","Aggregate","Lockon"],"picked":"SKIP","floor":8},{"not_picked":["Hologram","Rebound+1"],"picked":"Multi-Cast","floor":12},{"not_picked":["Auto Shields","Rebound+1","Barrage+1"],"picked":"SKIP","floor":12},{"not_picked":["Heatsinks","Steam"],"picked":"Hologram","floor":13},{"not_picked":["Streamline+1","Compile Driver+1","Leap"],"picked":"SKIP","floor":13},{"not_picked":["Thunder Strike+1","Reboot"],"picked":"Seek","floor":16},{"not_picked":["Streamline+1","Compile Driver+1"],"picked":"Coolheaded+1","floor":18},{"not_picked":["Go for the Eyes+1","Redo","Auto Shields"],"picked":"SKIP","floor":18},{"not_picked":["Streamline+1","Doom and Gloom+1"],"picked":"Capacitor+1","floor":19},{"not_picked":["Gash+1","Streamline+1","Heatsinks"],"picked":"SKIP","floor":19},{"not_picked":["Steam+1","Capacitor"],"picked":"Electrodynamics","floor":21},{"not_picked":["Barrage+1","Leap+1"],"picked":"Beam Cell+1","floor":21},{"not_picked":["Conserve Battery+1","Redo+1"],"picked":"Loop+1","floor":22},{"not_picked":["Go for the Eyes+1","Beam Cell+1","Leap+1"],"picked":"SKIP","floor":22},{"not_picked":["Darkness+1","FTL+1"],"picked":"Force Field+1","floor":24},{"not_picked":["Ball Lightning+1","Hologram+1"],"picked":"Echo Form","floor":25},{"not_picked":["Streamline+1","BootSequence+1","Hologram+1"],"picked":"SKIP","floor":25},{"not_picked":["Redo+1","Gash+1"],"picked":"Self Repair+1","floor":27},{"not_picked":["Barrage+1","Steam+1","Static Discharge"],"picked":"SKIP","floor":27},{"not_picked":["Streamline+1","Leap+1"],"picked":"Genetic Algorithm+1","floor":31},{"not_picked":["Hologram+1","Heatsinks","Stack+1"],"picked":"SKIP","floor":31},{"not_picked":["All For One+1","Echo Form"],"picked":"Machine Learning","floor":33},{"not_picked":["Genetic Algorithm+1","Steam+1","Consume+1"],"picked":"SKIP","floor":35},{"not_picked":["Ball Lightning+1","Compile Driver+1","Glacier+1"],"picked":"SKIP","floor":35},{"not_picked":["Sweeping Beam+1","Conserve Battery+1","Rebound+1"],"picked":"SKIP","floor":38},{"not_picked":["Compile Driver+1","Consume+1","Go for the Eyes+1"],"picked":"SKIP","floor":38},{"not_picked":["Storm","Steam Power+1"],"picked":"Thunder Strike+1","floor":39},{"not_picked":["Barrage+1","Leap+1"],"picked":"Heatsinks+1","floor":42},{"not_picked":["Lockon+1","Compile Driver+1","Go for the Eyes+1"],"picked":"SKIP","floor":42},{"not_picked":["Redo+1","Steam Power+1","Chill+1"],"picked":"SKIP","floor":44},{"not_picked":["BootSequence+1","Steam+1","Glacier+1"],"picked":"SKIP","floor":44},{"not_picked":["Chill+1","Cold Snap+1","Defragment"],"picked":"SKIP","floor":45},{"not_picked":["Fusion+1","Go for the Eyes+1","Stack+1"],"picked":"SKIP","floor":47},{"not_picked":["Redo+1","Hello World+1","Hologram+1"],"picked":"SKIP","floor":47},{"not_picked":["Conserve Battery+1","Compile Driver+1","All For One+1"],"picked":"SKIP","floor":48},{"not_picked":["Self Repair","Go for the Eyes+1","Streamline+1"],"picked":"SKIP","floor":48},{"not_picked":["Leap+1","Skim+1","White Noise+1"],"picked":"SKIP","floor":54}],"player_experience":80884,"relics_obtained":[{"floor":6.0,"key":"Potion Belt"},{"floor":24,"key":"Mercury Hourglass"},{"floor":26,"key":"Nunchaku"},{"floor":37,"key":"FossilizedHelix"},{"floor":39,"key":"Mango"},{"floor":43,"key":"Vajra"},{"floor":45,"key":"Old Coin"},{"floor":54,"key":"Shuriken"}],"event_choices":[{"damage_healed":0.0,"max_hp_gain":0.0,"max_hp_loss":0.0,"gold_gain":0.0,"event_name":"Scrap Ooze","player_choice":"Success","floor":2.0,"gold_loss":0.0,"damage_taken":3.0,"relics_obtained":["Prayer Wheel"]},{"damage_healed":0.0,"max_hp_gain":0.0,"max_hp_loss":0.0,"gold_gain":100.0,"event_name":"Golden Shrine","player_choice":"Pray","floor":3.0,"gold_loss":0.0,"damage_taken":0.0},{"damage_healed":0,"gold_gain":0,"player_choice":"Ignored","damage_taken":0,"max_hp_gain":0,"max_hp_loss":0,"event_name":"Vampires","floor":28,"gold_loss":0},{"damage_healed":0,"gold_gain":0,"player_choice":"Got Potions","damage_taken":0,"max_hp_gain":0,"max_hp_loss":0,"event_name":"Lab","floor":29,"gold_loss":0},{"damage_healed":0,"gold_gain":0,"player_choice":"Fight","damage_taken":0,"max_hp_gain":0,"max_hp_loss":0,"event_name":"MindBloom","floor":37,"gold_loss":0},{"damage_healed":0,"gold_gain":0,"player_choice":"Fight","damage_taken":0,"max_hp_gain":0,"max_hp_loss":0,"event_name":"Mysterious Sphere","floor":39,"gold_loss":0},{"damage_healed":0,"gold_gain":0,"player_choice":"Memory 1","damage_taken":0,"max_hp_gain":0,"max_hp_loss":0,"event_name":"SensoryStone","floor":41,"gold_loss":0}],"is_beta":false,"boss_relics":[{"not_picked":["Velvet Choker","Busted Crown"],"picked":"Empty Cage"},{"not_picked":["SlaversCollar","SacredBark"],"picked":"Fusion Hammer"}],"items_purged_floors":[4,11,14,20,30,36,46,53],"is_endless":false,"potions_floor_spawned":[1,5,7,8,16,21,22,25,31,38,39,42,47,54],"ascension_level":0}}