{"host":"tnmp9bkutp0enjo6","time":1613932492,"event":{"mods":["2.2 Compatiblity","AchievementEnabler","BaseMod","Block Reminder","Colored Powertips","Downfall","Highlight Path","Minty Spire (QoL Compilation)","Quick Restart","Random Character Button","Rare Cards Sparkle","Relic Stats","StSLib","The Problem Sleuth"],"gold_per_floor":[99,5,20,31,16,35,35,35,35,63,63,82,97,97,107,205,205,5,20,220,234,247,247,247,58,58,58,58,58,90,4,14,113,113,113,132,152,169,185,210,210,210,245,264,264,283,283,298,318,318],"floor_reached":51,"language":"ENG","playtime":4812,"items_purged":[],"score":804,"play_id":"53b97fce-e957-4a77-9269-63f9229a51a2","local_time":"20210221193452","is_ascension_mode":false,"campfire_choices":[{"data":"Slimebound:Split","floor":1,"key":"SMITH"},{"floor":9,"key":"REST"},{"floor":11,"key":"RECALL"},{"data":"Slimebound:DouseInSlime","floor":18,"key":"SMITH"},{"data":"Slimebound:SelfFormingGoo","floor":23,"key":"SMITH"},{"data":"Slimebound:MegaLick","floor":29,"key":"SMITH"},{"data":"Slimebound:Repurpose","floor":35,"key":"SMITH"},{"floor":45,"key":"REST"},{"data":"Slimebound:SamplingLick","floor":47,"key":"SMITH"}],"circlet_count":0,"master_deck":["Slimebound:Strike_Slimebound","Slimebound:Strike_Slimebound","Slimebound:Strike_Slimebound","Slimebound:Tackle","Slimebound:Defend_Slimebound","Slimebound:Defend_Slimebound","Slimebound:Defend_Slimebound","Slimebound:Defend_Slimebound","Slimebound:Split+1","Slimebound:CorrosiveSpit+1","Slimebound:Prepare","Slimebound:SplitMire","Slimebound:RollThrough","Slimebound:SamplingLick","Slimebound:HauntingLick","Slimebound:SamplingLick","Slimebound:SamplingLick+1","Slimebound:DouseInSlime+1","Slimebound:GrowthPunch","Slimebound:MegaLick+1","Slimebound:LeechEnergy","Slimebound:SelfFormingGoo+1","Slimebound:SplitAcid","Slimebound:Schlurp","Slimebound:SlimeBarrage","Slimebound:SplitAcid","Slimebound:Repurpose+1","Slimebound:RollThrough","Slimebound:SplitAcid","Slimebound:SplitLeeching+1","Slimebound:GoopSpray+1","Slimebound:HauntingLick+1","Slimebound:LeechEnergy","Slimebound:SlimeSpikes+1","Slimebound:Overexert","Slimebound:MegaLick+1","Slimebound:SamplingLick+1","Slimebound:MegaLick+1","Slimebound:RollThrough","Slimebound:SamplingLick+1","Slimebound:SamplingLick+1","Slimebound:DouseInSlime+1","Slimebound:SplitMire+1","Parasite","Slimebound:LeechingTouch+1","Slimebound:Overexert","Slimebound:ProtectTheBoss","Slimebound:RejuvenatingLick+1"],"relics":["Slimebound:AbsorbEndCombatUpgraded","Du-Vu Doll","Blood Vial","downfall:ShatteredFragment","downfall:HeartBlessingRed","downfall:HeartBlessingBlue","InkBottle","Toxic Egg 2","Shuriken","Black Star","Kunai","Happy Flower","Regal Pillow","Bronze Scales","Sundial","PreservedInsect"],"acts_visited":["Exordium","TheCity","TheBeyond"],"potions_floor_usage":[10,12,16,25,40,50],"damage_taken":[{"damage":13,"enemies":"downfall:FleeingMerchant","floor":2,"turns":4},{"damage":5,"enemies":"Small Slimes","floor":3,"turns":3},{"damage":6,"enemies":"2 Louse","floor":4,"turns":3},{"damage":8,"enemies":"downfall:FleeingMerchant","floor":5,"turns":4},{"damage":2,"enemies":"Jaw Worm","floor":6,"turns":4},{"damage":0,"enemies":"3 Sentries","floor":10,"turns":5},{"damage":8,"enemies":"Gremlin Gang","floor":12,"turns":3},{"damage":10,"enemies":"Lots of Slimes","floor":13,"turns":4},{"damage":2,"enemies":"3 Louse","floor":15,"turns":3},{"damage":31,"enemies":"WA_ARCHETYPE_RETAIN","floor":16,"turns":5},{"damage":0,"enemies":"3 Byrds","floor":19,"turns":5},{"damage":19,"enemies":"downfall:LooterAlt2","floor":21,"turns":4},{"damage":11,"enemies":"Snake Plant","floor":22,"turns":3},{"damage":20,"enemies":"downfall:FleeingMerchant","floor":25,"turns":4},{"damage":27,"enemies":"Slavers","floor":30,"turns":4},{"damage":0,"enemies":"downfall:FleeingMerchant","floor":31,"turns":4},{"damage":0,"enemies":"3 Cultists","floor":32,"turns":4},{"damage":54,"enemies":"DF_ARCHETYPE_CLAW","floor":33,"turns":8},{"damage":3,"enemies":"3 Shapes","floor":36,"turns":3},{"damage":3,"enemies":"downfall:FleeingMerchant","floor":37,"turns":1},{"damage":5,"enemies":"3 Darklings","floor":38,"turns":4},{"damage":19,"enemies":"4 Shapes","floor":39,"turns":5},{"damage":33,"enemies":"Giant Head","floor":40,"turns":8},{"damage":53,"enemies":"Reptomancer","floor":43,"turns":6},{"damage":0,"enemies":"Writhing Mass","floor":44,"turns":5},{"damage":0,"enemies":"Transient","floor":46,"turns":5},{"damage":26,"enemies":"Spire Growth","floor":48,"turns":4},{"damage":19,"enemies":"3 Darklings","floor":49,"turns":3},{"damage":20,"enemies":"SI_POISON_ARCHETYPE","floor":50,"turns":10}],"seed_played":"-4304738548953105133","potions_obtained":[{"floor":3,"key":"AttackPotion"},{"floor":6,"key":"BlessingOfTheForge"},{"floor":10,"key":"ColorlessPotion"},{"floor":13,"key":"Slimebound:SlimedPotion"},{"floor":21,"key":"sneckomod:MuddlingPotion"},{"floor":22,"key":"hexamod:SoulburnPotion"},{"floor":32,"key":"Guardian:BlockOnCardUsePotion"},{"floor":33,"key":"SkillPotion"},{"floor":40,"key":"LiquidMemories"},{"floor":43,"key":"SkillPotion"},{"floor":48,"key":"SmokeBomb"}],"is_trial":false,"path_per_floor":["R","$","M","M","$","M","T","?","R","E","R","M","M","?","M","B",null,"R","M","?","M","M","R","T","$","?","?","?","R","E","$","M","B",null,"R","M","?","M","M","E","T","?","E","M","R","M","R","M","M","B",null],"character_chosen":"SLIMEBOUND","items_purchased":["Slimebound:SplitMire","Slimebound:RollThrough","Slimebound:Repurpose","Slimebound:RollThrough","Slimebound:SplitAcid","Slimebound:HauntingLick+1","Slimebound:LeechEnergy","Kunai","Slimebound:MegaLick+1","Slimebound:RollThrough"],"campfire_rested":2,"item_purchase_floors":[2,2,25,25,25,31,31,37,37,37],"current_hp_per_floor":[71,60,61,55,55,57,57,45,66,71,71,71,65,47,53,32,71,81,81,81,74,74,74,74,70,70,70,62,62,52,69,81,29,81,81,81,78,79,62,46,46,46,10,27,66,81,81,58,56,53],"gold":318,"neow_bonus":"TEN_PERCENT_HP_BONUS","is_daily":false,"chose_seed":false,"campfire_upgraded":6,"win_rate":0.0,"timestamp":1613932492,"path_taken":["R","$","M","M","$","M","T","?","R","E","R","M","M","?","M","BOSS","R","M","?","?","M","R","T","?","?","?","?","R","E","$","M","BOSS","R","M","?","M","M","E","T","?","E","M","R","M","R","M","M","BOSS"],"items_purchased_type":["Card","Card","Card","Card","Card","Card","Card","Relic","Card","Card"],"build_version":"2020-12-22","purchased_purges":0,"victory":true,"max_hp_per_floor":[71,71,71,71,71,71,71,71,71,71,71,71,71,71,71,71,71,81,81,81,81,81,81,81,81,81,81,81,81,81,81,81,81,81,81,81,81,81,81,81,81,81,81,81,81,81,81,81,81,81],"relic_stats":{"Blood Vial":30,"Regal Pillow":15,"Happy Flower":[11],"counters":[29,125],"Shuriken":[16],"Sundial":[0],"Bronze Scales":[84],"PreservedInsect":0,"Black Star":2,"Kunai":[11],"obtain_stats":[{"Regal Pillow":40,"downfall:ShatteredFragment":14,"downfall:HeartBlessingRed":18,"Happy Flower":40,"PreservedInsect":43,"Du-Vu Doll":8,"Blood Vial":10,"downfall:HeartBlessingBlue":18,"Shuriken":30,"Sundial":43,"Bronze Scales":41,"Slimebound:AbsorbEndCombat":0,"Black Star":34,"Kunai":37,"Toxic Egg 2":26,"Slimebound:AbsorbEndCombatUpgraded":17,"InkBottle":24},{"Regal Pillow":23,"downfall:ShatteredFragment":8,"downfall:HeartBlessingRed":10,"Happy Flower":23,"PreservedInsect":24,"Du-Vu Doll":5,"Blood Vial":6,"downfall:HeartBlessingBlue":10,"Shuriken":15,"Sundial":24,"Bronze Scales":23,"Slimebound:AbsorbEndCombat":0,"Black Star":18,"Kunai":20,"Toxic Egg 2":14,"Slimebound:AbsorbEndCombatUpgraded":10,"InkBottle":13},{"Regal Pillow":93,"downfall:ShatteredFragment":30,"downfall:HeartBlessingRed":37,"Happy Flower":93,"PreservedInsect":99,"Du-Vu Doll":18,"Blood Vial":23,"downfall:HeartBlessingBlue":37,"Shuriken":57,"Sundial":99,"Bronze Scales":93,"Slimebound:AbsorbEndCombat":0,"Black Star":73,"Kunai":77,"Toxic Egg 2":53,"Slimebound:AbsorbEndCombatUpgraded":37,"InkBottle":49}],"InkBottle":[41]},"card_choices":[{"not_picked":["Slimebound:FormOfPuddle","Slimebound:GoopSpray"],"picked":"Slimebound:Prepare","floor":2},{"not_picked":["Slimebound:SplitLeeching","Slimebound:LivingWall"],"picked":"Slimebound:SamplingLick","floor":3},{"not_picked":["Slimebound:GoopSpray","Slimebound:Schlurp"],"picked":"Slimebound:HauntingLick","floor":4},{"not_picked":["Slimebound:PressTheAttack","Slimebound:BestDefense"],"picked":"Slimebound:SamplingLick","floor":5},{"not_picked":["Slimebound:FinishingTackle","Slimebound:ViciousTackle"],"picked":"Slimebound:SamplingLick","floor":6},{"not_picked":["Slimebound:SplitAcid","Slimebound:Dissolve"],"picked":"Slimebound:DouseInSlime","floor":10},{"not_picked":["Slimebound:SplitMire","Slimebound:DisruptingSlam"],"picked":"Slimebound:GrowthPunch","floor":12},{"not_picked":["Slimebound:SplitMire","Slimebound:Prepare"],"picked":"Slimebound:MegaLick","floor":13},{"not_picked":["Slimebound:LevelUp","Slimebound:SpikyOuterGoop"],"picked":"Slimebound:LeechEnergy","floor":15},{"not_picked":["Slimebound:MassRepurpose","Slimebound:DouseInSlime"],"picked":"Slimebound:SelfFormingGoo","floor":16},{"not_picked":["Slimebound:ComboTackle","Slimebound:FinishingTackle"],"picked":"Slimebound:SplitAcid","floor":19},{"not_picked":["Slimebound:SplitBruiser+1","Slimebound:SplitAcid+1"],"picked":"Slimebound:Schlurp","floor":21},{"not_picked":["Slimebound:LeechEnergy+1","Slimebound:SplitBruiser+1"],"picked":"Slimebound:SlimeBarrage","floor":22},{"not_picked":["Slimebound:DouseInSlime","Slimebound:Grow"],"picked":"Slimebound:SplitAcid","floor":25},{"not_picked":["Slimebound:ProtectTheBoss","Slimebound:LeechEnergy"],"picked":"Slimebound:SplitLeeching+1","floor":30},{"not_picked":["Slimebound:FinishingTackle","Slimebound:SplitMire+1"],"picked":"Slimebound:GoopSpray+1","floor":31},{"not_picked":["Slimebound:SplitLeeching+1","Slimebound:RollThrough"],"picked":"Slimebound:SlimeSpikes+1","floor":32},{"not_picked":["Slimebound:FirmFortitude+1","Slimebound:OneTwoCombo"],"picked":"Slimebound:Overexert","floor":33},{"not_picked":["Slimebound:GoopTackle+1","Slimebound:ComboTackle+1"],"picked":"Slimebound:MegaLick+1","floor":36},{"not_picked":["Slimebound:TongueLash+1","Slimebound:BestDefense+1"],"picked":"Slimebound:SamplingLick+1","floor":37},{"not_picked":["Slimebound:BestDefense+1","Slimebound:LevelUp"],"picked":"Slimebound:SamplingLick+1","floor":38},{"not_picked":["Slimebound:GoopSpray+1","Slimebound:FinishingTackle"],"picked":"Slimebound:SamplingLick+1","floor":39},{"not_picked":["Slimebound:DisruptingSlam","Slimebound:Prepare+1"],"picked":"Slimebound:DouseInSlime+1","floor":40},{"not_picked":["Slimebound:LivingWall+1","Slimebound:Dissolve+1"],"picked":"Slimebound:SplitMire+1","floor":43},{"not_picked":["Slimebound:Chomp+1","Slimebound:HauntingLick+1"],"picked":"Slimebound:LeechingTouch+1","floor":44},{"not_picked":["Slimebound:SplitAcid+1","Slimebound:SlimeBrawl+1"],"picked":"Slimebound:Overexert","floor":46},{"not_picked":["Slimebound:FinishingTackle","Slimebound:LivingWall+1"],"picked":"Slimebound:ProtectTheBoss","floor":48},{"not_picked":["Slimebound:GrowthPunch+1","Slimebound:GoopSpray+1"],"picked":"Slimebound:RejuvenatingLick+1","floor":49}],"player_experience":203064,"relics_obtained":[{"floor":10,"key":"Blood Vial"},{"floor":24,"key":"InkBottle"},{"floor":30,"key":"Shuriken"},{"floor":40,"key":"Happy Flower"},{"floor":40,"key":"Regal Pillow"},{"floor":41,"key":"Bronze Scales"},{"floor":43,"key":"Sundial"},{"floor":43,"key":"PreservedInsect"}],"event_choices":[{"damage_healed":0,"gold_gain":0,"player_choice":"Success","damage_taken":12,"relics_obtained":["Du-Vu Doll"],"max_hp_gain":0,"max_hp_loss":0,"event_name":"Scrap Ooze","floor":8,"gold_loss":0}],"is_beta":false,"boss_relics":[{"not_picked":["Pandora\u0027s Box","Velvet Choker"],"picked":"Slimebound:AbsorbEndCombatUpgraded"},{"not_picked":["Runic Pyramid","Cursed Key"],"picked":"Black Star"}],"items_purged_floors":[],"is_endless":false,"potions_floor_spawned":[3,6,10,13,21,22,32,33,38,40,43,46,48],"ascension_level":0}}