{"host":"sp1f3sybb350mzsh","time":1613897825,"event":{"mods":["AchievementEnabler","BaseMod","Bestiary","Colored Map","Colored Powertips","Filter the Spire","Minty Spire (QoL Compilation)","Permanent Neow","Relic Stats","StSLib","everything is the same but u backflip on backflip","ojb\u0027s Better Paths Mod"],"gold_per_floor":[111,128,203,214,13,13,41,41,41,74,74,117,45,65,65,189,189,173,173,187,202,35,35,58,93,118,157,173,173,53,78,78,202,202,217,217,235,1234,492,492,105,149,149,193,193,193,206,206,206,206],"floor_reached":51,"language":"ENG","playtime":2987,"items_purged":["Strike_G","Normality","Normality"],"score":927,"play_id":"ece17ca7-4473-451e-bf56-46a388a14cc2","local_time":"20210221025705","is_ascension_mode":true,"campfire_choices":[{"data":"Glass Knife","floor":6,"key":"SMITH"},{"data":"Footwork","floor":15,"key":"SMITH"},{"data":"Noxious Fumes","floor":23,"key":"SMITH"},{"data":"Choke","floor":29,"key":"SMITH"},{"data":"Accuracy","floor":32,"key":"SMITH"},{"data":"Footwork","floor":40,"key":"SMITH"},{"data":"Blade Dance","floor":46,"key":"SMITH"},{"floor":49,"key":"REST"}],"circlet_count":0,"master_deck":["Defend_G","Defend_G","Defend_G","Defend_G","Survivor","Neutralize+1","Noxious Fumes+1","Acrobatics","Predator","Glass Knife+1","Blade Dance+1","Venomology+1","Deflect+1","Footwork+1","Corpse Explosion+1","Blade Dance+1","After Image+1","Skewer+1","J.A.X.+1","PiercingWail+1","Cloak And Dagger+1","Deadly Poison+1","Footwork+1","Leg Sweep+1","Adrenaline+1","Calculated Gamble+1","Choke+1","Accuracy+1","Outmaneuver+1","Night Terror+1","Caltrops+1","Prepared+1","Prepared+1","Dark Shackles+1","Cloak And Dagger+1","Concentrate+1","Well Laid Plans+1","Eviscerate+1","PanicButton+1","Sadistic Nature"],"relics":["Ring of the Snake","Bottled Flame","Golden Idol","HornCleat","Toxic Egg 2","Meat on the Bone","Astrolabe","Tough Bandages","Bronze Scales","Juzu Bracelet","Empty Cage","Ornamental Fan","Gremlin Horn","Mummified Hand","Bag of Preparation","Calipers","Gambling Chip"],"acts_visited":["Exordium","TheCity","TheBeyond"],"potions_floor_usage":[7,10,16,18,21,24,25,25,27,31,37,42,44,44,44,50],"damage_taken":[{"damage":0,"enemies":"Jaw Worm","floor":1,"turns":5},{"damage":0,"enemies":"2 Louse","floor":2,"turns":3},{"damage":0,"enemies":"Small Slimes","floor":4,"turns":4},{"damage":15,"enemies":"Lagavulin","floor":7,"turns":6},{"damage":9,"enemies":"3 Sentries","floor":10,"turns":6},{"damage":9,"enemies":"Gremlin Nob","floor":12,"turns":4},{"damage":0,"enemies":"Blue Slaver","floor":14,"turns":2},{"damage":22,"enemies":"Slime Boss","floor":16,"turns":10},{"damage":10,"enemies":"2 Thieves","floor":18,"turns":4},{"damage":10,"enemies":"Spheric Guardian","floor":20,"turns":5},{"damage":9,"enemies":"Snake Plant","floor":21,"turns":5},{"damage":3,"enemies":"Chosen and Byrds","floor":24,"turns":6},{"damage":16,"enemies":"Gremlin Leader","floor":25,"turns":7},{"damage":5,"enemies":"Book of Stabbing","floor":27,"turns":5},{"damage":7,"enemies":"Cultist and Chosen","floor":28,"turns":8},{"damage":3,"enemies":"Snecko","floor":31,"turns":6},{"damage":14,"enemies":"Champ","floor":33,"turns":10},{"damage":0,"enemies":"3 Shapes","floor":35,"turns":5},{"damage":7,"enemies":"Orb Walker","floor":37,"turns":4},{"damage":17,"enemies":"Reptomancer","floor":42,"turns":4},{"damage":3,"enemies":"Giant Head","floor":44,"turns":8},{"damage":4,"enemies":"Jaw Worm Horde","floor":47,"turns":2},{"damage":3,"enemies":"Donu and Deca","floor":50,"turns":6}],"seed_played":"7483526463425994017","potions_obtained":[{"floor":1,"key":"SmokeBomb"},{"floor":4,"key":"Block Potion"},{"floor":12,"key":"LiquidMemories"},{"floor":27,"key":"Block Potion"}],"is_trial":false,"path_per_floor":["M","M","?","M","$","R","E","?","T","E","?","E","$","M","R","B",null,"M","?","M","M","$","R","M","E","T","E","M","R","$","M","R","B",null,"M","?","M","?","$","R","$","E","T","E","?","R","M","?","R","B",null],"character_chosen":"THE_SILENT","items_purchased":["Glass Knife","Block Potion","Footwork","Deadly Poison+1","Footwork","Accuracy","Outmaneuver+1","Prepared+1","Ornamental Fan","Gremlin Horn","Dark Shackles+1","Mummified Hand","Cloak And Dagger+1"],"campfire_rested":1,"item_purchase_floors":[5,5,13,22,22,30,30,39,39,39,39,41,41],"current_hp_per_floor":[70,70,59,59,59,59,44,44,44,35,35,26,26,38,38,28,65,55,55,45,48,48,48,45,44,44,39,44,44,44,41,41,39,65,65,65,58,58,58,58,58,41,41,38,38,38,34,29,47,44],"gold":206,"neow_bonus":"UPGRADE_CARD","is_daily":false,"chose_seed":false,"campfire_upgraded":7,"win_rate":0.0,"timestamp":1613897825,"path_taken":["M","M","?","M","$","R","E","?","T","E","?","E","?","M","R","BOSS","M","?","M","M","$","R","M","E","T","E","M","R","$","M","R","BOSS","M","?","M","?","$","R","$","E","T","E","?","R","M","?","R","BOSS"],"items_purchased_type":["Card","Potion","Card","Card","Card","Card","Card","Card","Relic","Relic","Card","Relic","Card"],"build_version":"2020-12-22","purchased_purges":3,"victory":true,"max_hp_per_floor":[70,70,70,70,70,70,70,65,65,65,65,65,65,65,65,65,65,65,65,65,65,65,65,65,65,65,65,65,65,65,65,65,65,65,65,65,65,65,65,65,65,65,65,65,62,62,62,62,62,62],"relic_stats":{"Gremlin Horn":[3,3],"counters":[23,125],"Golden Idol":160,"Astrolabe":["Blade Dance","After Image","Skewer"],"Juzu Bracelet":0,"Bag of Preparation":[6],"Tough Bandages":[174],"Ornamental Fan":[60],"Mummified Hand":[25],"Bronze Scales":[141],"Gambling Chip":[8],"obtain_stats":[{"Calipers":43,"Gremlin Horn":39,"Golden Idol":8,"Astrolabe":17,"Juzu Bracelet":27,"Bag of Preparation":42,"Empty Cage":34,"Bottled Flame":7,"Tough Bandages":25,"HornCleat":9,"Ornamental Fan":39,"Mummified Hand":41,"Bronze Scales":26,"Gambling Chip":44,"Toxic Egg 2":10,"Ring of the Snake":0,"Meat on the Bone":12},{"Calipers":20,"Gremlin Horn":19,"Golden Idol":4,"Astrolabe":8,"Juzu Bracelet":14,"Bag of Preparation":20,"Empty Cage":17,"Bottled Flame":4,"Tough Bandages":13,"HornCleat":4,"Ornamental Fan":19,"Mummified Hand":19,"Bronze Scales":13,"Gambling Chip":21,"Toxic Egg 2":5,"Ring of the Snake":0,"Meat on the Bone":6},{"Calipers":109,"Gremlin Horn":105,"Golden Idol":18,"Astrolabe":40,"Juzu Bracelet":72,"Bag of Preparation":109,"Empty Cage":96,"Bottled Flame":18,"Tough Bandages":67,"HornCleat":18,"Ornamental Fan":105,"Mummified Hand":105,"Bronze Scales":67,"Gambling Chip":117,"Toxic Egg 2":24,"Ring of the Snake":0,"Meat on the Bone":28}],"Ring of the Snake":[46],"Meat on the Bone":48},"card_choices":[{"not_picked":["Dagger Throw","Cloak And Dagger"],"picked":"Noxious Fumes","floor":1},{"not_picked":["Calculated Gamble","Setup"],"picked":"Acrobatics","floor":2},{"not_picked":["PiercingWail","Deadly Poison"],"picked":"Predator","floor":4},{"not_picked":["Riddle With Holes","Dagger Throw"],"picked":"Blade Dance","floor":7},{"not_picked":["Dagger Spray","Quick Slash"],"picked":"Venomology+1","floor":10},{"not_picked":["Flechettes","Choke"],"picked":"Deflect+1","floor":12},{"not_picked":["Masterful Stab","Quick Slash","All Out Attack"],"picked":"SKIP","floor":14},{"not_picked":["Tools of the Trade","Burst+1"],"picked":"Corpse Explosion+1","floor":16},{"not_picked":["Poisoned Stab","Dagger Throw","Quick Slash"],"picked":"SKIP","floor":18},{"not_picked":["Acrobatics+1","Blade Dance+1"],"picked":"PiercingWail+1","floor":20},{"not_picked":["Flying Knee","Dagger Spray"],"picked":"Cloak And Dagger+1","floor":21},{"not_picked":["Concentrate+1","Escape Plan+1"],"picked":"Leg Sweep+1","floor":24},{"not_picked":["Deflect+1","Terror+1"],"picked":"Adrenaline+1","floor":25},{"not_picked":["Slice","Underhanded Strike+1"],"picked":"Calculated Gamble+1","floor":27},{"not_picked":["Quick Slash","Underhanded Strike","Choke"],"picked":"SKIP","floor":28},{"not_picked":["Quick Slash","Underhanded Strike"],"picked":"Choke","floor":28},{"not_picked":["Dash","Outmaneuver+1","Distraction+1"],"picked":"SKIP","floor":31},{"not_picked":["Envenom","After Image"],"picked":"Night Terror+1","floor":33},{"not_picked":["Acrobatics+1","Dagger Spray"],"picked":"Caltrops+1","floor":35},{"not_picked":["Heel Hook","All Out Attack"],"picked":"Prepared+1","floor":37},{"not_picked":["Deflect+1","Reflex+1"],"picked":"Concentrate+1","floor":42},{"not_picked":["Concentrate+1","Poisoned Stab"],"picked":"Well Laid Plans+1","floor":44},{"not_picked":["Slice","Riddle With Holes"],"picked":"Eviscerate+1","floor":47},{"not_picked":["Flash of Steel","Mind Blast"],"picked":"PanicButton+1","floor":48},{"not_picked":["Finesse+1","Swift Strike"],"picked":"Sadistic Nature","floor":48}],"player_experience":186074,"relics_obtained":[{"floor":7,"key":"Bottled Flame"},{"floor":9,"key":"HornCleat"},{"floor":10,"key":"Toxic Egg 2"},{"floor":12,"key":"Meat on the Bone"},{"floor":25,"key":"Tough Bandages"},{"floor":26,"key":"Bronze Scales"},{"floor":27,"key":"Juzu Bracelet"},{"floor":42,"key":"Bag of Preparation"},{"floor":43,"key":"Calipers"},{"floor":44,"key":"Gambling Chip"}],"event_choices":[{"damage_healed":0,"gold_gain":75,"player_choice":"Gather Gold","damage_taken":11,"max_hp_gain":0,"max_hp_loss":0,"event_name":"World of Goop","floor":3,"gold_loss":0},{"damage_healed":0,"gold_gain":0,"player_choice":"Lose Max HP","damage_taken":0,"relics_obtained":["Golden Idol"],"max_hp_gain":0,"max_hp_loss":5,"event_name":"Golden Idol","floor":8,"gold_loss":0},{"damage_healed":0,"gold_gain":0,"player_choice":"Ignored","damage_taken":0,"max_hp_gain":0,"max_hp_loss":0,"event_name":"Shining Light","floor":11,"gold_loss":0},{"damage_healed":0,"gold_gain":0,"player_choice":"Obtain J.A.X.","damage_taken":0,"max_hp_gain":0,"max_hp_loss":0,"event_name":"Drug Dealer","floor":19,"gold_loss":0,"cards_obtained":["J.A.X."]},{"damage_healed":0,"gold_gain":0,"player_choice":"Ignored","damage_taken":0,"max_hp_gain":0,"max_hp_loss":0,"event_name":"Tomb of Lord Red Mask","floor":36,"gold_loss":0},{"damage_healed":0,"gold_gain":999,"player_choice":"Gold","damage_taken":0,"max_hp_gain":0,"max_hp_loss":0,"event_name":"MindBloom","floor":38,"gold_loss":0,"cards_obtained":["Normality","Normality"]},{"damage_healed":0,"gold_gain":0,"player_choice":"Max HP","damage_taken":0,"max_hp_gain":0,"max_hp_loss":3,"event_name":"Winding Halls","floor":45,"gold_loss":0},{"damage_healed":0,"gold_gain":0,"player_choice":"Memory 2","damage_taken":5,"max_hp_gain":0,"max_hp_loss":0,"event_name":"SensoryStone","floor":48,"gold_loss":0}],"is_beta":false,"boss_relics":[{"not_picked":["Coffee Dripper","Calling Bell"],"picked":"Astrolabe"},{"not_picked":["Tiny House","SlaversCollar"],"picked":"Empty Cage"}],"items_purged_floors":[22,39,41],"is_endless":false,"potions_floor_spawned":[1,4,12,14,21,24,27,31,37,44,47],"ascension_level":1}}