{"host":"8i6urbfw19gmz7qf","time":1613883483,"event":{"mods":["AchievementEnabler","Aspiration","BaseMod","Colored Map","Conspire","Energized Spire","Friendly Minions","Halation","Hermit","Highlight Path","Hubris","Minty Spire (QoL Compilation)","Quick Restart","READ ME - Snecko Mod","Random Character Button","Replay The Spire","Robot Space Explorer","StSLib","Synergy Search","The Cursed","The Jungle","The Marked","The Necromancer"],"gold_per_floor":[110,128,144,160,115,215,225,225,225,225,244,260,279,244,244,343,343,356,246,246,261,261,261],"floor_reached":22,"language":"ENG","playtime":1137,"items_purged":[],"score":180,"play_id":"a5447cec-5684-49fe-a908-7481519fcfa2","local_time":"20210220205803","is_ascension_mode":false,"campfire_choices":[{"floor":8,"key":"REST"},{"floor":10,"key":"REST"},{"data":"hermit:Vantage","floor":15,"key":"SMITH"}],"circlet_count":0,"master_deck":["hermit:Strike_Hermit","hermit:Strike_Hermit","hermit:Strike_Hermit","hermit:Strike_Hermit","hermit:Defend_Hermit","hermit:Defend_Hermit","hermit:Defend_Hermit","hermit:Defend_Hermit","hermit:Snapshot","hermit:Covet","hermit:Headshot","hermit:Snipe","hermit:BigShot","hermit:Vantage+1","hermit:Quickdraw","hermit:WideOpen","hermit:Quickdraw","hermit:Deadeye","hermit:Headshot","hermit:FromBeyond","hermit:Ricochet","hermit:Maintenance","hermit:Grudge","hermit:Showdown","hermit:FullyLoaded"],"relics":["hermit:Momento","NeowsBlessing","aspiration:ChemicalBlood","Ring of Chaos"],"acts_visited":["Exordium","TheCity"],"potions_floor_usage":[13,16,16,16,18,18,22],"damage_taken":[{"damage":0,"enemies":"Cultist","floor":1,"turns":1},{"damage":0,"enemies":"2 Louse","floor":2,"turns":1},{"damage":0,"enemies":"Small Slimes","floor":3,"turns":1},{"damage":30,"enemies":"Exordium Wildlife","floor":4,"turns":5},{"damage":10,"enemies":"Looter","floor":7,"turns":4},{"damage":0,"enemies":"3 Louse","floor":11,"turns":4},{"damage":4,"enemies":"Blue Slaver","floor":12,"turns":2},{"damage":6,"enemies":"Exordium Wildlife","floor":13,"turns":3},{"damage":39,"enemies":"The Guardian","floor":16,"turns":7},{"damage":33,"enemies":"Shell Parasite","floor":18,"turns":5},{"damage":10,"enemies":"Chosen","floor":21,"turns":4},{"damage":37,"enemies":"Shelled Parasite and Fungi","floor":22,"turns":4}],"seed_played":"-432362511447440250","potions_obtained":[{"floor":4,"key":"EssenceOfSteel"},{"floor":7,"key":"Explosive Potion"},{"floor":12,"key":"FairyPotion"},{"floor":13,"key":"Adrenaline Potion"},{"floor":16,"key":"Adrenaline Potion"}],"is_trial":false,"path_per_floor":["M","M","M","M","$","?","M","R","T","R","M","M","M","?","R","B",null,"M","$","?","M","M"],"character_chosen":"HERMIT","items_purchased":["hermit:Quickdraw","hermit:Maintenance","hermit:Grudge"],"campfire_rested":2,"item_purchase_floors":[5,19,19],"current_hp_per_floor":[75,75,75,45,45,45,35,57,57,75,75,71,65,75,75,36,75,42,42,42,32,22,22],"gold":261,"neow_bonus":"THREE_ENEMY_KILL","is_daily":false,"chose_seed":false,"campfire_upgraded":1,"win_rate":0.0,"timestamp":1613883483,"path_taken":["M","M","?","M","$","?","M","R","T","R","M","M","?","?","R","BOSS","M","$","?","M","M"],"items_purchased_type":["Card","Card","Card"],"build_version":"2020-12-22","purchased_purges":0,"victory":false,"max_hp_per_floor":[75,75,75,75,75,75,75,75,75,75,75,75,75,75,75,75,75,75,75,75,75,75,75],"card_choices":[{"not_picked":["hermit:Glare","hermit:ItchyTrigger"],"picked":"hermit:Headshot","floor":1},{"not_picked":["hermit:Coalescence","hermit:Desperado"],"picked":"hermit:Snipe","floor":2},{"not_picked":["hermit:Feint","hermit:DeadMansHand"],"picked":"hermit:BigShot","floor":3},{"not_picked":["hermit:BodyArmor","hermit:NoHoldsBarred"],"picked":"hermit:Vantage","floor":4},{"not_picked":["hermit:HighCaliber","hermit:DeadMansHand"],"picked":"hermit:WideOpen","floor":7},{"not_picked":["hermit:Coalescence","hermit:Glare"],"picked":"hermit:Quickdraw","floor":11},{"not_picked":["hermit:TrackingShot","hermit:Quickdraw"],"picked":"hermit:Deadeye","floor":12},{"not_picked":["hermit:Coalescence","hermit:Misfire"],"picked":"hermit:Headshot","floor":13},{"not_picked":["hermit:EternalForm","hermit:Reprieve"],"picked":"hermit:FromBeyond","floor":16},{"not_picked":["hermit:Cheat+1","hermit:LowProfile+1"],"picked":"hermit:Ricochet","floor":18},{"not_picked":["hermit:Roulette","hermit:Headshot"],"picked":"hermit:FullyLoaded","floor":21}],"player_experience":51261,"relics_obtained":[{"floor":9,"key":"aspiration:ChemicalBlood"}],"event_choices":[{"damage_healed":0,"gold_gain":100,"player_choice":"Pray","damage_taken":0,"max_hp_gain":0,"max_hp_loss":0,"event_name":"Golden Shrine","floor":6,"gold_loss":0},{"damage_healed":18,"gold_gain":0,"player_choice":"Healed","damage_taken":0,"max_hp_gain":0,"max_hp_loss":0,"event_name":"The Cleric","floor":14,"gold_loss":35}],"is_beta":false,"boss_relics":[{"not_picked":["Sozu","hubris:CrackedHourglass"],"picked":"Ring of Chaos"}],"items_purged_floors":[],"is_endless":false,"potions_floor_spawned":[4,7,12,13],"killed_by":"Shelled Parasite and Fungi","ascension_level":0}}