{"host":"2c84cb4cp1emursg","time":1613890791,"event":{"mods":["Act Like it!","BaseMod","Better Third Choice","Bossed Relics","Downfall","Hermit","Mimic Mod","Minty Spire (QoL Compilation)","Permanent Neow","Shapeshifter Mod","StSLib"],"gold_per_floor":[349,366,291,291,1,14,14,28,28,59,9,44,44,79,90,190,190,40,58,74,74,74,101,125,50,50,81,95,95,124,124,144,249,249,199,219,230,230,248,261,261,389,423,20,39,73,23,35,51,51],"floor_reached":51,"language":"ENG","playtime":3296,"items_purged":["Slimebound:Strike_Slimebound","Pride"],"score":951,"play_id":"ec314dde-64d6-4d78-be69-636f96008aa9","local_time":"20210220235951","is_ascension_mode":true,"campfire_choices":[{"data":"Slimebound:Split","floor":1.0,"key":"SMITH"},{"data":"Slimebound:HauntingLick","floor":11.0,"key":"SMITH"},{"data":"Slimebound:Recycling","floor":18.0,"key":"SMITH"},{"floor":35,"key":"RECALL"},{"data":"Slimebound:DuplicatedForm","floor":47,"key":"SMITH"}],"circlet_count":0,"master_deck":["Slimebound:Tackle","Slimebound:Defend_Slimebound","Slimebound:Defend_Slimebound","Slimebound:Defend_Slimebound","Slimebound:Defend_Slimebound","Slimebound:Split+1","Slimebound:CorrosiveSpit","Slimebound:HauntingLick+1","Slimebound:SlimeSpikes","expansioncontent:AwakenDeath","Mayhem","Slimebound:Recollect","Slimebound:TongueLash","Slimebound:SlimeSlap","Slimebound:Split","Slimebound:Recollect","Slimebound:Recycling+1","Slimebound:MegaLick","Slimebound:LeechLife","Slimebound:DivideAndConquer+1","Slimebound:Nibble","RitualDagger+1","Slimebound:TagTeam","Slimebound:Tackle+1","Slimebound:Tackle+1","Slimebound:Tackle+1","Slimebound:TongueLash","Slimebound:HauntingLick+1","Slimebound:Prepare+1","Slimebound:DuplicatedForm+1","Slimebound:SamplingLick+1","expansioncontent:DashGenerateEvil","expansioncontent:StudyTheSpire","expansioncontent:AwakenDeath","Slimebound:HauntingLick+1","Parasite","Slimebound:FormOfPuddle+1"],"relics":["Slimebound:AbsorbEndCombat","Slimebound:GreedOozeRelic","The Courier","Slimebound:AggressiveSlimeRelic","Juzu Bracelet","Pandora\u0027s Box","downfall:HeartBlessingGreen","Nloth\u0027s Gift","Bottled Tornado","Bag of Marbles","Gremlin Horn","Bird Faced Urn","Bottled Lightning","SlaversCollar","ClockworkSouvenir","Boot","DollysMirror","Anchor"],"acts_visited":["Exordium","TheCity","TheBeyond"],"potions_floor_usage":[30,30,43,43,45,49],"damage_taken":[{"damage":10.0,"enemies":"2 Louse","floor":2.0,"turns":3.0},{"damage":11.0,"enemies":"downfall:FleeingMerchant","floor":5.0,"turns":4.0},{"damage":2.0,"enemies":"Small Slimes","floor":6.0,"turns":4.0},{"damage":5.0,"enemies":"Jaw Worm","floor":8.0,"turns":3.0},{"damage":31.0,"enemies":"3 Sentries","floor":10.0,"turns":9.0},{"damage":24.0,"enemies":"Gremlin Nob","floor":12.0,"turns":4.0},{"damage":0.0,"enemies":"Lots of Slimes","floor":13.0,"turns":1.0},{"damage":26.0,"enemies":"Lagavulin","floor":14.0,"turns":5.0},{"damage":4.0,"enemies":"2 Fungi Beasts","floor":15.0,"turns":3.0},{"damage":39.0,"enemies":"DF_ARCHETYPE_STREAMLINE","floor":16.0,"turns":8.0},{"damage":0.0,"enemies":"Spheric Guardian","floor":19.0,"turns":3.0},{"damage":8.0,"enemies":"Shell Parasite","floor":20.0,"turns":3.0},{"damage":15.0,"enemies":"Book of Stabbing","floor":23.0,"turns":4.0},{"damage":5.0,"enemies":"downfall:FleeingMerchant","floor":25.0,"turns":4.0},{"damage":29.0,"enemies":"Gremlin Leader","floor":27.0,"turns":5.0},{"damage":0,"enemies":"Snake Plant","floor":28,"turns":2},{"damage":35,"enemies":"Slavers","floor":30,"turns":4},{"damage":3,"enemies":"Shelled Parasite and Fungi","floor":32,"turns":3},{"damage":31,"enemies":"IC_MUSHROOM_ARCHETYPE","floor":33,"turns":6},{"damage":19,"enemies":"Orb Walker","floor":36,"turns":3},{"damage":15,"enemies":"3 Shapes","floor":37,"turns":3},{"damage":12,"enemies":"Jaw Worm Horde","floor":39,"turns":4},{"damage":17,"enemies":"Spire Growth","floor":40,"turns":4},{"damage":6,"enemies":"downfall:FleeingMerchant","floor":42,"turns":2},{"damage":38,"enemies":"Reptomancer","floor":43,"turns":4},{"damage":20,"enemies":"3 Darklings","floor":45,"turns":4},{"damage":31,"enemies":"Nemesis","floor":46,"turns":5},{"damage":6,"enemies":"Writhing Mass","floor":48,"turns":4},{"damage":38,"enemies":"Maw","floor":49,"turns":6},{"damage":124,"enemies":"WA_ARCHETYPE_DIVINITY","floor":50,"turns":7}],"seed_played":"-4220083799423110471","potions_obtained":[{"floor":8.0,"key":"SpeedPotion"},{"floor":10.0,"key":"SmokeBomb"},{"floor":14.0,"key":"Swift Potion"},{"floor":15.0,"key":"LiquidBronze"},{"floor":19.0,"key":"Guardian:BlockOnCardUsePotion"},{"floor":22.0,"key":"CultistPotion"},{"floor":32,"key":"ColorlessPotion"},{"floor":33,"key":"FearPotion"},{"floor":37,"key":"Regen Potion"},{"floor":46,"key":"GamblersBrew"},{"floor":48,"key":"Block Potion"},{"floor":49,"key":"bronze:BurnAndBuffPotion"}],"is_trial":false,"path_per_floor":["R","M","?","?","$","M","T","M","?","E","R","E","M","E","M","B",null,"R","M","M","?","?","E","T","$","?","E","M","?","E","?","M","B",null,"R","M","M","?","M","M","T","$","E","$","M","E","R","M","M","B",null],"character_chosen":"SLIMEBOUND","items_purchased":["expansioncontent:AwakenDeath","Mayhem","ClockworkSouvenir","expansioncontent:DashGenerateEvil","expansioncontent:StudyTheSpire","DollysMirror"],"campfire_rested":0,"item_purchase_floors":[5,5,42,44,44,44],"current_hp_per_floor":[59,51,51,51,48,48,48,47,47,22,22,6,6,13,13,20,59,59,59,51,51,51,48,48,51,51,42,48,48,23,42,57,38,59,59,47,46,46,50,45,45,49,21,21,40,23,23,47,49,18],"gold":51,"neow_bonus":"TWO_FIFTY_GOLD","is_daily":false,"chose_seed":false,"campfire_upgraded":4,"win_rate":0.0,"timestamp":1613890791,"path_taken":["R","M","?","?","?","?","T","M","?","E","R","E","M","E","M","BOSS","R","M","M","?","?","E","T","$","?","E","M","?","E","?","M","BOSS","R","M","M","?","M","M","T","$","E","$","M","E","R","M","M","BOSS"],"items_purchased_type":["Card","Card","Relic","Card","Card","Relic"],"build_version":"2020-12-22","purchased_purges":2,"victory":true,"max_hp_per_floor":[59,59,59,59,59,59,59,59,59,59,59,59,59,59,59,59,59,59,59,59,59,59,59,59,59,59,59,59,59,59,59,59,59,59,59,59,59,59,59,59,59,59,59,59,59,59,59,59,59,59],"card_choices":[{"not_picked":["Slimebound:SplitAcid","Slimebound:RollThrough"],"picked":"Slimebound:HauntingLick","floor":2.0},{"not_picked":["Slimebound:FlameTackle","Slimebound:LivingWall"],"picked":"Slimebound:SlimeSpikes","floor":5.0},{"not_picked":["Slimebound:SplitSpecialist","Slimebound:Prepare"],"picked":"Slimebound:Recollect","floor":6.0},{"not_picked":["Slimebound:CheckThePlaybook","Slimebound:ItLooksTasty"],"picked":"Slimebound:TongueLash","floor":8.0},{"not_picked":["Slimebound:SlimeSpikes","Slimebound:ComboTackle"],"picked":"Slimebound:Recollect","floor":10.0},{"not_picked":["Slimebound:Chomp","Slimebound:GoopTackle"],"picked":"Slimebound:Recycling","floor":12.0},{"not_picked":["Slimebound:HauntingLick","Slimebound:DisruptingSlam"],"picked":"Slimebound:MegaLick","floor":14.0},{"not_picked":["Slimebound:GoopTackle","Slimebound:LivingWall","Slimebound:Schlurp"],"picked":"SKIP","floor":15.0},{"not_picked":["Slimebound:OneTwoCombo","Slimebound:CheckThePlaybook"],"picked":"Slimebound:LeechLife","floor":16.0},{"not_picked":["Slimebound:LeechingTouch","Slimebound:SplitBruiser"],"picked":"Slimebound:DivideAndConquer+1","floor":19.0},{"not_picked":["Slimebound:ProtectTheBoss","Slimebound:SplitMire"],"picked":"Slimebound:Nibble","floor":20.0},{"not_picked":["Slimebound:HungryTackle","Slimebound:FlameTackle"],"picked":"Slimebound:TagTeam","floor":23.0},{"not_picked":["Slimebound:GoopTackle","Slimebound:ItLooksTasty+1","Slimebound:LeechingTouch"],"picked":"SKIP","floor":25.0},{"not_picked":["Slimebound:Chomp+1","Slimebound:Teamwork"],"picked":"Slimebound:TongueLash","floor":27},{"not_picked":["Slimebound:SplitBruiser","Slimebound:Repurpose"],"picked":"Slimebound:HauntingLick+1","floor":28},{"not_picked":["Slimebound:ItLooksTasty","Slimebound:LevelUp","Slimebound:PressTheAttack"],"picked":"SKIP","floor":30},{"not_picked":["Slimebound:FinishingTackle","Slimebound:RollThrough"],"picked":"Slimebound:Prepare+1","floor":32},{"not_picked":["Slimebound:Teamwork","Slimebound:Overexert"],"picked":"Slimebound:DuplicatedForm","floor":33},{"not_picked":["Slimebound:PressTheAttack","Slimebound:Schlurp","Slimebound:Repurpose+1"],"picked":"SKIP","floor":36},{"not_picked":["Slimebound:SplitMire","Slimebound:Repurpose+1","Slimebound:FinishingTackle+1"],"picked":"SKIP","floor":37},{"not_picked":["Slimebound:RollThrough+1","Slimebound:GrowthPunch+1"],"picked":"Slimebound:SamplingLick+1","floor":39},{"not_picked":["Slimebound:Prepare+1","Slimebound:SplitLeeching+1","Slimebound:Chomp"],"picked":"SKIP","floor":40},{"not_picked":["Slimebound:MegaLick","Slimebound:LeechingTouch+1","Slimebound:ProtectTheBoss"],"picked":"SKIP","floor":42},{"not_picked":["Slimebound:TongueLash","Slimebound:FinishingTackle","Slimebound:TagTeam"],"picked":"SKIP","floor":43},{"not_picked":["Slimebound:AcidTongue","Slimebound:ServeAndProtect+1","Slimebound:GrowthPunch"],"picked":"SKIP","floor":45},{"not_picked":["Slimebound:Schlurp","Slimebound:Nibble"],"picked":"Slimebound:HauntingLick+1","floor":46},{"not_picked":["Slimebound:SlimeSpikes+1","Slimebound:LivingWall+1"],"picked":"Slimebound:FormOfPuddle+1","floor":48},{"not_picked":["Slimebound:SplitAcid+1","Slimebound:ComboTackle+1","Slimebound:Overexert"],"picked":"SKIP","floor":49}],"player_experience":679344,"relics_obtained":[{"floor":7.0,"key":"The Courier"},{"floor":10.0,"key":"Slimebound:AggressiveSlimeRelic"},{"floor":12.0,"key":"Juzu Bracelet"},{"floor":14.0,"key":"Pocketwatch"},{"floor":23.0,"key":"Bottled Tornado"},{"floor":24.0,"key":"Bag of Marbles"},{"floor":27,"key":"Gremlin Horn"},{"floor":30,"key":"Bottled Lightning"},{"floor":43,"key":"Boot"},{"floor":46,"key":"Anchor"}],"event_choices":[{"damage_healed":0,"gold_gain":0,"player_choice":"Stole Relic","damage_taken":0,"relics_obtained":["Bird Faced Urn"],"max_hp_gain":0,"max_hp_loss":0,"event_name":"Addict","floor":29,"gold_loss":0,"cards_obtained":["Pride"]},{"damage_healed":19,"gold_gain":0,"player_choice":"Heal","damage_taken":0,"max_hp_gain":0,"max_hp_loss":0,"event_name":"The Library","floor":31,"gold_loss":0},{"cards_removed":["Slimebound:PressTheAttack"],"damage_healed":0,"gold_gain":0,"player_choice":"Removed Attack","damage_taken":0,"max_hp_gain":0,"max_hp_loss":0,"event_name":"Falling","floor":38,"gold_loss":0}],"is_beta":false,"boss_relics":[{"not_picked":["bronze:MakeshiftBattery","Philosopher\u0027s Stone"],"picked":"Pandora\u0027s Box"},{"not_picked":["Tiny House","Runic Dome"],"picked":"SlaversCollar"}],"items_purged_floors":[25,42],"is_endless":false,"potions_floor_spawned":[8,10,14,15,19,23,32,33,37,40,46,48,49],"ascension_level":3}}