{"host":"7f7cdfy4xmkutrl8","time":1613926552,"event":{"mods":["AchievementEnabler","BaseMod","Downfall","Hermit","Marisa????????","Minty Spire (QoL Compilation)","Replay The Spire","Shop Mod","StSLib","The Animator","The Cursed","The Hierophant","The Servant 0.9.4"],"gold_per_floor":[110,110,189,238,18,52,52,83,107,119,119,119],"floor_reached":11,"language":"ENG","playtime":1012,"items_purged":[],"score":79,"play_id":"f738092c-52a8-46b4-995b-0c81cb098876","local_time":"20210221115552","is_ascension_mode":false,"campfire_choices":[{"data":"Darkness","floor":7,"key":"SMITH"}],"circlet_count":0,"master_deck":["Strike_B","Strike_B","Strike_B","Defend_B","Defend_B","Defend_B","Defend_B","Zap","Dualcast","Genetic Algorithm","Darkness+1","Doom and Gloom","Aggregate","Creative AI","Redo"],"relics":["Cracked Core","Vajra","Replay:Mystery Machine","Centennial Puzzle","Gremlin Horn","Dream Catcher","Orichalcum"],"acts_visited":["Exordium"],"potions_floor_usage":[],"damage_taken":[{"damage":12,"enemies":"Small Slimes","floor":1,"turns":4},{"damage":21,"enemies":"Lagavulin","floor":6,"turns":6},{"damage":15,"enemies":"Replay:BlueRogue","floor":8,"turns":4},{"damage":8,"enemies":"2 Louse","floor":10,"turns":3},{"damage":20,"enemies":"3 Sentries","floor":11,"turns":5}],"seed_played":"-5905373996491152958","potions_obtained":[{"floor":1,"key":"DistilledChaos"},{"floor":3,"key":"EssenceOfDarkness"},{"floor":3,"key":"Reflective Coating"}],"is_trial":false,"path_per_floor":["M","?","?","T","$","E","R","E","T","M","E"],"character_chosen":"DEFECT","items_purchased":["Doom and Gloom","Centennial Puzzle"],"campfire_rested":0,"item_purchase_floors":[5,5],"current_hp_per_floor":[70,63,63,63,63,42,42,27,27,19,0,0],"gold":119,"neow_bonus":"TEN_PERCENT_HP_BONUS","is_daily":false,"chose_seed":false,"campfire_upgraded":1,"win_rate":0.0,"timestamp":1613926552,"path_taken":["M","?","?","?","$","E","R","E","T","M","E"],"items_purchased_type":["Card","Relic"],"build_version":"2020-12-22","purchased_purges":0,"victory":false,"max_hp_per_floor":[82,82,82,82,82,82,82,82,82,82,82,82],"card_choices":[{"not_picked":["Loop","ReplayTheSpireMod:Reroute Power"],"picked":"Genetic Algorithm","floor":1},{"not_picked":["Blizzard","Cold Snap"],"picked":"Darkness","floor":3},{"not_picked":["Hologram","Beam Cell"],"picked":"Aggregate","floor":6},{"not_picked":["Steam Power","Ball Lightning"],"picked":"Creative AI","floor":8},{"not_picked":["Hello World","Barrage"],"picked":"Redo","floor":10}],"player_experience":10188,"relics_obtained":[{"floor":3,"key":"Vajra"},{"floor":4,"key":"Replay:Mystery Machine"},{"floor":6,"key":"Gremlin Horn"},{"floor":8,"key":"Dream Catcher"},{"floor":9,"key":"Orichalcum"}],"event_choices":[{"cards_removed":["Strike_B"],"damage_healed":0,"gold_gain":0,"player_choice":"Card Removal","damage_taken":7,"max_hp_gain":0,"max_hp_loss":0,"event_name":"Golden Wing","floor":2,"gold_loss":0}],"is_beta":false,"boss_relics":[],"items_purged_floors":[],"is_endless":false,"potions_floor_spawned":[1,6],"killed_by":"3 Sentries","ascension_level":0}}