{"host":"gaqyve1328ta0etl","time":1613906588,"event":{"mods":["BaseMod","Colored Map","Colored Powertips","Duelist Mod","Googly Eyes","Hero for Fun","Minty Spire (QoL Compilation)","Shop Mod","StSLib","SuperFastMode","The Hierophant","The Runesmith"],"gold_per_floor":[138,138,150,75,75,75,75,75,75,75,75,93,110,128,128,207,207,217,227,21,41,41,41,41,41,41,41,53,53,66,66,66,137,137,154,29,54,54,68,68,78,78,78,78,123,134,144,144,144,144,144],"floor_reached":52,"language":"ENG","playtime":1458,"items_purged":["theDuelist:Sparks","theDuelist:CastleWalls","theDuelist:CastleWalls"],"score":1730,"play_id":"b1cb9e2a-f042-44c9-b7e1-67ecafcec4a3","local_time":"20210221032308","is_ascension_mode":true,"campfire_choices":[{"data":"theDuelist:Nameless:Power:AssaultArmor","floor":6,"key":"SMITH"},{"data":"theDuelist:AssaultArmor","floor":8,"key":"SMITH"},{"data":"theDuelist:Blockman","floor":10,"key":"SMITH"},{"floor":15,"key":"REST"},{"data":"theDuelist:Nameless:War:MaskedDragon","floor":23,"key":"SMITH"},{"data":"theDuelist:Mudora","floor":25,"key":"SMITH"},{"data":"theDuelist:SpiralSpearStrike","floor":27,"key":"SMITH"},{"floor":32,"key":"REST"},{"data":"theDuelist:Nameless:War:BlueEyes","floor":40,"key":"SMITH"},{"data":"theDuelist:SpiralSpearStrike+1","floor":42,"key":"SMITH"},{"data":"theDuelist:SpiralSpearStrike+2","floor":44,"key":"SMITH"},{"floor":49,"key":"REST"}],"circlet_count":0,"master_deck":["AscendersBane","theDuelist:BeaverWarrior","theDuelist:BeaverWarrior","theDuelist:FinalFlame","theDuelist:GiantSoldier","theDuelist:GiantSoldier","theDuelist:ScrapFactory","theDuelist:AssaultArmor+1","theDuelist:Nameless:War:MaskedDragon+1","theDuelist:Nameless:Power:AssaultArmor+1","theDuelist:Blockman+1","theDuelist:GravityLash","theDuelist:SpiralSpearStrike+3","theDuelist:HappyLover+1","theDuelist:SpiralSpearStrike","theDuelist:Mudora+1","theDuelist:Nameless:War:MaskedDragon+1","theDuelist:Nameless:War:BlueEyes+1","theDuelist:RainbowKuriboh+1","theDuelist:GravityLash+1","theDuelist:KamionTimelord+1"],"relics":["theDuelist:MillenniumPuzzle","theDuelist:CardPoolRelic","theDuelist:CardPoolBasicRelic","theDuelist:BoosterPackPoolRelic","theDuelist:CardPoolAddRelic","theDuelist:CardPoolMinusRelic","theDuelist:CardPoolSaveRelic","theDuelist:CardPoolOptionsRelic","Shuriken","Toxic Egg 2","Runic Pyramid","Letter Opener","theDuelist:NamelessHungerRelic","theDuelist:GamblerChip","theDuelist:WhiteBowlRelic","InkBottle","Pocketwatch","Runesmith:Locket","theDuelist:ResummonBranch"],"acts_visited":["Exordium","TheCity","TheBeyond"],"potions_floor_usage":[16,30,50,51],"damage_taken":[{"damage":5,"enemies":"Small Slimes","floor":1,"turns":5},{"damage":0,"enemies":"Jaw Worm","floor":3,"turns":3},{"damage":0,"enemies":"Cultist","floor":12,"turns":3},{"damage":0,"enemies":"Looter","floor":13,"turns":3},{"damage":3,"enemies":"Lots of Slimes","floor":14,"turns":4},{"damage":3,"enemies":"The Guardian","floor":16,"turns":8},{"damage":10,"enemies":"2 Thieves","floor":18,"turns":4},{"damage":0,"enemies":"Chosen","floor":19,"turns":4},{"damage":0,"enemies":"Snake Plant","floor":21,"turns":5},{"damage":11,"enemies":"Chosen and Byrds","floor":28,"turns":4},{"damage":0,"enemies":"Cultist and Chosen","floor":30,"turns":4},{"damage":9,"enemies":"Champ","floor":33,"turns":8},{"damage":4,"enemies":"Orb Walker","floor":35,"turns":4},{"damage":1,"enemies":"Mind Bloom Boss Battle","floor":37,"turns":6},{"damage":0,"enemies":"3 Darklings","floor":39,"turns":3},{"damage":0,"enemies":"Maw","floor":41,"turns":5},{"damage":0,"enemies":"Maw","floor":45,"turns":6},{"damage":15,"enemies":"4 Shapes","floor":46,"turns":2},{"damage":17,"enemies":"Jaw Worm Horde","floor":47,"turns":2},{"damage":0,"enemies":"Time Eater","floor":50,"turns":9},{"damage":37,"enemies":"Donu and Deca","floor":51,"turns":8}],"seed_played":"-347587544296604872","potions_obtained":[{"floor":1,"key":"CultistPotion"},{"floor":21,"key":"Swift Potion"},{"floor":28,"key":"FearPotion"},{"floor":30,"key":"Fire Potion"}],"is_trial":false,"path_per_floor":["M","?","M","$","?","R","?","R","T","R","?","M","M","M","R","B",null,"M","M","$","M","$","R","?","R","T","R","M","?","M","?","R","B",null,"M","$","?","$","M","R","M","R","T","R","?","M","M","$","R","B","B",null],"character_chosen":"THE_DUELIST","items_purchased":["theDuelist:Mudora"],"campfire_rested":3,"item_purchase_floors":[20],"current_hp_per_floor":[65,76,76,76,76,76,41,41,41,41,41,41,41,38,64,61,81,71,71,71,71,71,71,71,71,71,71,60,50,52,52,79,70,85,81,81,80,80,80,80,80,80,80,80,80,65,48,48,75,75,38],"gold":144,"neow_bonus":"TEN_PERCENT_HP_BONUS","is_daily":false,"chose_seed":false,"campfire_upgraded":9,"win_rate":0.0,"timestamp":1613906588,"path_taken":["M","?","M","$","?","R","?","R","T","R","?","M","M","M","R","BOSS","M","M","$","M","$","R","?","R","T","R","?","?","?","?","R","BOSS","M","$","?","$","M","R","M","R","T","R","?","M","M","$","R","BOSS","BOSS"],"items_purchased_type":["Card"],"build_version":"2020-12-22","purchased_purges":3,"victory":true,"max_hp_per_floor":[77,88,88,88,88,88,88,88,88,88,88,88,88,88,88,88,88,88,88,88,88,88,88,88,88,88,88,88,88,90,90,90,90,90,90,90,90,90,90,90,90,90,90,90,90,90,90,90,90,90,90],"card_choices":[{"not_picked":["theDuelist:CoreBlaster","theDuelist:CombinationAttack","theDuelist:Invigoration","theDuelist:Downbeat"],"picked":"theDuelist:AssaultArmor","floor":1},{"not_picked":["theDuelist:ClearKuriboh","theDuelist:Fissure","theDuelist:FuryFire","theDuelist:LightningDarts"],"picked":"theDuelist:Blockman","floor":3},{"not_picked":["theDuelist:MeteorDestruction","theDuelist:CombinationAttack","theDuelist:BigFire","theDuelist:RainbowNeos","theDuelist:FuryFire"],"picked":"SKIP","floor":12},{"not_picked":["theDuelist:YamiForm","theDuelist:SwordsRevealing+1","theDuelist:SevenCompleted+1","theDuelist:LightningBlade"],"picked":"theDuelist:GravityLash","floor":13},{"not_picked":["theDuelist:SpellShatteringArrow","theDuelist:Hinotama","theDuelist:BigFire","theDuelist:RainbowNeos"],"picked":"theDuelist:SpiralSpearStrike","floor":14},{"not_picked":["theDuelist:RainbowNeos","theDuelist:KamionTimelord","theDuelist:Eva+1","theDuelist:RainbowOverdragon"],"picked":"theDuelist:HappyLover+1","floor":16},{"not_picked":["theDuelist:Nameless:Power:AssaultArmor"],"picked":"theDuelist:SpiralSpearStrike","floor":18},{"not_picked":["theDuelist:LegendarySword+1","theDuelist:CrossAttack","theDuelist:ScrapFactory+1","theDuelist:MagnumShield+1","theDuelist:DeltaAttacker+1"],"picked":"SKIP","floor":19},{"not_picked":["theDuelist:GaiaMidNightSun","theDuelist:LightningVortex","theDuelist:EarthEffigy+1","theDuelist:RainbowGravity+1","theDuelist:GemElephant+1"],"picked":"SKIP","floor":21},{"not_picked":["theDuelist:CombinationAttack","theDuelist:AfterTheStorm+1","theDuelist:WormApocalypse+1","theDuelist:BigFire","theDuelist:PotDuality+1"],"picked":"SKIP","floor":28},{"not_picked":["theDuelist:DoubleTool","theDuelist:BigKoala+1","theDuelist:Eva+1","theDuelist:PreventRat+1","theDuelist:GravityBlaster"],"picked":"SKIP","floor":30},{"not_picked":["theDuelist:KamionTimelord","theDuelist:HappyLover+1","theDuelist:Eva+1","theDuelist:RainbowOverdragon"],"picked":"theDuelist:RainbowKuriboh+1","floor":33},{"not_picked":["theDuelist:SevenCompleted+1","theDuelist:LightLaser+1","theDuelist:InstantFusion+1","theDuelist:FeatherShot+1"],"picked":"theDuelist:GravityLash+1","floor":35},{"not_picked":["theDuelist:SangaEarth","theDuelist:FusionFire+1","theDuelist:MythicalBeast+1","theDuelist:AssaultArmor"],"picked":"theDuelist:AmuletAmbition+1","floor":37},{"not_picked":["theDuelist:SpiralSpearStrike+1","theDuelist:MagicalStone+1","theDuelist:FuryFire+1","theDuelist:DoubleTool+2","theDuelist:CoreBlaster+1"],"picked":"SKIP","floor":39},{"not_picked":["theDuelist:MythicalBeast+1","theDuelist:FrontierWiseman+1","theDuelist:BigKoala+1","theDuelist:Mathematician"],"picked":"theDuelist:KamionTimelord+1","floor":41},{"not_picked":["theDuelist:WhiteHowling","theDuelist:GravityAxe","theDuelist:ElectromagneticShield","theDuelist:MiraculousDescent"],"picked":"SKIP","floor":46},{"not_picked":["theDuelist:Nameless:Power:AssaultArmor","theDuelist:SpiralSpearStrike+2"],"picked":"SKIP","floor":47}],"player_experience":2235268,"relics_obtained":[{"floor":9,"key":"Toxic Egg 2"},{"floor":26,"key":"Letter Opener"},{"floor":37,"key":"theDuelist:WhiteBowlRelic"},{"floor":43,"key":"InkBottle"},{"floor":45,"key":"Pocketwatch"},{"floor":45,"key":"Runesmith:Locket"},{"floor":45,"key":"theDuelist:ResummonBranch"}],"event_choices":[{"power_reward":4,"total_magic_score":17,"gold_gain":0,"duelist":true,"damage_taken":0,"relics_obtained":[],"points":17,"war_reward":4,"max_hp_gain":11,"max_hp_loss":0,"spent_points":{"magic":0,"greed":0,"war":4,"power":4,"hunger":4},"event_name":"Nameless Tomb","hunger_reward":4,"floor":2,"gold_loss":0,"cards_obtained":["theDuelist:Nameless:War:MaskedDragon","theDuelist:Nameless:Power:AssaultArmor"]},{"damage_healed":0,"gold_gain":0,"player_choice":"Leave","duelist":true,"damage_taken":0,"max_hp_gain":0,"max_hp_loss":0,"event_name":"Millennium Items","floor":5,"gold_loss":0},{"damage_healed":0,"gold_gain":0,"player_choice":"Success","damage_taken":35,"relics_obtained":["Shuriken"],"max_hp_gain":0,"max_hp_loss":0,"event_name":"Scrap Ooze","floor":7,"gold_loss":0},{"cards_removed":["theDuelist:Sparks"],"damage_healed":0,"gold_gain":0,"player_choice":"Forget","damage_taken":0,"max_hp_gain":0,"max_hp_loss":0,"event_name":"Living Wall","floor":11,"gold_loss":0},{"damage_healed":0,"gold_gain":0,"player_choice":"Copied","damage_taken":0,"max_hp_gain":0,"max_hp_loss":0,"event_name":"Duplicator","floor":24,"gold_loss":0,"cards_obtained":["theDuelist:Nameless:War:MaskedDragon"]},{"total_magic_score":71,"gold_gain":0,"duelist":true,"damage_taken":10,"relics_obtained":["theDuelist:NamelessHungerRelic"],"points":7,"war_reward":4,"max_hp_gain":0,"max_hp_loss":0,"spent_points":{"magic":0,"greed":0,"war":4,"power":0,"hunger":3},"event_name":"Nameless Tomb","hunger_reward":3,"floor":29,"gold_loss":0,"cards_obtained":["theDuelist:Nameless:War:BlueEyes"]},{"damage_healed":0,"gold_gain":0,"player_choice":"Leave","duelist":true,"damage_taken":0,"max_hp_gain":0,"max_hp_loss":0,"event_name":"Relic Duplicator","floor":31,"gold_loss":0},{"damage_healed":0,"gold_gain":0,"player_choice":"Fight","damage_taken":0,"max_hp_gain":0,"max_hp_loss":0,"event_name":"MindBloom","floor":37,"gold_loss":0},{"damage_healed":0,"gold_gain":0,"player_choice":"Fight","duelist":true,"damage_taken":0,"max_hp_gain":0,"max_hp_loss":0,"event_name":"Battle City","floor":45,"gold_loss":0}],"is_beta":false,"boss_relics":[{"not_picked":["Coffee Dripper","Runic Dome"],"picked":"Runic Pyramid"},{"not_picked":["Calling Bell","Runesmith:UraniumAnvil"],"picked":"theDuelist:GamblerChip"}],"items_purged_floors":[4,20,36],"is_endless":false,"potions_floor_spawned":[1,21,28,30,41,45,46],"ascension_level":20}}