{"host":"52jmisti11ysmja4","time":1613931219,"event":{"mods":["Aspiration","BaseMod","Better Third Choice","Marisa????????","Minty Spire (QoL Compilation)","Remove Card Discount Mod","StSLib","The Bug Knight","The Cursed","The Marked"],"gold_per_floor":[117,127,141,25,25,25,54,54,54,54,86,86,105,130,130,234,234,253,352,377,389,314,342,342,369,369,402,325,325,325,325,325,423,423,441,453,201,423,423,448,448,483,510,542,592,621,638,638,638,638],"floor_reached":51,"language":"ENG","playtime":2619,"items_purged":["TheCursedMod:Defend_TheCursed","TheCursedMod:Defend_TheCursed","TheCursedMod:Defend_TheCursed","TheCursedMod:Defend_TheCursed","TheCursedMod:Strike_TheCursed","TheCursedMod:Strike_TheCursed","TheCursedMod:Strike_TheCursed","TheCursedMod:Strike_TheCursed"],"score":1301,"play_id":"8dd9fc95-f16b-4ce2-a15d-1e9ca07eb858","local_time":"20210221101339","is_ascension_mode":true,"campfire_choices":[{"data":"TheCursedMod:TroublousMinions","floor":6,"key":"SMITH"},{"floor":8,"key":"REST"},{"data":"TheCursedMod:CursedWand","floor":10,"key":"SMITH"},{"data":"TheCursedMod:SoulCrush","floor":15,"key":"SMITH"},{"data":"TheCursedMod:VoidForm","floor":24,"key":"SMITH"},{"floor":32,"key":"REST"},{"data":"TheCursedMod:VoidForm","floor":41,"key":"SMITH"},{"data":"TheCursedMod:HellfireBreathing","floor":49,"key":"SMITH"}],"circlet_count":0,"master_deck":["TheCursedMod:CursedWand+1","TheCursedMod:CleanUpWorkshop+1","TheCursedMod:Dregs","TheCursedMod:TroublousMinions+1","TheCursedMod:StingEye","TheCursedMod:SpitefulPray+1","TheCursedMod:CircleOfFlame+1","TheCursedMod:SurpriseAttack","TheCursedMod:CursedShiv","TheCursedMod:SurpriseAttack","TheCursedMod:SoulCrush+1","TheCursedMod:VoidForm+1","TheCursedMod:TacticalStrike","TheCursedMod:SurpriseAttack","TheCursedMod:HellfireBreathing+1","TheCursedMod:VoidForm+1","TheCursedMod:SoulReap+1","Insight","TheCursedMod:CircleOfFlame+1","TheCursedMod:SurpriseAttack+1","TheCursedMod:CircleOfFlame+1","TheCursedMod:SoulReap+1","TheCursedMod:CursedShiv+1"],"relics":["TheCursedMod:BlackMagic101","NeowsBlessing","aspiration:Lifesprig","War Paint","Vajra","StrikeDummy","TheCursedMod:OminousMark","Red Mask","Lantern","Centennial Puzzle","Bottled Lightning","Molten Egg 2","aspiration:Stabinomicon","Philosopher\u0027s Stone","Toxic Egg 2","Smiling Mask","Ornamental Fan","Dream Catcher","Bag of Marbles","TheCursedMod:CrystalBall"],"acts_visited":["Exordium","TheCity","TheBeyond"],"potions_floor_usage":[11,20,21,25,25,42,44,45,45,46],"damage_taken":[{"damage":0,"enemies":"Jaw Worm","floor":1,"turns":1},{"damage":0,"enemies":"Small Slimes","floor":2,"turns":1},{"damage":0,"enemies":"2 Louse","floor":3,"turns":1},{"damage":31,"enemies":"Gremlin Nob","floor":7,"turns":5},{"damage":4,"enemies":"Lagavulin","floor":11,"turns":8},{"damage":7,"enemies":"2 Fungi Beasts","floor":13,"turns":3},{"damage":10,"enemies":"3 Sentries","floor":14,"turns":7},{"damage":15,"enemies":"Slime Boss","floor":16,"turns":8},{"damage":19,"enemies":"Shell Parasite","floor":18,"turns":3},{"damage":0,"enemies":"Masked Bandits","floor":20,"turns":1},{"damage":0,"enemies":"Spheric Guardian","floor":21,"turns":2},{"damage":0,"enemies":"Gremlin Leader","floor":23,"turns":3},{"damage":18,"enemies":"Book of Stabbing","floor":25,"turns":3},{"damage":0,"enemies":"Slavers","floor":27,"turns":3},{"damage":8,"enemies":"Automaton","floor":33,"turns":3},{"damage":13,"enemies":"3 Darklings","floor":35,"turns":2},{"damage":0,"enemies":"3 Shapes","floor":36,"turns":1},{"damage":14,"enemies":"Giant Head","floor":40,"turns":5},{"damage":3,"enemies":"HollowMod:StalkingDevout","floor":42,"turns":1},{"damage":29,"enemies":"Reptomancer","floor":44,"turns":3},{"damage":12,"enemies":"Mind Bloom Boss Battle","floor":45,"turns":3},{"damage":21,"enemies":"Nemesis","floor":46,"turns":3},{"damage":23,"enemies":"Maw","floor":47,"turns":4},{"damage":104,"enemies":"Awakened One","floor":50,"turns":6}],"seed_played":"-1416267309711319777","potions_obtained":[{"floor":2,"key":"Ancient Potion"},{"floor":7,"key":"Swift Potion"},{"floor":13,"key":"Ancient Potion"},{"floor":14,"key":"Strength Potion"},{"floor":18,"key":"Fire Potion"},{"floor":20,"key":"DuplicationPotion"},{"floor":21,"key":"PowerPotion"},{"floor":23,"key":"PowerPotion"},{"floor":35,"key":"Block Potion"},{"floor":40,"key":"Energy Potion"},{"floor":44,"key":"Strength Potion"},{"floor":45,"key":"Fruit Juice"}],"is_trial":false,"path_per_floor":["M","M","M","$","?","R","E","R","T","R","E","?","M","E","R","B",null,"M","?","?","M","$","E","R","E","T","E","$","?","?","?","R","B",null,"M","M","$","?","$","E","R","E","T","E","?","E","M","T","R","B",null],"character_chosen":"THE_CURSED","items_purchased":["TheCursedMod:CircleOfFlame","TheCursedMod:SurpriseAttack","TheCursedMod:HellfireBreathing","TheCursedMod:SoulReap+1","Toxic Egg 2"],"campfire_rested":2,"item_purchase_floors":[4,4,22,28,37],"current_hp_per_floor":[68,68,68,68,68,68,37,59,59,59,55,55,48,38,38,23,62,43,43,43,43,43,43,43,25,25,25,25,9,9,9,31,53,70,57,57,57,57,57,61,61,58,58,49,59,59,80,80,80,6],"gold":638,"neow_bonus":"THREE_ENEMY_KILL","is_daily":false,"chose_seed":false,"campfire_upgraded":6,"win_rate":0.0,"timestamp":1613931219,"path_taken":["M","M","M","$","?","R","E","R","T","R","E","?","M","E","R","BOSS","M","?","?","M","$","E","R","E","T","E","$","?","?","?","R","BOSS","M","M","$","?","$","E","R","E","T","E","?","E","M","?","R","BOSS"],"items_purchased_type":["Card","Card","Card","Card","Relic"],"build_version":"2020-12-22","purchased_purges":8,"victory":true,"max_hp_per_floor":[75,75,75,75,75,75,75,75,75,75,75,75,75,75,75,75,75,75,75,75,75,75,75,75,75,75,75,75,75,75,75,75,75,75,75,75,75,75,75,75,75,75,75,75,75,80,80,80,80,80],"card_choices":[{"not_picked":["TheCursedMod:Wield","TheCursedMod:TacticalStrike"],"picked":"TheCursedMod:TroublousMinions","floor":1},{"not_picked":["TheCursedMod:FleshFromBone","TheCursedMod:Stretching"],"picked":"TheCursedMod:StingEye","floor":2},{"not_picked":["TheCursedMod:SpitefulPlan","TheCursedMod:SoulCrush"],"picked":"TheCursedMod:SpitefulPray","floor":3},{"not_picked":["TheCursedMod:CircleOfAmplification","TheCursedMod:RapidMovement","TheCursedMod:FleshFromBone"],"picked":"SKIP","floor":7},{"not_picked":["TheCursedMod:AbyssShockwave","TheCursedMod:WearCloak"],"picked":"TheCursedMod:CursedShiv","floor":11},{"not_picked":["TheCursedMod:Wield","TheCursedMod:Stigma"],"picked":"TheCursedMod:SurpriseAttack","floor":13},{"not_picked":["TheCursedMod:EmpowerCircles","TheCursedMod:WearCloak"],"picked":"TheCursedMod:SoulCrush","floor":14},{"not_picked":["TheCursedMod:NeowsMight","TheCursedMod:CollectTribute"],"picked":"TheCursedMod:VoidForm","floor":16},{"not_picked":["TheCursedMod:FleshFromBone+1","TheCursedMod:CursedStaff"],"picked":"TheCursedMod:TacticalStrike","floor":18},{"not_picked":["TheCursedMod:Obscuration","TheCursedMod:CursedArmor"],"picked":"TheCursedMod:SurpriseAttack","floor":21},{"not_picked":["TheCursedMod:Stigma+1","TheCursedMod:CursedStaff","TheCursedMod:ReleasedStrength"],"picked":"SKIP","floor":23},{"not_picked":["TheCursedMod:Stretching","TheCursedMod:RapidMovement","TheCursedMod:CursedMace"],"picked":"SKIP","floor":25},{"not_picked":["TheCursedMod:CursedMace+1","TheCursedMod:CursedArmor"],"picked":"TheCursedMod:VoidForm","floor":27},{"not_picked":["TheCursedMod:RavingStaff+1","TheCursedMod:CircleOfAmplification+1"],"picked":"TheCursedMod:CircleOfFlame+1","floor":35},{"not_picked":["TheCursedMod:TacticalStrike+1","TheCursedMod:VitalStrike+1"],"picked":"TheCursedMod:SurpriseAttack+1","floor":36},{"not_picked":["TheCursedMod:Obscuration+1","TheCursedMod:FleshFromBone+1","TheCursedMod:CursedMace+1"],"picked":"SKIP","floor":40},{"not_picked":["TheCursedMod:SoulCrush+1","TheCursedMod:EmpowerCircles"],"picked":"TheCursedMod:CircleOfFlame+1","floor":42},{"not_picked":["TheCursedMod:VoidForm","TheCursedMod:CursedAmulet+1","TheCursedMod:ReleasedStrength+1"],"picked":"SKIP","floor":44},{"not_picked":["TheCursedMod:Stretching+1","TheCursedMod:SpitefulPlan+1"],"picked":"TheCursedMod:SoulReap+1","floor":45},{"not_picked":["TheCursedMod:VitalStrike+1","TheCursedMod:CursedRelics+1","TheCursedMod:ForbiddenAlchemy+1"],"picked":"SKIP","floor":46},{"not_picked":["TheCursedMod:FleshFromBone+1","TheCursedMod:SpitefulPray+1"],"picked":"TheCursedMod:CursedShiv+1","floor":47}],"player_experience":758945,"relics_obtained":[{"floor":7,"key":"aspiration:Lifesprig"},{"floor":9,"key":"War Paint"},{"floor":11,"key":"Vajra"},{"floor":14,"key":"StrikeDummy"},{"floor":20,"key":"Red Mask"},{"floor":23,"key":"Lantern"},{"floor":25,"key":"Centennial Puzzle"},{"floor":26,"key":"Bottled Lightning"},{"floor":27,"key":"Molten Egg 2"},{"floor":29,"key":"aspiration:Stabinomicon"},{"floor":40,"key":"Smiling Mask"},{"floor":42,"key":"Ornamental Fan"},{"floor":43,"key":"Dream Catcher"},{"floor":44,"key":"Bag of Marbles"},{"floor":45,"key":"TheCursedMod:CrystalBall"}],"event_choices":[{"damage_healed":0,"gold_gain":0,"player_choice":"Grow","damage_taken":0,"max_hp_gain":0,"max_hp_loss":0,"event_name":"Living Wall","floor":5,"gold_loss":0,"cards_upgraded":["TheCursedMod:CircleOfFlame"]},{"damage_healed":0,"gold_gain":0,"player_choice":"Ignored","damage_taken":0,"max_hp_gain":0,"max_hp_loss":0,"event_name":"Golden Wing","floor":12,"gold_loss":0},{"damage_healed":0,"gold_gain":99,"player_choice":"Steal","damage_taken":0,"max_hp_gain":0,"max_hp_loss":0,"event_name":"betterThird:BetterNest","floor":19,"gold_loss":0},{"damage_healed":0,"gold_gain":0,"player_choice":"Fought Bandits","damage_taken":0,"max_hp_gain":0,"max_hp_loss":0,"event_name":"Masked Bandits","floor":20,"gold_loss":0},{"damage_healed":0,"gold_gain":0,"player_choice":"Obtained Book","damage_taken":16,"max_hp_gain":0,"max_hp_loss":0,"event_name":"Cursed Tome","floor":29,"gold_loss":0},{"damage_healed":0,"gold_gain":0,"player_choice":"Ignored","damage_taken":0,"max_hp_gain":0,"max_hp_loss":0,"event_name":"Vampires","floor":30,"gold_loss":0},{"damage_healed":0,"gold_gain":0,"player_choice":"Insight","damage_taken":0,"max_hp_gain":0,"max_hp_loss":0,"event_name":"betterThird:BetterWriting","floor":31,"gold_loss":0,"cards_obtained":["Insight"]},{"damage_healed":0,"gold_gain":222,"player_choice":"Wore Mask","damage_taken":0,"max_hp_gain":0,"max_hp_loss":0,"event_name":"Tomb of Lord Red Mask","floor":38,"gold_loss":0},{"damage_healed":0,"gold_gain":0,"player_choice":"Fight","damage_taken":0,"max_hp_gain":0,"max_hp_loss":0,"event_name":"MindBloom","floor":45,"gold_loss":0}],"is_beta":false,"boss_relics":[{"not_picked":["aspiration:RitualDagger","Empty Cage"],"picked":"TheCursedMod:OminousMark"},{"not_picked":["Fusion Hammer","Astrolabe"],"picked":"Philosopher\u0027s Stone"}],"items_purged_floors":[4,4,4,4,4,4,4,22],"is_endless":false,"potions_floor_spawned":[2,7,13,14,16,18,20,21,23,35,40,44,45],"ascension_level":8}}