{"host":"imy0w7zcgpxryx7c","time":1613887118,"event":{"mods":["AchievementEnabler","BaseMod","Colored Map","Colored Powertips","Minty Spire (QoL Compilation)","Relic Sorter","StSLib"],"gold_per_floor":[12,12,12,87,110,110,185,185,210,226,226,262,283,0,0,119,119,137,47,65,65,88,88,88],"floor_reached":23,"language":"ENG","playtime":1623,"items_purged":[],"score":293,"play_id":"7cde8cb6-db1c-496a-b049-ac445ba8be8c","local_time":"20210221005838","is_ascension_mode":true,"campfire_choices":[{"data":"Zap","floor":6,"key":"SMITH"},{"floor":8,"key":"REST"},{"data":"Dualcast","floor":11,"key":"SMITH"},{"floor":15,"key":"REST"}],"circlet_count":0,"master_deck":["AscendersBane","Strike_B","Strike_B","Strike_B","Defend_B","Defend_B+1","Defend_B","Defend_B+1","Zap+1","Dualcast+1","Panache","Beam Cell","Gash","White Noise","Fission","Trip+1","Panache","Reboot","Coolheaded","Hologram+1"],"relics":["Cracked Core","Golden Idol","War Paint","Eternal Feather","Nuclear Battery"],"acts_visited":["Exordium","TheCity"],"potions_floor_usage":[12,16,22,23],"damage_taken":[{"damage":0,"enemies":"Small Slimes","floor":1,"turns":3},{"damage":17,"enemies":"2 Louse","floor":5,"turns":3},{"damage":0,"enemies":"Cultist","floor":10,"turns":3},{"damage":10,"enemies":"Lagavulin","floor":12,"turns":8},{"damage":11,"enemies":"Looter","floor":13,"turns":3},{"damage":47,"enemies":"Hexaghost","floor":16,"turns":10},{"damage":12,"enemies":"Chosen","floor":18,"turns":3},{"damage":19,"enemies":"Spheric Guardian","floor":20,"turns":4},{"damage":14,"enemies":"Snecko","floor":22,"turns":4},{"damage":52,"enemies":"Book of Stabbing","floor":23,"turns":5}],"seed_played":"7916574982295276837","potions_obtained":[{"floor":10,"key":"Block Potion"},{"floor":13,"key":"Regen Potion"},{"floor":16,"key":"Ancient Potion"},{"floor":20,"key":"BlessingOfTheForge"}],"is_trial":false,"path_per_floor":["M","?","?","?","M","R","?","R","T","M","R","E","M","$","R","B",null,"M","?","M","?","M","E"],"character_chosen":"DEFECT","items_purchased":["Trip","Panache"],"campfire_rested":2,"item_purchase_floors":[14,14],"current_hp_per_floor":[68,50,55,47,30,30,19,43,43,43,43,33,22,22,55,20,65,53,53,34,60,46,0,0],"gold":88,"neow_bonus":"RANDOM_COLORLESS_2","is_daily":false,"chose_seed":false,"campfire_upgraded":2,"win_rate":0.0,"timestamp":1613887118,"path_taken":["M","?","?","?","?","R","?","R","T","M","R","E","M","?","R","BOSS","M","?","?","?","M","E"],"items_purchased_type":["Card","Card"],"build_version":"2020-12-22","purchased_purges":0,"victory":false,"max_hp_per_floor":[75,75,80,80,80,80,80,80,80,80,80,80,80,80,80,80,80,80,80,80,80,80,80,80],"card_choices":[{"not_picked":["The Bomb","Thinking Ahead"],"picked":"Panache","floor":0},{"not_picked":["Leap","Rebound"],"picked":"Beam Cell","floor":1},{"not_picked":["Compile Driver","Force Field"],"picked":"Gash","floor":5},{"not_picked":["Steam","Barrage","Capacitor"],"picked":"SKIP","floor":10},{"not_picked":["Turbo","Compile Driver"],"picked":"White Noise","floor":12},{"not_picked":["Reprogram","Cold Snap"],"picked":"Fission","floor":13},{"not_picked":["Thunder Strike","All For One"],"picked":"Reboot","floor":16},{"not_picked":["Fusion","Darkness"],"picked":"Coolheaded","floor":18},{"not_picked":["Leap","Loop"],"picked":"Hologram+1","floor":20},{"not_picked":["Blizzard","Steam","Leap"],"picked":"SKIP","floor":22}],"player_experience":479621,"relics_obtained":[{"floor":9,"key":"War Paint"},{"floor":12,"key":"Eternal Feather"}],"event_choices":[{"damage_healed":0,"gold_gain":0,"player_choice":"Take Damage","damage_taken":18,"relics_obtained":["Golden Idol"],"max_hp_gain":0,"max_hp_loss":0,"event_name":"Golden Idol","floor":2,"gold_loss":0},{"damage_healed":0,"gold_gain":0,"player_choice":"Donut","damage_taken":0,"max_hp_gain":5,"max_hp_loss":0,"event_name":"Big Fish","floor":3,"gold_loss":0},{"damage_healed":0,"gold_gain":75,"player_choice":"Touch","damage_taken":8,"max_hp_gain":0,"max_hp_loss":0,"event_name":"FaceTrader","floor":4,"gold_loss":0},{"damage_healed":0,"gold_gain":75,"player_choice":"Gather Gold","damage_taken":11,"max_hp_gain":0,"max_hp_loss":0,"event_name":"World of Goop","floor":7,"gold_loss":0},{"cards_removed":["Strike_B"],"damage_healed":0,"gold_gain":0,"player_choice":"Upgrade and Remove","damage_taken":0,"max_hp_gain":0,"max_hp_loss":0,"event_name":"Designer","floor":19,"gold_loss":90,"cards_upgraded":["Trip"]},{"damage_healed":26,"gold_gain":0,"player_choice":"Heal","damage_taken":0,"max_hp_gain":0,"max_hp_loss":0,"event_name":"The Library","floor":21,"gold_loss":0}],"is_beta":false,"boss_relics":[{"not_picked":["Astrolabe","Inserter"],"picked":"Nuclear Battery"}],"items_purged_floors":[],"is_endless":false,"potions_floor_spawned":[10,13,16,20],"killed_by":"Book of Stabbing","ascension_level":11}}