{"host":"z9x5nldzhmx4jdfi","time":1613951057,"event":{"mods":["2.2 Compatiblity","Act Like it!","Arknights","BaseMod","Bestiary","Better Altar","Better Match","Better Note","Better Sensory Stone","Better Skull","Better Third Choice","BetterRewards","Block Reminder","Card Filter","Colored Powertips","Infinite Spire","Minty Spire (QoL Compilation)","Relic Filter","StSLib","Td1madao Mod","The Animator","The Servant 0.9.4","Wandering Minibosses"],"gold_per_floor":[117,117,42,76,41,72,72,72,123,161,161,187,187,201,201,332,332,355,355,393,468,468,504,504,549,572,585,622,269,269,301,301,400,425,425,632,636,636],"floor_reached":37,"language":"ENG","playtime":3193,"items_purged":["animator:Strike","animator:Strike","animator:Defend","animator:Strike","animator:Rider"],"score":833,"play_id":"2165f46c-04f6-4c3a-8008-419379fc93f4","local_time":"20210221174416","is_ascension_mode":true,"campfire_choices":[{"data":"animator:Shigure","floor":11.0,"key":"SMITH"},{"data":"animator:Caster","floor":13.0,"key":"SMITH"},{"data":"animator:Yuuichirou","floor":15.0,"key":"SMITH"},{"data":"infinitespire:NeuralNetwork","floor":24.0,"key":"SMITH"},{"data":"animator:EmiyaShirou","floor":30.0,"key":"SMITH"},{"data":"animator:GoblinSlayer","floor":32.0,"key":"SMITH"},{"data":"animator:PinaCoLada","floor":35.0,"key":"SMITH"}],"circlet_count":0,"master_deck":["AscendersBane","animator:Strike_Fate","animator:Alexander","animator:Rider","animator:Archer","animator:Illya","animator:Yuuichirou","animator:RinTohsaka","animator:Lancer","animator:Assassin","animator:Shigure+1","animator:GuildGirl","animator:Caster","animator:GoblinSlayer","animator:Archer","animator:RinTohsaka","animator:EmiyaShirou","Chaos","Machine Learning","animator:Lancer","animator:Berserker","animator:PinaCoLada+1","animator:Mikaela","animator:Gilgamesh+3"],"relics":["animator:TheEgnaroPiece","animator:AncientMedallion"],"acts_visited":["Exordium","TheCity","TheEnding","EYB:TheUnnamedReign"],"potions_floor_usage":[],"damage_taken":[{"damage":2.0,"enemies":"Cultist","floor":1.0,"turns":3.0},{"damage":6.0,"enemies":"3 Sentries","floor":6.0,"turns":5.0},{"damage":0.0,"enemies":"Small Slimes","floor":10.0,"turns":3.0},{"damage":2.0,"enemies":"Gremlin Nob","floor":12.0,"turns":2.0},{"damage":1.0,"enemies":"2 Louse","floor":14.0,"turns":2.0},{"damage":24.0,"enemies":"Slime Boss","floor":16.0,"turns":8.0},{"damage":13.0,"enemies":"2 Thieves","floor":18.0,"turns":3.0},{"damage":0.0,"enemies":"3 Byrds","floor":20.0,"turns":2.0},{"damage":20.0,"enemies":"Nightmare","floor":23.0,"turns":4.0},{"damage":5.0,"enemies":"Book of Stabbing","floor":25.0,"turns":3.0},{"damage":0.0,"enemies":"Centurion and Healer","floor":27.0,"turns":2.0},{"damage":0.0,"enemies":"Slavers","floor":28.0,"turns":3.0},{"damage":0.0,"enemies":"animator:HornedBat","floor":31.0,"turns":2.0},{"damage":5.0,"enemies":"Automaton","floor":33.0,"turns":5.0},{"damage":100,"enemies":"animator:TRIPLE_SHAPES_WEAK","floor":37,"turns":6}],"seed_played":"2643209439279034792","potions_obtained":[{"floor":10.0,"key":"animator:GrowthPotion"},{"floor":12.0,"key":"Regen Potion"},{"floor":14.0,"key":"Ancient Potion"},{"floor":16.0,"key":"Weak Potion"},{"floor":18.0,"key":"AttackPotion"},{"floor":27.0,"key":"SkillPotion"},{"floor":31.0,"key":"FearPotion"}],"is_trial":false,"path_per_floor":["M","?","?","?","$","E","?","?","T","M","R","E","R","M","R","B",null,"M","AVR","M","?","?","NM","R","E","T","M","E","$","R","E","R","B",null,"R","??","M"],"character_chosen":"THE_ANIMATOR","items_purchased":["OrangePellets","animator:Archer","animator:Illya","animator:Yuuichirou","Bronze Scales","CloakClasp","animator:RinTohsaka","Anchor","ClockworkSouvenir","animator:Lancer","PreservedInsect","Sundial","Juzu Bracelet","animator:Assassin","animator:ColorlessFragment","animator:GuildGirl","Membership Card","infinitespire:Satchel","infinitespire:Beetle Shell","Fruit Juice"],"campfire_rested":0,"item_purchase_floors":[0,0,0,0,0,0,0,0,0,0,0,0,0,0,0,5,29,29,29,29],"current_hp_per_floor":[15,15,15,15,15,16,16,16,16,16,16,14,14,13,13,4,56,44,44,44,37,42,22,22,17,17,22,32,47,47,47,47,43,67,67,98,0,0],"gold":636,"neow_bonus":"","is_daily":false,"chose_seed":false,"campfire_upgraded":7,"win_rate":0.0,"timestamp":1613951056,"path_taken":["M","?","?","?","$","E","?","?","T","M","R","E","R","M","R","BOSS","M","AVR","M","?","?","NM","R","E","T","M","E","$","R","E","R","BOSS","R","??","M"],"items_purchased_type":["Relic","Card","Card","Card","Relic","Relic","Card","Relic","Relic","Card","Relic","Relic","Relic","Card","Relic","Card","Relic","Relic","Relic","Potion"],"build_version":"2020-12-22","purchased_purges":5,"victory":false,"max_hp_per_floor":[66,66,66,66,66,73,73,73,73,73,73,73,73,73,73,73,73,74,74,74,74,74,74,74,74,74,74,74,74,74,74,74,75,75,75,98,98,98],"card_choices":[{"not_picked":["animator:Illya","animator:Yoichi"],"picked":"animator:Shigure","floor":1.0},{"not_picked":["animator:Gluttony","animator:Scar","animator:Bozes"],"picked":"SKIP","floor":6.0},{"not_picked":["animator:Assassin","animator:RinTohsaka"],"picked":"animator:Caster","floor":10.0},{"not_picked":["animator:Scar","animator:Pride","animator:Demiurge"],"picked":"SKIP","floor":12.0},{"not_picked":["animator:CrowleyEusford","animator:ElricEdward","animator:Scar"],"picked":"SKIP","floor":14.0},{"not_picked":["animator:Guren","animator:Father"],"picked":"animator:GoblinSlayer","floor":16.0},{"not_picked":["animator:Caster","animator:Lancer"],"picked":"animator:EmiyaShirou","floor":18.0},{"not_picked":["animator:Assassin+1","animator:Demiurge"],"picked":"animator:Tatsumaki+1","floor":20.0},{"not_picked":["infinitespire:Oblivion","infinitespire:Collect"],"picked":"infinitespire:NeuralNetwork","floor":23.0},{"not_picked":["animator:Assassin+1","animator:Witch+1"],"picked":"animator:Lancer+1","floor":23.0},{"not_picked":["animator:Illya","animator:ShinjiMatou"],"picked":"animator:Berserker+1","floor":25.0},{"not_picked":["animator:RoyMustang+1","animator:Evileye","animator:Mitsuba+1"],"picked":"SKIP","floor":27.0},{"not_picked":["animator:Sonic","animator:Rider+1"],"picked":"animator:PinaCoLada","floor":28.0},{"not_picked":["animator:Mitsuba+1","animator:HiiragiShinya"],"picked":"animator:Mikaela+1","floor":31.0},{"not_picked":["animator:GoblinSlayer+1","animator:Guren"],"picked":"animator:Gilgamesh+1","floor":33.0}],"player_experience":1525264,"relics_obtained":[{"floor":6.0,"key":"Strawberry"},{"floor":9.0,"key":"Boot"},{"floor":12.0,"key":"Mummified Hand"},{"floor":23.0,"key":"MealTicket"},{"floor":23.0,"key":"Akabeko"},{"floor":25.0,"key":"animator:WizardHat"},{"floor":25.0,"key":"animator:WornHelmet"},{"floor":26.0,"key":"Toy Ornithopter"},{"floor":28.0,"key":"Nunchaku"},{"floor":28.0,"key":"Omamori"},{"floor":31.0,"key":"infinitespire:EmpoweringShard"},{"floor":31.0,"key":"Bottled Flame"},{"floor":36.0,"key":"animator:TheEgnaroPiece"},{"floor":36.0,"key":"animator:AncientMedallion"}],"event_choices":[{"damage_healed":0.0,"max_hp_gain":0.0,"max_hp_loss":0.0,"gold_gain":0.0,"event_name":"betterMatch:BetterMatch","player_choice":"2","floor":3.0,"gold_loss":0.0,"damage_taken":0.0,"cards_obtained":["betterMatch:ColorlessRareCard"]},{"damage_healed":0.0,"max_hp_gain":0.0,"max_hp_loss":0.0,"gold_gain":0.0,"event_name":"Upgrade Shrine","player_choice":"Upgraded","floor":7.0,"gold_loss":0.0,"damage_taken":0.0,"cards_upgraded":["animator:Lancer"]},{"damage_healed":0.0,"max_hp_gain":0.0,"max_hp_loss":0.0,"gold_gain":0.0,"event_name":"Accursed Blacksmith","player_choice":"Rummage","floor":8.0,"gold_loss":0.0,"damage_taken":0.0,"relics_obtained":["WarpedTongs"],"cards_obtained":["Pain"]},{"damage_healed":0.0,"max_hp_gain":0.0,"max_hp_loss":0.0,"gold_gain":75.0,"event_name":"FaceTrader","player_choice":"Touch","floor":21.0,"gold_loss":0.0,"damage_taken":7.0},{"cards_removed":["animator:Tatsumaki"],"damage_healed":5.0,"max_hp_gain":0.0,"max_hp_loss":0.0,"gold_gain":0.0,"event_name":"Bonfire Elementals","player_choice":"Offered Common","floor":22.0,"gold_loss":0.0,"damage_taken":0.0},{"cards_removed":["animator:Tatsumaki"],"damage_healed":5.0,"max_hp_gain":0.0,"max_hp_loss":0.0,"gold_gain":0.0,"event_name":"Bonfire Elementals","player_choice":"Offered Special","floor":22.0,"gold_loss":0.0,"damage_taken":0.0}],"is_beta":false,"boss_relics":[{"not_picked":["Tiny House","Philosopher\u0027s Stone"],"picked":"animator:RacePiece"},{"not_picked":["Runic Dome","Pandora\u0027s Box"],"picked":"animator:CursedBlade"}],"items_purged_floors":[0,0,0,0,19],"is_endless":false,"potions_floor_spawned":[10,12,14,16,18,27,31],"killed_by":"animator:TRIPLE_SHAPES_WEAK","ascension_level":10}}