{"host":"v4pe0ixo3k7iwzp0","time":1613902443,"event":{"mods":["100% Spire Juice","BaseMod","Bestiary","Highlight Path","Minty Spire (QoL Compilation)","Railgun Mod","StSLib","The Bug Knight","The Senshi"],"gold_per_floor":[120,220,232,232,251,283,298,314,385,218,218,235,148,161,161,256,306,317,272,362,373,392,392,247,247,271,9,9,9,9],"floor_reached":29,"language":"ENG","playtime":4143,"items_purged":[],"score":225,"play_id":"c4eb3c58-d482-479c-abea-4e7ed2b762bf","local_time":"20210221021403","is_ascension_mode":false,"campfire_choices":[{"data":"TheRailgun:Lightning_Speed","floor":11,"key":"SMITH"},{"floor":15,"key":"REST"},{"floor":23,"key":"REST"},{"floor":25,"key":"REST"},{"data":"TheRailgun:Biribiri","floor":28,"key":"SMITH"}],"circlet_count":0,"master_deck":["TheRailgun:Strike","TheRailgun:Strike","TheRailgun:Strike","TheRailgun:Strike","TheRailgun:Defend","TheRailgun:Defend","TheRailgun:Defend","TheRailgun:Defend","TheRailgun:Discharge","TheRailgun:Static","TheRailgun:Zip","TheRailgun:Charge","TheRailgun:Lightning_Speed+1","TheRailgun:Stun_Shock","TheRailgun:Negative_Field","TheRailgun:Taser","TheRailgun:Spark","TheRailgun:Crack","TheRailgun:Iron_Dust_Shield","TheRailgun:Electrical_Fire+1","TheRailgun:Aerial_Shot","TheRailgun:Negative_Field","TheRailgun:Battery_Pack","TheRailgun:Thunderbolt","TheRailgun:Heroinism+1","TheRailgun:Crackle","TheRailgun:Positive_Field+1","TheRailgun:Thundervolt","TheRailgun:Electric_Fence","TheRailgun:Biribiri+1","TheRailgun:Thunder"],"relics":["TheRailgun:CoinRelic","NeowsBlessing","NlothsMask","WingedGreaves","Tiny House","Vajra","HollowMod:PaleOreRelic"],"acts_visited":["Exordium","TheCity"],"potions_floor_usage":[12,16,22,29],"damage_taken":[{"damage":0.0,"enemies":"Cultist","floor":1.0,"turns":1.0},{"damage":0.0,"enemies":"2 Louse","floor":3.0,"turns":1.0},{"damage":0.0,"enemies":"Small Slimes","floor":5.0,"turns":1.0},{"damage":5.0,"enemies":"HollowMod:MossKnight","floor":6.0,"turns":4.0},{"damage":7,"enemies":"Red Slaver","floor":7,"turns":3},{"damage":0,"enemies":"Large Slime","floor":8,"turns":5},{"damage":0,"enemies":"3 Louse","floor":12,"turns":1},{"damage":17,"enemies":"Exordium Thugs","floor":14,"turns":5},{"damage":54,"enemies":"Hexaghost","floor":16,"turns":8},{"damage":0,"enemies":"Spheric Guardian","floor":18,"turns":2},{"damage":35,"enemies":"Shell Parasite","floor":21,"turns":5},{"damage":36,"enemies":"Snake Plant","floor":22,"turns":5},{"damage":64,"enemies":"Slavers","floor":29,"turns":4}],"seed_played":"-108771644937039593","potions_obtained":[{"floor":3.0,"key":"LiquidMemories"},{"floor":5.0,"key":"PowerPotion"},{"floor":8,"key":"FairyPotion"},{"floor":16,"key":"Explosive Potion"},{"floor":17,"key":"DuplicationPotion"}],"is_trial":false,"path_per_floor":["M","?","M","?","M","E","M","M","T","$","R","M","$","M","R","B",null,"M","$","?","M","M","R","$","R","T","$","R","E"],"character_chosen":"THE_DEFAULT","items_purchased":["TheRailgun:Crack","TheRailgun:Iron_Dust_Shield","TheRailgun:Electrical_Fire","TheRailgun:Aerial_Shot","TheRailgun:Negative_Field","TheRailgun:Crackle","Vajra","TheRailgun:Electric_Fence","TheRailgun:Biribiri","TheRailgun:Thunder"],"campfire_rested":3,"item_purchase_floors":[10,10,10,13,13,19,24,27,27,27],"current_hp_per_floor":[70,70,70,70,70,65,58,58,58,58,58,58,58,41,62,8,75,75,75,63,28,15,37,37,59,59,59,59,0,0],"gold":9,"neow_bonus":"THREE_ENEMY_KILL","is_daily":false,"chose_seed":false,"campfire_upgraded":2,"win_rate":0.0,"timestamp":1613902443,"path_taken":["M","?","?","?","M","E","M","M","T","$","R","?","$","M","R","BOSS","M","$","?","M","M","R","$","R","T","?","R","E"],"items_purchased_type":["Card","Card","Card","Card","Card","Card","Relic","Card","Card","Card"],"build_version":"2020-12-22","purchased_purges":0,"victory":false,"max_hp_per_floor":[70,70,70,70,70,70,70,70,70,70,70,70,70,70,70,70,75,75,75,75,75,75,75,75,75,75,75,75,75,75],"card_choices":[{"not_picked":["TheRailgun:Iron_Dust_Vial","TheRailgun:Thunderjolt"],"picked":"TheRailgun:Charge","floor":1.0},{"not_picked":["TheRailgun:Scatter_Railgun","TheRailgun:Thundershock"],"picked":"TheRailgun:Lightning_Speed","floor":3.0},{"not_picked":["TheRailgun:Oneesama","TheRailgun:Hypercharge"],"picked":"TheRailgun:Stun_Shock","floor":5.0},{"not_picked":["TheRailgun:Recharge","TheRailgun:Judgement_Officer"],"picked":"TheRailgun:Negative_Field","floor":6.0},{"not_picked":["TheRailgun:Coin_Flip","TheRailgun:Lightning_Speed"],"picked":"TheRailgun:Taser","floor":7},{"not_picked":["TheRailgun:Recharge","TheRailgun:Aerial_Shot"],"picked":"TheRailgun:Spark","floor":8},{"not_picked":["TheRailgun:Mental_Out","TheRailgun:Taser","TheRailgun:Static"],"picked":"SKIP","floor":12},{"not_picked":["TheRailgun:Static","TheRailgun:Gekotamania"],"picked":"TheRailgun:Battery_Pack","floor":14},{"not_picked":["TheRailgun:Lightning_Speed","TheRailgun:Iron_Dust_Vial"],"picked":"TheRailgun:Thunderbolt","floor":17},{"not_picked":["TheRailgun:Lightningbolt","TheRailgun:Positive_Field"],"picked":"TheRailgun:Heroinism+1","floor":18},{"not_picked":["TheRailgun:Gekota_Phone+1","TheRailgun:Lightning_Speed+1"],"picked":"TheRailgun:Positive_Field+1","floor":21},{"not_picked":["TheRailgun:Heroinism+1","TheRailgun:Charge"],"picked":"TheRailgun:Thundervolt","floor":22}],"player_experience":183157,"relics_obtained":[{"floor":6.0,"key":"WingedGreaves"},{"floor":26,"key":"HollowMod:PaleOreRelic"}],"event_choices":[{"damage_healed":0.0,"max_hp_gain":0.0,"max_hp_loss":0.0,"gold_gain":100.0,"event_name":"Golden Shrine","player_choice":"Pray","floor":2.0,"gold_loss":0.0,"damage_taken":0.0},{"damage_healed":0.0,"max_hp_gain":0.0,"max_hp_loss":0.0,"gold_gain":0.0,"event_name":"FaceTrader","player_choice":"Trade","floor":4.0,"gold_loss":0.0,"damage_taken":0.0,"relics_obtained":["NlothsMask"]},{"damage_healed":0,"gold_gain":90,"player_choice":"GOLD ","damage_taken":12,"max_hp_gain":0,"max_hp_loss":0,"event_name":"Knowing Skull","floor":20,"potions_obtained":[],"gold_loss":0,"cards_obtained":[]}],"is_beta":false,"boss_relics":[{"not_picked":["Velvet Choker","Fusion Hammer"],"picked":"Tiny House"}],"items_purged_floors":[],"is_endless":false,"potions_floor_spawned":[3,5,8,16],"killed_by":"Slavers","ascension_level":0}}