{"host":"8dojo26n353y1ich","time":1613885008,"event":{"mods":["AchievementEnabler","BaseMod","Colored Powertips","Minty Spire (QoL Compilation)","Quick Restart","StSLib"],"gold_per_floor":[10,23,36,52,68,94,112,112,112,112,138,150,150,183,195,304,316,340,366,395,407,407],"floor_reached":21,"language":"ENG","playtime":1059,"items_purged":[],"score":246,"play_id":"e180dfbc-f78d-4c97-b430-d38a83e59959","local_time":"20210220232328","is_ascension_mode":true,"campfire_choices":[{"floor":8,"key":"REST"},{"data":"Darkness","floor":10,"key":"SMITH"},{"floor":13,"key":"REST"},{"floor":15,"key":"REST"}],"circlet_count":0,"master_deck":["Strike_B","Strike_B","Strike_B","Strike_B","Defend_B","Defend_B","Defend_B","Defend_B","Zap","Dualcast","White Noise","Coolheaded","Ball Lightning","Doom and Gloom","Loop","Darkness+1","Sunder","Redo","Gash","Defragment+1","Machine Learning+1","Cold Snap","Storm+1","Steam+1"],"relics":["Cracked Core","Du-Vu Doll","CaptainsWheel","Frozen Egg 2","Pen Nib","MawBank","SacredBark"],"acts_visited":["Exordium","TheCity"],"potions_floor_usage":[5,11,16,19,19,20],"damage_taken":[{"damage":0,"enemies":"2 Louse","floor":1,"turns":3},{"damage":0,"enemies":"Cultist","floor":2,"turns":4},{"damage":11,"enemies":"Jaw Worm","floor":3,"turns":4},{"damage":38,"enemies":"Gremlin Gang","floor":4,"turns":4},{"damage":9,"enemies":"Exordium Thugs","floor":5,"turns":3},{"damage":15,"enemies":"Gremlin Nob","floor":6,"turns":3},{"damage":0,"enemies":"Large Slime","floor":7,"turns":4},{"damage":2,"enemies":"Lagavulin","floor":11,"turns":4},{"damage":11,"enemies":"Looter","floor":12,"turns":4},{"damage":20,"enemies":"Gremlin Nob","floor":14,"turns":4},{"damage":17,"enemies":"Slime Boss","floor":16,"turns":7},{"damage":36,"enemies":"3 Byrds","floor":18,"turns":3},{"damage":14,"enemies":"Shell Parasite","floor":19,"turns":3},{"damage":24,"enemies":"Snake Plant","floor":20,"turns":2},{"damage":6,"enemies":"Cultist and Chosen","floor":21,"turns":1}],"seed_played":"7089418149832832285","potions_obtained":[{"floor":1,"key":"SpeedPotion"},{"floor":4,"key":"AttackPotion"},{"floor":5,"key":"DuplicationPotion"},{"floor":7,"key":"SteroidPotion"},{"floor":12,"key":"GamblersBrew"},{"floor":16,"key":"PowerPotion"},{"floor":19,"key":"Dexterity Potion"},{"floor":20,"key":"FocusPotion"}],"is_trial":false,"path_per_floor":["M","M","M","M","M","E","M","R","T","R","E","M","R","E","R","B",null,"M","M","M","M"],"character_chosen":"DEFECT","items_purchased":[],"campfire_rested":3,"item_purchase_floors":[],"current_hp_per_floor":[75,75,64,26,17,2,2,24,24,24,22,11,33,13,35,18,75,39,25,1,0,0],"gold":407,"neow_bonus":"ONE_RARE_RELIC","is_daily":false,"chose_seed":false,"campfire_upgraded":1,"win_rate":0.0,"timestamp":1613885008,"path_taken":["M","M","M","M","M","E","M","R","T","R","E","M","R","E","R","BOSS","M","M","M","M"],"items_purchased_type":[],"build_version":"2020-12-22","purchased_purges":0,"victory":false,"max_hp_per_floor":[75,75,75,75,75,75,75,75,75,75,75,75,75,75,75,75,75,75,75,75,75,75],"card_choices":[{"not_picked":["Aggregate","Hologram"],"picked":"White Noise","floor":1},{"not_picked":["Barrage","Hologram"],"picked":"Coolheaded","floor":2},{"not_picked":["Steam Power","Recycle"],"picked":"Ball Lightning","floor":3},{"not_picked":["Hologram","Streamline"],"picked":"Doom and Gloom","floor":4},{"not_picked":["Storm","Blizzard"],"picked":"Loop","floor":5},{"not_picked":["Double Energy","Leap"],"picked":"Darkness","floor":6},{"not_picked":["Rebound","Tempest"],"picked":"Sunder","floor":7},{"not_picked":["Leap","Skim"],"picked":"Redo","floor":11},{"not_picked":["Streamline","Ball Lightning"],"picked":"Gash","floor":12},{"not_picked":["Lockon","Steam Power"],"picked":"Defragment+1","floor":14},{"not_picked":["Fission","Multi-Cast"],"picked":"Machine Learning+1","floor":16},{"not_picked":["FTL","Leap"],"picked":"Cold Snap","floor":18},{"not_picked":["Steam Power","Leap"],"picked":"Storm+1","floor":19},{"not_picked":["Streamline","Coolheaded"],"picked":"Steam+1","floor":20}],"player_experience":210266,"relics_obtained":[{"floor":6,"key":"CaptainsWheel"},{"floor":9,"key":"Frozen Egg 2"},{"floor":11,"key":"Pen Nib"},{"floor":14,"key":"MawBank"}],"event_choices":[],"is_beta":false,"boss_relics":[{"not_picked":["Pandora\u0027s Box","Sozu"],"picked":"SacredBark"}],"items_purged_floors":[],"is_endless":false,"potions_floor_spawned":[1,4,5,7,12,16,19,20],"killed_by":"Cultist and Chosen","ascension_level":4}}