{"host":"2se5dq1do2gp0x9k","time":1613941168,"event":{"mods":["AchievementEnabler","BaseMod","Block Reminder","Colored Map","Colored Powertips","Minty Spire (QoL Compilation)","Relic Stats","StSLib","SuperFastMode"],"gold_per_floor":[109,124,142,152,167,167,195,195,195,215,215,232,232,260,260,333,333,343,357,367,367,292,292,292,303,303,319,319,244,254,280,280,355,355,370,388,251,251,251,251],"floor_reached":39,"language":"ENG","playtime":1496,"items_purged":["Strike_P","Defend_P"],"score":909,"play_id":"f1391896-3e22-42a4-bbe7-a4eb4d49bfef","local_time":"20210221125928","is_ascension_mode":true,"campfire_choices":[{"data":"Eruption","floor":6.0,"key":"SMITH"},{"data":"CutThroughFate","floor":8.0,"key":"SMITH"},{"data":"CutThroughFate","floor":11.0,"key":"SMITH"},{"data":"Prostrate","floor":15.0,"key":"SMITH"},{"data":"CutThroughFate","floor":23.0,"key":"SMITH"},{"data":"CutThroughFate","floor":28.0,"key":"SMITH"},{"floor":32.0,"key":"REST"}],"circlet_count":0,"master_deck":["AscendersBane","Strike_P","Defend_P","Defend_P","Defend_P","Eruption+1","Vigilance","CutThroughFate+1","Prostrate","CutThroughFate+1","DevaForm","FollowUp","EmptyFist","CutThroughFate+1","Prostrate+1","CutThroughFate+1","Protect","Worship","Wish","Wallop"],"relics":["PureWater","FossilizedHelix","Toy Ornithopter","Mango","Du-Vu Doll","Snecko Eye","Gremlin Horn","Yang","Shovel","VioletLotus"],"acts_visited":["Exordium","TheCity","TheBeyond"],"potions_floor_usage":[39],"damage_taken":[{"damage":4.0,"enemies":"Jaw Worm","floor":1.0,"turns":5.0},{"damage":0.0,"enemies":"Cultist","floor":2.0,"turns":3.0},{"damage":0.0,"enemies":"2 Louse","floor":3.0,"turns":2.0},{"damage":0.0,"enemies":"Looter","floor":4.0,"turns":2.0},{"damage":1.0,"enemies":"Exordium Thugs","floor":5.0,"turns":6.0},{"damage":43.0,"enemies":"3 Sentries","floor":7.0,"turns":9.0},{"damage":0.0,"enemies":"2 Fungi Beasts","floor":10.0,"turns":2.0},{"damage":0.0,"enemies":"Looter","floor":12.0,"turns":2.0},{"damage":29.0,"enemies":"Gremlin Nob","floor":14.0,"turns":4.0},{"damage":0.0,"enemies":"Slime Boss","floor":16.0,"turns":5.0},{"damage":0.0,"enemies":"Chosen","floor":18.0,"turns":2.0},{"damage":0.0,"enemies":"Shell Parasite","floor":19.0,"turns":2.0},{"damage":19.0,"enemies":"Centurion and Healer","floor":20.0,"turns":5.0},{"damage":0.0,"enemies":"Snecko","floor":25.0,"turns":4.0},{"damage":0.0,"enemies":"3 Cultists","floor":27.0,"turns":4.0},{"damage":0.0,"enemies":"Sentry and Sphere","floor":30.0,"turns":4.0},{"damage":30.0,"enemies":"Slavers","floor":31.0,"turns":5.0},{"damage":45.0,"enemies":"Automaton","floor":33.0,"turns":8.0},{"damage":19,"enemies":"3 Darklings","floor":35,"turns":4},{"damage":7,"enemies":"Orb Walker","floor":36,"turns":4},{"damage":45,"enemies":"Jaw Worm Horde","floor":39,"turns":3}],"seed_played":"8741236715779667037","potions_obtained":[{"floor":4.0,"key":"FairyPotion"},{"floor":5.0,"key":"SpeedPotion"},{"floor":10.0,"key":"Regen Potion"},{"floor":12.0,"key":"DistilledChaos"},{"floor":16.0,"key":"SpeedPotion"},{"floor":20.0,"key":"Explosive Potion"},{"floor":25.0,"key":"Block Potion"},{"floor":35,"key":"SkillPotion"}],"is_trial":false,"path_per_floor":["M","M","M","M","M","R","E","R","T","M","R","M","?","E","R","B",null,"M","M","M","T","$","R","?","M","T","M","R","?","M","E","R","B",null,"M","M","$","?","M"],"character_chosen":"WATCHER","items_purchased":["Wallop"],"campfire_rested":1,"item_purchase_floors":[37],"current_hp_per_floor":[39,39,39,39,38,38,18,18,32,32,32,32,32,22,22,22,67,67,67,48,48,48,48,48,48,48,48,48,48,53,23,47,2,62,43,36,36,36,0,0],"gold":251,"neow_bonus":"ONE_RARE_RELIC","is_daily":false,"chose_seed":false,"campfire_upgraded":6,"win_rate":0.0,"timestamp":1613941168,"path_taken":["M","M","M","M","M","R","E","R","T","M","R","M","?","E","R","BOSS","M","?","M","?","$","R","?","M","T","M","R","?","M","E","R","BOSS","M","M","$","?","M"],"items_purchased_type":["Card"],"build_version":"2020-12-22","purchased_purges":2,"victory":false,"max_hp_per_floor":[68,68,68,68,68,68,68,68,82,82,82,82,82,82,82,82,82,82,82,82,82,82,82,82,82,82,82,82,82,82,82,82,82,82,82,82,82,82,82,82],"relic_stats":{"Shovel":0,"Gremlin Horn":[9,9],"counters":[21,85],"Snecko Eye":[98,96,77,92],"Yang":[89],"VioletLotus":[1],"obtain_stats":[{"Du-Vu Doll":14,"Shovel":31,"Gremlin Horn":21,"Snecko Eye":17,"Mango":9,"Yang":26,"VioletLotus":34,"PureWater":0,"FossilizedHelix":0,"Toy Ornithopter":7},{"Du-Vu Doll":9,"Shovel":17,"Gremlin Horn":13,"Snecko Eye":10,"Mango":6,"Yang":14,"VioletLotus":18,"PureWater":0,"FossilizedHelix":0,"Toy Ornithopter":6},{"Du-Vu Doll":35,"Shovel":66,"Gremlin Horn":49,"Snecko Eye":40,"Mango":27,"Yang":53,"VioletLotus":74,"PureWater":0,"FossilizedHelix":0,"Toy Ornithopter":27}],"Toy Ornithopter":20},"card_choices":[{"not_picked":["CrushJoints","FlyingSleeves"],"picked":"CutThroughFate","floor":1.0},{"not_picked":["SashWhip","Indignation"],"picked":"Prostrate","floor":2.0},{"not_picked":["Judgement","Protect"],"picked":"CutThroughFate","floor":3.0},{"not_picked":["Consecrate","CrushJoints"],"picked":"DevaForm","floor":4.0},{"not_picked":["Crescendo","DeceiveReality"],"picked":"FollowUp","floor":5.0},{"not_picked":["DeusExMachina","PathToVictory"],"picked":"EmptyFist","floor":7.0},{"not_picked":["FlurryOfBlows","ClearTheMind"],"picked":"CutThroughFate","floor":10.0},{"not_picked":["Establishment","FlyingSleeves"],"picked":"Prostrate","floor":12.0},{"not_picked":["Crescendo","Sanctity","Evaluate"],"picked":"SKIP","floor":14.0},{"not_picked":["BowlingBash","EmptyBody","FlyingSleeves"],"picked":"SKIP","floor":18.0},{"not_picked":["Consecrate","BowlingBash"],"picked":"CutThroughFate","floor":19.0},{"not_picked":["ClearTheMind","WaveOfTheHand"],"picked":"Protect","floor":20.0},{"not_picked":["Consecrate","CrushJoints","BowlingBash"],"picked":"SKIP","floor":25.0},{"not_picked":["Evaluate","Consecrate","LikeWater"],"picked":"SKIP","floor":27.0},{"not_picked":["Meditate","FlyingSleeves"],"picked":"Worship","floor":30.0},{"not_picked":["Adaptation","CarveReality","Prostrate"],"picked":"SKIP","floor":31.0},{"not_picked":["DeusExMachina","MasterReality"],"picked":"Wish","floor":33.0},{"not_picked":["JustLucky","Swivel","Evaluate"],"picked":"SKIP","floor":35},{"not_picked":["ClearTheMind","Weave","Halt"],"picked":"SKIP","floor":36}],"player_experience":4104970,"relics_obtained":[{"floor":7.0,"key":"Toy Ornithopter"},{"floor":9.0,"key":"Mango"},{"floor":14.0,"key":"Du-Vu Doll"},{"floor":21.0,"key":"Gremlin Horn"},{"floor":26.0,"key":"Yang"},{"floor":31.0,"key":"Shovel"}],"event_choices":[{"cards_removed":["Strike_P"],"damage_healed":0.0,"max_hp_gain":0.0,"max_hp_loss":0.0,"gold_gain":0.0,"event_name":"Bonfire Elementals","player_choice":"Offered Basic","floor":13.0,"gold_loss":0.0,"damage_taken":0.0},{"damage_healed":0.0,"max_hp_gain":0.0,"max_hp_loss":0.0,"gold_gain":0.0,"event_name":"Ghosts","player_choice":"Ignored","floor":24.0,"gold_loss":0.0,"damage_taken":0.0},{"cards_removed":["Strike_P"],"damage_healed":0.0,"max_hp_gain":0.0,"max_hp_loss":0.0,"gold_gain":0.0,"event_name":"Beggar","player_choice":"Gave Gold","floor":29.0,"gold_loss":75.0,"damage_taken":0.0},{"damage_healed":0,"gold_gain":0,"player_choice":"Ignored","damage_taken":0,"max_hp_gain":0,"max_hp_loss":0,"event_name":"Tomb of Lord Red Mask","floor":38,"gold_loss":0}],"is_beta":false,"boss_relics":[{"not_picked":["Tiny House","HolyWater"],"picked":"Snecko Eye"},{"not_picked":["Runic Pyramid","Sozu"],"picked":"VioletLotus"}],"items_purged_floors":[22,37],"is_endless":false,"potions_floor_spawned":[4,5,10,12,16,20,25,35],"killed_by":"Jaw Worm Horde","ascension_level":18}}