{"host":"y9t3brv5y5t41vuj","time":1613946235,"event":{"mods":["AchievementEnabler","BaseMod","BetterRewards","Block Reminder","Colored Map","Colored Powertips","Conspire","Highlight Path","Hubris","Infinite Spire","Minty Spire (QoL Compilation)","Quick Restart","Replay The Spire","Shop Mod","StSLib","SuperFastMode","Unceasing Turn Reminder"],"gold_per_floor":[114,129,50,50,50,82,82,114,160,160,180,180,200,229,229,342,342,361,229,229,218,218,218,243,260,260,260,281,37,55,55,55,55,55],"floor_reached":33,"language":"ENG","playtime":749,"items_purged":["Strike_G","Strike_G"],"score":316,"play_id":"7b05be90-e3d6-4a6a-9b5b-f4f50710f402","local_time":"20210221232355","is_ascension_mode":true,"campfire_choices":[{"floor":7,"key":"REST"},{"floor":10,"key":"REST"},{"floor":15,"key":"REST"},{"data":"infinitespire:Neurotoxin","floor":23,"key":"SMITH"},{"data":"Caltrops","floor":27,"key":"SMITH"},{"data":"Strike_G","floor":32,"key":"PURGE"}],"circlet_count":0,"master_deck":["Strike_G","Strike_G","Defend_G","Defend_G","Defend_G","Defend_G","Defend_G","Survivor","Neutralize","Corpse Explosion","Quick Slash","ReplayTheSpireMod:Speed Training","Footwork","Heel Hook","Caltrops+1","Bane","Heel Hook","Deadly Poison","infinitespire:Neurotoxin+1","Prepared","Caltrops","Leg Sweep","Specialist","hubris:SlightOfHand+1","Poisoned Stab+1"],"relics":["Ring of the Snake","infinitespire:CursedDice","conspire:Boomerang","ReplayFunnel","HoveringKite","MerchantsRug","hubris:BottledHeart","infinitespire:EmpoweringShard","Peace Pipe","Eternal Feather"],"acts_visited":["Exordium","TheCity"],"potions_floor_usage":[24,33],"damage_taken":[{"damage":4,"enemies":"Jaw Worm","floor":1,"turns":4},{"damage":15,"enemies":"infinitespire:Voidling","floor":2,"turns":6},{"damage":17,"enemies":"Replay:BlueRogue","floor":6,"turns":9},{"damage":33,"enemies":"Gremlin Nob","floor":8,"turns":5},{"damage":6,"enemies":"Cultist","floor":11,"turns":3},{"damage":19,"enemies":"2 Fungi Beasts","floor":13,"turns":2},{"damage":0,"enemies":"Lots of Slimes","floor":14,"turns":1},{"damage":31,"enemies":"Hexaghost","floor":16,"turns":10},{"damage":20,"enemies":"Chosen","floor":18,"turns":6},{"damage":0,"enemies":"2 Thieves","floor":21,"turns":4},{"damage":2,"enemies":"Gremlin Leader","floor":24,"turns":6},{"damage":0,"enemies":"Centurion and Healer","floor":25,"turns":6},{"damage":0,"enemies":"Snake Plant","floor":28,"turns":4},{"damage":0,"enemies":"Snecko","floor":30,"turns":4},{"damage":2,"enemies":"Pondfish","floor":33,"turns":9}],"seed_played":"-4619620637429347733","potions_obtained":[{"floor":6,"key":"Explosive Potion"},{"floor":8,"key":"SkillPotion"},{"floor":16,"key":"GamblersBrew"},{"floor":21,"key":"Energy Potion"},{"floor":30,"key":"CunningPotion"}],"is_trial":false,"path_per_floor":["M","M","$","?","$","E","R","E","T","R","M","T","M","M","R","B",null,"M","$","?","M","?","R","E","M","T","R","M","$","M","T","R","B"],"character_chosen":"THE_SILENT","items_purchased":["Footwork","BargainBundle","Caltrops","MerchantsRug","LifebloodPotion","Elixir","DuplicationPotion","Leg Sweep","Specialist","Peace Pipe"],"campfire_rested":3,"item_purchase_floors":[3,19,19,19,19,19,19,19,19,29],"current_hp_per_floor":[66,56,56,49,49,32,53,20,20,41,35,35,16,16,37,6,70,50,50,1,1,1,1,1,1,1,1,1,1,1,1,1,0,0],"gold":55,"neow_bonus":"ONE_RANDOM_RARE_CARD","is_daily":false,"chose_seed":false,"campfire_upgraded":2,"win_rate":0.0,"timestamp":1613946235,"path_taken":["M","M","$","?","$","E","R","E","T","R","M","?","M","?","R","BOSS","M","$","?","M","?","R","E","?","T","R","M","?","M","?","R","BOSS"],"items_purchased_type":["Card","Relic","Card","Relic","Potion","Potion","Potion","Card","Card","Relic"],"build_version":"2020-12-22","purchased_purges":2,"victory":false,"max_hp_per_floor":[70,70,70,70,70,70,70,70,70,70,70,70,70,70,70,70,70,70,70,1,1,1,1,1,1,1,1,1,1,1,1,1,1,1],"card_choices":[{"not_picked":["Blade Dance","hubris:Counter"],"picked":"Quick Slash","floor":1},{"not_picked":["Terror","Sucker Punch"],"picked":"ReplayTheSpireMod:Speed Training","floor":2},{"not_picked":["Atom Bomb","Unload"],"picked":"Heel Hook","floor":6},{"not_picked":["Expertise","Underhanded Strike"],"picked":"Caltrops","floor":8},{"not_picked":["Flying Knee","Hidden Blade"],"picked":"Bane","floor":11},{"not_picked":["Cloak And Dagger","Backflip"],"picked":"Heel Hook","floor":13},{"not_picked":["Skewer","Quick Slash"],"picked":"Deadly Poison","floor":14},{"not_picked":["Bullet Time","Doppelganger"],"picked":"infinitespire:Neurotoxin","floor":16},{"not_picked":["Quick Slash","Masterful Stab+1"],"picked":"Prepared","floor":18},{"not_picked":["Hidden Blade","Choke","Flying Knee"],"picked":"SKIP","floor":21},{"not_picked":["Choke","Concentrate","ReplayTheSpireMod:Exploit Weakness"],"picked":"SKIP","floor":24},{"not_picked":["Toxin Wave","Finisher","Bane+1"],"picked":"SKIP","floor":25},{"not_picked":["Draining Mist","Dagger Spray+1"],"picked":"hubris:SlightOfHand+1","floor":28},{"not_picked":["ReplayTheSpireMod:Tripwire+1","Blade Dance"],"picked":"Poisoned Stab+1","floor":30}],"player_experience":550994,"relics_obtained":[{"floor":6,"key":"conspire:Boomerang"},{"floor":8,"key":"ReplayFunnel"},{"floor":9,"key":"CeramicFish"},{"floor":12,"key":"hubris:AstralHammer"},{"floor":24,"key":"infinitespire:EmpoweringShard"},{"floor":26,"key":"hubris:Metronome"},{"floor":31,"key":"Eternal Feather"}],"event_choices":[{"damage_healed":0,"gold_gain":0,"player_choice":"Success","damage_taken":7,"relics_obtained":["infinitespire:CursedDice"],"max_hp_gain":0,"max_hp_loss":0,"event_name":"Scrap Ooze","floor":4,"gold_loss":0},{"damage_healed":0,"gold_gain":0,"player_choice":"Full Heal","damage_taken":0,"max_hp_gain":0,"max_hp_loss":0,"event_name":"Wheel of Change","floor":22,"gold_loss":0}],"is_beta":false,"boss_relics":[{"not_picked":["hubris:BlackHole","Abe\u0027s Treasure"],"picked":"HoveringKite"}],"items_purged_floors":[19,29],"is_endless":false,"potions_floor_spawned":[6,8,16,21,30],"killed_by":"Pondfish","ascension_level":3}}