{"host":"bplbr8uekuotory4","time":1613878143,"event":{"mods":["Act Like it!","BaseMod","GungeonMod","Hermit","KinomotoSakuraMod(木之本樱)","Marisa（F雨　魔理沙）","Minty Spire (QoL Compilation)","Prisma Mod","Quick Restart","Reimu（博丽灵梦）","SOS（斯巴达之子）","Spicy Shops","StSLib","TestMod","The Blackbeard","The Cursed","The Mystic","The Saiyan","The Senshi","The Servant 0.9.4","Yuri Mod","[IsaacMod]以撒尖塔"],"gold_per_floor":[117,138,164,246,278,340,366,392,392,392,317,329,356,356,356,433,433,459,459,135,60,60,95,95,110,110,130,130,30,49,69,69,145,145,172,172,172,179,191,191,191,191,191,226,84,84,84,84],"floor_reached":46,"language":"ZHS","playtime":847,"items_purged":["blackbeard:BlackbeardDefend","blackbeard:BlackbeardDefend","blackbeard:BlackbeardDefend"],"score":1266,"play_id":"5dc2caf6-e3d7-4d8c-858a-3bfc13cc4da4","local_time":"20210221112903","is_ascension_mode":true,"campfire_choices":[{"floor":10,"key":"REST"},{"data":"blackbeard:Cutlass","floor":15,"key":"SMITH"},{"data":"blackbeard:CaptainsCabin","floor":24,"key":"SMITH"},{"data":"blackbeard:CannonBarrage","floor":32,"key":"SMITH"},{"data":"blackbeard:BoostMorale","floor":40,"key":"SMITH"},{"data":"blackbeard:IntimidatingStrike","floor":42,"key":"SMITH"}],"circlet_count":0,"master_deck":["AscendersBane","blackbeard:IntimidatingStrike+1","blackbeard:Cutlass+1","blackbeard:BlindAttacks","blackbeard:Toast","blackbeard:CannonBarrage+1","blackbeard:CaptainsCabin+1","blackbeard:TacticalRetreat+1","blackbeard:BoostMorale+1"],"relics":["blackbeard:LoadTheGoldenCannons","testmod-TestBox","HushsDoor","SalivaCoin","testmod-PortableAltar","NeowsBlessing","testmod-ObsoleteBoomerang","testmod-OneHitWonder","Art of War","Empty Cage","Juzu Bracelet","RuthlessExorcism:ReiMu","DemoMod:JetPack","DemoMod:GlassGuonStoneRelic","Potion Belt","DemoMod:Metronome","DemoMod:ChaffGrenade","Akabeko","PillsDrop"],"acts_visited":["Exordium","TheCity","TheBeyond"],"potions_floor_usage":[5,6,16,33,33],"damage_taken":[{"damage":1,"enemies":"Cultist","floor":1,"turns":1},{"damage":1,"enemies":"Jaw Worm","floor":2,"turns":1},{"damage":1,"enemies":"Small Slimes","floor":3,"turns":1},{"damage":7,"enemies":"Gremlin Gang","floor":5,"turns":2},{"damage":31,"enemies":"Gremlin Nob","floor":6,"turns":4},{"damage":2,"enemies":"3 Louse","floor":7,"turns":3},{"damage":0,"enemies":"3 Sentries","floor":8,"turns":1},{"damage":0,"enemies":"2 Fungi Beasts","floor":12,"turns":2},{"damage":0,"enemies":"Blue Slaver","floor":13,"turns":3},{"damage":0,"enemies":"Slime Boss","floor":16,"turns":2},{"damage":0,"enemies":"Shell Parasite","floor":18,"turns":2},{"damage":0,"enemies":"Gremlin Leader","floor":23,"turns":4},{"damage":0,"enemies":"3 Byrds","floor":25,"turns":2},{"damage":0,"enemies":"Centurion and Healer","floor":27,"turns":2},{"damage":0,"enemies":"Snake Plant","floor":30,"turns":1},{"damage":0,"enemies":"Snecko","floor":31,"turns":1},{"damage":0,"enemies":"Champ","floor":33,"turns":5},{"damage":2,"enemies":"3 Shapes","floor":35,"turns":2},{"damage":0,"enemies":"3 Darklings","floor":39,"turns":2},{"damage":0,"enemies":"Giant Head","floor":44,"turns":4},{"damage":0,"enemies":"Transient","floor":46,"turns":1}],"seed_played":"4952996456228982430","potions_obtained":[{"floor":3,"key":"Explosive Potion"},{"floor":5,"key":"Energy Potion"},{"floor":7,"key":"ZuzhouPotion:ReiMu"},{"floor":13,"key":"AttackPotion"},{"floor":27,"key":"Block Potion"},{"floor":33,"key":"SteroidPotion"},{"floor":35,"key":"Energy Potion"}],"is_trial":false,"path_per_floor":["M","M","M","?","M","E","M","E","T","R","?","M","M","T","R","B",null,"M","?","$","?","?","E","R","M","T","M","?","$","M","M","R","B",null,"M","?","?","?","M","R","T","R","T","E","$","M"],"character_chosen":"BLACKBEARD_CLASS","items_purchased":["Juzu Bracelet","blackbeard:BoostMorale","testmod-EscapePotion","PillsDrop"],"campfire_rested":1,"item_purchase_floors":[20,20,34,45],"current_hp_per_floor":[63,62,61,50,43,12,10,10,10,28,28,28,28,28,28,28,44,44,91,91,91,91,90,89,88,87,86,85,84,83,82,81,80,75,72,72,72,56,56,56,56,56,56,56,56,56,56,56],"gold":84,"neow_bonus":"THREE_ENEMY_KILL","is_daily":false,"chose_seed":false,"campfire_upgraded":5,"win_rate":0.0,"timestamp":1613878143,"path_taken":["M","?","?","?","?","E","M","E","T","R","?","M","M","?","R","BOSS","M","?","$","?","?","E","R","M","T","M","?","?","M","M","R","BOSS","M","?","?","?","M","R","?","R","T","E","$","M"],"items_purchased_type":["Relic","Card","Potion","Relic"],"build_version":"2020-12-22","purchased_purges":3,"victory":false,"max_hp_per_floor":[70,69,68,67,66,65,64,63,62,61,60,59,58,57,56,55,49,48,94,93,92,91,90,89,88,87,86,85,84,83,82,81,80,75,74,73,72,71,70,69,68,67,66,65,64,63,63,63],"card_choices":[{"not_picked":["blackbeard:JollyRoger","blackbeard:AgileStrike"],"picked":"Bomb","floor":1},{"not_picked":["blackbeard:CloakAndCannonball","blackbeard:GoldenDefense"],"picked":"blackbeard:BlindAttacks","floor":2},{"not_picked":["blackbeard:PiratesWill","blackbeard:BlindAttacks","blackbeard:TheDrunkenSailor"],"picked":"SKIP","floor":3},{"not_picked":["blackbeard:RearmingStrike","blackbeard:CaptainsCabin"],"picked":"blackbeard:Toast","floor":5},{"not_picked":["blackbeard:ChaoticDefense","blackbeard:SmithingHammer"],"picked":"blackbeard:CannonBarrage","floor":6},{"not_picked":["blackbeard:DeadlyArsenal","blackbeard:Dagger"],"picked":"blackbeard:CaptainsCabin","floor":7},{"not_picked":["blackbeard:TheDrunkenSailor","blackbeard:BlindAttacks"],"picked":"Bomb","floor":8},{"not_picked":["blackbeard:CaptainsCabin","blackbeard:BeatUp","blackbeard:SmithingHammer"],"picked":"SKIP","floor":12},{"not_picked":["blackbeard:WiseDefense","blackbeard:WeaponProficiency","blackbeard:CloakAndCannonball"],"picked":"SKIP","floor":13},{"not_picked":["blackbeard:RearmingStrike","blackbeard:CloakAndCannonball"],"picked":"blackbeard:TacticalRetreat+1","floor":18},{"not_picked":["blackbeard:PowerHungry","blackbeard:Spear","blackbeard:TacticalRetreat"],"picked":"SKIP","floor":23},{"not_picked":["blackbeard:BeatUp","blackbeard:Revenge","blackbeard:Sharpening"],"picked":"SKIP","floor":25},{"not_picked":["blackbeard:Toast","blackbeard:Recklessness","blackbeard:Dagger"],"picked":"SKIP","floor":27},{"not_picked":["blackbeard:Dagger+1","blackbeard:Shrapnel","blackbeard:CloakAndCannonball"],"picked":"SKIP","floor":30},{"not_picked":["blackbeard:WeaponProficiency","blackbeard:RearmingStrike","blackbeard:Spear"],"picked":"SKIP","floor":31},{"not_picked":["blackbeard:Spear+1","blackbeard:FieryDefense","blackbeard:Sharpening+1"],"picked":"SKIP","floor":35},{"not_picked":["blackbeard:DelayedPain","blackbeard:WiseDefense+1","blackbeard:Shrapnel"],"picked":"SKIP","floor":39},{"not_picked":["blackbeard:TacticalRetreat+1","blackbeard:GoldenCannonball","blackbeard:UndeadForm"],"picked":"SKIP","floor":44}],"player_experience":1164454,"relics_obtained":[{"floor":6,"key":"testmod-ObsoleteBoomerang"},{"floor":8,"key":"testmod-OneHitWonder"},{"floor":14,"key":"Art of War"},{"floor":23,"key":"RuthlessExorcism:ReiMu"},{"floor":26,"key":"DemoMod:JetPack"},{"floor":41,"key":"DemoMod:Metronome"},{"floor":43,"key":"DemoMod:ChaffGrenade"},{"floor":44,"key":"Akabeko"}],"event_choices":[{"damage_healed":0,"gold_gain":75,"player_choice":"Gather Gold","damage_taken":11,"max_hp_gain":0,"max_hp_loss":0,"event_name":"World of Goop","floor":4,"gold_loss":0},{"cards_removed":["blackbeard:BlackbeardStrike"],"damage_healed":0,"gold_gain":0,"player_choice":"Card Removal","damage_taken":0,"max_hp_gain":0,"max_hp_loss":0,"event_name":"The Cleric","floor":11,"gold_loss":75},{"damage_healed":0,"gold_gain":0,"player_choice":"Swap Relic","damage_taken":0,"relics_obtained":["testmod-HarvestTotem"],"max_hp_gain":0,"max_hp_loss":0,"event_name":"给自己的盒子","floor":19,"relics_lost":["testmod-HarvestTotem"],"gold_loss":0},{"cards_removed":["blackbeard:BlackbeardStrike"],"damage_healed":0,"gold_gain":0,"player_choice":"Gave Gold","damage_taken":0,"max_hp_gain":0,"max_hp_loss":0,"event_name":"Beggar","floor":21,"gold_loss":75},{"cards_removed":["blackbeard:BlackbeardStrike"],"damage_healed":0,"gold_gain":0,"player_choice":"Elegance","damage_taken":0,"max_hp_gain":0,"max_hp_loss":0,"event_name":"Back to Basics","floor":22,"gold_loss":0},{"damage_healed":0,"gold_gain":0,"player_choice":"Ignored","damage_taken":0,"max_hp_gain":0,"max_hp_loss":0,"event_name":"Ghosts","floor":28,"gold_loss":0},{"damage_healed":0,"gold_gain":0,"player_choice":"Ignored","damage_taken":0,"max_hp_gain":0,"max_hp_loss":0,"event_name":"Tomb of Lord Red Mask","floor":36,"gold_loss":0},{"damage_healed":0,"gold_gain":0,"player_choice":"Memory 1","damage_taken":0,"max_hp_gain":0,"max_hp_loss":0,"event_name":"SensoryStone","floor":37,"gold_loss":0}],"is_beta":false,"boss_relics":[{"not_picked":["testmod-Nine","testmod-StringDisintegrator"],"picked":"Empty Cage"},{"not_picked":[]},{"not_picked":["Tiny House","ChampionBelt"],"picked":"blackbeard:LoadTheGoldenCannons"},{"not_picked":[]}],"items_purged_floors":[17,20,29],"is_endless":false,"potions_floor_spawned":[3,5,7,13,27,33,35],"killed_by":"Transient","ascension_level":18}}