{"host":"cr9rpoy6dx9riis3","time":1613928399,"event":{"mods":["AchievementEnabler","BaseMod","Better Altar","Better Note","Better Sensory Stone","Better Skull","Better Third Choice","Better-Laid Plans","BetterRewards","Block Reminder","Curses Come First","Displayed Cursed Tome","Emptier Cage","Marked Mod","Minty Spire (QoL Compilation)","Permanent Neow","Relic Sorter","StSLib","The Blue Laboratory","Transform Curses"],"gold_per_floor":[114,21,36,36,51,81,81,111,111,111,141,141,141,171,183,295,307,334,346,373,400,3,33,33,63,138,138,4,4,104,132,132,232,232,247,262,262,12,27,27,27,27,27,27,42,57,57,57,57,57],"floor_reached":51,"language":"ENG","playtime":3457,"items_purged":["Iron Wave","Iron Wave"],"score":732,"play_id":"0db21187-293e-4ee3-88e9-d62b2cc60ae7","local_time":"20210221182639","daily_mods":["SealedDeck","Flight","Elite Swarm"],"is_ascension_mode":false,"campfire_choices":[{"data":"Reaper","floor":7,"key":"SMITH"},{"data":"Reaper","floor":10,"key":"SMITH"},{"data":"Immolate","floor":13,"key":"SMITH"},{"data":"Rupture","floor":15,"key":"SMITH"},{"data":"Limit Break","floor":24,"key":"SMITH"},{"data":"1","floor":29,"key":"LIFT"},{"data":"2","floor":32,"key":"LIFT"},{"data":"3","floor":40,"key":"LIFT"},{"data":"Demon Form","floor":41,"key":"SMITH"},{"data":"Feed","floor":42,"key":"SMITH"},{"data":"Feed","floor":44,"key":"SMITH"},{"data":"Rupture","floor":49,"key":"SMITH"}],"circlet_count":0,"master_deck":["Dual Wield","Pommel Strike","Carnage","Shrug It Off","Shrug It Off","Shrug It Off","Hemokinesis","Rupture+1","Rampage","Panacea","Blood for Blood","Reaper+1","Reaper+1","Immolate+1","Feed+1","Demon Form+1","Reckless Charge+1","Combust","Bloodletting","Hemokinesis","Flash of Steel","Limit Break+1","Offering","Combust","Rupture+1","Feed+1","Uppercut","AscendersBane","Bandage Up+1"],"relics":["Burning Blood","SlaversCollar","Mercury Hourglass","Pantograph","MealTicket","Ornamental Fan","Coffee Dripper","Girya","Blood Vial","Thread and Needle"],"acts_visited":["Exordium","TheCity","TheBeyond"],"potions_floor_usage":[14,16,23,50,50],"damage_taken":[{"damage":2,"enemies":"Small Slimes","floor":1,"turns":4},{"damage":0,"enemies":"2 Louse","floor":3,"turns":3},{"damage":2,"enemies":"Cultist","floor":5,"turns":2},{"damage":30,"enemies":"Gremlin Nob","floor":6,"turns":4},{"damage":35,"enemies":"Lagavulin","floor":8,"turns":6},{"damage":18,"enemies":"Gremlin Nob","floor":11,"turns":5},{"damage":12,"enemies":"Lagavulin","floor":14,"turns":5},{"damage":41,"enemies":"The Guardian","floor":16,"turns":8},{"damage":2,"enemies":"Chosen","floor":18,"turns":3},{"damage":13,"enemies":"2 Thieves","floor":20,"turns":3},{"damage":21,"enemies":"Cultist and Chosen","floor":21,"turns":5},{"damage":46,"enemies":"Book of Stabbing","floor":23,"turns":4},{"damage":39,"enemies":"Slavers","floor":25,"turns":4},{"damage":9,"enemies":"Colosseum Slavers","floor":30,"turns":3},{"damage":36,"enemies":"Colosseum Nobs","floor":30,"turns":4},{"damage":7,"enemies":"Masked Bandits","floor":31,"turns":2},{"damage":42,"enemies":"Collector","floor":33,"turns":5},{"damage":18,"enemies":"3 Darklings","floor":35,"turns":3},{"damage":19,"enemies":"3 Shapes","floor":36,"turns":3},{"damage":31,"enemies":"Transient","floor":39,"turns":5},{"damage":43,"enemies":"Maw","floor":45,"turns":5},{"damage":52,"enemies":"Sphere and 2 Shapes","floor":46,"turns":4},{"damage":81,"enemies":"Donu and Deca","floor":50,"turns":6}],"seed_played":"-7397021786818157212","potions_obtained":[{"floor":3,"key":"SteroidPotion"},{"floor":6,"key":"ElixirPotion"},{"floor":8,"key":"blueLaboratory:BottleOfRum"},{"floor":21,"key":"blueLaboratory:PhilterOfMotion"},{"floor":25,"key":"BloodPotion"},{"floor":30,"key":"Dexterity Potion"},{"floor":33,"key":"SpeedPotion"},{"floor":45,"key":"blueLaboratory:TrueEctoplasm"}],"is_trial":false,"path_per_floor":["M","$","M","?","M","E","R","E","T","R","E","?","R","E","R","B",null,"M","?","M","M","$","E","R","E","T","?","$","R","?","?","R","B",null,"M","M","?","$","M","R","R","R","T","R","M","M","?","$","R","B",null],"character_chosen":"IRONCLAD","items_purchased":["Panacea","Pear","Flash of Steel","Combust","Ornamental Fan"],"campfire_rested":0,"item_purchase_floors":[2,22,22,28,38],"current_hp_per_floor":[80,80,80,80,80,56,56,32,32,32,30,35,35,39,39,20,88,88,88,83,79,89,65,65,69,69,43,58,58,61,62,62,79,104,107,97,97,110,85,85,85,85,85,85,70,54,54,69,69,110],"gold":57,"neow_bonus":"","is_daily":true,"chose_seed":false,"campfire_upgraded":9,"win_rate":0.0,"timestamp":1613928399,"path_taken":["M","$","M","?","M","E","R","E","T","R","E","?","R","E","R","BOSS","M","?","M","M","$","E","R","E","T","?","$","R","?","?","R","BOSS","M","M","?","$","M","R","R","R","T","R","?","M","?","$","R","BOSS"],"items_purchased_type":["Card","Relic","Card","Card","Relic"],"build_version":"2020-12-22","purchased_purges":2,"victory":true,"max_hp_per_floor":[80,80,80,80,80,80,80,80,80,80,80,85,85,85,85,88,88,88,88,88,91,101,101,101,101,101,101,101,101,104,104,104,104,104,107,110,110,110,110,110,110,110,110,110,110,110,110,110,110,110],"card_choices":[{"not_picked":["Anger","True Grit"],"picked":"Rampage","floor":1},{"not_picked":["Twin Strike","True Grit","Body Slam"],"picked":"SKIP","floor":3},{"not_picked":["Rage","Perfected Strike"],"picked":"Blood for Blood","floor":5},{"not_picked":["Fiend Fire","Feed"],"picked":"Reaper","floor":6},{"not_picked":["Exhume","Corruption"],"picked":"Reaper","floor":8},{"not_picked":["Juggernaut","Exhume"],"picked":"Immolate","floor":11},{"not_picked":["Impervious","Exhume"],"picked":"Feed","floor":14},{"not_picked":["Exhume","Berserk"],"picked":"Demon Form","floor":16},{"not_picked":["Flex+1","Searing Blow+1"],"picked":"Reckless Charge+1","floor":18},{"not_picked":["Anger","Flame Barrier"],"picked":"Bloodletting","floor":20},{"not_picked":["Shockwave","Sever Soul+1"],"picked":"Hemokinesis","floor":21},{"not_picked":["Double Tap","Bludgeon"],"picked":"Limit Break","floor":23},{"not_picked":["Demon Form","Feed"],"picked":"Offering","floor":25},{"not_picked":["Searing Blow","Perfected Strike"],"picked":"Rupture","floor":30},{"not_picked":["Barricade","Limit Break"],"picked":"Feed","floor":33},{"not_picked":["Twin Strike+1","Shockwave+1","Whirlwind"],"picked":"SKIP","floor":35},{"not_picked":["Perfected Strike","Whirlwind","True Grit+1"],"picked":"SKIP","floor":36},{"not_picked":["True Grit","Havoc","Flex+1"],"picked":"SKIP","floor":39},{"not_picked":["Sword Boomerang+1","Inflame","Perfected Strike+1"],"picked":"SKIP","floor":45},{"not_picked":["Thunderclap","Clothesline"],"picked":"Uppercut","floor":46}],"player_experience":759003,"relics_obtained":[{"floor":6,"key":"FossilizedHelix"},{"floor":8,"key":"Bronze Scales"},{"floor":9,"key":"White Beast Statue"},{"floor":11,"key":"Girya"},{"floor":14,"key":"MawBank"},{"floor":23,"key":"MealTicket"},{"floor":26,"key":"Mercury Hourglass"},{"floor":30,"key":"Thread and Needle"},{"floor":30,"key":"Pantograph"},{"floor":43,"key":"Bottled Lightning"}],"event_choices":[{"damage_healed":0,"gold_gain":0,"player_choice":"Leave","damage_taken":0,"max_hp_gain":0,"max_hp_loss":0,"event_name":"The Cleric","floor":4,"gold_loss":0},{"damage_healed":0,"gold_gain":0,"player_choice":"Donut","damage_taken":0,"max_hp_gain":5,"max_hp_loss":0,"event_name":"Big Fish","floor":12,"gold_loss":0},{"damage_healed":0,"gold_gain":0,"player_choice":"Read","damage_taken":0,"max_hp_gain":0,"max_hp_loss":0,"event_name":"The Library","floor":19,"gold_loss":0,"cards_obtained":["Combust"]},{"damage_healed":0,"gold_gain":0,"player_choice":" Vial ","damage_taken":26,"relics_obtained":["Blood Vial"],"max_hp_gain":69,"max_hp_loss":43,"event_name":"betterAltar:BetterAltar","floor":27,"potions_obtained":[],"relics_lost":[],"gold_loss":0},{"damage_healed":0,"gold_gain":0,"player_choice":"Fight","damage_taken":0,"max_hp_gain":0,"max_hp_loss":0,"event_name":"Colosseum","floor":30,"gold_loss":0},{"damage_healed":0,"gold_gain":0,"player_choice":"Fought Nobs","damage_taken":0,"max_hp_gain":0,"max_hp_loss":0,"event_name":"Colosseum","floor":30,"gold_loss":0},{"damage_healed":0,"gold_gain":0,"player_choice":"Fought Bandits","damage_taken":0,"max_hp_gain":0,"max_hp_loss":0,"event_name":"Masked Bandits","floor":31,"gold_loss":0},{"damage_healed":0,"gold_gain":0,"player_choice":"0 cards matched","damage_taken":0,"max_hp_gain":0,"max_hp_loss":0,"event_name":"Match and Keep!","floor":37,"gold_loss":0,"cards_obtained":[]},{"damage_healed":0,"gold_gain":3,"player_choice":"3","damage_taken":0,"max_hp_gain":0,"max_hp_loss":0,"event_name":"betterStone:BetterStone","floor":47,"gold_loss":0,"cards_obtained":["Bandage Up"]}],"is_beta":false,"boss_relics":[{"not_picked":["Velvet Choker","Calling Bell"],"picked":"Coffee Dripper"},{"not_picked":["Philosopher\u0027s Stone","Tiny House"],"picked":"SlaversCollar"}],"items_purged_floors":[22,28],"is_endless":false,"potions_floor_spawned":[3,6,8,11,21,25,30,33,39,45],"ascension_level":0}}