{"host":"08xvxt5w1s7zc7e5","time":1613885030,"event":{"mods":["AchievementEnabler","BaseMod","DeckTracker","Minty Spire (QoL Compilation)","Quick Restart","StSLib","SuperFastMode"],"gold_per_floor":[113,132,132,65,78,78,95,95,121,137,137,137,137,137,137,257,257,281,71,0,0,0,0,0,0],"floor_reached":24,"language":"KOR","playtime":1866,"items_purged":["Strike_G"],"score":273,"play_id":"f36ab253-520d-45ca-90ab-6e2a1fb0db22","local_time":"20210221142350","is_ascension_mode":true,"campfire_choices":[{"data":"Neutralize","floor":6.0,"key":"SMITH"},{"data":"Footwork","floor":8.0,"key":"SMITH"},{"data":"Cloak And Dagger","floor":13,"key":"SMITH"},{"data":"Reflex","floor":15,"key":"SMITH"},{"data":"Envenom","floor":23,"key":"SMITH"}],"circlet_count":0,"master_deck":["AscendersBane","Strike_G","Strike_G","Defend_G","Defend_G","Defend_G","Survivor","Neutralize+1","Reflex+1","Expertise","Footwork+1","Cloak And Dagger+1","Envenom+1","Dagger Throw+1","Night Terror+1","Crippling Poison+1","PiercingWail+1","Reflex","Pain"],"relics":["Ring of the Snake","NeowsBlessing","Juzu Bracelet","Golden Idol","Astrolabe","Membership Card","WarpedTongs"],"acts_visited":["Exordium","TheCity"],"potions_floor_usage":[10,10,10,16,16],"damage_taken":[{"damage":0.0,"enemies":"Jaw Worm","floor":1.0,"turns":1.0},{"damage":0.0,"enemies":"Cultist","floor":2.0,"turns":1.0},{"damage":0.0,"enemies":"Small Slimes","floor":5.0,"turns":1.0},{"damage":18.0,"enemies":"3 Louse","floor":7.0,"turns":6.0},{"damage":7,"enemies":"Gremlin Gang","floor":10,"turns":10},{"damage":24,"enemies":"The Guardian","floor":16,"turns":28},{"damage":19,"enemies":"Chosen","floor":18,"turns":7},{"damage":34,"enemies":"Shell Parasite","floor":24,"turns":8}],"seed_played":"4825245611735770897","potions_obtained":[{"floor":1.0,"key":"Block Potion"},{"floor":3.0,"key":"Dexterity Potion"},{"floor":3.0,"key":"EntropicBrew"}],"is_trial":false,"path_per_floor":["M","M","?","$","M","R","M","R","T","M","?","?","R","?","R","B",null,"M","$","?","?","?","R","M"],"character_chosen":"THE_SILENT","items_purchased":["Footwork","Membership Card","Reflex"],"campfire_rested":0,"item_purchase_floors":[4,19,19],"current_hp_per_floor":[63,63,63,63,63,63,45,45,45,38,31,31,31,31,31,7,51,32,32,32,32,32,32,17,17],"gold":0,"neow_bonus":"THREE_ENEMY_KILL","is_daily":false,"chose_seed":false,"campfire_upgraded":5,"win_rate":0.0,"timestamp":1613885030,"path_taken":["M","M","?","?","M","R","M","R","T","M","?","?","R","?","R","BOSS","M","$","?","?","?","R","M"],"items_purchased_type":["Card","Relic","Card"],"build_version":"2020-12-22","purchased_purges":1,"victory":false,"max_hp_per_floor":[70,70,70,70,70,70,70,70,70,70,70,70,70,65,65,65,65,65,65,65,65,65,65,65,65],"card_choices":[{"not_picked":["Blur","Prepared"],"picked":"Reflex","floor":1.0},{"not_picked":["Heel Hook","All Out Attack"],"picked":"Expertise","floor":2.0},{"not_picked":["Predator","Sucker Punch","Quick Slash"],"picked":"SKIP","floor":5.0},{"not_picked":["Expertise","Well Laid Plans","Caltrops"],"picked":"SKIP","floor":7.0},{"not_picked":["Outmaneuver","Endless Agony"],"picked":"Cloak And Dagger","floor":10},{"not_picked":["After Image","Doppelganger"],"picked":"Envenom","floor":16},{"not_picked":["Heel Hook","Prepared"],"picked":"PiercingWail+1","floor":18}],"player_experience":416844,"relics_obtained":[{"floor":9.0,"key":"Juzu Bracelet"}],"event_choices":[{"damage_healed":0.0,"max_hp_gain":0.0,"max_hp_loss":0.0,"gold_gain":0.0,"event_name":"Lab","player_choice":"Got Potions","floor":3.0,"gold_loss":0.0,"damage_taken":0.0},{"cards_removed":["Strike_G"],"damage_healed":0,"gold_gain":0,"player_choice":"Card Removal","damage_taken":7,"max_hp_gain":0,"max_hp_loss":0,"event_name":"Golden Wing","floor":11,"gold_loss":0},{"damage_healed":0,"gold_gain":0,"player_choice":"Bought 0 Potions","damage_taken":0,"max_hp_gain":0,"max_hp_loss":0,"event_name":"The Woman in Blue","floor":12,"gold_loss":0},{"damage_healed":0,"gold_gain":0,"player_choice":"Lose Max HP","damage_taken":0,"relics_obtained":["Golden Idol"],"max_hp_gain":0,"max_hp_loss":5,"event_name":"Golden Idol","floor":14,"gold_loss":0},{"damage_healed":0,"gold_gain":0,"player_choice":"Paid Fearfully","damage_taken":0,"max_hp_gain":0,"max_hp_loss":0,"event_name":"Masked Bandits","floor":20,"gold_loss":71},{"damage_healed":0,"gold_gain":0,"player_choice":"Ignored","damage_taken":0,"max_hp_gain":0,"max_hp_loss":0,"event_name":"Ghosts","floor":21,"gold_loss":0},{"damage_healed":0,"gold_gain":0,"player_choice":"Rummage","damage_taken":0,"relics_obtained":["WarpedTongs"],"max_hp_gain":0,"max_hp_loss":0,"event_name":"Accursed Blacksmith","floor":22,"gold_loss":0,"cards_obtained":["Pain"]}],"is_beta":false,"boss_relics":[{"not_picked":["Sozu","Ectoplasm"],"picked":"Astrolabe"}],"items_purged_floors":[19],"is_endless":false,"potions_floor_spawned":[1,5,10],"killed_by":"Shell Parasite","ascension_level":10}}