{"host":"csv4uk4hw8wax4p9","time":1613897453,"event":{"mods":["Act Like it!","BaseMod","KinomotoSakuraMod(Ä¾Ö®±¾Ó£)","Minty Spire (QoL Compilation)","Quick Restart","StSLib"],"gold_per_floor":[114,128,144,50,68,97,97,129,129,229,239,283,306,331,331,438,438,465,465,491,517,544,586,603,642,642,676,676,715,741,6,6,112,112,136,160,183,183,203,203,228,247,272,316,316,354,15,34,34,34,34,34,34],"floor_reached":52,"language":"ZHS","playtime":2693,"items_purged":["ClowCardTheSword","ClowCardTheSword"],"score":1214,"play_id":"2833ab79-ba2c-4e7d-855d-5880477dfc11","local_time":"20210221165053","is_ascension_mode":true,"campfire_choices":[{"data":"ClowCardTheWatery","floor":7.0,"key":"SMITH"},{"data":"ClowCardTheWindy","floor":15.0,"key":"SMITH"},{"data":"ClowCardTheRain","floor":28.0,"key":"SMITH"},{"data":"Apotheosis","floor":32.0,"key":"SMITH"},{"data":"ClowCardTheEarthy","floor":40,"key":"SMITH"},{"floor":45,"key":"RECALL"},{"data":"ClowCardTheBig","floor":49,"key":"SMITH"}],"circlet_count":0,"master_deck":["SakuraCardTheSword+","ClowCardTheSword","ClowCardTheShield","ClowCardTheShield","ClowCardTheShield","ClowCardTheShield","SpellCardSeal","SpellCardRelease","ClowCardTheBig+1","ClowCardTheWatery+1","ClowCardTheSleep","ClowCardTheFirey","ClowCardTheDream","ClowCardTheIllusion","ClowCardTheWindy+1","ClowCardTheEarthy+1","ClowCardTheTwin","ClowCardTheShot+1","ClowCardTheRain+1","ClowCardTheLittle+1","ClowCardTheCloud+1","ClowCardTheCloud+1","ClowCardTheThunder","ClowCardTheSweet+1","ClowCardTheSnow","Apotheosis+1","ClowCardTheFirey","ClowCardTheBubbles+1","ClowCardTheMove+1","ClowCardTheWatery+1","ClowCardTheWave","ClowCardTheLight","ClowCardTheEarthy","ClowCardTheTime","ClowCardTheJump+1"],"relics":["KSMOD_SealedBook","KSMOD_SealedWand","NeowsBlessing","CeramicFish","InkBottle","KSMOD_TomoyosHeart","Runic Pyramid","Nloth\u0027s Gift","Potion Belt","KSMOD_Cerberus","Mercury Hourglass","Strawberry","Matryoshka","Pantograph","KSMOD_TeddyBear","TungstenRod","Toolbox","Sozu","Regal Pillow","KSMOD_Yue","White Beast Statue","Boot","Lizard Tail","Question Card"],"acts_visited":["Exordium","TheCity","TheBeyond","TheEnding"],"potions_floor_usage":[],"damage_taken":[{"damage":0.0,"enemies":"Cultist","floor":1.0,"turns":1.0},{"damage":0.0,"enemies":"Jaw Worm","floor":2.0,"turns":1.0},{"damage":0.0,"enemies":"2 Louse","floor":3.0,"turns":1.0},{"damage":0.0,"enemies":"Gremlin Gang","floor":5.0,"turns":1.0},{"damage":42.0,"enemies":"Gremlin Nob","floor":6.0,"turns":5.0},{"damage":12.0,"enemies":"Lagavulin","floor":8.0,"turns":5.0},{"damage":11.0,"enemies":"Looter","floor":11.0,"turns":2.0},{"damage":0.0,"enemies":"Gremlin Nob","floor":12.0,"turns":2.0},{"damage":0.0,"enemies":"Large Slime","floor":13.0,"turns":3.0},{"damage":0.0,"enemies":"Gremlin Gang","floor":14.0,"turns":1.0},{"damage":2.0,"enemies":"Hexaghost","floor":16.0,"turns":6.0},{"damage":0.0,"enemies":"Spheric Guardian","floor":18.0,"turns":3.0},{"damage":0.0,"enemies":"3 Byrds","floor":20.0,"turns":4.0},{"damage":0.0,"enemies":"Centurion and Healer","floor":21.0,"turns":2.0},{"damage":3.0,"enemies":"Chosen and Byrds","floor":22.0,"turns":3.0},{"damage":23.0,"enemies":"Slavers","floor":23.0,"turns":5.0},{"damage":0.0,"enemies":"Cultist and Chosen","floor":24.0,"turns":3.0},{"damage":18.0,"enemies":"Book of Stabbing","floor":25.0,"turns":4.0},{"damage":2.0,"enemies":"Gremlin Leader","floor":27.0,"turns":5.0},{"damage":31.0,"enemies":"Slavers","floor":29.0,"turns":6.0},{"damage":6.0,"enemies":"Centurion and Healer","floor":30.0,"turns":3.0},{"damage":0.0,"enemies":"Automaton","floor":33.0,"turns":8.0},{"damage":0.0,"enemies":"3 Shapes","floor":35.0,"turns":4.0},{"damage":0,"enemies":"Orb Walker","floor":36,"turns":1},{"damage":3,"enemies":"Jaw Worm Horde","floor":37,"turns":2},{"damage":0,"enemies":"3 Darklings","floor":39,"turns":3},{"damage":0,"enemies":"Transient","floor":41,"turns":5},{"damage":0,"enemies":"Maw","floor":42,"turns":4},{"damage":23,"enemies":"Nemesis","floor":44,"turns":3},{"damage":0,"enemies":"Giant Head","floor":46,"turns":3},{"damage":18,"enemies":"3 Darklings","floor":48,"turns":3},{"damage":0,"enemies":"Time Eater","floor":50,"turns":5}],"seed_played":"-1862843361491374246","potions_obtained":[{"floor":1.0,"key":"SteroidPotion"},{"floor":3.0,"key":"BlessingOfTheForge"},{"floor":11.0,"key":"SneckoOil"},{"floor":12.0,"key":"SkillPotion"},{"floor":13.0,"key":"SkillPotion"},{"floor":14.0,"key":"Ancient Potion"},{"floor":20.0,"key":"LiquidBronze"},{"floor":21.0,"key":"Strength Potion"},{"floor":23.0,"key":"Block Potion"},{"floor":29.0,"key":"AttackPotion"},{"floor":33.0,"key":"AttackPotion"}],"is_trial":false,"path_per_floor":["M","M","M","$","M","E","R","E","T","?","M","E","M","M","R","B",null,"M","?","M","M","M","E","M","E","T","E","R","E","M","$","R","B",null,"M","M","M","?","M","R","M","M","T","E","R","E","$","M","R","B",null,"R"],"character_chosen":"KINOMOTOSAKURA","items_purchased":["ClowCardTheFirey","ClowCardTheDream","Apotheosis","TungstenRod","Toolbox","Block Potion","Question Card"],"campfire_rested":0,"item_purchase_floors":[4,4,31,31,31,31,47],"current_hp_per_floor":[70,70,70,70,70,28,28,16,16,16,5,5,5,5,5,3,70,70,70,70,70,67,44,44,33,33,40,40,9,12,12,12,42,77,77,77,77,77,77,77,77,77,77,54,54,54,54,36,36,66,77,77,77],"gold":34,"neow_bonus":"THREE_ENEMY_KILL","is_daily":false,"chose_seed":false,"campfire_upgraded":6,"win_rate":0.0,"timestamp":1613897453,"path_taken":["M","?","?","$","M","E","R","E","T","?","M","E","M","?","R","BOSS","M","?","M","?","M","E","M","E","T","E","R","E","M","$","R","BOSS","M","?","M","?","M","R","M","M","T","E","R","E","$","M","R","BOSS","R"],"items_purchased_type":["Card","Card","Card","Relic","Relic","Potion","Relic"],"build_version":"2020-12-22","purchased_purges":2,"victory":false,"max_hp_per_floor":[70,70,70,70,70,70,70,70,70,70,70,70,70,70,70,70,70,70,70,70,70,70,70,70,77,77,77,77,77,77,77,77,77,77,77,77,77,77,77,77,77,77,77,77,77,77,77,77,77,77,77,77,77],"card_choices":[{"not_picked":["ClowCardTheShot","ClowCardTheSnow"],"picked":"ClowCardTheBig","floor":1.0},{"not_picked":["ClowCardTheSong","ClowCardTheErase"],"picked":"ClowCardTheWatery","floor":2.0},{"not_picked":["ClowCardTheWave","ClowCardTheVoice"],"picked":"ClowCardTheSleep","floor":3.0},{"not_picked":["ClowCardTheSleep","ClowCardTheVoice"],"picked":"ClowCardTheBubbles","floor":5.0},{"not_picked":["ClowCardTheMirror","ClowCardTheCloud","ClowCardTheDream"],"picked":"SKIP","floor":6.0},{"not_picked":["ClowCardTheMirror","ClowCardTheSong","ClowCardTheArrow"],"picked":"SKIP","floor":8.0},{"not_picked":["ClowCardTheBubbles","ClowCardTheMist","ClowCardTheErase"],"picked":"SKIP","floor":11.0},{"not_picked":["ClowCardTheMist","ClowCardTheDream"],"picked":"ClowCardTheIllusion","floor":12.0},{"not_picked":["ClowCardTheLoop","ClowCardTheFloat"],"picked":"ClowCardTheWindy","floor":13.0},{"not_picked":["ClowCardTheIllusion","ClowCardTheVoice"],"picked":"ClowCardTheEarthy","floor":14.0},{"not_picked":["ClowCardTheFight","ClowCardTheThrough"],"picked":"ClowCardTheTwin","floor":16.0},{"not_picked":["ClowCardTheMaze","ClowCardTheFloat"],"picked":"ClowCardTheShot+1","floor":18.0},{"not_picked":["ClowCardTheErase","ClowCardTheVoice"],"picked":"ClowCardTheRain","floor":20.0},{"not_picked":["ClowCardTheSweet","ClowCardTheWatery+1"],"picked":"ClowCardTheCreate","floor":21.0},{"not_picked":["ClowCardTheFloat","ClowCardTheDream"],"picked":"ClowCardTheLittle+1","floor":22.0},{"not_picked":["ClowCardTheSweet","ClowCardTheDream"],"picked":"ClowCardTheCloud+1","floor":23.0},{"not_picked":["ClowCardTheSleep","ClowCardThePower+1","ClowCardTheArrow"],"picked":"SKIP","floor":24.0},{"not_picked":["ClowCardTheMaze","ClowCardTheMirror+1"],"picked":"ClowCardTheCloud+1","floor":25.0},{"not_picked":["ClowCardTheIllusion","ClowCardTheWave+1"],"picked":"ClowCardTheThunder","floor":27.0},{"not_picked":["ClowCardTheThrough","ClowCardTheTwin"],"picked":"ClowCardTheSweet+1","floor":29.0},{"not_picked":["ClowCardTheShot+1","ClowCardTheGlow"],"picked":"ClowCardTheSnow","floor":30.0},{"not_picked":["ClowCardTheTwin","ClowCardTheThunder"],"picked":"ClowCardTheCreate","floor":33.0},{"not_picked":["ClowCardTheMaze+1","ClowCardTheArrow"],"picked":"ClowCardTheFirey","floor":35.0},{"not_picked":["ClowCardTheArrow","ClowCardTheDream"],"picked":"ClowCardTheBubbles+1","floor":36},{"not_picked":["ClowCardTheBubbles","ClowCardTheMirror+1"],"picked":"ClowCardTheMove+1","floor":37},{"not_picked":["ClowCardTheGlow+1","ClowCardTheDream"],"picked":"ClowCardTheWatery+1","floor":39},{"not_picked":["ClowCardTheFly","ClowCardTheVoice"],"picked":"ClowCardTheWave","floor":41},{"not_picked":["ClowCardTheWood+1","ClowCardTheMaze"],"picked":"ClowCardTheLight","floor":42},{"not_picked":["ClowCardTheThrough","ClowCardTheRain"],"picked":"ClowCardTheEarthy","floor":44},{"not_picked":["ClowCardTheShot","ClowCardTheRain"],"picked":"ClowCardTheTime","floor":46},{"not_picked":["ClowCardTheMist","ClowCardTheVoice+1","ClowCardTheMaze"],"picked":"ClowCardTheJump+1","floor":48}],"player_experience":514306,"relics_obtained":[{"floor":6.0,"key":"CeramicFish"},{"floor":8.0,"key":"InkBottle"},{"floor":9.0,"key":"KSMOD_TomoyosHeart"},{"floor":12.0,"key":"StoneCalendar"},{"floor":23.0,"key":"Potion Belt"},{"floor":23.0,"key":"KSMOD_Cerberus"},{"floor":23.0,"key":"Mercury Hourglass"},{"floor":25.0,"key":"Strawberry"},{"floor":26.0,"key":"Matryoshka"},{"floor":27.0,"key":"Pantograph"},{"floor":29.0,"key":"KSMOD_TeddyBear"},{"floor":37,"key":"Regal Pillow"},{"floor":37,"key":"KSMOD_Yue"},{"floor":43,"key":"White Beast Statue"},{"floor":44,"key":"Boot"},{"floor":46,"key":"Lizard Tail"}],"event_choices":[{"damage_healed":0.0,"max_hp_gain":0.0,"max_hp_loss":0.0,"gold_gain":100.0,"event_name":"Golden Shrine","player_choice":"Pray","floor":10.0,"gold_loss":0.0,"damage_taken":0.0},{"damage_healed":0.0,"max_hp_gain":0.0,"max_hp_loss":0.0,"gold_gain":0.0,"event_name":"N\u0027loth","player_choice":"Traded Relic","floor":19.0,"relics_lost":["StoneCalendar"],"gold_loss":0.0,"damage_taken":0.0,"relics_obtained":["Nloth\u0027s Gift"]},{"cards_removed":["ClowCardTheBubbles"],"damage_healed":0,"gold_gain":0,"player_choice":"Removed Attack","damage_taken":0,"max_hp_gain":0,"max_hp_loss":0,"event_name":"Falling","floor":38,"gold_loss":0}],"is_beta":false,"boss_relics":[{"not_picked":["Busted Crown","Snecko Eye"],"picked":"Runic Pyramid"},{"not_picked":["Philosopher\u0027s Stone","Tiny House"],"picked":"Sozu"}],"items_purged_floors":[31,47],"is_endless":false,"potions_floor_spawned":[1,3,11,12,13,14,20,21,23,29,33,35,39,44,46,48],"ascension_level":4}}