{"host":"er8s5flrc5z1a07t","time":1613931177,"event":{"mods":["2.2 Compatiblity","Act Like it!","Aspiration","Bard","BaseMod","Better Note","Better Third Choice","Downfall","Duelist Mod","Elementarium","Energized Spire","GifTheSpireLib","Googly Eyes","Hermit","Hubris","Infinite Spire","Minty Spire (QoL Compilation)","Relic Stats","Replay The Spire","Shop Mod","StSLib","Stuff the Spire","Synergy Search","The Cursed"],"gold_per_floor":[140,160,160,184,200,223,223,223,248,267,267,292,332,347,347,347,347],"floor_reached":16,"language":"ENG","playtime":506,"items_purged":[],"score":151,"play_id":"7cf28666-0697-4c96-b326-4aa919ba78d7","local_time":"20210221131257","is_ascension_mode":true,"campfire_choices":[{"data":"theDuelist:FutureFusion","floor":7,"key":"SMITH"},{"floor":15,"key":"DIG"}],"circlet_count":0,"master_deck":["theDuelist:GishkiZielgigas+1","theDuelist:MammothGraveyard","theDuelist:IronCall+1","theDuelist:UmbralHorrorWilloWisp+1","theDuelist:PoseidonBeetle+1","ReplayTheSpireMod:From All Sides","theDuelist:LabyrinthWall","theDuelist:InfernoFireBlast+3","theDuelist:StatueAnguishPattern","theDuelist:Skelesaurus+1","Crippling Poison","aspiration:Lunge","theDuelist:Blockman","theDuelist:GammaElectro+1","theDuelist:FutureFusion+1","Pain","theDuelist:GhostrickYukiOnna","theDuelist:MudGolem","theDuelist:GraniteLoyalist"],"relics":["theDuelist:MillenniumPuzzle","theDuelist:CardPoolRelic","theDuelist:CardPoolBasicRelic","theDuelist:BoosterPackPoolRelic","theDuelist:CardPoolAddRelic","theDuelist:CardPoolMinusRelic","theDuelist:CardPoolSaveRelic","theDuelist:CardPoolOptionsRelic","Golden Idol","MealTicket","Anchor","WarpedTongs","aspiration:FrozenJewel","hubris:IronBody"],"acts_visited":["Exordium"],"potions_floor_usage":[5,13,16,16],"damage_taken":[{"damage":6,"enemies":"Cultist","floor":1,"turns":4},{"damage":12,"enemies":"Jaw Worm","floor":2,"turns":3},{"damage":17,"enemies":"Small Slimes","floor":5,"turns":3},{"damage":7,"enemies":"Exordium Thugs","floor":6,"turns":3},{"damage":0,"enemies":"Blue Slaver","floor":10,"turns":4},{"damage":3,"enemies":"Looter","floor":12,"turns":1},{"damage":19,"enemies":"3 Sentries","floor":13,"turns":4},{"damage":2,"enemies":"Exordium Wildlife","floor":14,"turns":3},{"damage":27,"enemies":"Slime Boss","floor":16,"turns":3}],"seed_played":"-667290188609458595","potions_obtained":[{"floor":1,"key":"Adrenaline Potion"},{"floor":2,"key":"DistilledChaos"},{"floor":12,"key":"Energy Potion"},{"floor":13,"key":"sneckomod:MuddlingPotion"},{"floor":14,"key":"Elixir"}],"is_trial":false,"path_per_floor":["M","M","?","T","M","M","R","?","T","M","?","M","E","M","R","B"],"character_chosen":"THE_DUELIST","items_purchased":[],"campfire_rested":0,"item_purchase_floors":[],"current_hp_per_floor":[66,54,54,54,37,30,30,30,30,30,30,27,8,6,6,0,0],"gold":347,"neow_bonus":"RANDOM_COLORLESS","is_daily":false,"chose_seed":false,"campfire_upgraded":1,"win_rate":0.0,"timestamp":1613931177,"path_taken":["M","M","?","?","M","M","R","?","T","?","?","M","E","M","R","BOSS"],"items_purchased_type":[],"build_version":"2020-12-22","purchased_purges":0,"victory":false,"max_hp_per_floor":[80,80,74,74,74,74,74,74,74,74,74,74,74,74,74,74,74],"relic_stats":{"counters":[9,28],"Golden Idol":28,"MealTicket":0,"obtain_stats":[{"Golden Idol":3,"theDuelist:MillenniumPuzzle":0,"theDuelist:CardPoolSaveRelic":0,"aspiration:FrozenJewel":13,"WarpedTongs":11,"theDuelist:BoosterPackPoolRelic":0,"theDuelist:CardPoolMinusRelic":0,"Anchor":9,"theDuelist:CardPoolBasicRelic":0,"MealTicket":4,"theDuelist:CardPoolAddRelic":0,"hubris:IronBody":15,"theDuelist:CardPoolOptionsRelic":0,"theDuelist:CardPoolRelic":0},{"Golden Idol":2,"theDuelist:MillenniumPuzzle":0,"theDuelist:CardPoolSaveRelic":0,"aspiration:FrozenJewel":7,"WarpedTongs":5,"theDuelist:BoosterPackPoolRelic":0,"theDuelist:CardPoolMinusRelic":0,"Anchor":4,"theDuelist:CardPoolBasicRelic":0,"MealTicket":2,"theDuelist:CardPoolAddRelic":0,"hubris:IronBody":8,"theDuelist:CardPoolOptionsRelic":0,"theDuelist:CardPoolRelic":0},{"Golden Idol":7,"theDuelist:MillenniumPuzzle":0,"theDuelist:CardPoolSaveRelic":0,"aspiration:FrozenJewel":22,"WarpedTongs":17,"theDuelist:BoosterPackPoolRelic":0,"theDuelist:CardPoolMinusRelic":0,"Anchor":13,"theDuelist:CardPoolBasicRelic":0,"MealTicket":7,"theDuelist:CardPoolAddRelic":0,"hubris:IronBody":25,"theDuelist:CardPoolOptionsRelic":0,"theDuelist:CardPoolRelic":0}],"WarpedTongs":[9]},"card_choices":[{"not_picked":["theDuelist:BlackPendant","Replay:BasicMightCard"],"picked":"theDuelist:FutureFusion","floor":0},{"not_picked":["theDuelist:RadiantMirrorForce","theDuelist:InariFire","theDuelist:HumptyGrumpty","theDuelist:ToonWorld"],"picked":"theDuelist:StatueAnguishPattern","floor":1},{"not_picked":["theDuelist:MangaRyuRan","theDuelist:NecroworldBanshee","theDuelist:DrivenDaredevil","theDuelist:CurseDragon"],"picked":"theDuelist:MammothGraveyard","floor":2},{"not_picked":["theDuelist:ClearKuriboh","theDuelist:EarthquakeGiant","theDuelist:MillenniumGolem","theDuelist:ForbiddenLance"],"picked":"theDuelist:Blockman","floor":5},{"not_picked":["theDuelist:NaturiaCliff","theDuelist:BlockGolem","theDuelist:DestroyerGolem","theDuelist:EarthquakeGiant"],"picked":"theDuelist:LabyrinthWall","floor":6},{"not_picked":["theDuelist:TokenVacuum","theDuelist:GraydleCombat","theDuelist:Duoterion","theDuelist:ScrapFactory","theDuelist:NeoMagic"],"picked":"SKIP","floor":10},{"not_picked":["theDuelist:DrivenDaredevil","theDuelist:Pyrorex","theDuelist:ToonAncientGear","theDuelist:NaturiaLandoise"],"picked":"theDuelist:GhostrickYukiOnna","floor":12},{"not_picked":["theDuelist:DestroyerGolem","theDuelist:GauntletWarrior","theDuelist:GraniteLoyalist","theDuelist:BattleguardKing"],"picked":"theDuelist:MudGolem","floor":13},{"not_picked":["theDuelist:DarklordSuperbia","theDuelist:GaiaMidNightSun","theDuelist:GilfordLegend","theDuelist:PowerGiant"],"picked":"theDuelist:GraniteLoyalist","floor":14}],"player_experience":1186478,"relics_obtained":[{"floor":4,"key":"MealTicket"},{"floor":9,"key":"Anchor"},{"floor":13,"key":"aspiration:FrozenJewel"},{"floor":15,"key":"hubris:IronBody"}],"event_choices":[{"damage_healed":0,"gold_gain":0,"player_choice":"Lose Max HP","damage_taken":0,"relics_obtained":["Golden Idol"],"max_hp_gain":0,"max_hp_loss":6,"event_name":"Golden Idol","floor":3,"gold_loss":0},{"damage_healed":0,"gold_gain":0,"player_choice":"Rummage","damage_taken":0,"relics_obtained":["WarpedTongs"],"max_hp_gain":0,"max_hp_loss":0,"event_name":"Accursed Blacksmith","floor":11,"gold_loss":0,"cards_obtained":["Pain"]}],"is_beta":false,"boss_relics":[],"items_purged_floors":[],"is_endless":false,"potions_floor_spawned":[1,2,12,13,14],"killed_by":"Slime Boss","ascension_level":9}}