{"host":"fevvm7bbzuh4s1jc","time":1613944361,"event":{"mods":["BaseMod","Highlight Path","Minty Spire (QoL Compilation)","Relic Stats"],"gold_per_floor":[110,126,144,157,157,157,191,191,265,298,298,298,311,311,311,387,387,397,412,93,109,109,143,143,152,152,195,25,25,25,52,52,133,133,151,160,160,179,204,232,241,266,293,147,172,172,172,206,206,206,206,206,206,37,70,70],"floor_reached":57,"language":"ENG","playtime":6035,"items_purged":["Strike_R","Strike_R","Writhe"],"score":3029,"play_id":"6f832ce0-647c-4779-b3ba-8614e949400f","local_time":"20210221165241","is_ascension_mode":true,"campfire_choices":[{"data":"Bash","floor":6.0,"key":"SMITH"},{"data":"Clothesline","floor":8.0,"key":"SMITH"},{"data":"Spot Weakness","floor":15.0,"key":"SMITH"},{"data":"Feed","floor":24,"key":"SMITH"},{"data":"Metallicize","floor":32,"key":"SMITH"},{"floor":47,"key":"RECALL"},{"data":"Corruption","floor":49,"key":"SMITH"},{"data":"Dark Embrace","floor":53,"key":"SMITH"}],"circlet_count":0,"master_deck":["AscendersBane","Defend_R","Defend_R","Defend_R","Defend_R","Bash+1","Flame Barrier","Spot Weakness+1","Clothesline+1","Twin Strike","Metallicize+1","Pommel Strike","Feed+1","Exhume+1","Disarm+1","Double Tap+1","Infernal Blade","Corruption+1","Sword Boomerang","Dark Embrace+1","Immolate","Shrug It Off","Shrug It Off","Flame Barrier+1","Offering"],"relics":["Coffee Dripper","Gambling Chip","Juzu Bracelet","Runic Pyramid","Medical Kit","CeramicFish","Singing Bowl","Strawberry","Nilry\u0027s Codex","Bottled Tornado","Black Star","Charon\u0027s Ashes","Champion Belt","War Paint","FossilizedHelix","Orichalcum","Pen Nib","Happy Flower","Mango","White Beast Statue","Mummified Hand","HornCleat"],"acts_visited":["Exordium","TheCity","TheBeyond","TheEnding"],"potions_floor_usage":[23,31,33,35,56],"damage_taken":[{"damage":0.0,"enemies":"Cultist","floor":1.0,"turns":3.0},{"damage":0.0,"enemies":"2 Louse","floor":2.0,"turns":3.0},{"damage":0.0,"enemies":"Small Slimes","floor":3.0,"turns":3.0},{"damage":9.0,"enemies":"Blue Slaver","floor":4.0,"turns":3.0},{"damage":30.0,"enemies":"3 Sentries","floor":7.0,"turns":8.0},{"damage":6.0,"enemies":"Gremlin Nob","floor":10.0,"turns":3.0},{"damage":14.0,"enemies":"Exordium Thugs","floor":13.0,"turns":6.0},{"damage":2.0,"enemies":"Hexaghost","floor":16.0,"turns":6.0},{"damage":5.0,"enemies":"Shell Parasite","floor":18.0,"turns":4.0},{"damage":8.0,"enemies":"Spheric Guardian","floor":19.0,"turns":5.0},{"damage":0,"enemies":"Snecko","floor":21,"turns":4},{"damage":0,"enemies":"Gremlin Leader","floor":23,"turns":6},{"damage":7,"enemies":"Book of Stabbing","floor":27,"turns":5},{"damage":33,"enemies":"Slavers","floor":31,"turns":5},{"damage":15,"enemies":"Champ","floor":33,"turns":17},{"damage":24,"enemies":"3 Shapes","floor":35,"turns":8},{"damage":13,"enemies":"Orb Walker","floor":38,"turns":3},{"damage":16,"enemies":"Mind Bloom Boss Battle","floor":39,"turns":5},{"damage":65,"enemies":"Reptomancer","floor":40,"turns":8},{"damage":14,"enemies":"Giant Head","floor":42,"turns":6},{"damage":1,"enemies":"Transient","floor":45,"turns":6},{"damage":26,"enemies":"Reptomancer","floor":48,"turns":4},{"damage":0,"enemies":"Donu and Deca","floor":50,"turns":7},{"damage":0,"enemies":"Time Eater","floor":51,"turns":14},{"damage":4,"enemies":"Shield and Spear","floor":55,"turns":5},{"damage":104,"enemies":"The Heart","floor":56,"turns":7}],"seed_played":"6965482620182644341","potions_obtained":[{"floor":1.0,"key":"Block Potion"},{"floor":4.0,"key":"Swift Potion"},{"floor":7.0,"key":"DistilledChaos"},{"floor":10.0,"key":"Explosive Potion"},{"floor":11.0,"key":"FairyPotion"},{"floor":21,"key":"SkillPotion"},{"floor":23,"key":"AttackPotion"},{"floor":31,"key":"Fruit Juice"},{"floor":33,"key":"EntropicBrew"},{"floor":35,"key":"Swift Potion"},{"floor":39,"key":"DuplicationPotion"}],"is_trial":false,"path_per_floor":["M","M","M","M","?","R","E","R","T","E","?","?","M","?","R","B",null,"M","M","$","M","?","E","R","?","T","E","$","?","?","E","R","B",null,"M","?","?","M","?","E","?","E","T","$","M","?","R","E","R","B","B",null,"R","$","E","B",null],"character_chosen":"IRONCLAD","items_purchased":["Exhume","Medical Kit","Dark Embrace","Shrug It Off","Offering"],"campfire_rested":0,"item_purchase_floors":[20,20,28,44,54],"current_hp_per_floor":[68,68,68,59,64,64,34,34,34,28,28,21,7,7,7,5,61,59,54,54,57,57,60,60,60,60,64,64,64,43,24,24,18,99,88,88,88,81,71,12,43,31,31,31,30,30,30,22,22,30,34,150,150,150,156,56],"gold":70,"neow_bonus":"BOSS_RELIC","is_daily":false,"chose_seed":false,"campfire_upgraded":7,"win_rate":0.0,"timestamp":1613944361,"path_taken":["M","M","?","M","?","R","E","R","T","E","?","?","M","?","R","BOSS","M","M","$","M","?","E","R","?","T","E","$","?","?","E","R","BOSS","M","?","?","M","?","E","?","E","T","?","M","?","R","E","R","BOSS","BOSS","R","$","E","BOSS"],"items_purchased_type":["Card","Relic","Card","Card","Card"],"build_version":"2020-12-22","purchased_purges":3,"victory":true,"max_hp_per_floor":[75,75,75,75,80,80,80,80,80,80,80,80,80,80,80,80,80,83,86,86,89,89,92,92,92,92,103,103,103,103,117,117,126,126,139,139,139,145,151,157,157,159,159,159,159,159,159,177,177,185,189,189,189,189,199,203],"relic_stats":{"Singing Bowl":14,"Happy Flower":[12],"counters":[26,154],"CeramicFish":90,"Charon\u0027s Ashes":[566],"Pen Nib":[9],"Juzu Bracelet":5,"War Paint":["Exhume","Double Tap"],"Orichalcum":[54],"Medical Kit":[28],"Mummified Hand":[5],"Gambling Chip":[54],"Black Star":4,"Champion Belt":[14],"obtain_stats":[{"Singing Bowl":26,"Happy Flower":46,"Nilry\u0027s Codex":30,"CeramicFish":23,"Mango":48,"Charon\u0027s Ashes":39,"Pen Nib":43,"Juzu Bracelet":10,"Bottled Tornado":31,"War Paint":40,"Orichalcum":42,"Medical Kit":20,"Burning Blood":0,"White Beast Statue":48,"HornCleat":55,"Mummified Hand":55,"Gambling Chip":7,"Strawberry":27,"Coffee Dripper":0,"Black Star":34,"Champion Belt":40,"FossilizedHelix":42,"Runic Pyramid":17},{"Singing Bowl":12,"Happy Flower":21,"Nilry\u0027s Codex":13,"CeramicFish":12,"Mango":22,"Charon\u0027s Ashes":18,"Pen Nib":20,"Juzu Bracelet":6,"Bottled Tornado":14,"War Paint":19,"Orichalcum":20,"Medical Kit":10,"Burning Blood":0,"White Beast Statue":22,"HornCleat":25,"Mummified Hand":25,"Gambling Chip":5,"Strawberry":13,"Coffee Dripper":0,"Black Star":15,"Champion Belt":19,"FossilizedHelix":20,"Runic Pyramid":8},{"Singing Bowl":54,"Happy Flower":117,"Nilry\u0027s Codex":59,"CeramicFish":54,"Mango":121,"Charon\u0027s Ashes":97,"Pen Nib":111,"Juzu Bracelet":23,"Bottled Tornado":64,"War Paint":105,"Orichalcum":111,"Medical Kit":44,"Burning Blood":0,"White Beast Statue":121,"HornCleat":147,"Mummified Hand":147,"Gambling Chip":20,"Strawberry":59,"Coffee Dripper":0,"Black Star":81,"Champion Belt":105,"FossilizedHelix":111,"Runic Pyramid":35}]},"card_choices":[{"not_picked":["Dual Wield","Flex"],"picked":"Flame Barrier","floor":1.0},{"not_picked":["Armaments","Havoc"],"picked":"Spot Weakness","floor":2.0},{"not_picked":["Iron Wave","Rage"],"picked":"Clothesline","floor":3.0},{"not_picked":["Exhume","Hemokinesis"],"picked":"Twin Strike","floor":4.0},{"not_picked":["Flame Barrier","Intimidate"],"picked":"Metallicize","floor":7.0},{"not_picked":["Entrench","Metallicize","Armaments"],"picked":"SKIP","floor":10.0},{"not_picked":["Clothesline","Iron Wave"],"picked":"Pommel Strike","floor":13.0},{"not_picked":["Fiend Fire","Immolate"],"picked":"Feed","floor":16.0},{"not_picked":["Reckless Charge","Bloodletting","Pommel Strike"],"picked":"SKIP","floor":18.0},{"not_picked":["Thunderclap","Armaments","Pommel Strike"],"picked":"SKIP","floor":19.0},{"not_picked":["Iron Wave","Dropkick"],"picked":"Disarm","floor":21},{"not_picked":["Flex","Blood for Blood","Pommel Strike"],"picked":"SKIP","floor":23},{"not_picked":["Perfected Strike","Flex"],"picked":"Sword Boomerang","floor":27},{"not_picked":["Entrench","Bludgeon","Perfected Strike"],"picked":"Singing Bowl","floor":31},{"not_picked":["Berserk","Bludgeon"],"picked":"Feed","floor":33},{"not_picked":["Iron Wave","Heavy Blade","Havoc"],"picked":"Singing Bowl","floor":35},{"not_picked":["Iron Wave","Pommel Strike","Body Slam"],"picked":"Singing Bowl","floor":38},{"not_picked":["Hemokinesis","Iron Wave","Wild Strike+1"],"picked":"Singing Bowl","floor":39},{"not_picked":["Carnage","Anger","Uppercut"],"picked":"Singing Bowl","floor":40},{"not_picked":["Body Slam+1","Whirlwind+1","Clash"],"picked":"Singing Bowl","floor":42},{"not_picked":["Perfected Strike+1","Clash"],"picked":"Shrug It Off","floor":45},{"not_picked":["Wild Strike+1","Perfected Strike"],"picked":"Flame Barrier+1","floor":48},{"not_picked":["Bludgeon","Pummel","Shrug It Off"],"picked":"Singing Bowl","floor":55}],"player_experience":2847998,"relics_obtained":[{"floor":7.0,"key":"Gambling Chip"},{"floor":10.0,"key":"Juzu Bracelet"},{"floor":23,"key":"CeramicFish"},{"floor":26,"key":"Singing Bowl"},{"floor":27,"key":"Strawberry"},{"floor":30,"key":"Nilry\u0027s Codex"},{"floor":31,"key":"Bottled Tornado"},{"floor":39,"key":"Charon\u0027s Ashes"},{"floor":40,"key":"Champion Belt"},{"floor":40,"key":"War Paint"},{"floor":42,"key":"FossilizedHelix"},{"floor":42,"key":"Orichalcum"},{"floor":43,"key":"Pen Nib"},{"floor":48,"key":"Mango"},{"floor":48,"key":"White Beast Statue"},{"floor":55,"key":"Mummified Hand"},{"floor":55,"key":"HornCleat"}],"event_choices":[{"damage_healed":0.0,"max_hp_gain":5.0,"max_hp_loss":0.0,"gold_gain":0.0,"event_name":"Big Fish","player_choice":"Donut","floor":5.0,"gold_loss":0.0,"damage_taken":0.0},{"damage_healed":0.0,"max_hp_gain":0.0,"max_hp_loss":0.0,"gold_gain":0.0,"event_name":"Lab","player_choice":"Got Potions","floor":11.0,"gold_loss":0.0,"damage_taken":0.0},{"cards_removed":["Strike_R"],"damage_healed":0.0,"max_hp_gain":0.0,"max_hp_loss":0.0,"gold_gain":0.0,"event_name":"Golden Wing","player_choice":"Card Removal","floor":12.0,"gold_loss":0.0,"damage_taken":7.0},{"damage_healed":0.0,"max_hp_gain":0.0,"max_hp_loss":0.0,"gold_gain":0.0,"event_name":"Match and Keep!","player_choice":"0 cards matched","floor":14.0,"gold_loss":0.0,"damage_taken":0.0,"cards_obtained":[]},{"damage_healed":0,"gold_gain":0,"cards_transformed":["Strike_R","Strike_R"],"player_choice":"Became Test Subject","damage_taken":0,"max_hp_gain":0,"max_hp_loss":0,"event_name":"Drug Dealer","floor":22,"gold_loss":0,"cards_obtained":["Double Tap","Infernal Blade"]},{"damage_healed":0,"gold_gain":0,"player_choice":"Read","damage_taken":0,"max_hp_gain":0,"max_hp_loss":0,"event_name":"The Library","floor":25,"gold_loss":0,"cards_obtained":["Corruption"]},{"damage_healed":0,"gold_gain":0,"player_choice":"Forge","damage_taken":0,"max_hp_gain":0,"max_hp_loss":0,"event_name":"Accursed Blacksmith","floor":29,"gold_loss":0,"cards_upgraded":["Disarm"]},{"damage_healed":0,"gold_gain":0,"player_choice":"Obtained Book","damage_taken":21,"max_hp_gain":0,"max_hp_loss":0,"event_name":"Cursed Tome","floor":30,"gold_loss":0},{"damage_healed":0,"gold_gain":0,"player_choice":"1 cards matched","damage_taken":0,"max_hp_gain":0,"max_hp_loss":0,"event_name":"Match and Keep!","floor":36,"gold_loss":0,"cards_obtained":["Immolate"]},{"damage_healed":0,"gold_gain":0,"player_choice":"Ignored","damage_taken":0,"max_hp_gain":0,"max_hp_loss":0,"event_name":"Tomb of Lord Red Mask","floor":37,"gold_loss":0},{"damage_healed":0,"gold_gain":0,"player_choice":"Fight","damage_taken":0,"max_hp_gain":0,"max_hp_loss":0,"event_name":"MindBloom","floor":39,"gold_loss":0},{"damage_healed":31,"gold_gain":0,"player_choice":"Writhe","damage_taken":0,"max_hp_gain":0,"max_hp_loss":0,"event_name":"Winding Halls","floor":41,"gold_loss":0,"cards_obtained":["Writhe"]},{"cards_removed":["Feed"],"damage_healed":0,"gold_gain":0,"player_choice":"Gave Card","damage_taken":0,"relics_obtained":["Happy Flower"],"max_hp_gain":0,"max_hp_loss":0,"event_name":"WeMeetAgain","floor":46,"gold_loss":0}],"is_beta":false,"boss_relics":[{"not_picked":["Sozu","Velvet Choker"],"picked":"Runic Pyramid"},{"not_picked":["Busted Crown","Astrolabe"],"picked":"Black Star"}],"items_purged_floors":[20,28,44],"is_endless":false,"potions_floor_spawned":[1,4,7,10,16,21,23,31,33,35,39,40,45,55],"ascension_level":20}}