{"host":"0ueeacaatm8t6jyh","time":1613901953,"event":{"mods":["AchievementEnabler","BaseMod","Colored Powertips","Minty Spire (QoL Compilation)","Quick Restart","Rare Cards Sparkle","Shop Mod","StSLib"],"gold_per_floor":[117,117,42,42,53,53,85,85,108,134,153,187,202,221,221,221,221],"floor_reached":16,"language":"ZHS","playtime":357,"items_purged":["Regret"],"score":268,"play_id":"f49ed3d9-07d3-4d61-9791-de30478cceba","local_time":"20210221180553","is_ascension_mode":true,"campfire_choices":[{"data":"Dualcast","floor":6.0,"key":"SMITH"},{"floor":15,"key":"REST"}],"circlet_count":0,"master_deck":["AscendersBane","Strike_B","Strike_B","Strike_B","Strike_B","Defend_B","Defend_B","Defend_B","Defend_B","Zap","Dualcast+1","Ball Lightning","Recycle","Coolheaded","Coolheaded"],"relics":["Cracked Core","NeowsBlessing","Gambling Chip","Bag of Marbles","Pen Nib","Singing Bowl","Oddly Smooth Stone"],"acts_visited":["Exordium"],"potions_floor_usage":[],"damage_taken":[{"damage":0.0,"enemies":"Jaw Worm","floor":1.0,"turns":1.0},{"damage":0.0,"enemies":"Small Slimes","floor":5.0,"turns":1.0},{"damage":0.0,"enemies":"Gremlin Nob","floor":7.0,"turns":1.0},{"damage":25.0,"enemies":"3 Sentries","floor":10.0,"turns":6.0},{"damage":1.0,"enemies":"Cultist","floor":11.0,"turns":3.0},{"damage":32.0,"enemies":"Gremlin Nob","floor":12.0,"turns":4.0},{"damage":13.0,"enemies":"Exordium Wildlife","floor":13.0,"turns":4.0},{"damage":14,"enemies":"Lots of Slimes","floor":14,"turns":4},{"damage":34,"enemies":"Slime Boss","floor":16,"turns":3}],"seed_played":"-332337018201992904","potions_obtained":[{"floor":8.0,"key":"FearPotion"},{"floor":8.0,"key":"SmokeBomb"},{"floor":10.0,"key":"FairyPotion"},{"floor":13.0,"key":"Dexterity Potion"}],"is_trial":false,"path_per_floor":["M","?","$","?","M","R","E","?","T","E","M","E","M","M","R","B"],"character_chosen":"DEFECT","items_purchased":[],"campfire_rested":1,"item_purchase_floors":[],"current_hp_per_floor":[64,64,64,64,64,64,64,64,64,39,40,8,21,9,31,0,0],"gold":221,"neow_bonus":"THREE_ENEMY_KILL","is_daily":false,"chose_seed":false,"campfire_upgraded":1,"win_rate":0.0,"timestamp":1613901953,"path_taken":["M","?","$","?","M","R","E","?","T","E","M","E","?","M","R","BOSS"],"items_purchased_type":[],"build_version":"2020-12-22","purchased_purges":1,"victory":false,"max_hp_per_floor":[71,71,71,71,71,71,71,71,71,71,73,73,73,75,75,75,75],"card_choices":[{"not_picked":["Streamline","Steam","Hello World"],"picked":"SKIP","floor":1.0},{"not_picked":["Leap","Stack","Go for the Eyes"],"picked":"SKIP","floor":5.0},{"not_picked":["Loop","Redo"],"picked":"Ball Lightning","floor":7.0},{"not_picked":["Amplify","Gash"],"picked":"Recycle","floor":10.0},{"not_picked":["Go for the Eyes","Rebound","Gash"],"picked":"Singing Bowl","floor":11.0},{"not_picked":["Conserve Battery","Consume"],"picked":"Coolheaded","floor":12.0},{"not_picked":["Turbo","Melter"],"picked":"Coolheaded","floor":13.0},{"not_picked":["Go for the Eyes","Stack","Coolheaded"],"picked":"Singing Bowl","floor":14}],"player_experience":572656,"relics_obtained":[{"floor":7.0,"key":"Bag of Marbles"},{"floor":9.0,"key":"Pen Nib"},{"floor":10.0,"key":"Singing Bowl"},{"floor":12.0,"key":"Oddly Smooth Stone"}],"event_choices":[{"damage_healed":0.0,"max_hp_gain":0.0,"max_hp_loss":0.0,"gold_gain":0.0,"event_name":"Big Fish","player_choice":"Box","floor":2.0,"gold_loss":0.0,"damage_taken":0.0,"relics_obtained":["Gambling Chip"],"cards_obtained":["Regret"]},{"damage_healed":0.0,"max_hp_gain":0.0,"max_hp_loss":0.0,"gold_gain":0.0,"event_name":"Shining Light","player_choice":"Ignored","floor":4.0,"gold_loss":0.0,"damage_taken":0.0},{"damage_healed":0.0,"max_hp_gain":0.0,"max_hp_loss":0.0,"gold_gain":0.0,"event_name":"Lab","player_choice":"Got Potions","floor":8.0,"gold_loss":0.0,"damage_taken":0.0}],"is_beta":false,"boss_relics":[],"items_purged_floors":[3],"is_endless":false,"potions_floor_spawned":[10,11,13],"killed_by":"Slime Boss","ascension_level":17}}