{"host":"cjhtzh7tp54jdfyv","time":1613906167,"event":{"mods":["AchievementEnabler","BaseMod","Colored Map","Colored Powertips","Curses Come First","DeckTracker","Filter the Spire","Minty Spire (QoL Compilation)","RNG Fix","Relic Sorter","Relic Stats","StSLib","UnlockEverythingMod","ojb\u0027s Better Paths Mod","ojb\u0027s Info Mod"],"gold_per_floor":[113,131,131,149,149,149,165,192,239,269,269,283,315,335,335,415,415,436,436,201,215,226,258,258,301,301,326,354,354,391,391,391,474,474,498,230,264,72,100,141,121,148,148,148,148],"floor_reached":44,"language":"ENG","playtime":2784,"items_purged":["Defend_P","Defend_P","Defend_P"],"score":1132,"play_id":"8feed9fc-f6cd-4cc8-840a-a071bee2e625","local_time":"20210221061607","is_ascension_mode":true,"campfire_choices":[{"data":"FearNoEvil","floor":6.0,"key":"SMITH"},{"data":"EmptyMind","floor":15.0,"key":"SMITH"},{"data":"Strike_P","floor":24.0,"key":"SMITH"},{"data":"InnerPeace","floor":32.0,"key":"SMITH"}],"circlet_count":0,"master_deck":["AscendersBane","Strike_P+1","Strike_P","Strike_P+1","Strike_P","Defend_P","Eruption+1","Vigilance+1","JustLucky+1","FearNoEvil+1","BowlingBash+1","EmptyMind+1","Blasphemy","ForeignInfluence+1","DeusExMachina","Vengeance+1","InnerPeace+1","FlurryOfBlows","Vault","Halt+1","Sanctity+1","Sanctity","Adaptation","FlurryOfBlows+1","WaveOfTheHand","JustLucky","Flash of Steel","Dark Shackles","Dark Shackles"],"relics":["Runic Pyramid","Whetstone","Anchor","CeramicFish","Sundial","VioletLotus","TheAbacus","Bronze Scales","Juzu Bracelet","Prayer Wheel","Kunai","Runic Dome","ClockworkSouvenir","Girya","Dream Catcher"],"acts_visited":["Exordium","TheCity","TheBeyond"],"potions_floor_usage":[40],"damage_taken":[{"damage":0.0,"enemies":"Cultist","floor":1.0,"turns":2.0},{"damage":3.0,"enemies":"2 Louse","floor":2.0,"turns":3.0},{"damage":3.0,"enemies":"Small Slimes","floor":4.0,"turns":2.0},{"damage":4.0,"enemies":"Looter","floor":7.0,"turns":3.0},{"damage":4.0,"enemies":"Gremlin Nob","floor":8.0,"turns":3.0},{"damage":5.0,"enemies":"3 Sentries","floor":10.0,"turns":4.0},{"damage":0.0,"enemies":"2 Fungi Beasts","floor":12.0,"turns":2.0},{"damage":7.0,"enemies":"Lagavulin","floor":13.0,"turns":4.0},{"damage":2.0,"enemies":"Gremlin Gang","floor":14.0,"turns":4.0},{"damage":2.0,"enemies":"The Guardian","floor":16.0,"turns":9.0},{"damage":11.0,"enemies":"2 Thieves","floor":18.0,"turns":3.0},{"damage":0.0,"enemies":"Shell Parasite","floor":21.0,"turns":2.0},{"damage":0.0,"enemies":"Sentry and Sphere","floor":22.0,"turns":2.0},{"damage":0.0,"enemies":"Book of Stabbing","floor":23.0,"turns":2.0},{"damage":0.0,"enemies":"Gremlin Leader","floor":25.0,"turns":3.0},{"damage":6.0,"enemies":"Snake Plant","floor":27.0,"turns":3.0},{"damage":0.0,"enemies":"Chosen and Byrds","floor":28.0,"turns":2.0},{"damage":11.0,"enemies":"Slavers","floor":30.0,"turns":4.0},{"damage":6,"enemies":"Automaton","floor":33,"turns":8},{"damage":13,"enemies":"Orb Walker","floor":35,"turns":3},{"damage":0,"enemies":"Mind Bloom Boss Battle","floor":37,"turns":3},{"damage":0,"enemies":"3 Shapes","floor":39,"turns":2},{"damage":24,"enemies":"Nemesis","floor":40,"turns":4},{"damage":21,"enemies":"Writhing Mass","floor":44,"turns":1}],"seed_played":"2158294478012798211","potions_obtained":[{"floor":2.0,"key":"Block Potion"},{"floor":7.0,"key":"EntropicBrew"},{"floor":12.0,"key":"Swift Potion"},{"floor":13.0,"key":"Strength Potion"},{"floor":18.0,"key":"GamblersBrew"},{"floor":25.0,"key":"Strength Potion"},{"floor":30.0,"key":"Regen Potion"},{"floor":37,"key":"Block Potion"},{"floor":40,"key":"SteroidPotion"}],"is_trial":false,"path_per_floor":["M","M","?","M","?","R","M","E","T","E","?","M","E","M","R","B",null,"M","?","$","M","M","E","R","E","T","M","M","?","E","?","R","B",null,"M","$","?","$","M","E","$","?","T","M"],"character_chosen":"WATCHER","items_purchased":["TheAbacus","ClockworkSouvenir","Sanctity","JustLucky"],"campfire_rested":0,"item_purchase_floors":[20,36,38,41],"current_hp_per_floor":[61,58,58,55,55,55,51,47,47,42,42,42,35,33,33,31,59,48,48,48,48,48,48,48,48,48,42,42,23,12,12,12,6,56,43,43,43,43,43,31,31,21,21,0,0],"gold":148,"neow_bonus":"BOSS_RELIC","is_daily":false,"chose_seed":false,"campfire_upgraded":4,"win_rate":0.0,"timestamp":1613906167,"path_taken":["M","M","?","M","?","R","M","E","T","E","?","?","E","?","R","BOSS","M","?","$","M","M","E","R","E","T","M","M","?","E","?","R","BOSS","M","$","?","$","M","E","?","?","T","M"],"items_purchased_type":["Relic","Relic","Card","Card"],"build_version":"2020-12-22","purchased_purges":3,"victory":false,"max_hp_per_floor":[68,68,68,68,68,68,68,68,68,68,68,68,68,68,68,68,68,68,68,68,68,68,68,68,68,68,68,68,73,73,73,73,73,73,73,73,73,73,73,73,73,73,73,73,73],"relic_stats":{"Dream Catcher":0,"TheAbacus":[48],"counters":[24,78],"Sundial":[12],"CeramicFish":153,"Bronze Scales":[78],"Prayer Wheel":4,"VioletLotus":[18],"Juzu Bracelet":1,"Whetstone":["Strike_P","JustLucky"],"Kunai":[21],"obtain_stats":[{"Girya":37,"CeramicFish":10,"Juzu Bracelet":25,"Whetstone":8,"ClockworkSouvenir":36,"Runic Dome":34,"Anchor":9,"Dream Catcher":40,"TheAbacus":20,"Sundial":13,"Bronze Scales":23,"Prayer Wheel":26,"VioletLotus":17,"Kunai":30,"PureWater":0,"Runic Pyramid":0},{"Girya":21,"CeramicFish":6,"Juzu Bracelet":15,"Whetstone":5,"ClockworkSouvenir":20,"Runic Dome":19,"Anchor":5,"Dream Catcher":23,"TheAbacus":11,"Sundial":8,"Bronze Scales":14,"Prayer Wheel":15,"VioletLotus":10,"Kunai":18,"PureWater":0,"Runic Pyramid":0},{"Girya":71,"CeramicFish":17,"Juzu Bracelet":48,"Whetstone":13,"ClockworkSouvenir":68,"Runic Dome":65,"Anchor":13,"Dream Catcher":77,"TheAbacus":39,"Sundial":23,"Bronze Scales":45,"Prayer Wheel":48,"VioletLotus":36,"Kunai":57,"PureWater":0,"Runic Pyramid":0}]},"card_choices":[{"not_picked":["ThirdEye","DeceiveReality"],"picked":"JustLucky","floor":1.0},{"not_picked":["CutThroughFate","PathToVictory"],"picked":"FearNoEvil","floor":2.0},{"not_picked":["Worship","ReachHeaven"],"picked":"BowlingBash","floor":4.0},{"not_picked":["Protect","Perseverance","Vengeance"],"picked":"SKIP","floor":7.0},{"not_picked":["Collect","Halt"],"picked":"EmptyMind","floor":8.0},{"not_picked":["JustLucky","Collect","WheelKick"],"picked":"SKIP","floor":10.0},{"not_picked":["EmptyBody","Pray","Wireheading"],"picked":"SKIP","floor":12.0},{"not_picked":["BattleHymn","FollowUp","Alpha"],"picked":"SKIP","floor":13.0},{"not_picked":["Nirvana","Evaluate","FlyingSleeves"],"picked":"SKIP","floor":14.0},{"not_picked":["Establishment","MasterReality"],"picked":"Blasphemy","floor":16.0},{"not_picked":["Halt","BowlingBash+1"],"picked":"ForeignInfluence+1","floor":18.0},{"not_picked":["Crescendo","Consecrate","WaveOfTheHand"],"picked":"SKIP","floor":21.0},{"not_picked":["Perseverance","FlyingSleeves","LikeWater"],"picked":"SKIP","floor":22.0},{"not_picked":["Consecrate","FlyingSleeves","FollowUp"],"picked":"SKIP","floor":23.0},{"not_picked":["Halt","Conclude"],"picked":"DeusExMachina","floor":25.0},{"not_picked":["Protect","CutThroughFate"],"picked":"Vengeance+1","floor":27.0},{"not_picked":["Halt","Crescendo","Indignation+1"],"picked":"SKIP","floor":27.0},{"not_picked":["Crescendo","ClearTheMind"],"picked":"InnerPeace","floor":28.0},{"not_picked":["Prostrate","SpiritShield","Evaluate"],"picked":"SKIP","floor":28.0},{"not_picked":["SignatureMove","SashWhip"],"picked":"FlurryOfBlows","floor":30.0},{"not_picked":["Brilliance","Scrawl"],"picked":"Vault","floor":33},{"not_picked":["CutThroughFate","JustLucky"],"picked":"Halt+1","floor":35},{"not_picked":["ClearTheMind","EmptyBody","FlyingSleeves"],"picked":"SKIP","floor":35},{"not_picked":["SignatureMove","Vengeance"],"picked":"Sanctity+1","floor":37},{"not_picked":["Collect","BowlingBash"],"picked":"Adaptation","floor":39},{"not_picked":["Omniscience","ClearTheMind"],"picked":"FlurryOfBlows+1","floor":39},{"not_picked":["FlyingSleeves","CrushJoints"],"picked":"WaveOfTheHand","floor":40},{"not_picked":["HandOfGreed","Bandage Up"],"picked":"Flash of Steel","floor":42},{"not_picked":["Forethought","Transmutation"],"picked":"Dark Shackles","floor":42},{"not_picked":["Chrysalis","Sadistic Nature"],"picked":"Dark Shackles","floor":42}],"player_experience":5130283,"relics_obtained":[{"floor":8.0,"key":"Whetstone"},{"floor":9.0,"key":"Anchor"},{"floor":10.0,"key":"CeramicFish"},{"floor":13.0,"key":"Sundial"},{"floor":23.0,"key":"Bronze Scales"},{"floor":25.0,"key":"Juzu Bracelet"},{"floor":26.0,"key":"Prayer Wheel"},{"floor":30.0,"key":"Kunai"},{"floor":37,"key":"Girya"},{"floor":40,"key":"Dream Catcher"}],"event_choices":[{"damage_healed":0.0,"max_hp_gain":0.0,"max_hp_loss":0.0,"gold_gain":0.0,"event_name":"Accursed Blacksmith","player_choice":"Forge","floor":3.0,"gold_loss":0.0,"damage_taken":0.0,"cards_upgraded":["Eruption"]},{"damage_healed":0.0,"max_hp_gain":0.0,"max_hp_loss":0.0,"gold_gain":0.0,"event_name":"Upgrade Shrine","player_choice":"Upgraded","floor":5.0,"gold_loss":0.0,"damage_taken":0.0,"cards_upgraded":["BowlingBash"]},{"damage_healed":0.0,"max_hp_gain":0.0,"max_hp_loss":0.0,"gold_gain":0.0,"event_name":"Liars Game","player_choice":"Ignored","floor":11.0,"gold_loss":0.0,"damage_taken":0.0},{"damage_healed":0.0,"max_hp_gain":0.0,"max_hp_loss":0.0,"gold_gain":0.0,"event_name":"Upgrade Shrine","player_choice":"Upgraded","floor":19.0,"gold_loss":0.0,"damage_taken":0.0,"cards_upgraded":["Vigilance"]},{"damage_healed":0.0,"max_hp_gain":5.0,"max_hp_loss":0.0,"gold_gain":0.0,"event_name":"Forgotten Altar","player_choice":"Shed Blood","floor":29.0,"gold_loss":0.0,"damage_taken":24.0},{"damage_healed":0.0,"max_hp_gain":0.0,"max_hp_loss":0.0,"gold_gain":0.0,"event_name":"Cursed Tome","player_choice":"Ignored","floor":31.0,"gold_loss":0.0,"damage_taken":0.0},{"damage_healed":0,"gold_gain":0,"player_choice":"Fight","damage_taken":0,"max_hp_gain":0,"max_hp_loss":0,"event_name":"MindBloom","floor":37,"gold_loss":0},{"damage_healed":0,"gold_gain":0,"player_choice":"Memory 3","damage_taken":10,"max_hp_gain":0,"max_hp_loss":0,"event_name":"SensoryStone","floor":42,"gold_loss":0}],"is_beta":false,"boss_relics":[{"not_picked":["Busted Crown","Philosopher\u0027s Stone"],"picked":"VioletLotus"},{"not_picked":["Tiny House","Pandora\u0027s Box"],"picked":"Runic Dome"}],"items_purged_floors":[20,36,38],"is_endless":false,"potions_floor_spawned":[2,7,8,12,13,18,25,27,30,37,39,40],"killed_by":"Writhing Mass","ascension_level":20}}