{"host":"qhhcmep1unj6mpf7","time":1613899258,"event":{"mods":["2.2 Compatiblity","AchievementEnabler","BaseMod","Colored Map","DeckTracker","Highlight Path","Keyboard Shortcuts","Minty Spire (QoL Compilation)","Permanent Neow","Quick Restart","Random Character Button","StSLib","SuperFastMode","everything is the same but u backflip on backflip"],"gold_per_floor":[361,374,392,410,425,425,425,425],"floor_reached":7,"language":"KOR","playtime":248,"items_purged":[],"score":45,"play_id":"f84e950c-6bb4-42fb-b56e-0673752ea730","local_time":"20210221182058","is_ascension_mode":false,"campfire_choices":[{"data":"Darkness","floor":6,"key":"SMITH"}],"circlet_count":0,"master_deck":["Strike_B","Strike_B","Strike_B","Strike_B","Defend_B","Defend_B","Defend_B","Defend_B","Zap","Dualcast","Fusion","Darkness+1","Lockon","Redo"],"relics":["Cracked Core"],"acts_visited":["Exordium"],"potions_floor_usage":[],"damage_taken":[{"damage":1,"enemies":"2 Louse","floor":1,"turns":4},{"damage":5,"enemies":"Small Slimes","floor":2,"turns":4},{"damage":4,"enemies":"Cultist","floor":3,"turns":4},{"damage":11,"enemies":"Blue Slaver","floor":4,"turns":4},{"damage":18,"enemies":"Gremlin Gang","floor":5,"turns":5},{"damage":27,"enemies":"Gremlin Nob","floor":7,"turns":3}],"seed_played":"-2492426904139919636","potions_obtained":[{"floor":2,"key":"CultistPotion"},{"floor":3,"key":"SteroidPotion"},{"floor":4,"key":"DuplicationPotion"}],"is_trial":false,"path_per_floor":["M","M","M","M","M","R","E"],"character_chosen":"DEFECT","items_purchased":[],"campfire_rested":0,"item_purchase_floors":[],"current_hp_per_floor":[53,48,44,33,15,15,0,0],"gold":425,"neow_bonus":"TWO_FIFTY_GOLD","is_daily":false,"chose_seed":false,"campfire_upgraded":1,"win_rate":0.0,"timestamp":1613899258,"path_taken":["M","M","M","M","M","R","E"],"items_purchased_type":[],"build_version":"2020-12-22","purchased_purges":0,"victory":false,"max_hp_per_floor":[75,75,75,75,75,75,75,75],"card_choices":[{"not_picked":["Redo","Turbo"],"picked":"Fusion","floor":1},{"not_picked":["Compile Driver","Blizzard"],"picked":"Darkness","floor":2},{"not_picked":["Cold Snap","Blizzard","Compile Driver"],"picked":"SKIP","floor":3},{"not_picked":["Conserve Battery","Chill"],"picked":"Lockon","floor":4},{"not_picked":["Streamline","Core Surge"],"picked":"Redo","floor":5}],"player_experience":80244,"relics_obtained":[],"event_choices":[],"is_beta":false,"boss_relics":[],"items_purged_floors":[],"is_endless":false,"potions_floor_spawned":[2,3,4],"killed_by":"Gremlin Nob","ascension_level":0}}