{"host":"ypphcgdomtfqpc2w","time":1613924677,"event":{"mods":["BaseMod","Minty Spire (QoL Compilation)","StSLib"],"gold_per_floor":[15,15,27,47,61,61,88,108,177,177,192,223,233,259,259,338,338,383,403,168,185,235,235,266,309,309,348,391,436,455,219,219,244,244,264,264,300,343,358,358,68,68,137,137,152,152,182,198,198,198],"floor_reached":51,"language":"ENG","playtime":4803,"items_purged":["WindmillStrike","MasterReality","Wish"],"score":1416,"play_id":"15f3eee2-cd73-4dde-8bc1-2d98be633413","local_time":"20210222012437","is_ascension_mode":true,"campfire_choices":[{"data":"Eruption","floor":6.0,"key":"SMITH"},{"floor":10,"key":"REST"},{"floor":15,"key":"REST"},{"data":"Meditate","floor":23,"key":"SMITH"},{"data":"Establishment","floor":32,"key":"SMITH"},{"data":"TalkToTheHand","floor":40,"key":"SMITH"},{"data":"Perseverance","floor":42,"key":"SMITH"},{"floor":46,"key":"REST"},{"floor":49,"key":"REST"}],"circlet_count":0,"master_deck":["AscendersBane","Eruption+1","Vigilance","FlyingSleeves","Establishment+1","FlyingSleeves","Weave","Sanctity+1","SandsOfTime","ThirdEye","SandsOfTime","Evaluate","Brilliance","Tantrum","FollowUp","Meditate+1","Prostrate","Sanctity","TalkToTheHand+1","Nirvana","WaveOfTheHand","Wallop","JustLucky","FollowUp","Sadistic Nature","ThirdEye","Perseverance+1"],"relics":["PureWater","Bronze Scales","GoldenEye","StrikeDummy","War Paint","Bag of Preparation","Pandora\u0027s Box","Anchor","White Beast Statue","Toy Ornithopter","SlaversCollar","Strawberry","Pantograph","Orichalcum"],"acts_visited":["Exordium","TheCity","TheBeyond"],"potions_floor_usage":[8,8,12,14,18,24,25,28,29,30,30,33,33,38,39,45,47,48,50,50],"damage_taken":[{"damage":0.0,"enemies":"Cultist","floor":1.0,"turns":3.0},{"damage":11.0,"enemies":"Small Slimes","floor":3.0,"turns":4.0},{"damage":0.0,"enemies":"Jaw Worm","floor":4.0,"turns":3.0},{"damage":25.0,"enemies":"Exordium Wildlife","floor":5.0,"turns":5.0},{"damage":7.0,"enemies":"3 Sentries","floor":7.0,"turns":6.0},{"damage":0,"enemies":"3 Louse","floor":8,"turns":2},{"damage":16,"enemies":"Lots of Slimes","floor":11,"turns":4},{"damage":0,"enemies":"Lagavulin","floor":12,"turns":3},{"damage":4,"enemies":"2 Fungi Beasts","floor":13,"turns":5},{"damage":2,"enemies":"Gremlin Nob","floor":14,"turns":3},{"damage":12,"enemies":"Hexaghost","floor":16,"turns":7},{"damage":23,"enemies":"2 Thieves","floor":18,"turns":4},{"damage":0,"enemies":"3 Byrds","floor":19,"turns":3},{"damage":8,"enemies":"Sentry and Sphere","floor":21,"turns":4},{"damage":0,"enemies":"Slavers","floor":24,"turns":4},{"damage":12,"enemies":"3 Cultists","floor":25,"turns":6},{"damage":9,"enemies":"Snake Plant","floor":27,"turns":5},{"damage":0,"enemies":"Cultist and Chosen","floor":28,"turns":5},{"damage":13,"enemies":"Centurion and Healer","floor":29,"turns":8},{"damage":8,"enemies":"Snake Plant","floor":30,"turns":2},{"damage":13,"enemies":"Collector","floor":33,"turns":10},{"damage":23,"enemies":"3 Darklings","floor":35,"turns":5},{"damage":0,"enemies":"3 Shapes","floor":37,"turns":7},{"damage":11,"enemies":"Maw","floor":38,"turns":8},{"damage":5,"enemies":"Writhing Mass","floor":39,"turns":7},{"damage":24,"enemies":"Jaw Worm Horde","floor":45,"turns":4},{"damage":0,"enemies":"Giant Head","floor":47,"turns":5},{"damage":16,"enemies":"4 Shapes","floor":48,"turns":8},{"damage":24,"enemies":"Awakened One","floor":50,"turns":16}],"seed_played":"8485747731680239189","potions_obtained":[{"floor":1.0,"key":"EntropicBrew"},{"floor":5.0,"key":"DuplicationPotion"},{"floor":8,"key":"Dexterity Potion"},{"floor":13,"key":"Energy Potion"},{"floor":16,"key":"SpeedPotion"},{"floor":18,"key":"Swift Potion"},{"floor":19,"key":"DistilledChaos"},{"floor":25,"key":"Explosive Potion"},{"floor":27,"key":"PowerPotion"},{"floor":28,"key":"PowerPotion"},{"floor":29,"key":"Fire Potion"},{"floor":30,"key":"Block Potion"},{"floor":35,"key":"Strength Potion"},{"floor":37,"key":"Weak Potion"},{"floor":38,"key":"AttackPotion"},{"floor":39,"key":"Strength Potion"},{"floor":45,"key":"Dexterity Potion"},{"floor":47,"key":"FearPotion"},{"floor":48,"key":"PowerPotion"}],"is_trial":false,"path_per_floor":["M","?","M","M","M","R","E","M","T","R","M","E","M","E","R","B",null,"M","M","$","M","?","R","E","M","T","M","M","M","M","$","R","B",null,"M","?","M","M","M","R","$","R","T","?","M","R","E","M","R","B",null],"character_chosen":"WATCHER","items_purchased":["Anchor","Regen Potion","JustLucky","Strawberry"],"campfire_rested":4,"item_purchase_floors":[20,31,31,41],"current_hp_per_floor":[61,61,50,50,25,25,18,18,18,38,22,22,18,16,36,24,57,34,34,34,26,26,26,26,14,14,5,10,2,4,4,4,13,54,31,31,31,25,25,25,32,32,32,32,13,35,40,29,51,56],"gold":198,"neow_bonus":"REMOVE_TWO","is_daily":false,"chose_seed":false,"campfire_upgraded":5,"win_rate":0.0,"timestamp":1613924677,"path_taken":["M","?","M","M","M","R","E","M","T","R","?","E","M","E","R","BOSS","M","M","$","M","?","R","E","M","T","M","M","M","?","$","R","BOSS","M","?","M","M","M","R","$","R","T","?","M","R","E","M","R","BOSS"],"items_purchased_type":["Relic","Potion","Card","Relic"],"build_version":"2020-12-22","purchased_purges":3,"victory":true,"max_hp_per_floor":[68,68,68,68,68,68,68,68,68,68,68,68,68,68,68,68,68,68,68,68,68,68,68,68,68,68,68,68,68,68,68,68,68,68,68,68,68,68,68,68,75,75,75,75,75,75,75,75,75,75],"card_choices":[{"not_picked":["EmptyBody","JustLucky"],"picked":"FollowUp","floor":1.0},{"not_picked":["Evaluate","WindmillStrike"],"picked":"FlyingSleeves","floor":3.0},{"not_picked":["SignatureMove","PathToVictory"],"picked":"Establishment","floor":4.0},{"not_picked":["WreathOfFlame","Weave"],"picked":"FlyingSleeves","floor":5.0},{"not_picked":["FollowUp","FlyingSleeves"],"picked":"Weave","floor":7.0},{"not_picked":["EmptyFist","JustLucky"],"picked":"Sanctity","floor":8},{"not_picked":["CarveReality","Crescendo"],"picked":"SandsOfTime","floor":11},{"not_picked":["Collect","FlyingSleeves"],"picked":"ThirdEye","floor":12},{"not_picked":["ReachHeaven","FlyingSleeves"],"picked":"SandsOfTime","floor":13},{"not_picked":["Conclude","Weave"],"picked":"Evaluate","floor":14},{"not_picked":["Ragnarok","DevaForm"],"picked":"Wish","floor":16},{"not_picked":["BowlingBash","FlyingSleeves"],"picked":"Meditate","floor":18},{"not_picked":["Tantrum","EmptyFist"],"picked":"Prostrate","floor":19},{"not_picked":["ReachHeaven","Halt"],"picked":"Sanctity","floor":21},{"not_picked":["Wish","Vengeance","EmptyFist"],"picked":"SKIP","floor":24},{"not_picked":["PathToVictory","BowlingBash"],"picked":"TalkToTheHand","floor":25},{"not_picked":["BowlingBash","Worship"],"picked":"Nirvana","floor":27},{"not_picked":["ForeignInfluence","EmptyFist"],"picked":"WaveOfTheHand","floor":28},{"not_picked":["Collect","Swivel"],"picked":"Wallop","floor":29},{"not_picked":["EmptyFist","WaveOfTheHand","Crescendo"],"picked":"SKIP","floor":30},{"not_picked":["EmptyMind+1","Fasting2"],"picked":"FollowUp","floor":35},{"not_picked":["Violence","Metamorphosis"],"picked":"Sadistic Nature","floor":36},{"not_picked":["Consecrate","EmptyBody"],"picked":"ThirdEye","floor":37},{"not_picked":["CutThroughFate","CrushJoints"],"picked":"Perseverance","floor":38},{"not_picked":["Crescendo","SashWhip","Consecrate"],"picked":"SKIP","floor":39},{"not_picked":["BowlingBash","Study","ForeignInfluence"],"picked":"SKIP","floor":45},{"not_picked":["JustLucky","CrushJoints","Crescendo"],"picked":"SKIP","floor":47},{"not_picked":["Omniscience","Halt","PathToVictory"],"picked":"SKIP","floor":48}],"player_experience":2213628,"relics_obtained":[{"floor":7.0,"key":"GoldenEye"},{"floor":9,"key":"StrikeDummy"},{"floor":12,"key":"War Paint"},{"floor":14,"key":"Bag of Preparation"},{"floor":24,"key":"White Beast Statue"},{"floor":26,"key":"Toy Ornithopter"},{"floor":43,"key":"Pantograph"},{"floor":47,"key":"Orichalcum"}],"event_choices":[{"cards_removed":["FollowUp"],"damage_healed":0.0,"max_hp_gain":0.0,"max_hp_loss":0.0,"gold_gain":0.0,"event_name":"WeMeetAgain","player_choice":"Gave Card","floor":2.0,"gold_loss":0.0,"damage_taken":0.0,"relics_obtained":["Bronze Scales"]},{"damage_healed":0,"gold_gain":50,"player_choice":"Pray","damage_taken":0,"max_hp_gain":0,"max_hp_loss":0,"event_name":"Golden Shrine","floor":22,"gold_loss":0},{"damage_healed":0,"gold_gain":0,"player_choice":"Memory 1","damage_taken":0,"max_hp_gain":0,"max_hp_loss":0,"event_name":"SensoryStone","floor":36,"gold_loss":0},{"cards_removed":["InnerPeace"],"damage_healed":0,"gold_gain":0,"player_choice":"Removed Skill","damage_taken":0,"max_hp_gain":0,"max_hp_loss":0,"event_name":"Falling","floor":44,"gold_loss":0}],"is_beta":false,"boss_relics":[{"not_picked":["Busted Crown","Ectoplasm"],"picked":"Pandora\u0027s Box"},{"not_picked":["Runic Pyramid","Sozu"],"picked":"SlaversCollar"}],"items_purged_floors":[20,31,41],"is_endless":false,"potions_floor_spawned":[1,5,8,11,13,16,18,19,21,25,27,28,29,30,33,35,37,38,39,45,47,48],"ascension_level":17}}