{"host":"n2sr453jcjz6vvl4","time":1613918299,"event":{"mods":["BaseMod","Colored Map","Minty Spire (QoL Compilation)","Permanent Neow","Relic Stats","StSLib"],"gold_per_floor":[109,127,26,37,50,50,80,80,130,130,95,115,115,134,134,238,238,250,5,17,17,28,58,58,58,58,70,70,70],"floor_reached":28,"language":"ENG","playtime":1215,"items_purged":["Strike_B","Strike_B"],"score":276,"play_id":"2e8d1f27-d9b9-469a-9f00-56701cf46f65","local_time":"20210221103819","is_ascension_mode":true,"campfire_choices":[{"data":"Defragment","floor":6.0,"key":"SMITH"},{"floor":8.0,"key":"REST"},{"data":"Zap","floor":10.0,"key":"SMITH"},{"data":"Self Repair","floor":15.0,"key":"SMITH"},{"data":"Auto Shields","floor":25,"key":"SMITH"}],"circlet_count":0,"master_deck":["Strike_B","Strike_B","Defend_B","Defend_B","Defend_B","Defend_B","Zap+1","Dualcast","Consume+1","Auto Shields+1","Gash","Defragment+1","Doom and Gloom","Ball Lightning","Self Repair+1","Sweeping Beam","All For One","Melter+1","Ball Lightning","Streamline+1","Rip and Tear+1"],"relics":["Cracked Core","Thread and Needle","Mercury Hourglass","Art of War","Velvet Choker","Lee\u0027s Waffle","Toy Ornithopter","Regal Pillow"],"acts_visited":["Exordium","TheCity"],"potions_floor_usage":[23,28],"damage_taken":[{"damage":9.0,"enemies":"Small Slimes","floor":1.0,"turns":3.0},{"damage":0.0,"enemies":"Jaw Worm","floor":2.0,"turns":4.0},{"damage":0.0,"enemies":"2 Louse","floor":4.0,"turns":2.0},{"damage":0.0,"enemies":"Large Slime","floor":5.0,"turns":3.0},{"damage":33.0,"enemies":"Gremlin Nob","floor":7.0,"turns":4.0},{"damage":4.0,"enemies":"Blue Slaver","floor":12.0,"turns":3.0},{"damage":2.0,"enemies":"Looter","floor":14.0,"turns":3.0},{"damage":23.0,"enemies":"Hexaghost","floor":16.0,"turns":7.0},{"damage":22.0,"enemies":"2 Thieves","floor":18.0,"turns":3.0},{"damage":8.0,"enemies":"3 Byrds","floor":20.0,"turns":2.0},{"damage":3,"enemies":"Snecko","floor":22,"turns":4},{"damage":46,"enemies":"Book of Stabbing","floor":23,"turns":5},{"damage":22,"enemies":"Chosen and Byrds","floor":27,"turns":5},{"damage":42,"enemies":"Slavers","floor":28,"turns":3}],"seed_played":"8529060476586777380","potions_obtained":[{"floor":1.0,"key":"PowerPotion"},{"floor":2.0,"key":"Ancient Potion"},{"floor":4.0,"key":"SteroidPotion"},{"floor":18.0,"key":"CultistPotion"},{"floor":23,"key":"FearPotion"}],"is_trial":false,"path_per_floor":["M","M","$","M","M","R","E","R","T","R","?","M","?","M","R","B",null,"M","$","M","?","M","E","$","R","T","M","E"],"character_chosen":"DEFECT","items_purchased":["Gash","Lee\u0027s Waffle"],"campfire_rested":1,"item_purchase_floors":[3,19],"current_hp_per_floor":[45,45,45,45,45,45,12,34,34,34,52,48,48,53,53,40,75,63,82,82,82,82,46,46,46,46,34,0,0],"gold":70,"neow_bonus":"ONE_RARE_RELIC","is_daily":false,"chose_seed":false,"campfire_upgraded":4,"win_rate":0.0,"timestamp":1613918299,"path_taken":["M","M","$","M","M","R","E","R","T","R","?","M","?","M","R","BOSS","M","$","M","?","M","E","$","R","T","M","E"],"items_purchased_type":["Card","Relic"],"build_version":"2020-12-22","purchased_purges":2,"victory":false,"max_hp_per_floor":[75,75,75,75,75,75,75,75,75,75,75,75,75,75,75,75,75,75,82,82,82,82,82,82,82,82,82,82,82],"relic_stats":{"Lee\u0027s Waffle":19,"Regal Pillow":0,"counters":[14,49],"Art of War":[4],"obtain_stats":[{"Lee\u0027s Waffle":19,"Regal Pillow":26,"Velvet Choker":17,"Thread and Needle":0,"Art of War":9,"Cracked Core":0,"Toy Ornithopter":23,"Mercury Hourglass":7},{"Lee\u0027s Waffle":9,"Regal Pillow":12,"Velvet Choker":8,"Thread and Needle":0,"Art of War":5,"Cracked Core":0,"Toy Ornithopter":12,"Mercury Hourglass":5},{"Lee\u0027s Waffle":31,"Regal Pillow":42,"Velvet Choker":28,"Thread and Needle":0,"Art of War":16,"Cracked Core":0,"Toy Ornithopter":42,"Mercury Hourglass":16}],"Toy Ornithopter":5,"Mercury Hourglass":[143]},"card_choices":[{"not_picked":["Chill","Beam Cell"],"picked":"Consume","floor":1.0},{"not_picked":["Hologram","Chill"],"picked":"Auto Shields","floor":2.0},{"not_picked":["Steam","Rip and Tear"],"picked":"Defragment","floor":4.0},{"not_picked":["Steam Power","Turbo"],"picked":"Doom and Gloom","floor":5.0},{"not_picked":["Cold Snap","Hyperbeam"],"picked":"Ball Lightning","floor":7.0},{"not_picked":["White Noise","Steam"],"picked":"Self Repair","floor":12.0},{"not_picked":["Hologram","Coolheaded"],"picked":"Sweeping Beam","floor":14.0},{"not_picked":["Hyperbeam","Fission"],"picked":"All For One","floor":16.0},{"not_picked":["Rebound","Sweeping Beam+1"],"picked":"Melter+1","floor":18.0},{"not_picked":["Sweeping Beam","Turbo","Rebound+1"],"picked":"SKIP","floor":20},{"not_picked":["Leap","Heatsinks"],"picked":"Ball Lightning","floor":22},{"not_picked":["Genetic Algorithm","Steam"],"picked":"Streamline+1","floor":23},{"not_picked":["Storm","Redo"],"picked":"Rip and Tear+1","floor":27}],"player_experience":216195,"relics_obtained":[{"floor":7.0,"key":"Mercury Hourglass"},{"floor":9.0,"key":"Art of War"},{"floor":23,"key":"Toy Ornithopter"},{"floor":26,"key":"Regal Pillow"}],"event_choices":[{"damage_healed":18.0,"max_hp_gain":0.0,"max_hp_loss":0.0,"gold_gain":0.0,"event_name":"The Cleric","player_choice":"Healed","floor":11.0,"gold_loss":35.0,"damage_taken":0.0},{"damage_healed":0.0,"max_hp_gain":0.0,"max_hp_loss":0.0,"gold_gain":0.0,"event_name":"Living Wall","player_choice":"Grow","floor":13.0,"gold_loss":0.0,"damage_taken":0.0,"cards_upgraded":["Consume"]},{"damage_healed":0,"gold_gain":0,"player_choice":"Ignored","damage_taken":0,"max_hp_gain":0,"max_hp_loss":0,"event_name":"Ghosts","floor":21,"gold_loss":0}],"is_beta":false,"boss_relics":[{"not_picked":["Runic Dome","Fusion Hammer"],"picked":"Velvet Choker"}],"items_purged_floors":[3,19],"is_endless":false,"potions_floor_spawned":[1,2,4,16,18,23],"killed_by":"Slavers","ascension_level":3}}