{"host":"k5dhp0bkccqfauyu","time":1613908188,"event":{"mods":["BaseMod","Better Note","Better Skull","Better Vampires","Colored Map","Colored Powertips","DeckTracker","Minty Spire (QoL Compilation)","Permanent Neow","StSLib","SuperFastMode"],"gold_per_floor":[115,131,142,157,0,0,25,25,25,40,73,73,92,124,124,222,222,237,237],"floor_reached":18,"language":"ENG","playtime":535,"items_purged":[],"score":219,"play_id":"6d7e3eb8-3ea3-457b-824e-cd72b930ffca","local_time":"20210221224948","is_ascension_mode":true,"campfire_choices":[{"data":"Eruption","floor":6,"key":"SMITH"},{"data":"Omniscience","floor":8,"key":"SMITH"},{"data":"Adaptation","floor":12,"key":"SMITH"},{"data":"Fasting2","floor":15,"key":"SMITH"}],"circlet_count":0,"master_deck":["Eruption+1","Vigilance","Conclude","Adaptation+1","CutThroughFate","Omniscience+1","Clumsy","CrushJoints","Fasting2+1","Wish","TalkToTheHand","ConjureBlade","Indignation","Vault","Blasphemy","Worship","Brilliance","Scrawl"],"relics":["Cursed Key","TheAbacus","Ornamental Fan","Meat on the Bone","Shuriken","Unceasing Top","Pandora\u0027s Box"],"acts_visited":["Exordium","TheCity"],"potions_floor_usage":[11,16],"damage_taken":[{"damage":0,"enemies":"Cultist","floor":1,"turns":3},{"damage":5,"enemies":"Small Slimes","floor":2,"turns":2},{"damage":6,"enemies":"Jaw Worm","floor":3,"turns":2},{"damage":6,"enemies":"3 Louse","floor":4,"turns":3},{"damage":0,"enemies":"Gremlin Nob","floor":7,"turns":2},{"damage":0,"enemies":"2 Fungi Beasts","floor":10,"turns":2},{"damage":3,"enemies":"3 Sentries","floor":11,"turns":3},{"damage":0,"enemies":"Exordium Wildlife","floor":13,"turns":2},{"damage":4,"enemies":"Lagavulin","floor":14,"turns":5},{"damage":23,"enemies":"The Guardian","floor":16,"turns":8},{"damage":28,"enemies":"3 Byrds","floor":18,"turns":5}],"seed_played":"2934826611486625599","potions_obtained":[{"floor":1,"key":"AttackPotion"},{"floor":7,"key":"GamblersBrew"},{"floor":11,"key":"Ancient Potion"},{"floor":14,"key":"BlessingOfTheForge"}],"is_trial":false,"path_per_floor":["M","M","M","M","$","R","E","R","T","M","E","R","M","E","R","B",null,"M"],"character_chosen":"WATCHER","items_purchased":["TheAbacus"],"campfire_rested":0,"item_purchase_floors":[5],"current_hp_per_floor":[72,67,61,55,55,55,55,55,55,55,52,52,52,48,48,37,72,44,44],"gold":237,"neow_bonus":"BOSS_RELIC","is_daily":false,"chose_seed":false,"campfire_upgraded":4,"win_rate":0.0,"timestamp":1613908188,"path_taken":["M","M","M","M","$","R","E","R","T","M","E","R","M","E","R","BOSS","M"],"items_purchased_type":["Relic"],"build_version":"2020-12-22","purchased_purges":0,"victory":false,"max_hp_per_floor":[72,72,72,72,72,72,72,72,72,72,72,72,72,72,72,72,72,72,72],"card_choices":[{"not_picked":["Evaluate","FlyingSleeves"],"picked":"Conclude","floor":1},{"not_picked":["SashWhip","Crescendo"],"picked":"Adaptation","floor":2},{"not_picked":["FlyingSleeves","Crescendo","WaveOfTheHand"],"picked":"SKIP","floor":3},{"not_picked":["CarveReality","CrushJoints"],"picked":"CutThroughFate","floor":4},{"not_picked":["EmptyFist","FollowUp"],"picked":"Omniscience","floor":7},{"not_picked":["SashWhip","FollowUp","Worship"],"picked":"SKIP","floor":10},{"not_picked":["Protect","JustLucky","BowlingBash"],"picked":"SKIP","floor":11},{"not_picked":["ClearTheMind","FlyingSleeves"],"picked":"CrushJoints","floor":13},{"not_picked":["BattleHymn","Consecrate"],"picked":"Fasting2","floor":14},{"not_picked":["Judgement","SpiritShield"],"picked":"Wish","floor":16}],"player_experience":1882817,"relics_obtained":[{"floor":7,"key":"Ornamental Fan"},{"floor":9,"key":"Meat on the Bone"},{"floor":11,"key":"Shuriken"},{"floor":14,"key":"Unceasing Top"}],"event_choices":[],"is_beta":false,"boss_relics":[{"not_picked":["Busted Crown","Sozu"],"picked":"Pandora\u0027s Box"}],"items_purged_floors":[],"is_endless":false,"potions_floor_spawned":[1,7,11,14],"killed_by":"3 Byrds","ascension_level":1}}