{"host":"nia1zwr35jsu5y7h","time":1613900143,"event":{"mods":["2.2 Compatiblity","Abigail Mod","Bard","BaseMod","Colored Map","Conspire","Downfall","Friendly Minions","Hermit","Highlight Path","Hubris","Infinite Spire","Kiyohime????","Koishi","Marisa????????","Minty Spire (QoL Compilation)","Quick Restart","Replay The Spire","Shade Mod","Shop Mod","StSLib","The Animator","The Construct","The Cursed","The Disciple","The Mystic","The Necromancer","The Servant 0.9.4"],"gold_per_floor":[116,127,42,42,42,117,28,43,43,73,73,103,120,158,158,158,158],"floor_reached":16,"language":"ENG","playtime":724,"items_purged":[],"score":286,"play_id":"398e542c-86ed-4c0b-a900-2910df934551","local_time":"20210221013543","is_ascension_mode":true,"campfire_choices":[{"data":"ForgedInTime","floor":15,"key":"SMITH"}],"circlet_count":0,"master_deck":["AscendersBane","Strike_S","Strike_S","Strike_S","Defend_S","Defend_S","Defend_S","Defend_S","KidneyShot","Exchange","Ricochet","Misdirection","GearUp","SilverMatrix","GearUp","Luminosity","FanOfKnives","Moonlight","ForgedInTime+1","BottledTime","FloweringNight"],"relics":["Uniform","NeowsBlessing","hubris:MobiusCoin","hubris:TinFlute","Broom","hubris:SlimyHat","Strawberry"],"acts_visited":["Exordium"],"potions_floor_usage":[],"damage_taken":[{"damage":0,"enemies":"conspire:RoseBush","floor":1,"turns":1},{"damage":0,"enemies":"Cultist","floor":2,"turns":1},{"damage":0,"enemies":"Lagavulin","floor":6,"turns":1},{"damage":0,"enemies":"Jaw Worm","floor":8,"turns":5},{"damage":20,"enemies":"3 Sentries","floor":10,"turns":6},{"damage":7,"enemies":"Lagavulin","floor":12,"turns":8},{"damage":2,"enemies":"Blue Slaver","floor":13,"turns":6},{"damage":0,"enemies":"conspire:MimicChest","floor":14,"turns":12},{"damage":51,"enemies":"Fading Forest","floor":16,"turns":12}],"seed_played":"359547247481410576","potions_obtained":[{"floor":6,"key":"Reflective Coating"},{"floor":13,"key":"Dexterity Potion"}],"is_trial":false,"path_per_floor":["M","M","$","?","$","E","$","M","T","E","?","E","M","?","R","B"],"character_chosen":"THE_SERVANT","items_purchased":["GearUp","Luminosity"],"campfire_rested":0,"item_purchase_floors":[3,7],"current_hp_per_floor":[54,54,54,54,54,54,54,54,54,34,34,27,25,32,32,0,0],"gold":158,"neow_bonus":"THREE_ENEMY_KILL","is_daily":false,"chose_seed":false,"campfire_upgraded":1,"win_rate":0.0,"timestamp":1613900143,"path_taken":["M","M","$","?","?","E","$","M","T","E","?","E","?","?","R","BOSS"],"items_purchased_type":["Card","Card"],"build_version":"2020-12-22","purchased_purges":0,"victory":false,"max_hp_per_floor":[60,60,60,60,60,60,60,60,60,60,60,60,60,67,67,67,67],"card_choices":[{"not_picked":["Rearm","Revamp"],"picked":"Ricochet","floor":1},{"not_picked":["Rewind","Advance"],"picked":"Misdirection","floor":2},{"not_picked":["Unruled","Luminosity"],"picked":"GearUp","floor":6},{"not_picked":["Potential","Starlight"],"picked":"FanOfKnives","floor":8},{"not_picked":["Revamp","Rearm"],"picked":"Moonlight","floor":10},{"not_picked":["SpecialFormula","WasteNot"],"picked":"BottledTime","floor":12},{"not_picked":["Spin","Starlight","Unruled"],"picked":"SKIP","floor":13},{"not_picked":["BottledTime","Unruled"],"picked":"FloweringNight","floor":14}],"player_experience":2207760,"relics_obtained":[{"floor":6,"key":"hubris:MobiusCoin"},{"floor":9,"key":"hubris:TinFlute"},{"floor":10,"key":"Broom"},{"floor":12,"key":"hubris:SlimyHat"},{"floor":14,"key":"Strawberry"}],"event_choices":[{"damage_healed":0,"gold_gain":0,"player_choice":"1 cards matched","damage_taken":0,"max_hp_gain":0,"max_hp_loss":0,"event_name":"Match and Keep!","floor":4,"gold_loss":0,"cards_obtained":["SilverMatrix"]},{"damage_healed":0,"gold_gain":0,"cards_transformed":["Strike_S"],"player_choice":"Transformed","damage_taken":0,"max_hp_gain":0,"max_hp_loss":0,"event_name":"Transmorgrifier","floor":11,"gold_loss":0,"cards_obtained":["ForgedInTime"]}],"is_beta":false,"boss_relics":[],"items_purged_floors":[],"is_endless":false,"potions_floor_spawned":[6,13,14],"killed_by":"Fading Forest","ascension_level":20}}