{"host":"rrij23lch31mx125","time":1613866629,"event":{"mods":["AchievementEnabler","BaseMod","Block Reminder","Colored Map","Colored Powertips","Custom Start","Friendly Minions","Highlight Path","Minty Spire (QoL Compilation)","Replay The Spire","StSLib"],"gold_per_floor":[112,125,125,125,125,150,177,197,197,197,223,236,270,284,293,390,390,406,417,426,438,438,447,763,763,763,772,816,590,631,650,650,750,750,764,774,693,711,765,765,582,614,655,695,695,731,731,758,718,824,924,937,710,727,742,764,764,793,809,835,852,861,861,572,603,603,705,705,716,725,725,271,310,310,335,396,473,254,331,331,405,437,437,533,533,548,613,672,692,704,735,735,769,841,841,869,887,945,980,980,1128,1128,1183,1244,1357,1157,1219,1250,1250,1277,1353,1428,1428,1092,1118,1131,1131,1226,1226,1289,1301,1310,1310,1326,1326,1396,1409,1439,1439,1510,1540,1602,1674,1674,1770,1770,1789,1789,1805,1805,1310,1310,1368,1411,1449,1520,1584,1601,1601,1627,1627,1746,1746,1765,1715,1715,1732,1799,1873,1361,1361,1412,1412,1445,1445,1523,1618,1618,1735,1735,1764,1773,1804,1804],"floor_reached":173,"language":"ENG","playtime":10185,"items_purged":["Iron Wave","Clothesline","Pommel Strike","Carnage","Carnage","Twin Strike","Pot Of Greed","Feed+1","Feed+1","Bloodletting+1","Flex+1","Pot Of Greed+1"],"score":5089,"play_id":"6f40f080-ca04-47cb-af00-8204942c5283","local_time":"20210220191709","daily_mods":["Draft","Vintage","Heirloom","DeadlyEvents","Elite Swarm","Night Terrors"],"is_ascension_mode":false,"campfire_choices":[{"data":"Anger","floor":10,"key":"SMITH"},{"data":"Defy Death","floor":15,"key":"PURGE"},{"data":"Double Tap","floor":23,"key":"SMITH"},{"data":"Heavy Blade","floor":25,"key":"SMITH"},{"data":"Heavy Blade","floor":27,"key":"SMITH"},{"data":"Iron Wave","floor":32,"key":"PURGE"},{"data":"Pommel Strike","floor":40,"key":"PURGE"},{"data":"Bludgeon","floor":45,"key":"PURGE"},{"data":"ReplayTheSpireMod:Private Reserves","floor":47,"key":"SMITH"},{"data":"Twin Strike","floor":57,"key":"PURGE"},{"data":"Feed","floor":62,"key":"SMITH"},{"data":"Bloodletting","floor":62,"key":"SMITH"},{"data":"Immolate","floor":66,"key":"SMITH"},{"data":"Feed","floor":66,"key":"SMITH"},{"data":"Pot Of Greed","floor":74,"key":"SMITH"},{"data":"Pot Of Greed","floor":74,"key":"SMITH"},{"data":"Hemokinesis","floor":80,"key":"PURGE"},{"data":"Replay:BasicMightCard+1","floor":83,"key":"PURGE"},{"data":"Inflame","floor":92,"key":"SMITH"},{"data":"Bloodletting","floor":92,"key":"SMITH"},{"data":"Enlightenment+1","floor":95,"key":"PURGE"},{"data":"Hemokinesis","floor":100,"key":"PURGE"},{"data":"Flex","floor":109,"key":"SMITH"},{"data":"Dual Wield","floor":109,"key":"SMITH"},{"data":"Thinking Ahead+1","floor":117,"key":"PURGE"},{"data":"Thunderclap+1","floor":125,"key":"PURGE"},{"data":"Inflame+1","floor":129,"key":"PURGE"},{"data":"Bloodletting+1","floor":134,"key":"PURGE"},{"data":"Immolate+1","floor":142,"key":"PURGE"},{"data":"ReplayTheSpireMod:Private Reserves+1","floor":149,"key":"PURGE"},{"data":"Flex+1","floor":151,"key":"PURGE"},{"data":"Dual Wield+1","floor":161,"key":"PURGE"},{"data":"Heavy Blade+1","floor":165,"key":"PURGE"},{"data":"Pot Of Greed+1","floor":168,"key":"PURGE"}],"circlet_count":0,"master_deck":["Heavy Blade+1","Whirlwind+1","Flex+1","Heavy Blade+1","Limit Break+1","Double Tap+1","Offering+1","RitualDagger+1","Brutality+1"],"relics":["Black Blood","replay:Trail_Library","TungstenRod","Pear","Onion Ring","NlothsMask","Happy Flower","ReplayTheSpireMod:TigerMarble","HornCleat","CeramicFish","Replay:Wax Seal","Letter Opener","Lantern","King of Hearts","Bag of Preparation","War Paint","Pocketwatch","Old Coin","Mirror","Peace Pipe","Membership Card","Omamori","Nunchaku","Replay:Bronze Core","Gremlin Food","Anchor","Molten Egg 2","Another Sword","ReplayTheSpireMod:Lightbulb","Bronze Scales","Golden Egg","Akabeko","Replay:Wanted Poster","replay:Trail_Library","Torii","Medical Kit","Art of War","Replay:Bottled Flurry","Bird Faced Urn","Odd Mushroom","Replay:Bottled Steam","Replay:Mystery Machine","Replay:Arrowhead","Ring of Misfortune","ReplayTheSpireMod:Ring of Challenge","Replay:Ringing Soul","Lee\u0027s Waffle","ReplayTheSpireMod:Spearhead","Red Skull","Brimstone","Counterbalance","Matryoshka","Sundial","Orichalcum","Centennial Puzzle","Pet Ghost","Replay:Kaleidoscope","Blue Candle","Gremlin Horn","Oddly Smooth Stone","MealTicket","ReplayFunnel","Toy Ornithopter","replay:Trail_Library","Ornamental Fan","Replay:Rubber Ducky","Meat on the Bone","Potion Belt","Frozen Eye","Bottled Lightning","PreservedInsect","Vajra","Toxic Egg 2","Paper Frog","Bottled Flame","The Courier","Nloth\u0027s Gift","Replay:Bottled Eggs","StrikeDummy","Replay:Towering Pillar of Hats","Garlic","Strawberry","ReplayTheSpireMod:Shallot","Bag of Marbles","Blood Vial","Replay:PocketPolymizer","Replay:Accelerometer","Replay:Bandana","Smiling Mask","Regal Pillow","FossilizedHelix","Pantograph","replay:Trail_Library","Pen Nib","Question Card","Dream Catcher","Whetstone","Replay:Baseball","Tiny Chest","Ice Cream","Boot","InkBottle","Ancient Tea Set","Pondfish Scales"],"acts_visited":["Exordium","TheCity","TheBeyond","Exordium","TheCity","TheBeyond","Exordium","TheCity","TheBeyond","Exordium","TheCity"],"potions_floor_usage":[44,50,90,90,90,90,152],"damage_taken":[{"damage":10,"enemies":"Jaw Worm","floor":1,"turns":2},{"damage":7,"enemies":"Small Slimes","floor":2,"turns":2},{"damage":9,"enemies":"Replay:BlueRogue","floor":6,"turns":3},{"damage":0,"enemies":"Gremlin Nob","floor":7,"turns":2},{"damage":1,"enemies":"Cultist","floor":8,"turns":1},{"damage":0,"enemies":"2 Fungi Beasts","floor":12,"turns":1},{"damage":9,"enemies":"3 Sentries","floor":13,"turns":3},{"damage":0,"enemies":"3 Louse","floor":14,"turns":2},{"damage":11,"enemies":"The Guardian","floor":16,"turns":5},{"damage":6,"enemies":"Chosen","floor":18,"turns":2},{"damage":0,"enemies":"2 Thieves","floor":19,"turns":1},{"damage":2,"enemies":"Snake Plant","floor":21,"turns":1},{"damage":0,"enemies":"Centurion and Healer","floor":24,"turns":1},{"damage":6,"enemies":"Replay:Snechameleon","floor":28,"turns":2},{"damage":4,"enemies":"Slavers","floor":30,"turns":2},{"damage":5,"enemies":"Shelled Parasite and Fungi","floor":31,"turns":2},{"damage":34,"enemies":"Pondfish","floor":33,"turns":8},{"damage":2,"enemies":"3 Darklings","floor":35,"turns":2},{"damage":3,"enemies":"3 Shapes","floor":36,"turns":2},{"damage":4,"enemies":"Sphere and 2 Shapes","floor":38,"turns":2},{"damage":1,"enemies":"2 Orb Walkers","floor":39,"turns":1},{"damage":2,"enemies":"Reptomancer","floor":42,"turns":1},{"damage":4,"enemies":"R_Hoarder","floor":44,"turns":3},{"damage":0,"enemies":"Reptomancer","floor":48,"turns":1},{"damage":25,"enemies":"Replay:Hell Engine","floor":50,"turns":3},{"damage":0,"enemies":"2 Louse","floor":52,"turns":1},{"damage":0,"enemies":"Cultist","floor":54,"turns":1},{"damage":0,"enemies":"Small Slimes","floor":55,"turns":1},{"damage":0,"enemies":"The Mushroom Lair","floor":56,"turns":1},{"damage":0,"enemies":"3 Sentries","floor":58,"turns":1},{"damage":2,"enemies":"Looter","floor":59,"turns":1},{"damage":2,"enemies":"Exordium Thugs","floor":61,"turns":1},{"damage":1,"enemies":"2 Fungi Beasts","floor":65,"turns":1},{"damage":4,"enemies":"The Guardian","floor":67,"turns":2},{"damage":11,"enemies":"Shell Parasite","floor":69,"turns":2},{"damage":39,"enemies":"Gremlin Leader","floor":73,"turns":3},{"damage":5,"enemies":"Book of Stabbing","floor":75,"turns":1},{"damage":15,"enemies":"3 Byrds","floor":76,"turns":2},{"damage":2,"enemies":"Gremlin Leader","floor":77,"turns":1},{"damage":1,"enemies":"Book of Stabbing","floor":79,"turns":1},{"damage":7,"enemies":"Gremlin Leader","floor":81,"turns":1},{"damage":0,"enemies":"Book of Stabbing","floor":82,"turns":1},{"damage":5,"enemies":"Automaton","floor":84,"turns":2},{"damage":10,"enemies":"Orb Walker","floor":86,"turns":2},{"damage":10,"enemies":"3 Shapes","floor":87,"turns":3},{"damage":8,"enemies":"Jaw Worm Horde","floor":88,"turns":1},{"damage":8,"enemies":"Maw","floor":89,"turns":2},{"damage":8,"enemies":"Transient","floor":90,"turns":4},{"damage":3,"enemies":"Reptomancer","floor":91,"turns":1},{"damage":1,"enemies":"R_Hoarder","floor":93,"turns":3},{"damage":9,"enemies":"Giant Head","floor":94,"turns":1},{"damage":1,"enemies":"R_Hoarder","floor":96,"turns":2},{"damage":0,"enemies":"Spire Growth","floor":97,"turns":1},{"damage":2,"enemies":"Writhing Mass","floor":98,"turns":1},{"damage":2,"enemies":"Nemesis","floor":99,"turns":1},{"damage":30,"enemies":"Time Eater","floor":101,"turns":2},{"damage":0,"enemies":"Small Slimes","floor":103,"turns":1},{"damage":0,"enemies":"2 Louse","floor":104,"turns":1},{"damage":9,"enemies":"Jaw Worm","floor":107,"turns":1},{"damage":5,"enemies":"Lagavulin","floor":108,"turns":1},{"damage":0,"enemies":"Gremlin Nob","floor":110,"turns":1},{"damage":5,"enemies":"3 Sentries","floor":111,"turns":1},{"damage":0,"enemies":"Lagavulin","floor":112,"turns":1},{"damage":2,"enemies":"Gremlin Nob","floor":115,"turns":1},{"damage":0,"enemies":"2 Fungi Beasts","floor":116,"turns":1},{"damage":5,"enemies":"Hexaghost","floor":118,"turns":1},{"damage":2,"enemies":"3 Byrds","floor":120,"turns":1},{"damage":0,"enemies":"Spheric Guardian","floor":121,"turns":1},{"damage":2,"enemies":"Snecko","floor":124,"turns":1},{"damage":11,"enemies":"Gremlin Leader","floor":126,"turns":2},{"damage":0,"enemies":"Sentry and Sphere","floor":127,"turns":1},{"damage":5,"enemies":"Slavers","floor":128,"turns":1},{"damage":5,"enemies":"Gremlin Leader","floor":130,"turns":1},{"damage":0,"enemies":"Slavers","floor":131,"turns":1},{"damage":0,"enemies":"Shelled Parasite and Fungi","floor":132,"turns":1},{"damage":2,"enemies":"Book of Stabbing","floor":133,"turns":1},{"damage":5,"enemies":"Automaton","floor":135,"turns":2},{"damage":5,"enemies":"3 Darklings","floor":137,"turns":1},{"damage":0,"enemies":"3 Shapes","floor":139,"turns":1},{"damage":21,"enemies":"Writhing Mass","floor":143,"turns":1},{"damage":0,"enemies":"R_Hoarder","floor":144,"turns":1},{"damage":5,"enemies":"Reptomancer","floor":145,"turns":1},{"damage":11,"enemies":"Maw","floor":146,"turns":4},{"damage":3,"enemies":"Giant Head","floor":147,"turns":1},{"damage":0,"enemies":"3 Darklings","floor":148,"turns":1},{"damage":0,"enemies":"Jaw Worm Horde","floor":150,"turns":1},{"damage":69,"enemies":"Replay:Hell Engine","floor":152,"turns":4},{"damage":0,"enemies":"2 Louse","floor":154,"turns":1},{"damage":0,"enemies":"Small Slimes","floor":157,"turns":1},{"damage":0,"enemies":"Jaw Worm","floor":158,"turns":4},{"damage":0,"enemies":"Gremlin Nob","floor":159,"turns":1},{"damage":0,"enemies":"3 Sentries","floor":162,"turns":1},{"damage":0,"enemies":"Lagavulin","floor":164,"turns":1},{"damage":0,"enemies":"Gremlin Nob","floor":166,"turns":1},{"damage":0,"enemies":"3 Sentries","floor":167,"turns":1},{"damage":0,"enemies":"Slime Boss","floor":169,"turns":1},{"damage":0,"enemies":"Shell Parasite","floor":171,"turns":2},{"damage":86,"enemies":"2 Thieves","floor":173,"turns":2}],"seed_played":"3161741518387679334","potions_obtained":[{"floor":1,"key":"Toxic Potion"},{"floor":2,"key":"EssenceOfSteel"},{"floor":7,"key":"Strength Potion"},{"floor":33,"key":"Death Potion"},{"floor":52,"key":"Venom Potion"},{"floor":56,"key":"EntropicBrew"},{"floor":105,"key":"GamblersBrew"},{"floor":110,"key":"LiquidBronze"},{"floor":152,"key":"BloodPotion"},{"floor":159,"key":"Fire Potion"}],"is_trial":true,"path_per_floor":["M","M","?","?","?","E","E","M","T","R","T","M","E","M","R_BF","B",null,"M","M","?","M","T","R","M","R","T","R","E","$","E","M","R","B",null,"M","M","$","M","?","R","$","E","T","E","R","?","R","E","R_BF","B",null,"M","$","M","M","?","R","E","M","T","M","R","?","$","M","R","B",null,"M","?","?","$","E","R","E","M","E","$","E","R","E","E","R","B",null,"M","M","M","M","M","E","R","E","E","R","E","M","M","E","R","B",null,"M","M","?","$","M","E","R","E","E","E","?","$","E","M","R","B",null,"M","M","?","?","M","R","E","M","E","R","E","E","M","E","R","B",null,"M","?","M","?","$","R","M","E","E","M","E","M","R","M","R","B",null,"M","$","?","M","M","E","$","R","E","?","E","R","E","E","R","B",null,"M","?","M"],"character_chosen":"IRONCLAD","items_purchased":["Membership Card","Hemokinesis","Heavy Blade+1","ReplayTheSpireMod:Lightbulb","Medical Kit","Art of War","Replay:Ringing Soul","Lee\u0027s Waffle","Brimstone","Counterbalance","Matryoshka","Enlightenment","Orichalcum","Frozen Eye","Vajra","Toxic Egg 2","Bag of Marbles","Blood Vial","Replay:PocketPolymizer","Replay:Accelerometer","Replay:Baseball","Tiny Chest","Ice Cream","Boot","InkBottle","Ancient Tea Set"],"campfire_rested":0,"item_purchase_floors":[29,37,41,41,53,53,64,64,72,72,72,78,78,106,114,114,141,141,141,141,160,160,160,160,160,160],"current_hp_per_floor":[86,85,85,90,90,87,93,95,95,95,95,98,98,104,104,99,104,104,104,104,104,104,104,104,104,104,104,104,104,104,104,104,82,104,104,107,107,110,110,110,110,113,113,113,113,104,104,116,116,103,116,116,116,116,116,119,119,119,119,119,119,119,119,126,126,126,126,126,126,129,129,129,107,107,116,115,125,128,135,135,135,135,135,135,135,135,139,139,139,139,143,143,143,143,143,143,143,143,143,143,127,143,143,143,146,146,146,146,146,146,146,146,140,146,146,146,146,146,146,146,146,144,144,149,149,149,149,149,149,149,149,149,149,149,149,149,156,148,148,148,148,148,139,148,148,148,148,148,148,148,148,96,74,74,74,74,74,74,74,74,74,74,74,74,74,74,74,74,74,74,74,74,0,0],"gold":1804,"neow_bonus":"","is_daily":false,"chose_seed":false,"campfire_upgraded":15,"win_rate":0.0,"timestamp":1613866629,"path_taken":["M","M","?","?","?","E","?","M","T","R","?","?","E","M","R_BF","BOSS","M","M","?","M","?","R","M","R","T","R","E","$","E","M","R","BOSS","M","M","$","M","?","R","$","E","T","E","R","?","R","?","R_BF","BOSS","M","$","M","M","?","R","E","M","T","?","R","?","?","?","R","BOSS","M","?","?","$","?","R","E","M","E","?","E","R","?","E","R","BOSS","M","?","M","M","?","E","R","E","E","R","?","M","?","E","R","BOSS","M","?","?","$","M","E","R","E","E","?","?","$","E","?","R","BOSS","M","M","?","?","M","R","E","M","E","R","?","E","?","E","R","BOSS","M","?","?","?","$","R","?","E","E","M","E","?","R","M","R","BOSS","M","$","?","?","M","E","$","R","E","?","E","R","E","?","R","BOSS","M","?","M"],"items_purchased_type":["Relic","Card","Card","Relic","Relic","Relic","Relic","Relic","Relic","Relic","Relic","Card","Relic","Relic","Relic","Relic","Relic","Relic","Relic","Relic","Relic","Relic","Relic","Relic","Relic","Relic"],"build_version":"2020-12-22","purchased_purges":12,"victory":false,"max_hp_per_floor":[90,90,90,95,95,95,95,95,95,95,95,98,101,104,104,104,104,104,104,104,104,104,104,104,104,104,104,104,104,104,104,104,104,104,104,107,107,110,110,110,110,113,113,113,113,113,113,116,116,116,116,116,116,116,116,119,119,119,119,119,119,119,119,126,126,126,126,126,126,129,129,129,132,132,132,132,132,135,135,135,135,135,135,135,135,135,139,139,139,139,143,143,143,143,143,143,143,143,143,143,143,143,143,143,146,146,146,146,146,146,146,146,146,146,146,146,146,146,146,146,146,149,149,149,149,149,149,149,149,149,149,149,149,149,149,149,156,148,148,148,148,148,148,148,148,148,148,148,148,148,148,148,74,74,74,74,74,74,74,74,74,74,74,74,74,74,74,74,74,74,74,74,74,74],"card_choices":[{"not_picked":["Dark Embrace","ReplayTheSpireMod:Corrosion Curse"],"picked":"Twin Strike","floor":0},{"not_picked":["Dropkick","Heavy Blade"],"picked":"Iron Wave","floor":0},{"not_picked":["True Grit","ReplayTheSpireMod:Stacked"],"picked":"Hemokinesis","floor":0},{"not_picked":["Rampage","Warcry"],"picked":"Pommel Strike","floor":0},{"not_picked":["Rupture","Disarm"],"picked":"Flex","floor":0},{"not_picked":["Seeing Red","Run Through"],"picked":"Twin Strike","floor":0},{"not_picked":["Spot Weakness","Rage"],"picked":"Iron Wave","floor":0},{"not_picked":["Feel No Pain","Abandon"],"picked":"Heavy Blade","floor":0},{"not_picked":["Sever Soul","Body Slam"],"picked":"Defy Death","floor":0},{"not_picked":["Wild Strike","Defy Death"],"picked":"Whirlwind","floor":0},{"not_picked":["Iron Wave","Run Through"],"picked":"Flex","floor":0},{"not_picked":["Heavy Blade","Run Through"],"picked":"Pommel Strike","floor":0},{"not_picked":["Run Through","Pommel Strike"],"picked":"Carnage","floor":0},{"not_picked":["Fire Breathing","True Grit"],"picked":"Clothesline","floor":0},{"not_picked":["ReplayReversal","ReplayTheSpireMod:Strike From Hell"],"picked":"Inflame","floor":0},{"not_picked":["Demon Form","Double Tap"],"picked":"Immolate","floor":6},{"not_picked":["Demonic Infusion","Exhume"],"picked":"Feed","floor":7},{"not_picked":["Offering","Reaper"],"picked":"Double Tap","floor":13},{"not_picked":["Immolate","Impervious"],"picked":"Bludgeon","floor":28},{"not_picked":["Demonic Infusion","Brutality"],"picked":"Feed","floor":30},{"not_picked":["Reaper+1","Juggernaut","Corruption"],"picked":"SKIP","floor":42},{"not_picked":["Barricade","Feed+1"],"picked":"Limit Break","floor":44},{"not_picked":["Good Instincts","Discovery"],"picked":"Thinking Ahead","floor":46},{"not_picked":["Trip","ReplayTheSpireMod:Trickstab+1"],"picked":"Replay:BasicMightCard","floor":46},{"not_picked":["Swift Strike+1","Survey Options"],"picked":"ReplayTheSpireMod:Private Reserves","floor":46},{"not_picked":["Impervious","Bludgeon+1","Reaper+1"],"picked":"SKIP","floor":48},{"not_picked":["Replay:Many Hands","Corruption"],"picked":"Double Tap","floor":50},{"not_picked":["Eclipse","Hemogenesis+1","Juggernaut"],"picked":"SKIP","floor":58},{"not_picked":["Juggernaut","Bludgeon+1"],"picked":"Offering","floor":73},{"not_picked":["Eclipse","Brutality","Replay:Many Hands"],"picked":"SKIP","floor":75},{"not_picked":["Demon Form","Eclipse","Hemogenesis+1"],"picked":"SKIP","floor":77},{"not_picked":["Eclipse","Feed+1","Reaper+1"],"picked":"SKIP","floor":79},{"not_picked":["Hemogenesis+1","Demonic Infusion","Fiend Fire+1"],"picked":"SKIP","floor":81},{"not_picked":["Demon Form","Eclipse","Hemogenesis+1"],"picked":"SKIP","floor":82},{"not_picked":["Demonic Infusion","Hemogenesis+1","Replay:Many Hands"],"picked":"SKIP","floor":91},{"not_picked":["Fiend Fire+1","Bludgeon+1","Barricade"],"picked":"SKIP","floor":93},{"not_picked":["Impervious","Eclipse","Barricade"],"picked":"SKIP","floor":94},{"not_picked":["Barricade","Immolate+1","Bludgeon+1"],"picked":"SKIP","floor":96},{"not_picked":["Hemogenesis+1","Replay:Many Hands","Fiend Fire+1"],"picked":"SKIP","floor":99},{"not_picked":["Dropkick+1","Heavy Blade+1"],"picked":"Dual Wield","floor":105},{"not_picked":["True Grit","Replay:Undeath\u0027s Touch+1"],"picked":"Flex","floor":105},{"not_picked":["Double Tap","Limit Break","Feed+1"],"picked":"SKIP","floor":108},{"not_picked":["Impervious","Demon Form","Hemogenesis+1"],"picked":"SKIP","floor":110},{"not_picked":["Fiend Fire+1","Impervious","Hemogenesis+1"],"picked":"SKIP","floor":111},{"not_picked":["Corruption","Immolate+1","Berserk"],"picked":"SKIP","floor":112},{"not_picked":["Offering+1","Eclipse+1","Barricade"],"picked":"SKIP","floor":115},{"not_picked":["Demonic Infusion+1","Fiend Fire+1","Double Tap+1"],"picked":"SKIP","floor":126},{"not_picked":["Bludgeon+1","Corruption","Feed+1"],"picked":"SKIP","floor":128},{"not_picked":["Demonic Infusion+1","Fiend Fire+1","Reaper+1"],"picked":"SKIP","floor":130},{"not_picked":["Barricade","Hemogenesis+1","Offering+1"],"picked":"SKIP","floor":131},{"not_picked":["Hemogenesis+1","Feed+1","Barricade"],"picked":"SKIP","floor":133},{"not_picked":["Exhume+1","Bludgeon+1","Fiend Fire+1"],"picked":"SKIP","floor":144},{"not_picked":["Replay:Many Hands+1","Bludgeon+1","Hemogenesis+1"],"picked":"SKIP","floor":145},{"not_picked":["Fiend Fire+1","Impervious+1","Corruption"],"picked":"SKIP","floor":147},{"not_picked":["Corruption","Reaper+1","Brutality","Eclipse+1"],"picked":"SKIP","floor":159},{"not_picked":["Feed+1","Hemogenesis+1","Immolate+1","Offering+1"],"picked":"SKIP","floor":162},{"not_picked":["Impervious+1","Demon Form","Corruption","Replay:Many Hands+1"],"picked":"SKIP","floor":164},{"not_picked":["Exhume+1","Replay:Many Hands+1","Double Tap+1","Immolate+1"],"picked":"SKIP","floor":166},{"not_picked":["Exhume+1","Replay:Many Hands+1","Double Tap+1","Immolate+1"],"picked":"SKIP","floor":166},{"not_picked":["Fiend Fire+1","Reaper+1","Immolate+1","Feed+1"],"picked":"SKIP","floor":167}],"player_experience":102172,"relics_obtained":[{"floor":1,"key":"Pear"},{"floor":2,"key":"Onion Ring"},{"floor":6,"key":"Happy Flower"},{"floor":7,"key":"ReplayTheSpireMod:TigerMarble"},{"floor":8,"key":"HornCleat"},{"floor":11,"key":"CeramicFish"},{"floor":12,"key":"Replay:Wax Seal"},{"floor":13,"key":"Letter Opener"},{"floor":14,"key":"Lantern"},{"floor":18,"key":"King of Hearts"},{"floor":19,"key":"Bag of Preparation"},{"floor":21,"key":"War Paint"},{"floor":22,"key":"Pocketwatch"},{"floor":24,"key":"Old Coin"},{"floor":26,"key":"Mirror"},{"floor":28,"key":"Peace Pipe"},{"floor":30,"key":"Omamori"},{"floor":31,"key":"Nunchaku"},{"floor":35,"key":"Gremlin Food"},{"floor":36,"key":"Anchor"},{"floor":38,"key":"Molten Egg 2"},{"floor":39,"key":"Another Sword"},{"floor":42,"key":"Bronze Scales"},{"floor":43,"key":"Grinning Jar"},{"floor":44,"key":"Golden Egg"},{"floor":48,"key":"Akabeko"},{"floor":52,"key":"Torii"},{"floor":54,"key":"Replay:Bottled Flurry"},{"floor":55,"key":"Bird Faced Urn"},{"floor":56,"key":"Odd Mushroom"},{"floor":59,"key":"Replay:Bottled Steam"},{"floor":60,"key":"Replay:Mystery Machine"},{"floor":61,"key":"Replay:Arrowhead"},{"floor":63,"key":"Ring of Misfortune"},{"floor":63,"key":"ReplayTheSpireMod:Ring of Challenge"},{"floor":65,"key":"ReplayTheSpireMod:Spearhead"},{"floor":69,"key":"Red Skull"},{"floor":76,"key":"Sundial"},{"floor":79,"key":"Centennial Puzzle"},{"floor":86,"key":"Pet Ghost"},{"floor":87,"key":"Replay:Kaleidoscope"},{"floor":88,"key":"Blue Candle"},{"floor":89,"key":"Gremlin Horn"},{"floor":90,"key":"Oddly Smooth Stone"},{"floor":94,"key":"MealTicket"},{"floor":97,"key":"ReplayFunnel"},{"floor":98,"key":"Toy Ornithopter"},{"floor":103,"key":"Ornamental Fan"},{"floor":104,"key":"Replay:Rubber Ducky"},{"floor":105,"key":"Meat on the Bone"},{"floor":105,"key":"Potion Belt"},{"floor":107,"key":"Bottled Lightning"},{"floor":111,"key":"PreservedInsect"},{"floor":116,"key":"Paper Frog"},{"floor":120,"key":"Bottled Flame"},{"floor":121,"key":"The Courier"},{"floor":124,"key":"Replay:Bottled Eggs"},{"floor":127,"key":"StrikeDummy"},{"floor":130,"key":"Replay:Towering Pillar of Hats"},{"floor":132,"key":"Garlic"},{"floor":137,"key":"Strawberry"},{"floor":139,"key":"ReplayTheSpireMod:Shallot"},{"floor":143,"key":"Replay:Bandana"},{"floor":143,"key":"Smiling Mask"},{"floor":146,"key":"Regal Pillow"},{"floor":148,"key":"FossilizedHelix"},{"floor":150,"key":"Pantograph"},{"floor":154,"key":"Pen Nib"},{"floor":157,"key":"Question Card"},{"floor":158,"key":"Dream Catcher"},{"floor":159,"key":"Whetstone"},{"floor":171,"key":"Pondfish Scales"}],"event_choices":[{"damage_healed":0,"gold_gain":0,"player_choice":"Grow","damage_taken":0,"max_hp_gain":0,"max_hp_loss":0,"event_name":"Living Wall","floor":3,"gold_loss":0,"cards_upgraded":["Flex"]},{"damage_healed":0,"gold_gain":0,"player_choice":"Donut","damage_taken":0,"max_hp_gain":5,"max_hp_loss":0,"event_name":"Big Fish","floor":4,"gold_loss":0},{"damage_healed":0,"gold_gain":0,"player_choice":"Trade","damage_taken":0,"relics_obtained":["NlothsMask"],"max_hp_gain":0,"max_hp_loss":0,"event_name":"FaceTrader","floor":5,"gold_loss":0},{"damage_healed":0,"gold_gain":0,"player_choice":"Read","damage_taken":0,"max_hp_gain":0,"max_hp_loss":0,"event_name":"The Library","floor":20,"gold_loss":0,"cards_obtained":["Flex"]},{"damage_healed":0,"gold_gain":0,"player_choice":"Fight","damage_taken":0,"max_hp_gain":0,"max_hp_loss":0,"event_name":"Mysterious Sphere","floor":39,"gold_loss":0},{"damage_healed":0,"gold_gain":0,"player_choice":"Memory 3","damage_taken":10,"max_hp_gain":0,"max_hp_loss":0,"event_name":"SensoryStone","floor":46,"gold_loss":0},{"damage_healed":0,"gold_gain":0,"player_choice":"Upgraded Two","damage_taken":0,"max_hp_gain":0,"max_hp_loss":0,"event_name":"Designer","floor":49,"gold_loss":40,"cards_upgraded":["Replay:BasicMightCard","Whirlwind"]},{"damage_healed":0,"gold_gain":0,"player_choice":"Fought Mushrooms","damage_taken":0,"max_hp_gain":0,"max_hp_loss":0,"event_name":"Mushrooms","floor":56,"gold_loss":0},{"damage_healed":0,"gold_gain":0,"player_choice":"Got Potions","damage_taken":0,"max_hp_gain":0,"max_hp_loss":0,"event_name":"Lab","floor":71,"gold_loss":0},{"cards_removed":["Anger"],"damage_healed":0,"gold_gain":0,"player_choice":"Card Removal","damage_taken":7,"max_hp_gain":0,"max_hp_loss":0,"event_name":"Golden Wing","floor":113,"gold_loss":0},{"damage_healed":0,"gold_gain":0,"player_choice":"Joined the Cult","damage_taken":6,"max_hp_gain":0,"max_hp_loss":0,"event_name":"Nest","floor":122,"gold_loss":0,"cards_obtained":["RitualDagger"]},{"damage_healed":0,"gold_gain":0,"player_choice":"Traded Relic","damage_taken":0,"relics_obtained":["Nloth\u0027s Gift"],"max_hp_gain":0,"max_hp_loss":0,"event_name":"N\u0027loth","floor":123,"relics_lost":["Grinning Jar"],"gold_loss":0},{"damage_healed":0,"gold_gain":0,"player_choice":"Max HP","damage_taken":0,"max_hp_gain":0,"max_hp_loss":8,"event_name":"Winding Halls","floor":138,"gold_loss":0},{"damage_healed":0,"gold_gain":0,"player_choice":"Ignored","damage_taken":0,"max_hp_gain":0,"max_hp_loss":0,"event_name":"Tomb of Lord Red Mask","floor":140,"gold_loss":0},{"damage_healed":0,"gold_gain":0,"player_choice":"Ignored","damage_taken":0,"max_hp_gain":0,"max_hp_loss":0,"event_name":"Shining Light","floor":163,"gold_loss":0},{"damage_healed":0,"gold_gain":0,"cards_transformed":["Flex"],"player_choice":"Transformed","damage_taken":0,"max_hp_gain":0,"max_hp_loss":0,"event_name":"Transmorgrifier","floor":172,"gold_loss":0,"cards_obtained":["Brutality"]}],"is_beta":false,"boss_relics":[{"not_picked":["Replay:Drink Me","Empty Cage"],"picked":"Black Blood"},{"not_picked":["Calling Bell","ReplayTheSpireMod:Onyx Gauntlets"],"picked":"Replay:Bronze Core"},{"not_picked":["ReplayTheSpireMod:DimensionalGlitch","SacredBark"],"picked":"Replay:Wanted Poster"},{"not_picked":["MetallicRebirth"],"picked":"TwistingMind"},{"not_picked":["BlightedDurian"],"picked":"MetallicRebirth"},{"not_picked":["TwistingMind"],"picked":"VoidEssence"},{"not_picked":["MetallicRebirth"],"picked":"Scatterbrain"},{"not_picked":["MetallicRebirth"],"picked":"TwistingMind"},{"not_picked":["GraspOfShadows"],"picked":"BlightedDurian"},{"not_picked":["Accursed"],"picked":"GraspOfShadows"}],"items_purged_floors":[29,37,41,53,64,72,78,106,114,141,155,160],"is_endless":true,"potions_floor_spawned":[1,2,7,8,13,28,31,33,35,38,44,50,52,56,59,65,67,73,76,79,82,87,88,93,94,97,98,107,110,111,115,121,127,128,130,135,143,144,147,150,152,154,159,162,167],"killed_by":"2 Thieves","ascension_level":0}}