{"host":"6ggzka4dag2kvku2","time":1613925926,"event":{"mods":["AchievementEnabler","BaseMod","DeckTracker","Minty Spire (QoL Compilation)","Permanent Neow","Quick Restart","SuperFastMode"],"gold_per_floor":[110,124,142,112,123,123,136,169,169,15,15,48,64,92,92,195,195,207,207,227,14,34,64,64,64],"floor_reached":24,"language":"KOR","playtime":831,"items_purged":["Strike_B"],"score":262,"play_id":"834d3d58-7106-439f-8e22-bc32a2bee377","local_time":"20210222014526","is_ascension_mode":true,"campfire_choices":[{"data":"Fusion","floor":6,"key":"SMITH"},{"data":"Creative AI","floor":15,"key":"SMITH"}],"circlet_count":0,"master_deck":["Strike_B","Strike_B","Strike_B","Defend_B","Defend_B","Defend_B","Defend_B","Zap","Dualcast","Electrodynamics","Conserve Battery","Beam Cell","Defragment","Fusion+1","Turbo","Defragment","Steam","Creative AI+1","Machine Learning","CurseOfTheBell","Double Energy+1","Glacier","Reboot","Coolheaded"],"relics":["Cracked Core","Ancient Tea Set","Orichalcum","PreservedInsect","CultistMask","Happy Flower","Meat on the Bone","Calling Bell","Bag of Marbles","Pear","Girya","Mercury Hourglass"],"acts_visited":["Exordium","TheCity"],"potions_floor_usage":[8,16,16,16,16,23,23],"damage_taken":[{"damage":2,"enemies":"2 Louse","floor":1,"turns":2},{"damage":0,"enemies":"Cultist","floor":2,"turns":3},{"damage":0,"enemies":"Jaw Worm","floor":3,"turns":3},{"damage":7,"enemies":"Red Slaver","floor":5,"turns":3},{"damage":0,"enemies":"Large Slime","floor":7,"turns":4},{"damage":20,"enemies":"Gremlin Nob","floor":8,"turns":4},{"damage":3,"enemies":"3 Sentries","floor":12,"turns":2},{"damage":0,"enemies":"Exordium Wildlife","floor":13,"turns":3},{"damage":13,"enemies":"Lagavulin","floor":14,"turns":5},{"damage":41,"enemies":"The Guardian","floor":16,"turns":10},{"damage":21,"enemies":"Spheric Guardian","floor":18,"turns":5},{"damage":6,"enemies":"Chosen","floor":20,"turns":4},{"damage":13,"enemies":"3 Cultists","floor":22,"turns":3},{"damage":39,"enemies":"Slavers","floor":23,"turns":5},{"damage":19,"enemies":"Snake Plant","floor":24,"turns":2}],"seed_played":"-3301696981191872687","potions_obtained":[{"floor":4,"key":"PotionOfCapacity"},{"floor":4,"key":"DistilledChaos"},{"floor":5,"key":"SpeedPotion"},{"floor":7,"key":"EntropicBrew"},{"floor":12,"key":"SpeedPotion"},{"floor":14,"key":"Regen Potion"},{"floor":16,"key":"Explosive Potion"},{"floor":18,"key":"DistilledChaos"},{"floor":23,"key":"Explosive Potion"}],"is_trial":false,"path_per_floor":["M","M","M","?","M","R","M","E","T","$","?","E","M","E","R","B",null,"M","?","M","$","M","E","M"],"character_chosen":"DEFECT","items_purchased":["PreservedInsect","Reboot"],"campfire_rested":0,"item_purchase_floors":[10,21],"current_hp_per_floor":[73,73,73,73,66,66,66,46,46,46,46,43,43,30,30,16,85,64,64,58,58,45,18,0,0],"gold":64,"neow_bonus":"ONE_RANDOM_RARE_CARD","is_daily":false,"chose_seed":false,"campfire_upgraded":2,"win_rate":0.0,"timestamp":1613925926,"path_taken":["M","M","M","?","?","R","M","E","T","?","?","E","?","E","R","BOSS","M","?","M","$","M","E","M"],"items_purchased_type":["Relic","Card"],"build_version":"2020-12-22","purchased_purges":1,"victory":false,"max_hp_per_floor":[75,75,75,75,75,75,75,75,75,75,75,75,75,75,75,75,85,85,85,85,85,85,85,85,85],"card_choices":[{"not_picked":["Cold Snap","Go for the Eyes"],"picked":"Conserve Battery","floor":1},{"not_picked":["Turbo","Ball Lightning"],"picked":"Beam Cell","floor":2},{"not_picked":["Turbo","Streamline"],"picked":"Defragment","floor":3},{"not_picked":["Sunder","Beam Cell"],"picked":"Fusion","floor":5},{"not_picked":["Compile Driver","All For One"],"picked":"Turbo","floor":7},{"not_picked":["Consume","Blizzard"],"picked":"Defragment","floor":8},{"not_picked":["Ball Lightning","Sweeping Beam"],"picked":"Steam","floor":12},{"not_picked":["Redo","Conserve Battery"],"picked":"Creative AI","floor":13},{"not_picked":["Melter","Auto Shields","Sunder"],"picked":"SKIP","floor":14},{"not_picked":["All For One","Electrodynamics"],"picked":"Machine Learning","floor":16},{"not_picked":["Compile Driver","Melter"],"picked":"Double Energy+1","floor":18},{"not_picked":["Sweeping Beam","Redo","Compile Driver"],"picked":"SKIP","floor":20},{"not_picked":["Defragment","Leap"],"picked":"Coolheaded","floor":22},{"not_picked":["Hello World+1","Beam Cell","Doom and Gloom+1"],"picked":"SKIP","floor":23}],"player_experience":128620,"relics_obtained":[{"floor":8,"key":"Ancient Tea Set"},{"floor":9,"key":"Orichalcum"},{"floor":12,"key":"Happy Flower"},{"floor":14,"key":"Meat on the Bone"},{"floor":17,"key":"Bag of Marbles"},{"floor":17,"key":"Pear"},{"floor":17,"key":"Girya"},{"floor":23,"key":"Mercury Hourglass"}],"event_choices":[{"damage_healed":0,"gold_gain":0,"player_choice":"Bought 2 Potions","damage_taken":0,"max_hp_gain":0,"max_hp_loss":0,"event_name":"The Woman in Blue","floor":4,"gold_loss":0},{"damage_healed":0,"gold_gain":0,"player_choice":"Trade","damage_taken":0,"relics_obtained":["CultistMask"],"max_hp_gain":0,"max_hp_loss":0,"event_name":"FaceTrader","floor":11,"gold_loss":0},{"damage_healed":0,"gold_gain":0,"player_choice":"Read","damage_taken":0,"max_hp_gain":0,"max_hp_loss":0,"event_name":"The Library","floor":19,"gold_loss":0,"cards_obtained":["Glacier"]}],"is_beta":false,"boss_relics":[{"not_picked":["Snecko Eye","Sozu"],"picked":"Calling Bell"}],"items_purged_floors":[21],"is_endless":false,"potions_floor_spawned":[5,7,12,14,16,18,23],"killed_by":"Snake Plant","ascension_level":2}}