{"host":"u6f15rvcj4nca0wu","time":1613941910,"event":{"mods":["BaseMod","Bestiary","Colored Map","Highlight Path","Minty Spire (Améliorations d\u0027érgonomie)","Relic Stats"],"gold_per_floor":[116,116,116,116,116,116,141,160,160,179,179,191,191,203,203,301,301,315,333,333,349,349,382,394,171,171,171,181,181,193,193,193,292,292,309,325,335,350,101,101,135,135,181,198,21,40,73,90,90,90,90],"floor_reached":50,"language":"FRA","playtime":11618,"items_purged":["Defend_P","Strike_P","Strike_P"],"score":576,"play_id":"d8af9206-1ade-401b-b960-0048aa04fc3c","local_time":"20210221221150","is_ascension_mode":false,"campfire_choices":[{"data":"1","floor":6.0,"key":"LIFT"},{"data":"ClearTheMind","floor":11.0,"key":"SMITH"},{"data":"CrushJoints","floor":13.0,"key":"SMITH"},{"data":"Vigilance","floor":15.0,"key":"SMITH"},{"data":"ReachHeaven","floor":27.0,"key":"SMITH"},{"data":"Evaluate","floor":32.0,"key":"SMITH"},{"data":"Perseverance","floor":40.0,"key":"SMITH"},{"data":"Establishment","floor":42.0,"key":"SMITH"},{"floor":49.0,"key":"REST"}],"circlet_count":0,"master_deck":["Strike_P","Defend_P","Defend_P","Defend_P","Eruption+1","Vigilance+1","ReachHeaven+1","Conclude+1","EmptyFist+1","ClearTheMind+1","CrushJoints+1","Perseverance+1","Establishment+1","CurseOfTheBell","Meditate","Indignation+1","Necronomicurse","Evaluate+1","PathToVictory+1","Consecrate","ThirdEye","Consecrate+1","EmptyFist","Judgement","Weave+1","EmptyBody+1","CrushJoints+1","Worship+1","Worship+1","CarveReality+1","Parasite","Consecrate+1","DevaForm"],"relics":["PureWater","NeowsBlessing","Girya","Boot","Whetstone","Calling Bell","Bag of Preparation","White Beast Statue","Bird Faced Urn","Necronomicon","Kunai","Ancient Tea Set","MutagenicStrength","SlaversCollar","Blood Vial","Dream Catcher","Bronze Scales","Juzu Bracelet"],"acts_visited":["Exordium","TheCity","TheBeyond"],"potions_floor_usage":[50,50],"damage_taken":[{"damage":0.0,"enemies":"Jaw Worm","floor":1.0,"turns":1.0},{"damage":0.0,"enemies":"3 Sentries","floor":7.0,"turns":2.0},{"damage":0.0,"enemies":"2 Louse","floor":8.0,"turns":1.0},{"damage":0.0,"enemies":"Small Slimes","floor":10.0,"turns":1.0},{"damage":0.0,"enemies":"3 Louse","floor":12.0,"turns":2.0},{"damage":0.0,"enemies":"Exordium Thugs","floor":14.0,"turns":2.0},{"damage":40.0,"enemies":"The Guardian","floor":16.0,"turns":5.0},{"damage":0.0,"enemies":"Chosen","floor":18.0,"turns":2.0},{"damage":12.0,"enemies":"Shell Parasite","floor":19.0,"turns":5.0},{"damage":10.0,"enemies":"Sentry and Sphere","floor":21.0,"turns":4.0},{"damage":9.0,"enemies":"Book of Stabbing","floor":23.0,"turns":4.0},{"damage":6.0,"enemies":"Centurion and Healer","floor":24.0,"turns":4.0},{"damage":0.0,"enemies":"Chosen and Byrds","floor":28.0,"turns":2.0},{"damage":2.0,"enemies":"Snecko","floor":30.0,"turns":4.0},{"damage":58.0,"enemies":"Champ","floor":33.0,"turns":8.0},{"damage":5.0,"enemies":"3 Shapes","floor":35.0,"turns":2.0},{"damage":10.0,"enemies":"Orb Walker","floor":36.0,"turns":2.0},{"damage":7.0,"enemies":"Spire Growth","floor":37.0,"turns":3.0},{"damage":0.0,"enemies":"Jaw Worm Horde","floor":38.0,"turns":1.0},{"damage":0.0,"enemies":"Giant Head","floor":41.0,"turns":7.0},{"damage":2.0,"enemies":"Transient","floor":44.0,"turns":5.0},{"damage":4.0,"enemies":"Sphere and 2 Shapes","floor":46.0,"turns":2.0},{"damage":9.0,"enemies":"Nemesis","floor":47.0,"turns":5.0},{"damage":15.0,"enemies":"Writhing Mass","floor":48.0,"turns":3.0},{"damage":95,"enemies":"Time Eater","floor":50,"turns":7}],"seed_played":"-3339852571537314672","potions_obtained":[{"floor":10.0,"key":"PowerPotion"},{"floor":12.0,"key":"Dexterity Potion"},{"floor":14.0,"key":"Strength Potion"},{"floor":16.0,"key":"SpeedPotion"},{"floor":18.0,"key":"Regen Potion"},{"floor":19.0,"key":"EssenceOfSteel"},{"floor":21.0,"key":"LiquidMemories"},{"floor":22.0,"key":"BottledMiracle"},{"floor":23.0,"key":"Strength Potion"},{"floor":24.0,"key":"BlessingOfTheForge"},{"floor":28.0,"key":"Swift Potion"},{"floor":30.0,"key":"CultistPotion"},{"floor":33.0,"key":"Dexterity Potion"},{"floor":35.0,"key":"Ancient Potion"},{"floor":36.0,"key":"BlessingOfTheForge"},{"floor":37.0,"key":"Weak Potion"},{"floor":41.0,"key":"Fire Potion"},{"floor":44.0,"key":"Ancient Potion"},{"floor":46.0,"key":"PowerPotion"},{"floor":47.0,"key":"AttackPotion"},{"floor":48.0,"key":"BlessingOfTheForge"}],"is_trial":false,"path_per_floor":["M","?","?","?","T","R","E","M","T","M","R","M","R","M","R","B",null,"M","M","?","M","?","E","M","$","T","R","M","?","M","?","R","B",null,"M","M","M","M","$","R","E","R","T","M","$","M","E","M","R","B"],"character_chosen":"WATCHER","items_purchased":["Fruit Juice","ThirdEye","Blood Vial","Weak Potion"],"campfire_rested":1,"item_purchase_floors":[25,25,39,45],"current_hp_per_floor":[72,65,70,70,70,70,70,70,70,70,70,70,70,70,70,30,77,77,67,51,55,55,46,40,40,40,40,45,45,43,70,70,14,82,77,67,62,62,62,62,66,66,66,68,68,66,63,52,76,0,0],"gold":90,"neow_bonus":"THREE_ENEMY_KILL","is_daily":false,"chose_seed":false,"campfire_upgraded":7,"win_rate":0.0,"timestamp":1613941910,"path_taken":["M","?","?","?","?","R","E","M","T","M","R","?","R","M","R","BOSS","M","M","?","M","?","E","?","$","T","R","M","?","M","?","R","BOSS","M","M","M","M","$","R","E","R","T","M","$","M","E","M","R","BOSS"],"items_purchased_type":["Potion","Card","Relic","Potion"],"build_version":"2020-12-13","purchased_purges":3,"victory":false,"max_hp_per_floor":[72,72,77,77,77,77,77,77,77,77,77,77,77,77,77,77,77,77,77,77,77,77,77,77,77,77,77,82,82,82,82,82,82,82,82,82,82,82,82,82,82,82,82,82,82,82,82,82,82,82,82],"relic_stats":{"Blood Vial":12,"Dream Catcher":1,"counters":[25,84],"Bird Faced Urn":[20],"Bronze Scales":[57],"Bag of Preparation":[36],"Necronomicon":[12],"Juzu Bracelet":0,"Whetstone":["EmptyFist","Conclude"],"Kunai":[22],"Boot":[25],"obtain_stats":[{"Girya":5,"NeowsBlessing":0,"Bag of Preparation":17,"Juzu Bracelet":47,"Whetstone":9,"Boot":7,"Ancient Tea Set":26,"White Beast Statue":17,"Calling Bell":17,"Blood Vial":39,"SlaversCollar":34,"Dream Catcher":41,"Bird Faced Urn":17,"MutagenicStrength":29,"Bronze Scales":43,"Necronomicon":20,"Kunai":23,"PureWater":0},{"Girya":1,"NeowsBlessing":0,"Bag of Preparation":7,"Juzu Bracelet":23,"Whetstone":3,"Boot":2,"Ancient Tea Set":12,"White Beast Statue":7,"Calling Bell":7,"Blood Vial":19,"SlaversCollar":15,"Dream Catcher":20,"Bird Faced Urn":7,"MutagenicStrength":13,"Bronze Scales":20,"Necronomicon":9,"Kunai":11,"PureWater":0},{"Girya":1,"NeowsBlessing":0,"Bag of Preparation":14,"Juzu Bracelet":74,"Whetstone":4,"Boot":3,"Ancient Tea Set":33,"White Beast Statue":14,"Calling Bell":14,"Blood Vial":55,"SlaversCollar":47,"Dream Catcher":62,"Bird Faced Urn":14,"MutagenicStrength":35,"Bronze Scales":62,"Necronomicon":21,"Kunai":29,"PureWater":0}]},"card_choices":[{"not_picked":["FlyingSleeves","Halt"],"picked":"ReachHeaven","floor":1.0},{"not_picked":["FlyingSleeves","SashWhip"],"picked":"Conclude","floor":7.0},{"not_picked":["FlyingSleeves","FlurryOfBlows"],"picked":"EmptyFist","floor":8.0},{"not_picked":["Evaluate","EmptyBody"],"picked":"ClearTheMind","floor":10.0},{"not_picked":["Crescendo","Brilliance"],"picked":"CrushJoints","floor":12.0},{"not_picked":["Halt","SashWhip"],"picked":"Perseverance","floor":14.0},{"not_picked":["Blasphemy","Wish"],"picked":"Establishment","floor":16.0},{"not_picked":["FlyingSleeves","Indignation"],"picked":"Meditate","floor":18.0},{"not_picked":["EmptyBody","Halt"],"picked":"Indignation+1","floor":19.0},{"not_picked":["WindmillStrike","JustLucky"],"picked":"Evaluate","floor":21.0},{"not_picked":["Meditate","MentalFortress"],"picked":"PathToVictory+1","floor":23.0},{"not_picked":["PathToVictory","InnerPeace"],"picked":"Consecrate","floor":24.0},{"not_picked":["MasterReality","CrushJoints"],"picked":"Consecrate+1","floor":28.0},{"not_picked":["LikeWater","Pray"],"picked":"EmptyFist","floor":30.0},{"not_picked":["Ragnarok","Alpha"],"picked":"Judgement","floor":33.0},{"not_picked":["CrushJoints","Evaluate"],"picked":"Weave+1","floor":35.0},{"not_picked":["Meditate","Crescendo"],"picked":"EmptyBody+1","floor":36.0},{"not_picked":["ClearTheMind+1","FlyingSleeves"],"picked":"CrushJoints+1","floor":37.0},{"not_picked":["ClearTheMind","Fasting2+1"],"picked":"Worship+1","floor":38.0},{"not_picked":["Vault","SandsOfTime+1","InnerPeace+1"],"picked":"SKIP","floor":41.0},{"not_picked":["Halt","FlyingSleeves"],"picked":"Worship+1","floor":44.0},{"not_picked":["CarveReality","Vengeance","EmptyFist+1"],"picked":"SKIP","floor":46.0},{"not_picked":["FlyingSleeves","ThirdEye"],"picked":"CarveReality+1","floor":47.0},{"not_picked":["Halt","TalkToTheHand+1"],"picked":"Consecrate+1","floor":48.0},{"not_picked":["JustLucky","Evaluate"],"picked":"DevaForm","floor":49.0}],"player_experience":299656,"relics_obtained":[{"floor":5.0,"key":"Girya"},{"floor":7.0,"key":"Boot"},{"floor":9.0,"key":"Whetstone"},{"floor":17.0,"key":"Bag of Preparation"},{"floor":17.0,"key":"White Beast Statue"},{"floor":17.0,"key":"Bird Faced Urn"},{"floor":20.0,"key":"Necronomicon"},{"floor":23.0,"key":"Kunai"},{"floor":26.0,"key":"Ancient Tea Set"},{"floor":41.0,"key":"Dream Catcher"},{"floor":43.0,"key":"Bronze Scales"},{"floor":47.0,"key":"Juzu Bracelet"}],"event_choices":[{"cards_removed":["Strike_P"],"damage_healed":0.0,"max_hp_gain":0.0,"max_hp_loss":0.0,"gold_gain":0.0,"event_name":"Golden Wing","player_choice":"Card Removal","floor":2.0,"gold_loss":0.0,"damage_taken":7.0},{"damage_healed":0.0,"max_hp_gain":5.0,"max_hp_loss":0.0,"gold_gain":0.0,"event_name":"Big Fish","player_choice":"Donut","floor":3.0,"gold_loss":0.0,"damage_taken":0.0},{"damage_healed":0.0,"max_hp_gain":0.0,"max_hp_loss":0.0,"gold_gain":0.0,"event_name":"Living Wall","player_choice":"Grow","floor":4.0,"gold_loss":0.0,"damage_taken":0.0,"cards_upgraded":["Eruption"]},{"damage_healed":0.0,"max_hp_gain":0.0,"max_hp_loss":0.0,"gold_gain":0.0,"event_name":"Cursed Tome","player_choice":"Obtained Book","floor":20.0,"gold_loss":0.0,"damage_taken":16.0},{"damage_healed":0.0,"max_hp_gain":0.0,"max_hp_loss":0.0,"gold_gain":0.0,"event_name":"Lab","player_choice":"Got Potions","floor":22.0,"gold_loss":0.0,"damage_taken":0.0},{"damage_healed":0.0,"max_hp_gain":0.0,"max_hp_loss":0.0,"gold_gain":0.0,"event_name":"Drug Dealer","player_choice":"Inject Mutagens","floor":29.0,"gold_loss":0.0,"damage_taken":0.0,"relics_obtained":["MutagenicStrength"]},{"damage_healed":27.0,"max_hp_gain":0.0,"max_hp_loss":0.0,"gold_gain":0.0,"event_name":"The Library","player_choice":"Heal","floor":31.0,"gold_loss":0.0,"damage_taken":0.0}],"is_beta":false,"boss_relics":[{"not_picked":["Busted Crown","Sozu"],"picked":"Calling Bell"},{"not_picked":["Philosopher\u0027s Stone","Tiny House"],"picked":"SlaversCollar"}],"items_purged_floors":[25,39,45],"is_endless":false,"potions_floor_spawned":[10,12,14,16,18,19,21,23,24,28,30,33,35,36,37,38,41,44,46,47,48],"killed_by":"Time Eater","ascension_level":0}}