{"host":"v7dcfm09mlh04wa7","time":1613942643,"event":{"mods":["BaseMod","Minty Spire (QoL Compilation)","StSLib"],"gold_per_floor":[14,14,89,89,104,138,138,156,231,231,3,62,135,168,168,273,273,291,303,73,73,73,73,73],"floor_reached":23,"language":"ENG","playtime":966,"items_purged":["Defend_P"],"score":242,"play_id":"1cb4d91c-99a3-41a6-8f0e-de5aab32758e","local_time":"20210221162403","is_ascension_mode":true,"campfire_choices":[{"floor":7,"key":"REST"},{"data":"Eruption","floor":10,"key":"SMITH"},{"data":"CutThroughFate","floor":15,"key":"SMITH"}],"circlet_count":0,"master_deck":["Strike_P","Strike_P","Defend_P","Eruption+1","Vigilance","CutThroughFate","Conclude","ClearTheMind","CutThroughFate+1","Crescendo","Scrawl","WheelKick+1","Adaptation","TalkToTheHand"],"relics":["PureWater","Damaru","White Beast Statue","Anchor","Mango","MealTicket","Black Star","Melange"],"acts_visited":["Exordium","TheCity"],"potions_floor_usage":[6,14,16,23,23,23],"damage_taken":[{"damage":4,"enemies":"Jaw Worm","floor":1,"turns":3},{"damage":0,"enemies":"Small Slimes","floor":5,"turns":2},{"damage":46,"enemies":"Lagavulin","floor":6,"turns":5},{"damage":6,"enemies":"2 Louse","floor":8,"turns":2},{"damage":0,"enemies":"3 Sentries","floor":12,"turns":2},{"damage":0,"enemies":"3 Sentries","floor":14,"turns":2},{"damage":31,"enemies":"Hexaghost","floor":16,"turns":6},{"damage":0,"enemies":"Chosen","floor":18,"turns":3},{"damage":12,"enemies":"3 Byrds","floor":19,"turns":3},{"damage":32,"enemies":"Book of Stabbing","floor":23,"turns":3}],"seed_played":"6266873425603915418","potions_obtained":[{"floor":1,"key":"Swift Potion"},{"floor":5,"key":"LiquidMemories"},{"floor":12,"key":"DuplicationPotion"},{"floor":14,"key":"Weak Potion"},{"floor":16,"key":"Energy Potion"},{"floor":18,"key":"Ancient Potion"},{"floor":19,"key":"EntropicBrew"}],"is_trial":false,"path_per_floor":["M","?","?","?","M","E","R","M","T","R","$","?","?","E","R","B",null,"M","M","$","?","?","E"],"character_chosen":"WATCHER","items_purchased":["Anchor","Melange","Adaptation"],"campfire_rested":1,"item_purchase_floors":[11,20,20],"current_hp_per_floor":[68,68,57,57,57,11,32,26,26,26,26,40,40,40,40,9,86,86,74,86,86,86,54,54],"gold":73,"neow_bonus":"REMOVE_TWO","is_daily":false,"chose_seed":false,"campfire_upgraded":2,"win_rate":0.0,"timestamp":1613942643,"path_taken":["M","?","?","?","M","E","R","M","T","R","?","?","?","E","R","BOSS","M","M","$","?","?","E"],"items_purchased_type":["Relic","Relic","Card"],"build_version":"2020-12-22","purchased_purges":1,"victory":false,"max_hp_per_floor":[72,72,72,72,72,72,72,72,72,72,72,86,86,86,86,86,86,86,86,86,86,86,86,86],"card_choices":[{"not_picked":["EmptyBody","Evaluate"],"picked":"CutThroughFate","floor":1},{"not_picked":["Conclude","FlyingSleeves","Fasting2"],"picked":"SKIP","floor":5},{"not_picked":["EmptyBody","EmptyFist"],"picked":"Conclude","floor":6},{"not_picked":["FlyingSleeves","Fasting2"],"picked":"ClearTheMind","floor":8},{"not_picked":["Swivel","SashWhip"],"picked":"CutThroughFate","floor":12},{"not_picked":["Wallop","CrushJoints"],"picked":"Crescendo","floor":14},{"not_picked":["DevaForm","Vault"],"picked":"Scrawl","floor":16},{"not_picked":["EmptyBody","LikeWater","EmptyFist"],"picked":"SKIP","floor":18},{"not_picked":["Perseverance","Halt+1"],"picked":"WheelKick+1","floor":19}],"player_experience":239736,"relics_obtained":[{"floor":6,"key":"Damaru"},{"floor":9,"key":"White Beast Statue"},{"floor":12,"key":"Mango"},{"floor":14,"key":"MealTicket"}],"event_choices":[{"cards_removed":["Strike_P"],"damage_healed":0,"gold_gain":0,"player_choice":"Forget","damage_taken":0,"max_hp_gain":0,"max_hp_loss":0,"event_name":"Living Wall","floor":2,"gold_loss":0},{"damage_healed":0,"gold_gain":75,"player_choice":"Gather Gold","damage_taken":11,"max_hp_gain":0,"max_hp_loss":0,"event_name":"World of Goop","floor":3,"gold_loss":0},{"damage_healed":0,"gold_gain":0,"player_choice":"Ignored","damage_taken":0,"max_hp_gain":0,"max_hp_loss":0,"event_name":"Liars Game","floor":4,"gold_loss":0},{"damage_healed":0,"gold_gain":30,"player_choice":"Searched \u00272\u0027 times","damage_taken":0,"max_hp_gain":0,"max_hp_loss":0,"event_name":"Dead Adventurer","floor":12,"gold_loss":0},{"damage_healed":0,"gold_gain":73,"player_choice":"Gained Gold","damage_taken":0,"max_hp_gain":0,"max_hp_loss":0,"event_name":"Golden Wing","floor":13,"gold_loss":0},{"damage_healed":0,"gold_gain":0,"player_choice":"Read","damage_taken":0,"max_hp_gain":0,"max_hp_loss":0,"event_name":"The Library","floor":21,"gold_loss":0,"cards_obtained":["TalkToTheHand"]},{"cards_removed":["Defend_P"],"damage_healed":0,"gold_gain":0,"player_choice":"Elegance","damage_taken":0,"max_hp_gain":0,"max_hp_loss":0,"event_name":"Back to Basics","floor":22,"gold_loss":0}],"is_beta":false,"boss_relics":[{"not_picked":["SacredBark","Sozu"],"picked":"Black Star"}],"items_purged_floors":[11],"is_endless":false,"potions_floor_spawned":[1,5,12,14,16,18,19],"killed_by":"Book of Stabbing","ascension_level":2}}