{"host":"xp5rvh2jwe2ejyfm","time":1613878409,"event":{"mods":["2.2 Compatiblity","Aspiration","BaseMod","Better Altar","Better Match","Better Note","Better Sensory Stone","Better Skull","BetterRewards","Colored Powertips","Conspire","Downfall","GifTheSpireLib","Gremlin Mod","GungeonMod","Hermit","Hubris","Jorbs\u0027s Wanderer Trilogy","Minty Spire (QoL Compilation)","Potionbrewer","Quick Restart","Replay The Spire","Robot Space Explorer","Shade Mod","Somnambulant","StSLib","The Bug Knight","The Clintock","The Construct","The Cursed","The Disciple","The Forsaken","The Hierophant","The Marked","The Necromancer","The Runesmith","The Servant 0.9.4","The Valiant","The Witch","TheFirefly","thorton"],"gold_per_floor":[119,135,43,60,8,8,8,8,8,8,8,25,53,53,53,176,176,194,207,12,32,32,32,66,8,35,51,70,70,93,108,108,234,234,255,299,36,61,85,85,108,15,15,15,15,29,44,84,84,84,84,84,4,4,4],"floor_reached":54,"language":"ENG","playtime":2589,"items_purged":[],"score":764,"play_id":"7e1eecab-7e04-4960-abe2-6619a82c7e9a","local_time":"20210220223329","is_ascension_mode":false,"campfire_choices":[{"floor":6,"key":"RECALL"},{"floor":8,"key":"REST"},{"floor":23,"key":"REST"},{"floor":29,"key":"REST"},{"floor":32,"key":"REST"},{"floor":40,"key":"REST"},{"data":"TheCursedMod:CursedWand","floor":45,"key":"SMITH"},{"floor":49,"key":"REST"},{"data":"TheCursedMod:FleshFromBone","floor":52,"key":"SMITH"}],"circlet_count":0,"master_deck":["TheCursedMod:Strike_TheCursed","TheCursedMod:Strike_TheCursed","TheCursedMod:Strike_TheCursed","TheCursedMod:Strike_TheCursed","TheCursedMod:Defend_TheCursed","TheCursedMod:Defend_TheCursed","TheCursedMod:Defend_TheCursed","TheCursedMod:CursedWand+1","TheCursedMod:CleanUpWorkshop","TheCursedMod:Dregs","TheCursedMod:CursedShiv","TheCursedMod:StingEye","TheCursedMod:VitalStrike","TheCursedMod:VitalStrike","TheCursedMod:Stigma","TheCursedMod:FleshFromBone+1","TheCursedMod:CursedBoomerang+1","TheCursedMod:CircleOfBlood","TheCursedMod:RapidMovement","Injury","TheCursedMod:CursedRelics","TheCursedMod:Stigma","TheCursedMod:SmokeScreen+1","TheCursedMod:Stigma","TheCursedMod:CursedBlade","TheCursedMod:SpitefulStrike","TheCursedMod:CircleOfFocus","TheCursedMod:CircleOfFocus","TheCursedMod:StunningStrike","TheCursedMod:CursedBlade","TheCursedMod:SoulReap+1","TheCursedMod:SmokeScreen","TheCursedMod:Stigma+1","TheCursedMod:CircleOfBlood+1","TheCursedMod:CursedStaff","TheCursedMod:CursedBlade","TheCursedMod:WearCloak","TheCursedMod:StingEye","TheCursedMod:CursedRelics","TheCursedMod:Obscuration+1","TheCursedMod:DoubleShield","TheCursedMod:HellfireBreathing","TheCursedMod:FleshFromBone+1","TheCursedMod:TacticalStrike+1","TheCursedMod:FuryStrike","TheCursedMod:HellfireBreathing","TheCursedMod:CursedBlade","TheCursedMod:CircleOfWindfury","TheCursedMod:HellfireBreathing+1","TheCursedMod:SpitefulStrike+1","TheCursedMod:Hemoplague"],"relics":["TheCursedMod:BlackMagic101","Lantern","aspiration:ArtOfWarUpgrade","Letter Opener","HollowMod:LifeEnderRelic","Golden Idol","construct:ClawGrip","potionbrewer:BoosterPack","aspiration:Lifesprig","Oddly Smooth Stone","Honey Jar","Anchor","potionbrewer:Keyblade","DemoMod:ChaffGrenade","Pen Nib"],"acts_visited":["Exordium","TheCity","TheBeyond","TheEnding"],"potions_floor_usage":[13,16,19,24,24,31,36,39,50,50,50],"damage_taken":[{"damage":3,"enemies":"Small Slimes","floor":1,"turns":3},{"damage":0,"enemies":"2 Louse","floor":2,"turns":3},{"damage":0,"enemies":"Cultist","floor":4,"turns":3},{"damage":0,"enemies":"Looter","floor":12,"turns":2},{"damage":23,"enemies":"3 Sentries","floor":13,"turns":7},{"damage":26,"enemies":"Hexaghost","floor":16,"turns":8},{"damage":18,"enemies":"Spheric Guardian","floor":18,"turns":4},{"damage":15,"enemies":"2 Thieves","floor":19,"turns":3},{"damage":19,"enemies":"Chosen and Byrds","floor":21,"turns":5},{"damage":41,"enemies":"Slavers","floor":24,"turns":5},{"damage":9,"enemies":"Shelled Parasite and Fungi","floor":27,"turns":3},{"damage":0,"enemies":"Snake Plant","floor":28,"turns":3},{"damage":12,"enemies":"conspire:HollyBat","floor":30,"turns":7},{"damage":30,"enemies":"Centurion and Healer","floor":31,"turns":5},{"damage":78,"enemies":"hubris:MusketHawk","floor":33,"turns":9},{"damage":18,"enemies":"3 Shapes","floor":35,"turns":2},{"damage":31,"enemies":"conspire:MimicChest","floor":36,"turns":5},{"damage":17,"enemies":"3 Darklings","floor":38,"turns":6},{"damage":3,"enemies":"Sphere and 2 Shapes","floor":39,"turns":3},{"damage":10,"enemies":"Spire Growth","floor":41,"turns":4},{"damage":0,"enemies":"Transient","floor":46,"turns":5},{"damage":7,"enemies":"Maw","floor":47,"turns":6},{"damage":35,"enemies":"Nemesis","floor":48,"turns":6},{"damage":3,"enemies":"Awakened One","floor":50,"turns":13},{"damage":97,"enemies":"Shield and Spear","floor":54,"turns":3}],"seed_played":"145901578754118170","potions_obtained":[{"floor":4,"key":"potionbrewer:CleansingPotion"},{"floor":12,"key":"Block Potion"},{"floor":13,"key":"LiquidMemories"},{"floor":18,"key":"Toxic Potion"},{"floor":21,"key":"Weak Potion"},{"floor":28,"key":"Dexterity Potion"},{"floor":35,"key":"Regen Potion"},{"floor":38,"key":"Venom Potion"},{"floor":46,"key":"DemoMod:LeadSkinPotion"},{"floor":48,"key":"Block Potion"}],"is_trial":false,"path_per_floor":["M","M","$","M","$","R","?","R","T","?","R","M","E","?","R","B",null,"M","M","$","M","?","R","E","$","T","M","M","R","M","M","R","B",null,"M","?","$","M","M","R","M","$","T","T","R","M","M","E","R","B",null,"R","$","E"],"character_chosen":"THE_CURSED","items_purchased":["TheCursedMod:VitalStrike","TheCursedMod:Stigma","TheCursedMod:CursedBoomerang+1","potionbrewer:BoosterPack","TheCursedMod:CursedBlade","TheCursedMod:CircleOfBlood+1","TheCursedMod:HellfireBreathing","TheCursedMod:FleshFromBone+1","potionbrewer:Keyblade","TheCursedMod:CursedBlade","potionbrewer:DiscountPotion","TheCursedMod:Hemoplague"],"campfire_rested":6,"item_purchase_floors":[3,3,5,20,20,25,37,37,37,42,42,53],"current_hp_per_floor":[72,72,72,72,72,72,47,69,69,69,69,69,52,52,52,36,75,60,49,49,32,32,54,26,26,26,17,33,55,63,54,75,18,75,57,50,50,56,53,75,69,69,69,69,69,75,75,46,68,73,75,75,75,0,0],"gold":4,"neow_bonus":"RANDOM_COMMON_RELIC","is_daily":false,"chose_seed":false,"campfire_upgraded":2,"win_rate":0.0,"timestamp":1613878409,"path_taken":["M","M","$","M","$","R","?","R","T","?","R","M","E","?","R","BOSS","M","M","$","M","?","R","E","$","T","M","M","R","M","?","R","BOSS","M","?","$","M","M","R","?","?","T","?","R","M","?","E","R","BOSS","R","$","E"],"items_purchased_type":["Card","Card","Card","Relic","Card","Card","Card","Card","Relic","Card","Potion","Card"],"build_version":"2020-12-22","purchased_purges":0,"victory":false,"max_hp_per_floor":[75,75,75,75,75,75,75,75,75,75,75,75,75,75,75,75,75,75,75,75,75,75,75,75,75,75,75,75,75,75,75,75,75,75,75,75,75,75,75,75,75,75,75,75,75,75,75,75,75,75,75,75,75,75,75],"card_choices":[{"not_picked":["TheCursedMod:WearCloak","TheCursedMod:SpreadPlague"],"picked":"TheCursedMod:CursedShiv","floor":1},{"not_picked":["TheCursedMod:CircleOfCorruption","TheCursedMod:Wield"],"picked":"TheCursedMod:StingEye","floor":2},{"not_picked":["TheCursedMod:ManaCirculation","TheCursedMod:Stretching"],"picked":"TheCursedMod:FleshFromBone","floor":4},{"not_picked":["TheCursedMod:CursedStaff","TheCursedMod:SaltUponWound"],"picked":"TheCursedMod:CircleOfBlood","floor":12},{"not_picked":["TheCursedMod:Wield","TheCursedMod:FleshFromBone"],"picked":"TheCursedMod:RapidMovement","floor":13},{"not_picked":["TheCursedMod:CollectTribute","TheCursedMod:ForbiddenAlchemy"],"picked":"TheCursedMod:CursedRelics","floor":16},{"not_picked":["TheCursedMod:CursedSpellbook+1","TheCursedMod:Torture"],"picked":"TheCursedMod:Stigma","floor":18},{"not_picked":["TheCursedMod:RapidMovement","TheCursedMod:Obscuration+1"],"picked":"TheCursedMod:SmokeScreen+1","floor":19},{"not_picked":["TheCursedMod:CursedMace+1","TheCursedMod:TacticalStrike"],"picked":"TheCursedMod:SoulReap+1","floor":21},{"not_picked":["TheCursedMod:AshesToAshes+1","TheCursedMod:RavingStaff"],"picked":"TheCursedMod:Stigma+1","floor":24},{"not_picked":["TheCursedMod:AshesToAshes","TheCursedMod:SpitefulPlan"],"picked":"TheCursedMod:CursedStaff","floor":27},{"not_picked":["TheCursedMod:CursedMace","TheCursedMod:DemonSword"],"picked":"TheCursedMod:CursedBlade","floor":28},{"not_picked":["TheCursedMod:CursedShiv","TheCursedMod:HellsGateOpen+1"],"picked":"TheCursedMod:WearCloak","floor":30},{"not_picked":["TheCursedMod:RavingStaff","TheCursedMod:Stretching"],"picked":"TheCursedMod:StingEye","floor":31},{"not_picked":["TheCursedMod:DarkBarrier","TheCursedMod:DemonicPact"],"picked":"TheCursedMod:CursedRelics","floor":33},{"not_picked":["TheCursedMod:CursedAmulet+1","TheCursedMod:ManaBullet+1","TheCursedMod:Stigma"],"picked":"TheCursedMod:Obscuration+1","floor":35},{"not_picked":["TheCursedMod:SpitefulPlan","TheCursedMod:PrepareRite","TheCursedMod:CursedMace"],"picked":"TheCursedMod:DoubleShield","floor":36},{"not_picked":["TheCursedMod:Wield","TheCursedMod:CircleOfBlood","TheCursedMod:Stigma"],"picked":"TheCursedMod:TacticalStrike+1","floor":38},{"not_picked":["TheCursedMod:TacticalStrike","TheCursedMod:SpitefulPray","TheCursedMod:CursedShiv+1"],"picked":"TheCursedMod:FuryStrike","floor":39},{"not_picked":["TheCursedMod:Grudge+1","TheCursedMod:WearCloak","TheCursedMod:VitalStrike+1"],"picked":"TheCursedMod:HellfireBreathing","floor":41},{"not_picked":["TheCursedMod:CursedAmulet+1","TheCursedMod:AshesToAshes+1","TheCursedMod:HellsGateOpen"],"picked":"TheCursedMod:CircleOfWindfury","floor":46},{"not_picked":["TheCursedMod:AshesToAshes","TheCursedMod:Wield+1","TheCursedMod:Obscuration"],"picked":"TheCursedMod:HellfireBreathing+1","floor":47},{"not_picked":["TheCursedMod:Stigma+1","TheCursedMod:ShockAndAwe","TheCursedMod:CursedMace+1"],"picked":"TheCursedMod:SpitefulStrike+1","floor":48}],"player_experience":542139,"relics_obtained":[{"floor":9,"key":"Letter Opener"},{"floor":13,"key":"HollowMod:LifeEnderRelic"},{"floor":24,"key":"aspiration:Lifesprig"},{"floor":26,"key":"Oddly Smooth Stone"},{"floor":36,"key":"Anchor"},{"floor":44,"key":"DemoMod:ChaffGrenade"},{"floor":48,"key":"Pen Nib"}],"event_choices":[{"damage_healed":0,"gold_gain":0,"player_choice":"Success","damage_taken":25,"relics_obtained":["Art of War"],"max_hp_gain":0,"max_hp_loss":0,"event_name":"Scrap Ooze","floor":7,"gold_loss":0},{"damage_healed":0,"gold_gain":0,"player_choice":"Leave","damage_taken":0,"max_hp_gain":0,"max_hp_loss":0,"event_name":"conspire:Investor","floor":10,"gold_loss":0},{"damage_healed":0,"gold_gain":0,"player_choice":"Take Wound","damage_taken":0,"relics_obtained":["Golden Idol"],"max_hp_gain":0,"max_hp_loss":0,"event_name":"Golden Idol","floor":14,"gold_loss":0,"cards_obtained":["Injury"]},{"damage_healed":0,"gold_gain":0,"cards_transformed":["TheCursedMod:Defend_TheCursed"],"player_choice":"Transformed","damage_taken":0,"max_hp_gain":0,"max_hp_loss":0,"event_name":"Transmorgrifier","floor":22,"gold_loss":0,"cards_obtained":["TheCursedMod:SmokeScreen"]}],"is_beta":false,"boss_relics":[{"not_picked":["conspire:SeveredTorchhead","Velvet Choker"],"picked":"construct:ClawGrip"},{"not_picked":["Replay:Bronze Core","bronze:MakeshiftBattery"],"picked":"Honey Jar"}],"items_purged_floors":[],"is_endless":false,"potions_floor_spawned":[4,12,13,18,21,28,35,38,46,48],"killed_by":"Shield and Spear","ascension_level":0}}