{"host":"o1wkfo8ppvrprpet","time":1613913592,"event":{"mods":["Aspiration","Astrologer","BaseMod","CapriCore","Colored Powertips","Koishi","Minty Spire (QoL Compilation)","MostiFishMod","Reimu£¨²©ÀöÁéÃÎ£©","Replay The Spire","RumiaBox-Â¶Ã×æ«µÄÉñÃØºÐ×Ó","Spicy Shops","StSLib","The Administrix","The Gatherer","The Immortal","Waifu the Spire","Yakumo Yukari mod"],"gold_per_floor":[114,129,129,129,149,149,176,176,176,176,186,220,220,233,233,304,304,322,322,96,110,30,61,61,78,78,8,8,8,26,53,53,130,130,141,166,28,42,42,42,42,42,67,86,118,129,184,216,216,216],"floor_reached":51,"language":"ZHS","playtime":2312,"items_purged":["Strike_G","Strike_G"],"score":1539,"play_id":"8eafc17a-2785-496c-95f7-4af9f7735d63","local_time":"20210221211952","is_ascension_mode":true,"campfire_choices":[{"data":"MostiFishMod:VineMother","floor":6.0,"key":"SMITH"},{"data":"MostiFishMod:ThornCasing","floor":10.0,"key":"SMITH"},{"data":"Neutralize","floor":13.0,"key":"SMITH"},{"data":"Footwork","floor":15.0,"key":"SMITH"},{"floor":24.0,"key":"REST"},{"floor":29.0,"key":"DIG"},{"data":"Hidden Blade","floor":32.0,"key":"SMITH"},{"data":"MostiFishMod:ThornCasing","floor":40,"key":"SMITH"},{"data":"Envenom","floor":42,"key":"SMITH"},{"floor":49,"key":"DIG"}],"circlet_count":0,"master_deck":["AscendersBane","Strike_G","Strike_G","Defend_G","Defend_G","Defend_G","Defend_G","Defend_G","Survivor","Neutralize+1","MostiFishMod:VineMother+1","Hidden Blade+1","MostiFishMod:ThornCasing+1","Footwork+1","Deadly Poison+1","Phantasmal Killer+1","MostiFishMod:PerfectParry+1","Prepared+1","MostiFishMod:PerfectParry+1","MostiFishMod:Listen+1","Calculated Gamble+1","Escape Plan+1","Envenom+1","Prepared+1","MostiFishMod:ThornCasing+1","MostiFishMod:PreservedThorns+1","Concentrate+1","Acrobatics+1"],"relics":["Ring of the Snake","DaveBox","SynthV:TestCard","Toxic Egg 2","Blue Candle","HollowDreamFlower","Lantern","Replay:Grab Bag","ChewingGum","Busted Crown","SoulBox","Replay:Rubber Ducky","Shovel","Happy Flower","Mercury Hourglass","RhineSuit","PlanX","Replay:Wax Seal","Replay:Arrowhead","ThornShield","PreservedInsect","ReplayTheSpireMod:TigerMarble"],"acts_visited":["Exordium","TheCity","TheBeyond"],"potions_floor_usage":[],"damage_taken":[{"damage":2.0,"enemies":"Cultist","floor":1.0,"turns":6.0},{"damage":5.0,"enemies":"Small Slimes","floor":2.0,"turns":4.0},{"damage":1.0,"enemies":"2 Louse","floor":5.0,"turns":2.0},{"damage":5.0,"enemies":"3 Sentries","floor":7.0,"turns":5.0},{"damage":5.0,"enemies":"Gremlin Gang","floor":11.0,"turns":3.0},{"damage":3.0,"enemies":"Lagavulin","floor":12.0,"turns":7.0},{"damage":0.0,"enemies":"Lots of Slimes","floor":14.0,"turns":3.0},{"damage":26.0,"enemies":"The Guardian","floor":16.0,"turns":9.0},{"damage":12.0,"enemies":"2 Thieves","floor":18.0,"turns":4.0},{"damage":9.0,"enemies":"Spheric Guardian","floor":21.0,"turns":5.0},{"damage":30.0,"enemies":"Gremlin Leader","floor":23.0,"turns":5.0},{"damage":0.0,"enemies":"Cultist and Chosen","floor":25.0,"turns":5.0},{"damage":1.0,"enemies":"3 Cultists","floor":30.0,"turns":5.0},{"damage":12.0,"enemies":"Slavers","floor":31.0,"turns":6.0},{"damage":0.0,"enemies":"Pondfish","floor":33.0,"turns":7.0},{"damage":0.0,"enemies":"3 Darklings","floor":35.0,"turns":3.0},{"damage":0.0,"enemies":"Mind Bloom Boss Battle","floor":36.0,"turns":5.0},{"damage":0,"enemies":"3 Shapes","floor":38,"turns":2},{"damage":0,"enemies":"Spire Growth","floor":44,"turns":3},{"damage":0,"enemies":"Giant Head","floor":45,"turns":4},{"damage":0,"enemies":"4 Shapes","floor":46,"turns":3},{"damage":0,"enemies":"2 Orb Walkers","floor":47,"turns":2},{"damage":0,"enemies":"Reptomancer","floor":48,"turns":3},{"damage":0,"enemies":"Awakened One","floor":50,"turns":5}],"seed_played":"-1653645104449506312","potions_obtained":[{"floor":5.0,"key":"Block Potion"},{"floor":7.0,"key":"Regen Potion"},{"floor":12.0,"key":"Dexterity Potion"},{"floor":16.0,"key":"Toxic Potion"},{"floor":21.0,"key":"Strength Potion"},{"floor":25.0,"key":"PowerPotion"},{"floor":30.0,"key":"SteroidPotion"},{"floor":38,"key":"PowerPotion"},{"floor":46,"key":"Weak Potion"},{"floor":47,"key":"Dexterity Potion"}],"is_trial":false,"path_per_floor":["M","M","?","?","M","R","E","?","T","R","M","E","R","M","R","B",null,"M","?","$","M","?","E","R","M","T","$","?","R","M","E","R","B",null,"M","?","$","M","$","R","$","R","T","M","E","M","?","E","R","B",null],"character_chosen":"THE_SILENT","items_purchased":["Prepared+1","Calculated Gamble+1","MostiFishMod:ThornCasing"],"campfire_rested":1,"item_purchase_floors":[20,27,37],"current_hp_per_floor":[57,52,45,45,44,44,39,39,39,39,38,54,54,58,58,36,59,51,51,51,46,46,20,39,43,43,43,66,66,65,54,54,58,64,66,66,66,66,66,66,66,66,66,66,66,66,66,66,66,66],"gold":216,"neow_bonus":"ONE_RANDOM_RARE_CARD","is_daily":false,"chose_seed":false,"campfire_upgraded":7,"win_rate":0.0,"timestamp":1613913592,"path_taken":["M","M","?","?","M","R","E","?","T","R","?","E","R","?","R","BOSS","M","?","$","M","?","E","R","?","T","$","?","R","?","E","R","BOSS","M","?","$","M","$","R","?","R","T","M","E","?","?","E","R","BOSS"],"items_purchased_type":["Card","Card","Card"],"build_version":"2020-12-22","purchased_purges":2,"victory":true,"max_hp_per_floor":[66,66,66,66,66,66,66,66,66,66,66,66,66,66,66,66,66,66,66,66,66,66,66,66,66,66,66,66,66,66,66,66,66,66,66,66,66,66,66,66,66,66,66,66,66,66,66,66,66,66],"card_choices":[{"not_picked":["Bouncing Flask","Backflip"],"picked":"MostiFishMod:VineMother","floor":1.0},{"not_picked":["Replay:Poison Smokescreen","MostiFishMod:PerfectParry","ReplayTheSpireMod:Exploit Weakness","Riddle With Holes"],"picked":"Hidden Blade","floor":2.0},{"not_picked":["Flechettes","Bane","Outmaneuver+1","Cloak And Dagger+1"],"picked":"All Out Attack","floor":5.0},{"not_picked":["Blade Dance+1","Backflip+1","After Image","Poisoned Stab"],"picked":"MostiFishMod:ThornCasing","floor":7.0},{"not_picked":["Setup+1","Tactician+1","Predator","Dodge and Roll+1"],"picked":"Footwork","floor":11.0},{"not_picked":["Accuracy","Tactician+1","Bane","Underhanded Strike","Well Laid Plans"],"picked":"SKIP","floor":12.0},{"not_picked":["Acrobatics+1","ReplayTheSpireMod:Scrap Shanks","Blade Dance+1","Footwork"],"picked":"Deadly Poison+1","floor":14.0},{"not_picked":["Replay:Bag of Tricks+1","Glass Knife","Storm of Steel+1","Wraith Form v2"],"picked":"Phantasmal Killer+1","floor":16.0},{"not_picked":["Slice","Quick Slash"],"picked":"MostiFishMod:PerfectParry+1","floor":18.0},{"not_picked":["Sucker Punch","Noxious Fumes","Fluid Movement"],"picked":"SKIP","floor":21.0},{"not_picked":["ReplayTheSpireMod:Scrap Shanks","Bane"],"picked":"MostiFishMod:PerfectParry+1","floor":23.0},{"not_picked":["Slice+1","Hidden Blade+1"],"picked":"MostiFishMod:Listen+1","floor":25.0},{"not_picked":["Dagger Spray","Draining Mist+1"],"picked":"Escape Plan+1","floor":30.0},{"not_picked":["Crippling Poison+1","Underhanded Strike","PiercingWail+1"],"picked":"SKIP","floor":31.0},{"not_picked":["Night Terror+1","MostiFishMod:AdrenalineArouse+1"],"picked":"Envenom","floor":33.0},{"not_picked":["PiercingWail+1","Deflect+1"],"picked":"Prepared+1","floor":35.0},{"not_picked":["Quick Slash+1","Dagger Spray"],"picked":"MostiFishMod:PreservedThorns+1","floor":38},{"not_picked":["Noxious Fumes+1","ReplayTheSpireMod:Tripwire+1","Bane"],"picked":"SKIP","floor":44},{"not_picked":["Dagger Spray","Underhanded Strike+1","All Out Attack+1"],"picked":"SKIP","floor":45},{"not_picked":["MostiFishMod:PerfectParry+1","Footwork+1"],"picked":"Concentrate+1","floor":46},{"not_picked":["PiercingWail+1","Concentrate+1"],"picked":"Acrobatics+1","floor":47},{"not_picked":["Glass Knife","Blade Dance+1","PiercingWail+1"],"picked":"SKIP","floor":48}],"player_experience":645116,"relics_obtained":[{"floor":1.0,"key":"SynthV:TestCard"},{"floor":7.0,"key":"Blue Candle"},{"floor":9.0,"key":"HollowDreamFlower"},{"floor":12.0,"key":"Lantern"},{"floor":23.0,"key":"Replay:Rubber Ducky"},{"floor":26.0,"key":"Shovel"},{"floor":29.0,"key":"Happy Flower"},{"floor":31.0,"key":"Mercury Hourglass"},{"floor":36.0,"key":"PlanX"},{"floor":43,"key":"Replay:Wax Seal"},{"floor":45,"key":"Replay:Arrowhead"},{"floor":47,"key":"ThornShield"},{"floor":48,"key":"PreservedInsect"},{"floor":49,"key":"ReplayTheSpireMod:TigerMarble"}],"event_choices":[{"cards_removed":["Strike_G"],"damage_healed":0.0,"max_hp_gain":0.0,"max_hp_loss":0.0,"gold_gain":0.0,"event_name":"Golden Wing","player_choice":"Card Removal","floor":3.0,"gold_loss":0.0,"damage_taken":7.0},{"cards_removed":["Injury"],"damage_healed":0.0,"max_hp_gain":0.0,"max_hp_loss":0.0,"gold_gain":0.0,"event_name":"Fountain of Cleansing","player_choice":"Removed Curses","floor":8.0,"gold_loss":0.0,"damage_taken":0.0},{"cards_removed":["All Out Attack"],"damage_healed":0.0,"max_hp_gain":0.0,"max_hp_loss":0.0,"gold_gain":0.0,"event_name":"Back to Basics","player_choice":"Elegance","floor":19.0,"gold_loss":0.0,"damage_taken":0.0},{"damage_healed":23.0,"max_hp_gain":0.0,"max_hp_loss":0.0,"gold_gain":0.0,"event_name":"Wheel of Change","player_choice":"Full Heal","floor":28.0,"gold_loss":0.0,"damage_taken":0.0},{"damage_healed":0.0,"max_hp_gain":0.0,"max_hp_loss":0.0,"gold_gain":0.0,"event_name":"MindBloom","player_choice":"Fight","floor":36.0,"gold_loss":0.0,"damage_taken":0.0},{"damage_healed":0,"gold_gain":0,"player_choice":"Fight","damage_taken":0,"max_hp_gain":0,"max_hp_loss":0,"event_name":"Mysterious Sphere","floor":47,"gold_loss":0}],"is_beta":false,"boss_relics":[{"not_picked":["Replay:Wanted Poster","Kintsugi"],"picked":"Replay:Grab Bag"},{"not_picked":["Coffee Dripper","Sozu"],"picked":"ChewingGum"},{"not_picked":["Runic Dome","Velvet Choker"],"picked":"Busted Crown"},{"not_picked":["Empty Cage","SacredBark"],"picked":"SoulBox"},{"not_picked":["Abe\u0027s Treasure","RhineCircuit"],"picked":"RhineSuit"}],"items_purged_floors":[20,20],"is_endless":false,"potions_floor_spawned":[5,7,12,16,21,25,30,38,46,47],"ascension_level":15}}