{"host":"lehbxtjrpalkmwwj","time":1613904224,"event":{"mods":["ATMod(阿瑾Mod)","Aspiration","BaseMod","Challenge The Spire","Colored Map","Colored Powertips","Conspire","Dota2Spire","Energized Spire","Hunter 猎人","Minty Spire (QoL Compilation)","Quick Restart","Relic Stats","Reliquary","Replay The Spire","Spicy Shops","StSLib","TestMod","The Cursed","The IronCluck","The Poker Player","Waifu the Spire","Wide Potions","[IsaacMod]以撒尖塔","【遗物卡牌】REMEMod","沙雕材质包mod","篝火指南"],"gold_per_floor":[113,125,139,153,153,185,201,235,235,510,548,548,584,609,609,744,744,764,1164,1164,1189,1215,1253,1294,1343,1343,1394,1467,1513,1513,1541,2,125,125,145,200,278,319,114,114,201,201,248,302,302,340,358,428,428,469,469,469,47,93,141],"floor_reached":56,"language":"ZHS","playtime":2259,"items_purged":[],"score":2937,"play_id":"651b2562-a1e2-4c46-bd58-2bee0ef0b042","local_time":"20210221184344","is_ascension_mode":true,"campfire_choices":[{"floor":12.0,"key":"RECALL"},{"floor":15.0,"key":"DIG"},{"data":"EpicFetus","floor":40,"key":"SMITH"},{"floor":49,"key":"DIG"},{"data":"TheCursedMod:ReleasedStrength","floor":52,"key":"SMITH"}],"circlet_count":0,"master_deck":["AscendersBane","TheCursedMod:Strike_TheCursed","TheCursedMod:Strike_TheCursed","TheCursedMod:Strike_TheCursed","TheCursedMod:Strike_TheCursed","TheCursedMod:Defend_TheCursed","TheCursedMod:Defend_TheCursed","TheCursedMod:Defend_TheCursed","TheCursedMod:Defend_TheCursed","TheCursedMod:CursedWand","TheCursedMod:CleanUpWorkshop","TheCursedMod:Dregs","EpicFetus+1","AT_FamilyPortrait+1","TheCursedMod:ShockAndAwe","TheCursedMod:SpitefulPlan","TheCursedMod:SurpriseAttack+1","TheCursedMod:SurpriseAttack+1","TheCursedMod:StingEye","TheCursedMod:StingEye","Regret","TheCursedMod:ReleasedStrength","TheCursedMod:SpreadPlague","TheCursedMod:SurpriseAttack","TheCursedMod:VoidForm+1","TheCursedMod:HellsGateOpen+1","TheCursedMod:AshesToAshes+1","Flex","TheCursedMod:TacticalStrike","testmod-Bloodthirsty","Backflip Giant+1","CultistPetCall","TheCursedMod:FuryStrike","Dodge and Roll","Poisoned Stab","Pain","TheCursedMod:CursedStaff","TheCursedMod:ReleasedStrength+1","Violence","AT_RealColorLess","AT_WindFlip+1","TheCursedMod:RavingStaff+1","Rebound+1","TheCursedMod:AbyssShockwave","Regret","Conserve Battery","Replay:ManipulateFuture+1","Madness","Madness","Wraith Form v2","Cloak And Dagger","ByrdPetCall","TheCursedMod:RavingStaff","AT_TearsDenial","testmod-SelfRegulatingSystem","testmod-Recap","Shrug It Off+1"],"relics":["TheCursedMod:BlackMagic101","HushsDoor","AT_ATBox","testmod-TestBox","NeowsBlessing","HowToJump","testmod-DeterminationOfClimber","reliquary:Firecrackers","testmod-AssaultLearning","TheCursedMod:Tack","AT_RedTearstoneRing","testmod-IndustrialRevolution","AT_ForceNature","TheCursedMod:BloodyHarpoon","TheCursedMod:OminousMark","PrismaticShard","testmod-Acrobat","reliquary:PorcupineQuills","reliquary:PorcupineQuills","Dota2Spire:BattleFury","Mummified Hand","aspiration:RitualStick","Guide Book","reliquary:Buckler","Dota2Spire:Mjollnir","Strawberry","ChewingGum","Replay:Bandana","PreservedInsect","Replay:Bottled Snecko","Simple Rune","AT_SunfireAegis","testmod-IntensifyImprint","BookOfRevelations","Gremlin Food","Incense Burner","ClockworkSouvenir","ReplayTheSpireMod:ShopPack","testmod-EqualTreatment"],"acts_visited":["Exordium","TheCity","TheBeyond","TheEnding"],"potions_floor_usage":[],"damage_taken":[{"damage":0.0,"enemies":"Cultist","floor":1.0,"turns":1.0},{"damage":0.0,"enemies":"Jaw Worm","floor":2.0,"turns":1.0},{"damage":0.0,"enemies":"2 Louse","floor":3.0,"turns":1.0},{"damage":1.0,"enemies":"Looter","floor":4.0,"turns":2.0},{"damage":0.0,"enemies":"Gremlin Nob","floor":6.0,"turns":2.0},{"damage":0.0,"enemies":"Exordium Thugs","floor":7.0,"turns":2.0},{"damage":0.0,"enemies":"Lagavulin","floor":8.0,"turns":2.0},{"damage":0.0,"enemies":"3 Sentries","floor":11.0,"turns":2.0},{"damage":0.0,"enemies":"Gremlin Nob","floor":13.0,"turns":2.0},{"damage":0.0,"enemies":"Large Slime","floor":14.0,"turns":2.0},{"damage":0.0,"enemies":"Fading Forest","floor":16.0,"turns":9.0},{"damage":7.0,"enemies":"Chosen","floor":18.0,"turns":3.0},{"damage":0.0,"enemies":"3 Byrds","floor":21.0,"turns":2.0},{"damage":0.0,"enemies":"Snecko","floor":22.0,"turns":2.0},{"damage":4.0,"enemies":"Replay:Snechameleon","floor":23.0,"turns":2.0},{"damage":0.0,"enemies":"Cultist and Chosen","floor":24.0,"turns":2.0},{"damage":0.0,"enemies":"conspire:SneckoGhost","floor":25.0,"turns":2.0},{"damage":0.0,"enemies":"Slavers","floor":27.0,"turns":1.0},{"damage":0.0,"enemies":"conspire:SneckoGhost","floor":29.0,"turns":2.0},{"damage":0.0,"enemies":"Sentry and Sphere","floor":31.0,"turns":1.0},{"damage":43.0,"enemies":"Automaton","floor":33.0,"turns":5.0},{"damage":0,"enemies":"3 Darklings","floor":35,"turns":1},{"damage":0,"enemies":"conspire:MimicChest","floor":36,"turns":2},{"damage":0,"enemies":"Hiden Room Battle","floor":37,"turns":1},{"damage":0,"enemies":"Orb Walker","floor":38,"turns":1},{"damage":0,"enemies":"Giant Head","floor":41,"turns":2},{"damage":0,"enemies":"R_Hoarder","floor":44,"turns":1},{"damage":0,"enemies":"Maw","floor":46,"turns":1},{"damage":0,"enemies":"3 Darklings","floor":47,"turns":1},{"damage":0,"enemies":"Transient","floor":48,"turns":1},{"damage":0,"enemies":"Time Eater","floor":50,"turns":1},{"damage":0,"enemies":"Shield and Spear","floor":54,"turns":1},{"damage":0,"enemies":"The Heart","floor":55,"turns":1}],"seed_played":"-1812518138982505848","potions_obtained":[{"floor":1.0,"key":"Elixir"},{"floor":2.0,"key":"Cursed Concoction"},{"floor":13.0,"key":"Dota2Spire:Clarity"},{"floor":16.0,"key":"ColorlessPotion"},{"floor":29.0,"key":"Milkshake"},{"floor":33.0,"key":"REME_GoldPotion"},{"floor":38,"key":"SpeedPotion"}],"is_trial":false,"path_per_floor":["M","M","M","M","?","E","M","E","T","?","E","R","E","M","R_BF","B",null,"M","?","?","M","M","E","M","E","T","E","?","E","?","M","R_BF","B",null,"M","?","?","M","$","R","E","?","T","E","?","M","M","M","R_BF","B",null,"R","$","E","B",null],"character_chosen":"THE_CURSED","items_purchased":["Guide Book","reliquary:Buckler","Dota2Spire:Mjollnir","Strawberry","TheCursedMod:CursedStaff","TheCursedMod:ReleasedStrength","Violence","Simple Rune","AT_SunfireAegis","Incense Burner","ClockworkSouvenir","ReplayTheSpireMod:ShopPack","TheCursedMod:RavingStaff"],"campfire_rested":0,"item_purchase_floors":[32,32,32,32,32,32,32,39,39,53,53,53,53],"current_hp_per_floor":[68,68,69,74,67,73,75,75,75,75,75,75,75,75,75,75,75,71,71,67,75,75,74,75,75,75,75,68,75,68,75,82,44,73,79,82,81,82,82,82,82,82,82,82,72,78,80,82,82,82,82,82,82,82,82],"gold":141,"neow_bonus":"THREE_ENEMY_KILL","is_daily":false,"chose_seed":false,"campfire_upgraded":2,"win_rate":0.0,"timestamp":1613904224,"path_taken":["M","M","M","M","?","E","M","E","T","?","E","R","E","M","R_BF","BOSS","M","?","?","?","M","E","M","E","T","E","?","E","?","M","R_BF","BOSS","M","?","?","M","$","R","E","?","T","E","?","M","M","M","R_BF","BOSS","R","$","E","BOSS"],"items_purchased_type":["Relic","Relic","Relic","Relic","Card","Card","Card","Relic","Relic","Relic","Relic","Relic","Card"],"build_version":"2020-12-22","purchased_purges":0,"victory":true,"max_hp_per_floor":[75,75,75,75,75,75,75,75,75,75,75,75,75,75,75,75,75,75,75,75,75,75,75,75,75,75,75,75,75,75,75,82,82,82,82,82,82,82,82,82,82,82,82,82,82,82,82,82,82,82,82,82,82,82,82],"relic_stats":{"counters":[33,62],"Mummified Hand":[30],"PreservedInsect":317,"obtain_stats":[{"TheCursedMod:BloodyHarpoon":15,"AT_ATBox":0,"reliquary:Firecrackers":5,"TheCursedMod:Tack":8,"testmod-EqualTreatment":54,"Incense Burner":53,"PrismaticShard":20,"aspiration:RitualStick":30,"ClockworkSouvenir":53,"Replay:Bandana":36,"Mummified Hand":29,"Strawberry":32,"reliquary:Buckler":32,"Dota2Spire:Mjollnir":32,"testmod-DeterminationOfClimber":0,"Replay:Bottled Snecko":37,"KeepersGift":0,"AT_ForceNature":13,"Gremlin Food":49,"TheCursedMod:BlackMagic101":0,"testmod-IntensifyImprint":41,"AT_RedTearstoneRing":9,"testmod-TestBox":0,"NeowsBlessing":0,"HowToJump":0,"Guide Book":32,"BookOfRevelations":44,"Dota2Spire:BattleFury":27,"PreservedInsect":37,"testmod-IndustrialRevolution":11,"reliquary:PorcupineQuills":25,"TheCursedMod:OminousMark":17,"testmod-AssaultLearning":6,"testmod-Acrobat":23,"ChewingGum":34,"Simple Rune":39,"reliquary:SculptingSteel":26,"AT_SunfireAegis":39,"HushsDoor":0,"REME_ComplimentaryCards":0,"ReplayTheSpireMod:ShopPack":53},{"TheCursedMod:BloodyHarpoon":10,"AT_ATBox":0,"reliquary:Firecrackers":4,"TheCursedMod:Tack":7,"testmod-EqualTreatment":32,"Incense Burner":31,"PrismaticShard":12,"aspiration:RitualStick":19,"ClockworkSouvenir":31,"Replay:Bandana":23,"Mummified Hand":19,"Strawberry":20,"reliquary:Buckler":20,"Dota2Spire:Mjollnir":20,"testmod-DeterminationOfClimber":0,"Replay:Bottled Snecko":24,"KeepersGift":0,"AT_ForceNature":9,"Gremlin Food":30,"TheCursedMod:BlackMagic101":0,"testmod-IntensifyImprint":26,"AT_RedTearstoneRing":7,"testmod-TestBox":0,"NeowsBlessing":0,"HowToJump":0,"Guide Book":20,"BookOfRevelations":27,"Dota2Spire:BattleFury":18,"PreservedInsect":24,"testmod-IndustrialRevolution":8,"reliquary:PorcupineQuills":17,"TheCursedMod:OminousMark":11,"testmod-AssaultLearning":5,"testmod-Acrobat":15,"ChewingGum":21,"Simple Rune":25,"reliquary:SculptingSteel":17,"AT_SunfireAegis":25,"HushsDoor":0,"REME_ComplimentaryCards":0,"ReplayTheSpireMod:ShopPack":31},{"TheCursedMod:BloodyHarpoon":17,"AT_ATBox":0,"reliquary:Firecrackers":5,"TheCursedMod:Tack":11,"testmod-EqualTreatment":61,"Incense Burner":60,"PrismaticShard":29,"aspiration:RitualStick":42,"ClockworkSouvenir":60,"Replay:Bandana":51,"Mummified Hand":42,"Strawberry":43,"reliquary:Buckler":43,"Dota2Spire:Mjollnir":43,"testmod-DeterminationOfClimber":0,"Replay:Bottled Snecko":52,"KeepersGift":0,"AT_ForceNature":15,"Gremlin Food":59,"TheCursedMod:BlackMagic101":0,"testmod-IntensifyImprint":55,"AT_RedTearstoneRing":11,"testmod-TestBox":0,"NeowsBlessing":0,"HowToJump":0,"Guide Book":43,"BookOfRevelations":56,"Dota2Spire:BattleFury":40,"PreservedInsect":52,"testmod-IndustrialRevolution":13,"reliquary:PorcupineQuills":39,"TheCursedMod:OminousMark":26,"testmod-AssaultLearning":7,"testmod-Acrobat":35,"ChewingGum":48,"Simple Rune":53,"reliquary:SculptingSteel":39,"AT_SunfireAegis":53,"HushsDoor":0,"REME_ComplimentaryCards":0,"ReplayTheSpireMod:ShopPack":60}],"aspiration:RitualStick":[1]},"card_choices":[{"not_picked":[],"picked":"EpicFetus","floor":0.0},{"not_picked":["TheCursedMod:CursedMace","TheCursedMod:CursedAmulet"],"picked":"TheCursedMod:ShockAndAwe","floor":1.0},{"not_picked":["TheCursedMod:SoulReap","TheCursedMod:CircleOfWindfury"],"picked":"TheCursedMod:SpitefulPlan","floor":2.0},{"not_picked":["TheCursedMod:CircleOfCorruption","TheCursedMod:CursedAmulet"],"picked":"TheCursedMod:SurpriseAttack","floor":3.0},{"not_picked":["TheCursedMod:CursedBlade","TheCursedMod:CursedAmulet"],"picked":"TheCursedMod:SurpriseAttack","floor":4.0},{"not_picked":["TheCursedMod:SoulReap","TheCursedMod:CircleOfFlame","TheCursedMod:SmokeScreen"],"picked":"SKIP","floor":6.0},{"not_picked":["TheCursedMod:CursedAmulet","TheCursedMod:WearCloak"],"picked":"TheCursedMod:StingEye","floor":7.0},{"not_picked":["TheCursedMod:ManaBullet","TheCursedMod:SmokeScreen"],"picked":"TheCursedMod:StingEye","floor":8.0},{"not_picked":["TheCursedMod:ManaCirculation","TheCursedMod:CircleOfFlame"],"picked":"TheCursedMod:ReleasedStrength","floor":11.0},{"not_picked":["TheCursedMod:SurpriseAttack","TheCursedMod:CircleOfCorruption"],"picked":"TheCursedMod:SpreadPlague","floor":13.0},{"not_picked":["TheCursedMod:Stigma","TheCursedMod:CircleOfFlame"],"picked":"TheCursedMod:SurpriseAttack","floor":14.0},{"not_picked":["TheCursedMod:CollectTribute","TheCursedMod:DarkBarrier"],"picked":"TheCursedMod:VoidForm","floor":16.0},{"not_picked":["TheCursedMod:TacticalStrike","TheCursedMod:CircleOfCorruption"],"picked":"TheCursedMod:HellsGateOpen+1","floor":18.0},{"not_picked":["TheCursedMod:Obscuration","TheCursedMod:CursedSpellbook"],"picked":"TheCursedMod:AshesToAshes+1","floor":20.0},{"not_picked":["Sweeping Beam","Halt"],"picked":"Flex","floor":21.0},{"not_picked":["HPGrowth_Giant","Shrug It Off"],"picked":"TheCursedMod:TacticalStrike","floor":22.0},{"not_picked":["Replay:Anticipation","REME_SingleHolding"],"picked":"testmod-Bloodthirsty","floor":23.0},{"not_picked":["AT_WindRun","Predator"],"picked":"Backflip Giant+1","floor":24.0},{"not_picked":["Tantrum","Blood Defend"],"picked":"CultistPetCall","floor":25.0},{"not_picked":["REME_SelfUpgrade","Echo Defend Giant"],"picked":"TheCursedMod:FuryStrike","floor":27.0},{"not_picked":["Dual Wield","Battle Trance"],"picked":"Dodge and Roll","floor":29.0},{"not_picked":["Dagger Throw","Flex"],"picked":"Poisoned Stab","floor":31.0},{"not_picked":["PokerPlayerMod:Promotion","Establishment"],"picked":"AT_RealColorLess","floor":33.0},{"not_picked":["Perfected Strike","Backflip Giant"],"picked":"AT_WindFlip+1","floor":35},{"not_picked":["Whirlwind","PokerPlayerMod:CardBurn+1"],"picked":"TheCursedMod:RavingStaff+1","floor":36},{"not_picked":["EmptyFist","PathToVictory"],"picked":"Rebound+1","floor":37},{"not_picked":["ClearTheMind","PokerPlayerMod:Trickery"],"picked":"TheCursedMod:AbyssShockwave","floor":38},{"not_picked":["TheCursedMod:EmpowerCircles+1","PokerPlayerMod:SpadeStrike"],"picked":"Conserve Battery","floor":41},{"not_picked":["REME_Compress+1","True Grit"],"picked":"Replay:ManipulateFuture+1","floor":44},{"not_picked":["Conserve Battery","Wild Strike+1"],"picked":"Wraith Form v2","floor":46},{"not_picked":["Protect","ReplayTheSpireMod:Scrap Shanks"],"picked":"Cloak And Dagger","floor":47},{"not_picked":["Struggle Attack","SnakeForm"],"picked":"ByrdPetCall","floor":48},{"not_picked":["testmod-PowerStrike","REME_HeartOfCthun"],"picked":"AT_TearsDenial","floor":53},{"not_picked":["testmod-Superconductor","BettingIsNotGood"],"picked":"testmod-SelfRegulatingSystem","floor":53},{"not_picked":["Replay:Sssssssssshield","Blind"],"picked":"testmod-Recap","floor":53},{"not_picked":["AT_TwilightShroud","Poisoned Stab"],"picked":"Shrug It Off+1","floor":54}],"player_experience":203221,"relics_obtained":[{"floor":6.0,"key":"testmod-AssaultLearning"},{"floor":8.0,"key":"TheCursedMod:Tack"},{"floor":9.0,"key":"AT_RedTearstoneRing"},{"floor":11.0,"key":"testmod-IndustrialRevolution"},{"floor":13.0,"key":"AT_ForceNature"},{"floor":15.0,"key":"TheCursedMod:BloodyHarpoon"},{"floor":20.0,"key":"PrismaticShard"},{"floor":23.0,"key":"testmod-Acrobat"},{"floor":25.0,"key":"reliquary:PorcupineQuills"},{"floor":26.0,"key":"reliquary:SculptingSteel"},{"floor":27.0,"key":"Dota2Spire:BattleFury"},{"floor":29.0,"key":"Mummified Hand"},{"floor":36,"key":"Replay:Bandana"},{"floor":37,"key":"PreservedInsect"},{"floor":37,"key":"Replay:Bottled Snecko"},{"floor":41,"key":"testmod-IntensifyImprint"},{"floor":44,"key":"BookOfRevelations"},{"floor":49,"key":"Gremlin Food"},{"floor":54,"key":"testmod-EqualTreatment"}],"event_choices":[{"damage_healed":0.0,"max_hp_gain":0.0,"max_hp_loss":0.0,"gold_gain":0.0,"event_name":"Scrap Ooze","player_choice":"Success","floor":5.0,"gold_loss":0.0,"damage_taken":7.0,"relics_obtained":["reliquary:Firecrackers"]},{"damage_healed":0.0,"max_hp_gain":0.0,"max_hp_loss":0.0,"gold_gain":275.0,"event_name":"Golden Shrine","player_choice":"Desecrate","floor":10.0,"gold_loss":0.0,"damage_taken":0.0,"cards_obtained":["Regret"]},{"damage_healed":0.0,"max_hp_gain":0.0,"max_hp_loss":0.0,"gold_gain":400.0,"event_name":"恩洛斯的盘子","player_choice":"Sell","floor":19.0,"relics_lost":["REME_ComplimentaryCards"],"gold_loss":0.0,"damage_taken":0.0},{"damage_healed":0,"gold_gain":0,"player_choice":"Fight","damage_taken":0,"max_hp_gain":0,"max_hp_loss":0,"event_name":"HidenRoomEvent","floor":37,"gold_loss":0},{"damage_healed":0,"gold_gain":0,"player_choice":"Ignored","damage_taken":0,"max_hp_gain":0,"max_hp_loss":0,"event_name":"给自己的盒子","floor":42,"gold_loss":0},{"damage_healed":0,"gold_gain":0,"player_choice":"Embrace Madness","damage_taken":10,"max_hp_gain":0,"max_hp_loss":0,"event_name":"Winding Halls","floor":45,"gold_loss":0,"cards_obtained":["Madness","Madness"]}],"is_beta":false,"boss_relics":[{"not_picked":["Replay:Drink Me","Astrolabe"],"picked":"TheCursedMod:OminousMark"},{"not_picked":[]},{"not_picked":["reliquary:RedPaperclip","Busted Crown"],"picked":"ChewingGum"},{"not_picked":[]}],"items_purged_floors":[],"is_endless":false,"potions_floor_spawned":[1,2,7,8,13,14,16,21,25,29,33,38,44,47,48],"ascension_level":12}}