{"host":"ztzf20fs6w35ztzf","time":1613917605,"event":{"mods":["AchievementEnabler","AlwaysNeverKeys","BaseMod","BetterRewards","Colored Powertips","DeckTracker","Downfall","Grow up Mod","Lobotomy","Minty Spire (QoL Compilation)","Rare Cards Sparkle","Remove Card Discount Mod","Replay The Spire","StSLib","SuperFastMode"],"gold_per_floor":[111,121,103,130,141,141,170,170,193,193,193,221,186,198,198,274,274,288,301,314,147,197,244,274,331,331,353,353],"floor_reached":27,"language":"ENG","playtime":1865,"items_purged":["Strike_R","Strike_R","Strike_R","Strike_R","Strike_R","Defend_R","Defend_R","Defend_R","Defend_R"],"score":583,"play_id":"8f214e34-64e5-4738-8d57-09a5be02e06b","local_time":"20210221222645","is_ascension_mode":true,"campfire_choices":[{"data":"Bash","floor":6,"key":"SMITH"},{"data":"Run Through","floor":8,"key":"SMITH"},{"data":"Pommel Strike","floor":10,"key":"SMITH"},{"data":"Flex","floor":15,"key":"SMITH"}],"circlet_count":0,"master_deck":["BeautyBeast","QueenBee","UniverseFragment","HappyTeddy","Bloodletting","RedShoes","LongBird","Brutality","Murderer","Headbutt","ShyLook","Funeral","FairyFestival","BlackArmy","Heavy Blade","Laetitia","Bludgeon"],"relics":["Burning Blood","CogitoBucket","Unceasing Top","Boot","Kunai","Orichalcum","SkinProphecy","Sozu","Replay:Bandana","ChangeAnything","Smiling Mask","Pen Nib","Toxic Egg 2"],"acts_visited":["Exordium","TheCity"],"potions_floor_usage":[],"damage_taken":[{"damage":6,"enemies":"Cultist","floor":1,"turns":3},{"damage":12,"enemies":"Jaw Worm","floor":2,"turns":4},{"damage":4,"enemies":"Small Slimes","floor":5,"turns":2},{"damage":4,"enemies":"Gremlin Nob","floor":7,"turns":3},{"damage":15,"enemies":"Lagavulin","floor":12,"turns":4},{"damage":4,"enemies":"3 Louse","floor":14,"turns":3},{"damage":42,"enemies":"Fading Forest","floor":16,"turns":11},{"damage":0,"enemies":"Spheric Guardian","floor":18,"turns":1},{"damage":32,"enemies":"2 Thieves","floor":19,"turns":4},{"damage":16,"enemies":"Chosen and Byrds","floor":20,"turns":3},{"damage":17,"enemies":"Sentry and Sphere","floor":22,"turns":3},{"damage":60,"enemies":"Book of Stabbing","floor":23,"turns":5},{"damage":46,"enemies":"Snecko","floor":24,"turns":3},{"damage":130,"enemies":"Slavers","floor":25,"turns":5},{"damage":71,"enemies":"Centurion and Healer","floor":27,"turns":3}],"seed_played":"-3139175301612500872","potions_obtained":[{"floor":1,"key":"BlessingOfTheForge"},{"floor":16,"key":"ElixirPotion"}],"is_trial":false,"path_per_floor":["M","M","$","T","M","R","E","R","T","R","?","E","?","M","R","B",null,"M","M","M","$","M","E","M","E","T","M"],"character_chosen":"IRONCLAD","items_purchased":["Replay:Bandana"],"campfire_rested":0,"item_purchase_floors":[21],"current_hp_per_floor":[88,92,102,112,124,134,146,156,166,176,175,176,215,225,235,225,252,264,244,240,250,242,199,172,62,72,0,0],"gold":353,"neow_bonus":"","is_daily":false,"chose_seed":false,"campfire_upgraded":4,"win_rate":0.0,"timestamp":1613917605,"path_taken":["M","M","$","?","?","R","E","R","T","R","?","E","?","M","R","BOSS","M","M","M","$","M","E","M","E","T","M"],"items_purchased_type":["Relic"],"build_version":"2020-12-22","purchased_purges":9,"victory":false,"max_hp_per_floor":[95,105,115,125,135,145,155,165,175,185,195,205,215,225,235,247,257,269,281,293,303,317,329,341,353,363,365,365],"card_choices":[{"not_picked":["UniverseFragment","FairyFestival"],"picked":"BeautyBeast","floor":1},{"not_picked":["Rampage","Wild Strike"],"picked":"Run Through","floor":1},{"not_picked":["WallGazer","MeatLantern"],"picked":"QueenBee","floor":2},{"not_picked":["ReplayTheSpireMod:Limb From Limb","Clothesline"],"picked":"Shrug It Off","floor":2},{"not_picked":["Scorched","Rudolta"],"picked":"UniverseFragment","floor":5},{"not_picked":["ReplayTheSpireMod:LeadingStrike","Havoc"],"picked":"Pommel Strike","floor":5},{"not_picked":["OldLady","MeatLantern"],"picked":"HappyTeddy","floor":7},{"not_picked":["ReplayTheSpireMod:Limb From Limb","Anger"],"picked":"Bloodletting","floor":7},{"not_picked":["OldLady","WhitesApple"],"picked":"RedShoes","floor":12},{"not_picked":["Sentinel","Replay:Many Hands","Defy Death"],"picked":"SKIP","floor":12},{"not_picked":["Scarecrow","MeatLantern"],"picked":"LongBird","floor":14},{"not_picked":["Perfected Strike","Heavy Blade"],"picked":"Flex","floor":14},{"not_picked":["Variant","MeatLantern","DreamingCurrent"],"picked":"Singing Bowl","floor":16},{"not_picked":["Alriune","Wellcheers"],"picked":"SnowQueen","floor":16},{"not_picked":["Exhume","Immolate"],"picked":"Brutality","floor":16},{"not_picked":["WallGazer","LittlePrince"],"picked":"Murderer","floor":18},{"not_picked":["Iron Wave","Havoc"],"picked":"Headbutt","floor":18},{"not_picked":["MeatLantern","SpiderBud"],"picked":"ShyLook","floor":19},{"not_picked":["Clash","Havoc"],"picked":"Cleave","floor":19},{"not_picked":["BigBadWolf","MeatLantern"],"picked":"Funeral","floor":20},{"not_picked":["ReplayTheSpireMod:Strike From Hell","Replay:Undeath\u0027s Touch","True Grit+1"],"picked":"SKIP","floor":20},{"not_picked":["DespairKnight","WallGazer"],"picked":"FairyFestival","floor":22},{"not_picked":["ReplayTheSpireMod:Strike From Hell","ReplayTheSpireMod:Limb From Limb","Entrench+1"],"picked":"SKIP","floor":22},{"not_picked":["SpiderBud","LittlePrince"],"picked":"BlackArmy","floor":23},{"not_picked":["Replay:Undeath\u0027s Touch","Life Link","Burning Pact"],"picked":"SKIP","floor":23},{"not_picked":["CrumblingArmor","Freischutz"],"picked":"Bloodbath","floor":24},{"not_picked":["Disarm","Perfected Strike"],"picked":"Heavy Blade","floor":24},{"not_picked":["FieryBird","Rudolta","CherryBlossoms"],"picked":"Singing Bowl","floor":25},{"not_picked":["Mercenary","MHz"],"picked":"Laetitia","floor":25},{"not_picked":["Clothesline","Warcry"],"picked":"Bludgeon","floor":25}],"player_experience":146520,"relics_obtained":[{"floor":7,"key":"Unceasing Top"},{"floor":9,"key":"Boot"},{"floor":12,"key":"Orichalcum"},{"floor":23,"key":"Smiling Mask"},{"floor":25,"key":"Pen Nib"},{"floor":26,"key":"Toxic Egg 2"}],"event_choices":[{"damage_healed":0,"gold_gain":0,"player_choice":"Success","damage_taken":11,"relics_obtained":["Kunai"],"max_hp_gain":0,"max_hp_loss":0,"event_name":"Scrap Ooze","floor":11,"gold_loss":0},{"damage_healed":51,"gold_gain":0,"player_choice":"Healed","damage_taken":0,"max_hp_gain":0,"max_hp_loss":0,"event_name":"The Cleric","floor":13,"gold_loss":35}],"is_beta":false,"boss_relics":[{"not_picked":["Calling Bell","Honey Jar"],"picked":"Sozu"}],"items_purged_floors":[3,3,3,3,3,3,3,3,3],"is_endless":false,"potions_floor_spawned":[1,16,18,19,20,25],"killed_by":"Centurion and Healer","ascension_level":17}}