{"host":"8dojo26n353y1ich","time":1613886428,"event":{"mods":["AchievementEnabler","BaseMod","Colored Powertips","Minty Spire (QoL Compilation)","Quick Restart","StSLib"],"gold_per_floor":[112,187,201,219,232,232,261,261,288,298,298,309,7,22,22,126,126,137,153,173,88,187,187,212,212,212,212,212,212,212,212],"floor_reached":30,"language":"ENG","playtime":905,"items_purged":["Defend_B"],"score":300,"play_id":"9da08902-691b-4c12-95cd-06b55a0db289","local_time":"20210220234708","is_ascension_mode":true,"campfire_choices":[{"data":"Redo","floor":6,"key":"SMITH"},{"data":"Zap","floor":8,"key":"SMITH"},{"data":"Doom and Gloom","floor":11,"key":"SMITH"},{"floor":15,"key":"REST"},{"data":"Defragment","floor":23,"key":"SMITH"},{"floor":25,"key":"RECALL"},{"data":"Storm","floor":27,"key":"SMITH"},{"data":"Capacitor","floor":29,"key":"SMITH"}],"circlet_count":0,"master_deck":["Strike_B","Strike_B","Strike_B","Strike_B","Defend_B","Defend_B","Defend_B","Zap+1","Dualcast","Go for the Eyes","Redo+1","Cold Snap","Streamline","Doom and Gloom+1","Storm+1","Sweeping Beam","Leap","Electrodynamics","Capacitor+1","Defragment+1","Heatsinks","BootSequence"],"relics":["Cracked Core","Smiling Mask","Potion Belt","Molten Egg 2","Nuclear Battery","Tiny Chest","The Courier","Blue Candle"],"acts_visited":["Exordium","TheCity"],"potions_floor_usage":[20,20,24,24],"damage_taken":[{"damage":10,"enemies":"2 Louse","floor":1,"turns":2},{"damage":1,"enemies":"Jaw Worm","floor":3,"turns":4},{"damage":0,"enemies":"Small Slimes","floor":4,"turns":3},{"damage":0,"enemies":"3 Louse","floor":5,"turns":3},{"damage":30,"enemies":"Gremlin Nob","floor":7,"turns":5},{"damage":7,"enemies":"2 Fungi Beasts","floor":10,"turns":2},{"damage":2,"enemies":"Blue Slaver","floor":12,"turns":3},{"damage":12,"enemies":"Looter","floor":14,"turns":3},{"damage":18,"enemies":"Hexaghost","floor":16,"turns":9},{"damage":0,"enemies":"Chosen","floor":18,"turns":3},{"damage":19,"enemies":"Spheric Guardian","floor":19,"turns":4},{"damage":17,"enemies":"Centurion and Healer","floor":20,"turns":4},{"damage":20,"enemies":"Slavers","floor":24,"turns":4},{"damage":49,"enemies":"Book of Stabbing","floor":30,"turns":4}],"seed_played":"3720879836885212624","potions_obtained":[{"floor":1,"key":"Regen Potion"},{"floor":5,"key":"AttackPotion"},{"floor":12,"key":"EssenceOfSteel"},{"floor":14,"key":"ColorlessPotion"},{"floor":20,"key":"AttackPotion"},{"floor":24,"key":"DuplicationPotion"}],"is_trial":false,"path_per_floor":["M","?","M","M","M","R","E","R","T","M","R","M","$","M","R","B",null,"M","M","M","?","?","R","E","R","T","R","T","R","E"],"character_chosen":"DEFECT","items_purchased":["Molten Egg 2"],"campfire_rested":1,"item_purchase_floors":[13],"current_hp_per_floor":[72,61,60,60,60,60,30,30,30,23,23,21,21,9,33,15,82,82,63,46,46,46,46,38,38,38,38,38,38,0,0],"gold":212,"neow_bonus":"TEN_PERCENT_HP_BONUS","is_daily":false,"chose_seed":false,"campfire_upgraded":6,"win_rate":0.0,"timestamp":1613886428,"path_taken":["M","?","M","M","M","R","E","R","T","M","R","M","?","M","R","BOSS","M","M","M","?","?","R","E","R","T","R","?","R","E"],"items_purchased_type":["Relic"],"build_version":"2020-12-22","purchased_purges":1,"victory":false,"max_hp_per_floor":[82,82,82,82,82,82,82,82,82,82,82,82,82,82,82,82,82,82,82,82,82,82,82,82,82,82,82,82,82,82,82],"card_choices":[{"not_picked":["Melter","Coolheaded"],"picked":"Go for the Eyes","floor":1},{"not_picked":["Coolheaded","Turbo"],"picked":"Redo","floor":3},{"not_picked":["Leap","Glacier"],"picked":"Cold Snap","floor":4},{"not_picked":["Reinforced Body","Recycle"],"picked":"Streamline","floor":5},{"not_picked":["Steam","Leap"],"picked":"Doom and Gloom","floor":7},{"not_picked":["Leap","Coolheaded"],"picked":"Storm","floor":10},{"not_picked":["Turbo","Fission"],"picked":"Sweeping Beam","floor":12},{"not_picked":["Rebound+1","Rip and Tear+1"],"picked":"Leap","floor":14},{"not_picked":["Reboot","Rainbow"],"picked":"Electrodynamics","floor":16},{"not_picked":["Coolheaded","Go for the Eyes+1"],"picked":"Capacitor","floor":18},{"not_picked":["Hologram","Beam Cell+1"],"picked":"Defragment","floor":19},{"not_picked":["Steam+1","Darkness"],"picked":"Heatsinks","floor":20},{"not_picked":["Tempest","Barrage+1"],"picked":"BootSequence","floor":24}],"player_experience":210266,"relics_obtained":[{"floor":7,"key":"Smiling Mask"},{"floor":9,"key":"Potion Belt"},{"floor":24,"key":"The Courier"},{"floor":28,"key":"Blue Candle"}],"event_choices":[{"damage_healed":0,"gold_gain":75,"player_choice":"Gather Gold","damage_taken":11,"max_hp_gain":0,"max_hp_loss":0,"event_name":"World of Goop","floor":2,"gold_loss":0},{"damage_healed":0,"gold_gain":0,"player_choice":"Obtained Relic","damage_taken":0,"relics_obtained":["Tiny Chest"],"max_hp_gain":0,"max_hp_loss":0,"event_name":"Addict","floor":21,"gold_loss":85},{"damage_healed":0,"gold_gain":99,"player_choice":"Stole From Cult","damage_taken":0,"max_hp_gain":0,"max_hp_loss":0,"event_name":"Nest","floor":22,"gold_loss":0}],"is_beta":false,"boss_relics":[{"not_picked":["Busted Crown","Astrolabe"],"picked":"Nuclear Battery"}],"items_purged_floors":[13],"is_endless":false,"potions_floor_spawned":[1,5,12,14,20,24],"killed_by":"Book of Stabbing","ascension_level":4}}