{"host":"fy9bu8pyaeb8xhn1","time":1613911081,"event":{"mods":["BaseMod","Infinite Spire","Minty Spire (QoL Compilation)","StSLib"],"gold_per_floor":[114,132,207,217,233,233,408,435,517,542,557,557,5,15,15,118,118,107,107,124,137,155,155,155],"floor_reached":23,"language":"ENG","playtime":1566,"items_purged":[],"score":204,"play_id":"11b8b1e7-8643-4cfb-9717-95c3e9b8a526","local_time":"20210221133801","is_ascension_mode":false,"campfire_choices":[{"data":"Zap","floor":6,"key":"SMITH"},{"floor":12,"key":"REST"},{"data":"Loop","floor":15,"key":"SMITH"}],"circlet_count":0,"master_deck":["Strike_B","Strike_B","Strike_B","Strike_B","Defend_B","Defend_B","Defend_B","Defend_B","Zap+1","Dualcast","Reinforced Body","Compile Driver","Fusion","Loop+1","BootSequence","BootSequence","Beam Cell","Dualcast","Streamline","Creative AI","Skim","Redo+1","Capacitor"],"relics":["Cracked Core","CaptainsWheel","InkBottle","Blood Vial","Gremlin Horn","DollysMirror","Lantern","SlaversCollar","Spirit Poop"],"acts_visited":["Exordium","TheCity"],"potions_floor_usage":[8,8,11,14,22],"damage_taken":[{"damage":1,"enemies":"2 Louse","floor":1,"turns":3},{"damage":1,"enemies":"Jaw Worm","floor":2,"turns":4},{"damage":1,"enemies":"Cultist","floor":4,"turns":4},{"damage":4,"enemies":"Blue Slaver","floor":5,"turns":4},{"damage":30,"enemies":"Gremlin Nob","floor":8,"turns":4},{"damage":13,"enemies":"3 Sentries","floor":10,"turns":10},{"damage":3,"enemies":"Lots of Slimes","floor":11,"turns":4},{"damage":4,"enemies":"Exordium Wildlife","floor":14,"turns":6},{"damage":17,"enemies":"Slime Boss","floor":16,"turns":8},{"damage":20,"enemies":"2 Thieves","floor":18,"turns":4},{"damage":15,"enemies":"Shell Parasite","floor":20,"turns":6},{"damage":30,"enemies":"Sentry and Sphere","floor":21,"turns":8},{"damage":22,"enemies":"Snake Plant","floor":22,"turns":4},{"damage":12,"enemies":"Nightmare","floor":23,"turns":2}],"seed_played":"643292379312453838","potions_obtained":[{"floor":2,"key":"FocusPotion"},{"floor":5,"key":"DuplicationPotion"},{"floor":10,"key":"LiquidBronze"},{"floor":11,"key":"Energy Potion"},{"floor":18,"key":"Fire Potion"}],"is_trial":false,"path_per_floor":["M","M","?","M","M","R","?","E","T","E","M","R","$","M","R","B",null,"M","?","M","M","M","NM"],"character_chosen":"DEFECT","items_purchased":["Gremlin Horn","DollysMirror","Lantern"],"campfire_rested":1,"item_purchase_floors":[13,13,13],"current_hp_per_floor":[81,80,69,68,64,64,64,34,34,21,20,44,44,42,42,27,82,62,62,49,21,1,0,0],"gold":155,"neow_bonus":"TEN_PERCENT_HP_BONUS","is_daily":false,"chose_seed":false,"campfire_upgraded":2,"win_rate":0.0,"timestamp":1613911081,"path_taken":["M","M","?","M","M","R","?","E","T","E","M","R","?","?","R","BOSS","M","?","?","M","M","NM"],"items_purchased_type":["Relic","Relic","Relic"],"build_version":"2020-12-22","purchased_purges":0,"victory":false,"max_hp_per_floor":[82,82,82,82,82,82,82,82,82,82,82,82,82,82,82,82,82,82,82,82,82,82,82,82],"card_choices":[{"not_picked":["Conserve Battery","Leap"],"picked":"Reinforced Body","floor":1},{"not_picked":["Hologram","Gash"],"picked":"Compile Driver","floor":2},{"not_picked":["Compile Driver","Doom and Gloom"],"picked":"Fusion","floor":4},{"not_picked":["Coolheaded","Storm"],"picked":"Loop","floor":5},{"not_picked":["Darkness","Tempest"],"picked":"BootSequence","floor":8},{"not_picked":["All For One","FTL"],"picked":"BootSequence","floor":10},{"not_picked":["Barrage","Ball Lightning"],"picked":"Beam Cell","floor":11},{"not_picked":["Compile Driver","Hologram"],"picked":"Streamline","floor":14},{"not_picked":["Buffer","Fission"],"picked":"Creative AI","floor":16},{"not_picked":["Compile Driver","Leap+1"],"picked":"Skim","floor":18},{"not_picked":["Beam Cell","Stack+1"],"picked":"Redo+1","floor":20},{"not_picked":["Go for the Eyes","Stack"],"picked":"Capacitor","floor":21},{"not_picked":["Doom and Gloom","Leap","Biased Cognition"],"picked":"SKIP","floor":22}],"player_experience":485883,"relics_obtained":[{"floor":8,"key":"CaptainsWheel"},{"floor":9,"key":"InkBottle"},{"floor":10,"key":"Blood Vial"}],"event_choices":[{"damage_healed":0,"gold_gain":75,"player_choice":"Gather Gold","damage_taken":11,"max_hp_gain":0,"max_hp_loss":0,"event_name":"World of Goop","floor":3,"gold_loss":0},{"damage_healed":0,"gold_gain":175,"player_choice":"AGREE","damage_taken":0,"max_hp_gain":0,"max_hp_loss":0,"event_name":"Liars Game","floor":7,"gold_loss":0,"cards_obtained":["Doubt"]},{"cards_removed":["Doubt"],"damage_healed":0,"gold_gain":0,"player_choice":"Offered Curse","damage_taken":0,"relics_obtained":["Spirit Poop"],"max_hp_gain":0,"max_hp_loss":0,"event_name":"Bonfire Elementals","floor":19,"gold_loss":0}],"is_beta":false,"boss_relics":[{"not_picked":["Velvet Choker","Fusion Hammer"],"picked":"SlaversCollar"}],"items_purged_floors":[],"is_endless":false,"potions_floor_spawned":[2,5,10,11,18],"killed_by":"Nightmare","ascension_level":0}}