{"host":"d2y4rmbezebiv8aj","time":1613870854,"event":{"mods":["AchievementEnabler","BaseMod","Bestiary","BetterRewards","Colored Map","Colored Powertips","Custom Start","Highlight Path","Minty Spire (QoL Compilation)","Quick Restart","Rare Cards Sparkle","Relic Sorter","Relic Stats","Shop Mod","Slay-I","StSLib","SuperFastMode"],"gold_per_floor":[114,125,125,125,200,200,200,227,296,296,69,80,80,94,94,167,167,180,200,200,147,166,166,166],"floor_reached":23,"language":"DEU","playtime":591,"items_purged":[],"score":312,"play_id":"8638ceef-1096-4c59-bdda-e3e764cbc4d6","local_time":"20210221022734","is_ascension_mode":true,"campfire_choices":[{"floor":6.0,"key":"REST"},{"floor":10.0,"key":"REST"},{"data":"Electrodynamics","floor":13.0,"key":"SMITH"},{"floor":15.0,"key":"REST"}],"circlet_count":0,"master_deck":["AscendersBane","Strike_B","Strike_B","Strike_B+1","Strike_B","Defend_B","Defend_B","Defend_B+1","Defend_B","Zap","Dualcast","Redo","Stack","Electrodynamics+1","Defragment","Storm","Steam","Buffer","Cold Snap","Pain","Coolheaded","Hello World+1"],"relics":["PreservedInsect","Mango","Mercury Hourglass","Lantern","Inserter","WarpedTongs"],"acts_visited":["Exordium","TheCity"],"potions_floor_usage":[23],"damage_taken":[{"damage":8.0,"enemies":"2 Louse","floor":1.0,"turns":5.0},{"damage":12.0,"enemies":"Small Slimes","floor":2.0,"turns":6.0},{"damage":37.0,"enemies":"Gremlin Nob","floor":8.0,"turns":5.0},{"damage":1.0,"enemies":"Cultist","floor":12.0,"turns":3.0},{"damage":14.0,"enemies":"Looter","floor":14.0,"turns":3.0},{"damage":7.0,"enemies":"Slime Boss","floor":16.0,"turns":7.0},{"damage":25.0,"enemies":"3 Byrds","floor":18.0,"turns":4.0},{"damage":19.0,"enemies":"Chosen","floor":19.0,"turns":4.0},{"damage":19.0,"enemies":"Centurion and Healer","floor":22.0,"turns":6.0},{"damage":49,"enemies":"Book of Stabbing","floor":23,"turns":5}],"seed_played":"-7830258136123550961","potions_obtained":[{"floor":8.0,"key":"FairyPotion"},{"floor":12.0,"key":"SkillPotion"},{"floor":14.0,"key":"SpeedPotion"}],"is_trial":false,"path_per_floor":["M","M","?","?","?","R","T","E","T","R","$","M","R","M","R","B",null,"M","M","?","$","M","E"],"character_chosen":"DEFECT","items_purchased":["Defragment","Lantern","Coolheaded"],"campfire_rested":3,"item_purchase_floors":[11,11,21],"current_hp_per_floor":[60,48,33,33,22,44,44,21,21,47,47,46,46,32,58,51,80,55,36,36,36,17,0,0],"gold":166,"neow_bonus":"","is_daily":false,"chose_seed":false,"campfire_upgraded":1,"win_rate":0.0,"timestamp":1613870854,"path_taken":["M","M","?","?","?","R","?","E","T","R","$","?","R","M","R","BOSS","M","M","?","?","?","E"],"items_purchased_type":["Card","Relic","Card"],"build_version":"2020-12-22","purchased_purges":0,"victory":false,"max_hp_per_floor":[75,75,75,75,75,75,75,89,89,89,89,89,89,89,89,89,89,89,89,89,89,89,89,89],"relic_stats":{"Inserter":[9],"counters":[26,113],"PreservedInsect":65,"obtain_stats":[{"Lantern":11,"Inserter":17,"NeowsBlessing":0,"Golden Idol":2,"Mango":8,"PreservedInsect":7,"Runic Capacitor":21,"Frozen Egg 2":9,"Orichalcum":17,"Question Card":17,"Mercury Hourglass":9,"WarpedTongs":20,"Calling Bell":17,"Molten Egg 2":6,"Cracked Core":0,"Symbiotic Virus":10,"TungstenRod":8,"Pocketwatch":17},{"Lantern":19,"Inserter":22,"NeowsBlessing":0,"Golden Idol":1,"Mango":19,"PreservedInsect":18,"Runic Capacitor":10,"Frozen Egg 2":4,"Orichalcum":8,"Question Card":8,"Mercury Hourglass":19,"WarpedTongs":24,"Calling Bell":8,"Molten Egg 2":3,"Cracked Core":0,"Symbiotic Virus":5,"TungstenRod":4,"Pocketwatch":8},{"Lantern":82,"Inserter":94,"NeowsBlessing":0,"Golden Idol":1,"Mango":82,"PreservedInsect":77,"Runic Capacitor":43,"Frozen Egg 2":8,"Orichalcum":30,"Question Card":30,"Mercury Hourglass":82,"WarpedTongs":102,"Calling Bell":30,"Molten Egg 2":3,"Cracked Core":0,"Symbiotic Virus":15,"TungstenRod":8,"Pocketwatch":30}],"Mercury Hourglass":[145],"WarpedTongs":[11]},"card_choices":[{"not_picked":["Reinforced Body","Blizzard"],"picked":"Redo","floor":1.0},{"not_picked":["Hologram","Recycle"],"picked":"Stack","floor":2.0},{"not_picked":["Conserve Battery","Coolheaded"],"picked":"Electrodynamics","floor":8.0},{"not_picked":["Redo","Loop"],"picked":"Storm","floor":12.0},{"not_picked":["Hologram","Redo"],"picked":"Steam","floor":14.0},{"not_picked":["Reboot","Fission"],"picked":"Buffer","floor":16.0},{"not_picked":["Rebound","Sweeping Beam"],"picked":"Cold Snap","floor":18.0},{"not_picked":["Streamline","Blizzard","Beam Cell"],"picked":"SKIP","floor":19.0},{"not_picked":["Reinforced Body","Machine Learning"],"picked":"Hello World+1","floor":22.0}],"player_experience":434601,"relics_obtained":[{"floor":7.0,"key":"PreservedInsect"},{"floor":8.0,"key":"Mango"},{"floor":9.0,"key":"Mercury Hourglass"}],"event_choices":[{"damage_healed":0.0,"max_hp_gain":0.0,"max_hp_loss":0.0,"gold_gain":0.0,"event_name":"Shining Light","player_choice":"Entered Light","floor":3.0,"gold_loss":0.0,"damage_taken":15.0,"cards_upgraded":["Defend_B","Strike_B"]},{"damage_healed":0.0,"max_hp_gain":0.0,"max_hp_loss":0.0,"gold_gain":0.0,"event_name":"Golden Wing","player_choice":"Ignored","floor":4.0,"gold_loss":0.0,"damage_taken":0.0},{"damage_healed":0.0,"max_hp_gain":0.0,"max_hp_loss":0.0,"gold_gain":75.0,"event_name":"World of Goop","player_choice":"Gather Gold","floor":5.0,"gold_loss":0.0,"damage_taken":11.0},{"damage_healed":0.0,"max_hp_gain":0.0,"max_hp_loss":0.0,"gold_gain":0.0,"event_name":"Accursed Blacksmith","player_choice":"Rummage","floor":20.0,"gold_loss":0.0,"damage_taken":0.0,"relics_obtained":["WarpedTongs"],"cards_obtained":["Pain"]}],"is_beta":false,"boss_relics":[{"not_picked":["Nuclear Battery","Fusion Hammer"],"picked":"Inserter"}],"items_purged_floors":[],"is_endless":false,"potions_floor_spawned":[8,12,14,18],"killed_by":"Book of Stabbing","ascension_level":13}}