{"host":"mu5qkq7030l6349q","time":1613921924,"event":{"mods":["AchievementEnabler","BaseMod","Colored Powertips","Downfall","Highlight Path","Minty Spire (QoL Compilation)","Permanent Neow","Rare Cards Sparkle","Relic Sorter","Relic Stats","StSLib"],"gold_per_floor":[99,119,137,137,147,147,171,183,213,231,265,265,281,25,35,133,133,133,150,164,178,178,211,211,211,222,232,267,280,314,331,347,450,450,450,320,320,337,353,353,353,353,381,431,431,431,431,98,115,115],"floor_reached":51,"language":"ENG","playtime":3014,"items_purged":["Guardian:Strike_Guardian"],"score":801,"play_id":"4c369a9f-a7f6-4fab-b2aa-70b79dde66a3","local_time":"20210221163844","is_ascension_mode":false,"campfire_choices":[{"data":"Guardian:TwinSlam","floor":1.0,"key":"SMITH"},{"data":"Guardian:Planning","floor":6.0,"key":"SMITH"},{"data":"Guardian:ChargeCore","floor":12.0,"key":"SMITH"},{"data":"Guardian:TemporalStrike","floor":18.0,"key":"SMITH"},{"data":"Guardian:ExploitGems","floor":35.0,"key":"SMITH"},{"data":"Guardian:PiercingHide","floor":40.0,"key":"SMITH"},{"data":"Guardian:CrystalBeam","floor":45.0,"key":"SMITH"}],"circlet_count":0,"master_deck":["Guardian:Strike_Guardian","Guardian:Strike_Guardian","Guardian:Defend_Guardian","Guardian:Defend_Guardian","Guardian:Defend_Guardian","Guardian:Defend_Guardian","Guardian:CurlUp+1","Guardian:TwinSlam+1","Guardian:ChargeCore+1","Guardian:Planning+1","Guardian:CrystalBeam+1","Guardian:Reroute","Guardian:TemporalStrike+1","Guardian:PiercingHide+1","Guardian:ExploitGems+1","Guardian:Gem_Green","Guardian:ArmoredProtocol","Guardian:CrystalBeam+1","Guardian:ChargeCore","Guardian:Gem_Cyan","Guardian:TemporalShield+1","Guardian:Gem_Cyan","Guardian:CrystalBeam+1","Guardian:VentSteam+1","Guardian:CrystalBeam","Guardian:PrismaticBeam+1","Guardian:Gem_Crimson","Guardian:Gem_Green","Guardian:Gem_Blue","Guardian:Gem_Green","expansioncontent:PrepareCrush+1","expansioncontent:AwakenDeath","expansioncontent:PrepareCrush+1"],"relics":["Guardian:ModeShifterPlus","Matryoshka","Happy Flower","Bag of Preparation","MealTicket","CaptainsWheel","PreservedInsect","Eternal Feather","Toxic Egg 2","Bottled Flame","InkBottle","Torii","Sozu","Juzu Bracelet","Mercury Hourglass","Pantograph","Guardian:SackOfGems","Girya"],"acts_visited":["Exordium","TheCity","TheBeyond"],"potions_floor_usage":[],"damage_taken":[{"damage":1.0,"enemies":"Cultist","floor":2.0,"turns":4.0},{"damage":0.0,"enemies":"2 Louse","floor":3.0,"turns":2.0},{"damage":6.0,"enemies":"Jaw Worm","floor":5.0,"turns":3.0},{"damage":5.0,"enemies":"3 Louse","floor":8.0,"turns":4.0},{"damage":15.0,"enemies":"3 Sentries","floor":9.0,"turns":8.0},{"damage":2.0,"enemies":"2 Fungi Beasts","floor":10.0,"turns":4.0},{"damage":18.0,"enemies":"Lagavulin","floor":11.0,"turns":8.0},{"damage":0.0,"enemies":"Large Slime","floor":13.0,"turns":3.0},{"damage":0.0,"enemies":"downfall:FleeingMerchant","floor":14.0,"turns":4.0},{"damage":5.0,"enemies":"Exordium Thugs","floor":15.0,"turns":4.0},{"damage":19.0,"enemies":"SI_SHIV_ARCHETYPE","floor":16.0,"turns":6.0},{"damage":0.0,"enemies":"Chosen","floor":19.0,"turns":3.0},{"damage":0.0,"enemies":"3 Byrds","floor":20.0,"turns":2.0},{"damage":0.0,"enemies":"Centurion and Healer","floor":21.0,"turns":5.0},{"damage":21.0,"enemies":"Gremlin Leader","floor":23.0,"turns":3.0},{"damage":0.0,"enemies":"Snake Plant","floor":26.0,"turns":3.0},{"damage":3.0,"enemies":"Shelled Parasite and Fungi","floor":27.0,"turns":5.0},{"damage":2.0,"enemies":"Slavers","floor":28.0,"turns":4.0},{"damage":0.0,"enemies":"Centurion and Healer","floor":29.0,"turns":5.0},{"damage":0.0,"enemies":"Book of Stabbing","floor":30.0,"turns":4.0},{"damage":0.0,"enemies":"Snake Plant","floor":31.0,"turns":3.0},{"damage":0.0,"enemies":"Cultist and Chosen","floor":32.0,"turns":6.0},{"damage":36.0,"enemies":"DF_ARCHETYPE_CLAW","floor":33.0,"turns":10.0},{"damage":0.0,"enemies":"downfall:FleeingMerchant","floor":36.0,"turns":4.0},{"damage":0.0,"enemies":"3 Shapes","floor":38.0,"turns":3.0},{"damage":0.0,"enemies":"Orb Walker","floor":39.0,"turns":3.0},{"damage":0.0,"enemies":"Nemesis","floor":43.0,"turns":3.0},{"damage":0.0,"enemies":"Nemesis","floor":44.0,"turns":3.0},{"damage":0.0,"enemies":"Jaw Worm Horde","floor":49.0,"turns":2.0},{"damage":29,"enemies":"WA_ARCHETYPE_DIVINITY","floor":50,"turns":12}],"seed_played":"8282002327709748724","potions_obtained":[{"floor":5.0,"key":"DistilledChaos"},{"floor":11.0,"key":"LiquidBronze"},{"floor":13.0,"key":"SteroidPotion"},{"floor":15.0,"key":"DistilledChaos"},{"floor":26.0,"key":"Weak Potion"},{"floor":27.0,"key":"EssenceOfSteel"}],"is_trial":false,"path_per_floor":["R","M","M","T","M","R","T","M","E","M","E","R","M","$","M","B",null,"R","M","M","M","?","E","T","?","M","M","E","M","E","M","M","B",null,"R","$","T","M","M","R","T","?","E","?","R","T","?","?","M","B",null],"character_chosen":"GUARDIAN","items_purchased":["PreservedInsect","Guardian:TemporalStrike","Guardian:Gem_Lightblue","Guardian:Gem_Purple"],"campfire_rested":0,"item_purchase_floors":[14,14,14,36],"current_hp_per_floor":[80,79,79,79,73,73,73,68,53,51,33,33,33,48,43,24,80,80,80,80,80,80,59,59,59,59,56,54,54,54,54,54,18,80,80,80,80,80,80,80,80,80,80,80,80,80,70,90,90,61],"gold":115,"neow_bonus":"UPGRADE_CARD","is_daily":false,"chose_seed":false,"campfire_upgraded":7,"win_rate":0.0,"timestamp":1613921924,"path_taken":["R","M","M","?","M","R","T","?","E","M","E","R","M","$","M","BOSS","R","M","M","M","?","E","T","?","M","?","E","M","E","M","M","BOSS","R","$","?","M","M","R","T","?","E","?","R","?","?","?","M","BOSS"],"items_purchased_type":["Relic","Card","Card","Card"],"build_version":"2020-12-22","purchased_purges":1,"victory":true,"max_hp_per_floor":[80,80,80,80,80,80,80,80,80,80,80,80,80,80,80,80,80,80,80,80,80,80,80,80,80,80,80,80,80,80,80,80,80,80,80,80,80,80,80,80,80,80,80,80,80,80,80,90,90,90],"relic_stats":{"Happy Flower":[41],"Torii":0,"counters":[30,133],"Eternal Feather":0,"PreservedInsect":172,"Bag of Preparation":[54],"Juzu Bracelet":1,"Mercury Hourglass":[22],"Sozu":3,"Pantograph":0,"MealTicket":15,"obtain_stats":[{"Girya":46,"Happy Flower":7,"Guardian:ModeShifterPlus":17,"Torii":30,"Guardian:ModeShifter":0,"Eternal Feather":23,"Guardian:SackOfGems":44,"PreservedInsect":14,"Bag of Preparation":7,"Juzu Bracelet":37,"Mercury Hourglass":41,"Sozu":34,"CaptainsWheel":11,"Bottled Flame":24,"Matryoshka":4,"Pantograph":43,"MealTicket":9,"Toxic Egg 2":24,"InkBottle":28},{"Girya":28,"Happy Flower":3,"Guardian:ModeShifterPlus":11,"Torii":20,"Guardian:ModeShifter":0,"Eternal Feather":15,"Guardian:SackOfGems":28,"PreservedInsect":9,"Bag of Preparation":3,"Juzu Bracelet":24,"Mercury Hourglass":26,"Sozu":23,"CaptainsWheel":7,"Bottled Flame":15,"Matryoshka":2,"Pantograph":27,"MealTicket":5,"Toxic Egg 2":15,"InkBottle":18},{"Girya":119,"Happy Flower":9,"Guardian:ModeShifterPlus":50,"Torii":84,"Guardian:ModeShifter":0,"Eternal Feather":63,"Guardian:SackOfGems":119,"PreservedInsect":40,"Bag of Preparation":9,"Juzu Bracelet":107,"Mercury Hourglass":113,"Sozu":103,"CaptainsWheel":33,"Bottled Flame":63,"Matryoshka":6,"Pantograph":116,"MealTicket":21,"Toxic Egg 2":63,"InkBottle":75}],"InkBottle":[33]},"card_choices":[{"not_picked":["Guardian:Incinerate","Guardian:ShieldSpikes"],"picked":"Guardian:ChargeCore","floor":2.0},{"not_picked":["Guardian:PiercingHide","Guardian:VentSteam"],"picked":"Guardian:Planning","floor":3.0},{"not_picked":["Guardian:Gem_Cyan","Guardian:Planning"],"picked":"Guardian:Gem_Lightblue","floor":5.0},{"not_picked":["Guardian:PrismaticBeam","Guardian:GuardianWhirl"],"picked":"Guardian:Gem_Red","floor":8.0},{"not_picked":["Guardian:RollAttack","Guardian:BodySlam"],"picked":"Guardian:Gem_White","floor":9.0},{"not_picked":["Guardian:CrystalBeam","Guardian:SpikerProtocol"],"picked":"Guardian:Gem_Fragmented","floor":10.0},{"not_picked":["Guardian:RollAttack","Guardian:SentryBeam"],"picked":"Guardian:CrystalBeam","floor":11.0},{"not_picked":["Guardian:RefractedBeam","Guardian:VentSteam"],"picked":"Guardian:Reroute","floor":13.0},{"not_picked":["Guardian:PrismaticBarrier","Guardian:CrystalBeam"],"picked":"Guardian:Gem_Green","floor":14.0},{"not_picked":["Guardian:FastForward","Guardian:BodySlam"],"picked":"Guardian:PiercingHide","floor":15.0},{"not_picked":["Guardian:TimeSifter","Guardian:HyperBeam_Guardian"],"picked":"Guardian:ExploitGems","floor":16.0},{"not_picked":["Guardian:ShieldSpikes","Guardian:WalkerClaw+1","Guardian:Recover"],"picked":"SKIP","floor":19.0},{"not_picked":["Guardian:PrismaticBarrier","Guardian:WalkerClaw","Guardian:RollAttack"],"picked":"SKIP","floor":20.0},{"not_picked":["Guardian:PrimingBeam+1","Guardian:Gem_Red"],"picked":"Guardian:Gem_Crimson","floor":21.0},{"not_picked":["Guardian:Clone+1","Guardian:ConstructionForm"],"picked":"Guardian:Gem_Green","floor":23.0},{"not_picked":["Guardian:Gem_Blue","Guardian:VentSteam+1"],"picked":"Guardian:Gem_Green","floor":26.0},{"not_picked":["Guardian:TimeBomb+1","Guardian:Harden+1"],"picked":"Guardian:Gem_Green","floor":27.0},{"not_picked":["Guardian:Recover+1","Guardian:TemporalStrike"],"picked":"Guardian:CrystalBeam+1","floor":28.0},{"not_picked":["Guardian:Incinerate","Guardian:Emergency+1"],"picked":"Guardian:ChargeCore","floor":29.0},{"not_picked":["Guardian:Recover+1","Guardian:RollAttack"],"picked":"Guardian:Gem_Cyan","floor":30.0},{"not_picked":["Guardian:Suspension+1","Guardian:ShieldCharger+1"],"picked":"Guardian:TemporalShield+1","floor":31.0},{"not_picked":["Guardian:Gem_Green","Guardian:BodySlam+1"],"picked":"Guardian:Gem_Cyan","floor":32.0},{"not_picked":["Guardian:FastForward+1","Guardian:Gem_Synthetic"],"picked":"Guardian:Gem_Orange","floor":33.0},{"not_picked":["Guardian:Gem_Purple","Guardian:VentSteam+1"],"picked":"Guardian:CrystalBeam+1","floor":36.0},{"not_picked":["Guardian:EvasiveProtocol","Guardian:PolyBeam"],"picked":"Guardian:VentSteam+1","floor":38.0},{"not_picked":["Guardian:Gem_Blue","Guardian:Reroute+1"],"picked":"Guardian:CrystalBeam","floor":39.0},{"not_picked":["Guardian:ConstructionForm","Guardian:Incinerate"],"picked":"Guardian:PrismaticBeam+1","floor":43.0},{"not_picked":["Guardian:Gem_Yellow","Guardian:TimeBomb+1"],"picked":"Guardian:Gem_Green","floor":44.0},{"not_picked":["expansioncontent:Chronoboost","expansioncontent:AwakenDeath"],"picked":"expansioncontent:PrepareCrush","floor":47.0},{"not_picked":["expansioncontent:HyperBeam","expansioncontent:InvincibleStrength"],"picked":"expansioncontent:AwakenDeath","floor":47.0},{"not_picked":["expansioncontent:Hexaburn","expansioncontent:InvincibleStrength"],"picked":"expansioncontent:PrepareCrush","floor":47.0},{"not_picked":["Guardian:TimeCapacitor","Guardian:Planning+1","Guardian:TimeSifter"],"picked":"SKIP","floor":49.0}],"player_experience":69819,"relics_obtained":[{"floor":4.0,"key":"Matryoshka"},{"floor":7.0,"key":"Happy Flower"},{"floor":7.0,"key":"Bag of Preparation"},{"floor":9.0,"key":"MealTicket"},{"floor":11.0,"key":"CaptainsWheel"},{"floor":23.0,"key":"Eternal Feather"},{"floor":24.0,"key":"Toxic Egg 2"},{"floor":24.0,"key":"Bottled Flame"},{"floor":28.0,"key":"InkBottle"},{"floor":30.0,"key":"Torii"},{"floor":37.0,"key":"Juzu Bracelet"},{"floor":41.0,"key":"Mercury Hourglass"},{"floor":43.0,"key":"Pantograph"},{"floor":44.0,"key":"Guardian:SackOfGems"},{"floor":46.0,"key":"Girya"}],"event_choices":[{"damage_healed":0.0,"max_hp_gain":0.0,"max_hp_loss":0.0,"gold_gain":0.0,"event_name":"The Library","player_choice":"Read","floor":22.0,"gold_loss":0.0,"damage_taken":0.0,"cards_obtained":["Guardian:Gem_Purple"]},{"cards_removed":["Guardian:Strike_Guardian"],"damage_healed":0.0,"max_hp_gain":0.0,"max_hp_loss":0.0,"gold_gain":0.0,"event_name":"Bonfire Elementals","player_choice":"Offered Basic","floor":42.0,"gold_loss":0.0,"damage_taken":0.0}],"is_beta":false,"boss_relics":[{"not_picked":["Fusion Hammer","Cursed Key"],"picked":"Guardian:ModeShifterPlus"},{"not_picked":["Runic Pyramid","Runic Dome"],"picked":"Sozu"}],"items_purged_floors":[36],"is_endless":false,"potions_floor_spawned":[5,11,13,15,26,27,28,29,31,43,44,49],"ascension_level":0}}