{"host":"p1xsuo25udtrkbq2","time":1613868562,"event":{"mods":["BaseMod","Colored Map","Googly Eyes","Highlight Path","Minty Spire (QoL Compilation)","Quick Restart","Rare Cards Sparkle","Relic Stats","Slay the Relics Exporter","StSLib","everything is the same but u backflip on backflip"],"gold_per_floor":[116,133,146,146,221,249,268,268,318,349,360,27,27,42,42,115,115,92,110,110,110,5,40,58,90,90,90,119,119,138,153,153,230,280,292,310,323,2,13,13,40,40,111,111,146,146,146,166,166,166,166,166],"floor_reached":51,"language":"ENG","playtime":14003,"items_purged":["Strike_G"],"score":1579,"play_id":"147a0b6e-2964-4b59-9932-c6dc6e860553","local_time":"20210220194922","is_ascension_mode":true,"campfire_choices":[{"floor":8.0,"key":"REST"},{"data":"Flechettes","floor":15.0,"key":"SMITH"},{"floor":27.0,"key":"REST"},{"data":"Wraith Form v2","floor":32.0,"key":"SMITH"},{"data":"Envenom","floor":40,"key":"SMITH"},{"floor":42,"key":"REST"},{"floor":47,"key":"REST"},{"floor":49,"key":"RECALL"}],"circlet_count":0,"master_deck":["AscendersBane","Strike_G+1","Strike_G+1","Strike_G+1","Strike_G+1","Defend_G+1","Defend_G+1","Defend_G+1","Defend_G+1","Defend_G+1","Survivor","Neutralize","Deadly Poison","Blade Dance","Acrobatics+1","Dash","Blade Dance","Flechettes+1","Escape Plan","Footwork","Leg Sweep","Wraith Form v2+1","Cloak And Dagger","PiercingWail","Catalyst+1","Backflip","Deadly Poison","Well Laid Plans+1","Venomology","Acrobatics","Quick Slash+1","Envenom+1","Catalyst","Clumsy","Sadistic Nature","Metamorphosis","Blade Dance+1","Acrobatics"],"relics":["SlaversCollar","Pantograph","Regal Pillow","Tiny Chest","Toolbox","Cursed Key","Bag of Marbles","Oddly Smooth Stone","Peace Pipe","Tiny House","Snake Skull","Ninja Scroll","Boot"],"acts_visited":["Exordium","TheCity","TheBeyond"],"potions_floor_usage":[39,41,45,45,45,45,50,50,51,51],"damage_taken":[{"damage":4.0,"enemies":"Small Slimes","floor":1.0,"turns":4.0},{"damage":7.0,"enemies":"2 Louse","floor":2.0,"turns":3.0},{"damage":6.0,"enemies":"Jaw Worm","floor":3.0,"turns":6.0},{"damage":49.0,"enemies":"Lagavulin","floor":6.0,"turns":8.0},{"damage":0.0,"enemies":"Red Slaver","floor":7.0,"turns":4.0},{"damage":0.0,"enemies":"Gremlin Nob","floor":10.0,"turns":3.0},{"damage":5.0,"enemies":"Blue Slaver","floor":11.0,"turns":4.0},{"damage":0.0,"enemies":"2 Fungi Beasts","floor":14.0,"turns":4.0},{"damage":13.0,"enemies":"Hexaghost","floor":16.0,"turns":8.0},{"damage":15.0,"enemies":"2 Thieves","floor":18.0,"turns":4.0},{"damage":0.0,"enemies":"Chosen","floor":19.0,"turns":3.0},{"damage":5.0,"enemies":"Slavers","floor":23.0,"turns":5.0},{"damage":2.0,"enemies":"Shelled Parasite and Fungi","floor":24.0,"turns":6.0},{"damage":12.0,"enemies":"Gremlin Leader","floor":25.0,"turns":9.0},{"damage":16.0,"enemies":"Book of Stabbing","floor":28.0,"turns":6.0},{"damage":4.0,"enemies":"Centurion and Healer","floor":30.0,"turns":7.0},{"damage":17.0,"enemies":"Cultist and Chosen","floor":31.0,"turns":9.0},{"damage":11.0,"enemies":"Automaton","floor":33.0,"turns":11.0},{"damage":0.0,"enemies":"3 Shapes","floor":35.0,"turns":6.0},{"damage":5.0,"enemies":"3 Darklings","floor":36.0,"turns":7.0},{"damage":0.0,"enemies":"Maw","floor":37.0,"turns":6.0},{"damage":17,"enemies":"Sphere and 2 Shapes","floor":39,"turns":6},{"damage":8,"enemies":"Nemesis","floor":41,"turns":5},{"damage":36,"enemies":"Giant Head","floor":45,"turns":7},{"damage":31,"enemies":"Spire Growth","floor":48,"turns":4},{"damage":51,"enemies":"Donu and Deca","floor":50,"turns":10},{"damage":29,"enemies":"Awakened One","floor":51,"turns":8}],"seed_played":"-4105363975728148569","potions_obtained":[{"floor":1.0,"key":"Block Potion"},{"floor":7.0,"key":"AttackPotion"},{"floor":11.0,"key":"BlessingOfTheForge"},{"floor":14.0,"key":"LiquidMemories"},{"floor":16.0,"key":"DuplicationPotion"},{"floor":23.0,"key":"EntropicBrew"},{"floor":25.0,"key":"GhostInAJar"},{"floor":30.0,"key":"Block Potion"},{"floor":33.0,"key":"Explosive Potion"},{"floor":34.0,"key":"AttackPotion"},{"floor":35.0,"key":"Poison Potion"},{"floor":36.0,"key":"FearPotion"},{"floor":45,"key":"Poison Potion"}],"is_trial":false,"path_per_floor":["M","M","M","?","?","E","M","R","T","E","M","$","?","M","R","B",null,"M","M","?","$","$","E","M","E","T","R","E","T","M","M","R","B",null,"M","M","M","$","M","R","E","R","T","?","E","?","R","M","R","B","B"],"character_chosen":"THE_SILENT","items_purchased":["Footwork","Toolbox","PowerPotion","PiercingWail","PowerPotion","Snake Skull","Envenom"],"campfire_rested":4,"item_purchase_floors":[12,12,12,22,22,38,38],"current_hp_per_floor":[55,48,42,64,53,4,4,23,23,23,18,18,18,18,18,30,57,42,42,42,42,42,37,35,23,23,57,41,41,37,20,20,34,63,63,58,58,58,41,41,33,69,69,59,23,23,58,27,27,1,0,0],"gold":166,"neow_bonus":"BOSS_RELIC","is_daily":false,"chose_seed":false,"campfire_upgraded":3,"win_rate":0.0,"timestamp":1613868562,"path_taken":["M","M","M","?","?","E","M","R","T","E","M","$","?","M","R","BOSS","M","M","?","?","$","E","M","E","T","R","E","?","?","M","R","BOSS","M","M","M","$","M","R","E","R","T","?","E","?","R","M","R","BOSS","BOSS"],"items_purchased_type":["Card","Relic","Potion","Card","Potion","Relic","Card"],"build_version":"2020-12-22","purchased_purges":1,"victory":false,"max_hp_per_floor":[66,66,66,66,66,66,66,66,66,66,66,66,66,66,66,66,66,66,66,66,66,66,66,66,66,66,66,66,66,66,66,66,66,71,71,71,71,71,71,71,71,71,71,71,71,67,67,67,67,67,67,67],"relic_stats":{"Peace Pipe":0,"Regal Pillow":45,"counters":[27,163],"Pantograph":100,"Tiny Chest":1,"Snake Skull":[76],"Cursed Key":1,"Boot":[36],"obtain_stats":[{"Regal Pillow":9,"Tiny House":34,"Oddly Smooth Stone":25,"Snake Skull":38,"Cursed Key":17,"Boot":45,"Peace Pipe":28,"SlaversCollar":0,"Ninja Scroll":41,"Pantograph":6,"Toolbox":12,"Tiny Chest":10,"Bag of Marbles":23,"Ring of the Snake":0},{"Regal Pillow":5,"Tiny House":18,"Oddly Smooth Stone":14,"Snake Skull":21,"Cursed Key":9,"Boot":24,"Peace Pipe":15,"SlaversCollar":0,"Ninja Scroll":23,"Pantograph":4,"Toolbox":7,"Tiny Chest":6,"Bag of Marbles":12,"Ring of the Snake":0},{"Regal Pillow":25,"Tiny House":104,"Oddly Smooth Stone":71,"Snake Skull":123,"Cursed Key":44,"Boot":141,"Peace Pipe":77,"SlaversCollar":0,"Ninja Scroll":134,"Pantograph":21,"Toolbox":32,"Tiny Chest":28,"Bag of Marbles":56,"Ring of the Snake":0}]},"card_choices":[{"not_picked":["Blur","Prepared"],"picked":"Deadly Poison","floor":1.0},{"not_picked":["Deflect","Quick Slash"],"picked":"Blade Dance","floor":2.0},{"not_picked":["Quick Slash","Dagger Throw"],"picked":"Acrobatics","floor":3.0},{"not_picked":["Cloak And Dagger","Bane"],"picked":"Dash","floor":6.0},{"not_picked":["Quick Slash","Flechettes"],"picked":"Blade Dance","floor":7.0},{"not_picked":["Bouncing Flask","Glass Knife"],"picked":"Flechettes","floor":10.0},{"not_picked":["Dagger Throw","Expertise"],"picked":"Escape Plan","floor":11.0},{"not_picked":["Quick Slash","Dash"],"picked":"Leg Sweep","floor":14.0},{"not_picked":["A Thousand Cuts","Adrenaline"],"picked":"Wraith Form v2","floor":16.0},{"not_picked":["Outmaneuver","Sucker Punch","Concentrate"],"picked":"SKIP","floor":18.0},{"not_picked":["Blur","Deadly Poison"],"picked":"Cloak And Dagger","floor":19.0},{"not_picked":["Prepared","Concentrate"],"picked":"Catalyst+1","floor":23.0},{"not_picked":["Dagger Throw","Flying Knee"],"picked":"Backflip","floor":24.0},{"not_picked":["Underhanded Strike","All Out Attack","Sucker Punch"],"picked":"SKIP","floor":25.0},{"not_picked":["Slice","Footwork"],"picked":"Deadly Poison","floor":28.0},{"not_picked":["Endless Agony+1","Dagger Spray","Deadly Poison"],"picked":"SKIP","floor":30.0},{"not_picked":["Bane+1","Leg Sweep"],"picked":"Well Laid Plans+1","floor":31.0},{"not_picked":["A Thousand Cuts","After Image"],"picked":"Venomology","floor":33.0},{"not_picked":["Dagger Throw","Setup"],"picked":"Acrobatics","floor":34.0},{"not_picked":["Concentrate","Prepared"],"picked":"Quick Slash+1","floor":35.0},{"not_picked":["Dodge and Roll","Dagger Spray","Flying Knee"],"picked":"SKIP","floor":36.0},{"not_picked":["Quick Slash+1","Outmaneuver","Sucker Punch"],"picked":"SKIP","floor":37},{"not_picked":["Expertise","Eviscerate","Dagger Spray"],"picked":"SKIP","floor":39},{"not_picked":["Slice","Choke+1"],"picked":"Catalyst","floor":41},{"not_picked":["Chrysalis","Finesse"],"picked":"Sadistic Nature","floor":44},{"not_picked":["Secret Weapon","Discovery"],"picked":"Metamorphosis","floor":44},{"not_picked":["Underhanded Strike","Riddle With Holes"],"picked":"Blade Dance+1","floor":45},{"not_picked":["Dodge and Roll","Leg Sweep"],"picked":"Acrobatics","floor":48}],"player_experience":1116529,"relics_obtained":[{"floor":6.0,"key":"Pantograph"},{"floor":9.0,"key":"Regal Pillow"},{"floor":10.0,"key":"Tiny Chest"},{"floor":23.0,"key":"Bag of Marbles"},{"floor":25.0,"key":"Oddly Smooth Stone"},{"floor":28.0,"key":"Peace Pipe"},{"floor":41,"key":"Ninja Scroll"},{"floor":45,"key":"Boot"}],"event_choices":[{"damage_healed":22.0,"max_hp_gain":0.0,"max_hp_loss":0.0,"gold_gain":0.0,"event_name":"Big Fish","player_choice":"Banana","floor":4.0,"gold_loss":0.0,"damage_taken":0.0},{"damage_healed":0.0,"max_hp_gain":0.0,"max_hp_loss":0.0,"gold_gain":75.0,"event_name":"World of Goop","player_choice":"Gather Gold","floor":5.0,"gold_loss":0.0,"damage_taken":11.0},{"damage_healed":0.0,"max_hp_gain":0.0,"max_hp_loss":0.0,"gold_gain":0.0,"event_name":"Shining Light","player_choice":"Ignored","floor":13.0,"gold_loss":0.0,"damage_taken":0.0},{"damage_healed":0.0,"max_hp_gain":0.0,"max_hp_loss":0.0,"gold_gain":0.0,"event_name":"Back to Basics","player_choice":"Simplicity","floor":20.0,"gold_loss":0.0,"damage_taken":0.0,"cards_upgraded":["Strike_G","Strike_G","Strike_G","Strike_G","Defend_G","Defend_G","Defend_G","Defend_G","Defend_G"]},{"damage_healed":0,"gold_gain":0,"player_choice":"Memory 3","damage_taken":10,"max_hp_gain":0,"max_hp_loss":0,"event_name":"SensoryStone","floor":44,"gold_loss":0},{"damage_healed":0,"gold_gain":0,"player_choice":"Max HP","damage_taken":0,"max_hp_gain":0,"max_hp_loss":4,"event_name":"Winding Halls","floor":46,"gold_loss":0}],"is_beta":false,"boss_relics":[{"not_picked":["Busted Crown","Black Star"],"picked":"Cursed Key"},{"not_picked":["Pandora\u0027s Box","Fusion Hammer"],"picked":"Tiny House"}],"items_purged_floors":[12],"is_endless":false,"potions_floor_spawned":[1,7,11,14,16,18,23,25,30,33,35,36,37,39,45],"killed_by":"Awakened One","ascension_level":20}}