{"host":"qp7xs8nuzfsyommi","time":1613927545,"event":{"mods":["2.2 Compatiblity","BaseMod","Colored Powertips","DeckTracker","Highlight Path","Minty Spire (QoL Compilation)","Permanent Neow","Quick Restart","StSLib"],"gold_per_floor":[111,111,128,146,158,158,193,193,193,193,203,221,52,87,87,163,163,176,16,0,13,29,29,29,48,48,48,61,61,78,78,78,153,153,170,184,196,81,96,96,128,141,164,189,200,200,215,227,227,227,227,227,227,69,103,103,103],"floor_reached":56,"language":"ENG","playtime":4526,"items_purged":["Shame"],"score":1840,"play_id":"cb099b9d-647b-43bf-8248-5b075e9ff423","local_time":"20210221121225","is_ascension_mode":true,"campfire_choices":[{"data":"Dualcast","floor":6.0,"key":"SMITH"},{"data":"Recycle","floor":8.0,"key":"SMITH"},{"floor":10.0,"key":"REST"},{"data":"Gash","floor":15.0,"key":"SMITH"},{"floor":23.0,"key":"RECALL"},{"floor":27.0,"key":"REST"},{"data":"Machine Learning","floor":32.0,"key":"SMITH"},{"data":"Coolheaded","floor":40.0,"key":"SMITH"},{"data":"Hologram","floor":46.0,"key":"SMITH"},{"data":"Coolheaded","floor":49.0,"key":"SMITH"},{"floor":53,"key":"REST"}],"circlet_count":0,"master_deck":["AscendersBane","Strike_B","Strike_B","Strike_B","Strike_B","Defend_B","Zap+1","Dualcast+1","CurseOfTheBell","Gash+1","All For One","Coolheaded+1","Chill","Recycle+1","Melter","Go for the Eyes","All For One","Self Repair","Turbo","Machine Learning+1","Buffer+1","Heatsinks+1","Aggregate+1","FTL","Coolheaded+1","Chill","Gash+1","Leap+1","Echo Form","Beam Cell","Darkness","Gash","Self Repair","Gash","Hologram+1","Stack","Seek","Gash","Glacier"],"relics":["Calling Bell","Vajra","Question Card","Turnip","InkBottle","StrikeDummy","Meat on the Bone","Astrolabe","Toolbox","Centennial Puzzle","FossilizedHelix","Nuclear Battery","Pocketwatch","Calipers","Pen Nib","Sundial"],"acts_visited":["Exordium","TheCity","TheBeyond","TheEnding"],"potions_floor_usage":[],"damage_taken":[{"damage":0.0,"enemies":"Small Slimes","floor":1.0,"turns":4.0},{"damage":1.0,"enemies":"Cultist","floor":3.0,"turns":4.0},{"damage":0.0,"enemies":"2 Louse","floor":4.0,"turns":3.0},{"damage":14.0,"enemies":"Blue Slaver","floor":5.0,"turns":4.0},{"damage":16.0,"enemies":"3 Sentries","floor":7.0,"turns":8.0},{"damage":13.0,"enemies":"3 Louse","floor":11.0,"turns":5.0},{"damage":0.0,"enemies":"Large Slime","floor":12.0,"turns":3.0},{"damage":24.0,"enemies":"Gremlin Nob","floor":14.0,"turns":4.0},{"damage":22.0,"enemies":"The Guardian","floor":16.0,"turns":10.0},{"damage":43.0,"enemies":"Chosen","floor":18.0,"turns":6.0},{"damage":0.0,"enemies":"Spheric Guardian","floor":21.0,"turns":3.0},{"damage":27.0,"enemies":"Shelled Parasite and Fungi","floor":22.0,"turns":4.0},{"damage":39.0,"enemies":"Cultist and Chosen","floor":25.0,"turns":7.0},{"damage":0.0,"enemies":"Centurion and Healer","floor":28.0,"turns":4.0},{"damage":0.0,"enemies":"Chosen and Byrds","floor":30.0,"turns":5.0},{"damage":33.0,"enemies":"Champ","floor":33.0,"turns":10.0},{"damage":9.0,"enemies":"3 Shapes","floor":35.0,"turns":11.0},{"damage":0.0,"enemies":"Orb Walker","floor":36.0,"turns":2.0},{"damage":24.0,"enemies":"Writhing Mass","floor":37.0,"turns":5.0},{"damage":0.0,"enemies":"4 Shapes","floor":39.0,"turns":9.0},{"damage":31.0,"enemies":"Nemesis","floor":41.0,"turns":7.0},{"damage":0.0,"enemies":"Maw","floor":42.0,"turns":5.0},{"damage":0.0,"enemies":"Mind Bloom Boss Battle","floor":44.0,"turns":4.0},{"damage":0.0,"enemies":"Jaw Worm Horde","floor":45.0,"turns":3.0},{"damage":0.0,"enemies":"Transient","floor":47.0,"turns":6.0},{"damage":37.0,"enemies":"Writhing Mass","floor":48.0,"turns":6.0},{"damage":28.0,"enemies":"Awakened One","floor":50.0,"turns":5.0},{"damage":44,"enemies":"Donu and Deca","floor":51,"turns":9},{"damage":69,"enemies":"Shield and Spear","floor":55,"turns":6},{"damage":74,"enemies":"The Heart","floor":56,"turns":2}],"seed_played":"-8115474271576815313","potions_obtained":[{"floor":3.0,"key":"DuplicationPotion"},{"floor":7.0,"key":"Weak Potion"},{"floor":16.0,"key":"DuplicationPotion"},{"floor":22.0,"key":"EntropicBrew"},{"floor":35.0,"key":"Fire Potion"},{"floor":36.0,"key":"SpeedPotion"},{"floor":39.0,"key":"Energy Potion"},{"floor":44.0,"key":"Fruit Juice"},{"floor":47.0,"key":"EssenceOfSteel"},{"floor":48.0,"key":"BlessingOfTheForge"}],"is_trial":false,"path_per_floor":["M","?","M","M","M","R","E","R","T","R","M","M","$","E","R","B",null,"M","$","?","M","M","R","?","M","T","R","M","?","M","?","R","B",null,"M","M","M","$","M","R","E","M","T","?","M","R","M","M","R","B","B",null,"R","$","E","B"],"character_chosen":"DEFECT","items_purchased":["All For One","Self Repair","Toolbox","Self Repair","Pen Nib"],"campfire_rested":3,"item_purchase_floors":[13,13,19,38,54],"current_hp_per_floor":[64,64,63,63,49,49,33,33,33,54,41,41,41,24,24,21,59,35,35,35,57,49,49,49,29,29,50,57,57,64,58,58,44,64,62,71,54,54,71,71,61,71,71,76,76,76,76,60,60,61,43,68,76,76,40,0,0],"gold":103,"neow_bonus":"BOSS_RELIC","is_daily":false,"chose_seed":false,"campfire_upgraded":7,"win_rate":0.0,"timestamp":1613927545,"path_taken":["M","?","M","M","M","R","E","R","T","R","?","M","?","E","R","BOSS","M","$","?","M","M","R","?","M","T","R","M","?","M","?","R","BOSS","M","M","M","$","?","R","E","M","T","?","M","R","M","M","R","BOSS","BOSS","R","$","E","BOSS"],"items_purchased_type":["Card","Card","Relic","Card","Relic"],"build_version":"2020-12-22","purchased_purges":1,"victory":false,"max_hp_per_floor":[71,71,71,71,71,71,71,71,71,71,71,71,71,71,71,71,71,71,71,71,71,71,71,71,71,71,71,71,71,71,71,71,71,71,71,71,71,71,71,71,71,71,71,76,76,76,76,76,76,76,76,76,76,76,76,76,76],"card_choices":[{"not_picked":["Hologram","White Noise","Compile Driver"],"picked":"Gash","floor":1.0},{"not_picked":["Glacier","Redo","Conserve Battery"],"picked":"All For One","floor":3.0},{"not_picked":["Barrage","Rebound","Steam Power"],"picked":"Coolheaded","floor":4.0},{"not_picked":["Undo","Ball Lightning","Lockon"],"picked":"Chill","floor":5.0},{"not_picked":["Auto Shields","Loop","Blizzard"],"picked":"Recycle","floor":7.0},{"not_picked":["Tempest","Streamline","Auto Shields"],"picked":"Melter","floor":11.0},{"not_picked":["Sunder","Coolheaded","Hologram"],"picked":"Go for the Eyes","floor":12.0},{"not_picked":["Rebound","Consume","Streamline"],"picked":"Turbo","floor":14.0},{"not_picked":["Seek","Fission","Biased Cognition"],"picked":"Machine Learning","floor":16.0},{"not_picked":["Rebound","Go for the Eyes","Cold Snap"],"picked":"FTL","floor":18.0},{"not_picked":["Aggregate","Turbo+1","Go for the Eyes"],"picked":"Coolheaded","floor":21.0},{"not_picked":["Sunder","Capacitor","Steam Power+1"],"picked":"Chill","floor":22.0},{"not_picked":["Consume","Stack","Coolheaded+1","Loop"],"picked":"SKIP","floor":25.0},{"not_picked":["Double Energy","Skim","Creative AI"],"picked":"Gash+1","floor":28.0},{"not_picked":["Recycle","Stack","FTL"],"picked":"Leap+1","floor":30.0},{"not_picked":["All For One","Electrodynamics","Seek"],"picked":"Echo Form","floor":33.0},{"not_picked":["Genetic Algorithm","Rebound","Fusion"],"picked":"Beam Cell","floor":35.0},{"not_picked":["FTL","Coolheaded","Rebound"],"picked":"Darkness","floor":36.0},{"not_picked":["Stack","Turbo+1","Skim"],"picked":"Gash","floor":37.0},{"not_picked":["Redo","FTL","Hologram","Tempest"],"picked":"SKIP","floor":39.0},{"not_picked":["Rip and Tear","Undo+1","Electrodynamics"],"picked":"Gash","floor":41.0},{"not_picked":["Stack","Coolheaded","Rebound+1"],"picked":"Hologram","floor":42.0},{"not_picked":["Compile Driver","Lockon","Blizzard"],"picked":"Stack","floor":45.0},{"not_picked":["Darkness","Cold Snap","Fusion"],"picked":"Seek","floor":47.0},{"not_picked":["Darkness","Steam","Rebound"],"picked":"Gash","floor":48.0},{"not_picked":["Cold Snap","Undo","BootSequence+1"],"picked":"Glacier","floor":55}],"player_experience":1462933,"relics_obtained":[{"floor":0.0,"key":"Vajra"},{"floor":0.0,"key":"Question Card"},{"floor":0.0,"key":"Turnip"},{"floor":7.0,"key":"InkBottle"},{"floor":9.0,"key":"StrikeDummy"},{"floor":14.0,"key":"Meat on the Bone"},{"floor":26.0,"key":"FossilizedHelix"},{"floor":41.0,"key":"Pocketwatch"},{"floor":44.0,"key":"Calipers"},{"floor":55,"key":"Sundial"}],"event_choices":[{"damage_healed":0.0,"max_hp_gain":0.0,"max_hp_loss":0.0,"gold_gain":0.0,"event_name":"Upgrade Shrine","player_choice":"Upgraded","floor":2.0,"gold_loss":0.0,"damage_taken":0.0,"cards_upgraded":["Zap"]},{"damage_healed":0.0,"max_hp_gain":0.0,"max_hp_loss":0.0,"gold_gain":0.0,"event_name":"Masked Bandits","player_choice":"Paid Fearfully","floor":20.0,"gold_loss":16.0,"damage_taken":0.0},{"damage_healed":0.0,"max_hp_gain":0.0,"max_hp_loss":0.0,"gold_gain":0.0,"event_name":"Addict","player_choice":"Stole Relic","floor":24.0,"gold_loss":0.0,"damage_taken":0.0,"relics_obtained":["Centennial Puzzle"],"cards_obtained":["Shame"]},{"damage_healed":0.0,"max_hp_gain":0.0,"max_hp_loss":0.0,"gold_gain":0.0,"event_name":"Ghosts","player_choice":"Ignored","floor":29.0,"gold_loss":0.0,"damage_taken":0.0},{"damage_healed":0.0,"max_hp_gain":0.0,"max_hp_loss":0.0,"gold_gain":0.0,"event_name":"Knowing Skull","player_choice":"","floor":31.0,"potions_obtained":[],"gold_loss":0.0,"damage_taken":6.0,"cards_obtained":[]},{"damage_healed":0.0,"max_hp_gain":0.0,"max_hp_loss":0.0,"gold_gain":0.0,"event_name":"MindBloom","player_choice":"Fight","floor":44.0,"gold_loss":0.0,"damage_taken":0.0}],"is_beta":false,"boss_relics":[{"not_picked":["Empty Cage","Busted Crown"],"picked":"Astrolabe"},{"not_picked":["Sozu","Coffee Dripper"],"picked":"Nuclear Battery"}],"items_purged_floors":[38],"is_endless":false,"potions_floor_spawned":[3,7,12,16,22,25,28,35,36,39,44,47,48],"killed_by":"The Heart","ascension_level":20}}