{"host":"ssbj2e5691x5ub3h","time":1613866432,"event":{"mods":["BaseMod","Downfall","Minty Spire (QoL Compilation)","Quick Restart","StSLib","SuperFastMode"],"gold_per_floor":[99,115,132,148,148,298,298,315,315,315,315,326,345,182,192,294,294,294,308,308,110,110,95,150,170,185,203,217,217,317,417,432,528,528,528,538,554,568,568,568,568,578,590,614,614,614,614,614,624,624,624,624],"floor_reached":50,"language":"ENG","playtime":5170,"items_purged":["downfall:Icky"],"score":438,"play_id":"900f8168-e813-48b5-a01b-1fde3a2bb6c2","local_time":"20210220221352","is_ascension_mode":false,"campfire_choices":[{"data":"hexamod:Sear","floor":1,"key":"SMITH"},{"floor":10,"key":"REST"},{"data":"hexamod:ForkedFlame","floor":18,"key":"SMITH"},{"floor":29,"key":"REST"},{"data":"hexamod:SearingWound","floor":35,"key":"SMITH"},{"floor":40,"key":"REST"},{"floor":45,"key":"REST"},{"floor":47,"key":"REST"}],"circlet_count":0,"master_deck":["hexamod:Strike","hexamod:Strike","hexamod:Strike","hexamod:Defend+1","hexamod:Defend","hexamod:Defend","hexamod:Defend","hexamod:Sear+1","hexamod:Float","hexamod:GhostShield","hexamod:InspiringFlames","hexamod:AdvancingGuard","hexamod:FastForward","hexamod:SoulSteal+1","hexamod:ShieldOfDarkness","hexamod:SwordOfDarkness","hexamod:ForkedFlame+1","hexamod:SpectersWail","hexamod:WildfireWeapon","hexamod:PhantomFireball","hexamod:EmpoweredFlame+1","hexamod:SwordOfDarkness","hexamod:Rewind+1","hexamod:GhostOfSpireFuture+1","hexamod:HeatCrush+1","hexamod:SpectersWail+1","hexamod:SearingWound+1","hexamod:NightmareGuise","expansioncontent:AwakenDeath","hexamod:HeatCrush"],"relics":["hexamod:SpiritBrand","Nunchaku","Sundial","Snecko Eye","War Paint","Juzu Bracelet","Peace Pipe","hexamod:InflammatoryLetter","Velvet Choker","Darkstone Periapt","MealTicket"],"acts_visited":["Exordium","TheCity","TheBeyond"],"potions_floor_usage":[2,16,16,31,33,33,50,50,50],"damage_taken":[{"damage":7,"enemies":"Small Slimes","floor":2,"turns":4},{"damage":2,"enemies":"2 Louse","floor":3,"turns":5},{"damage":0,"enemies":"Cultist","floor":4,"turns":3},{"damage":22,"enemies":"Exordium Thugs","floor":8,"turns":7},{"damage":6,"enemies":"Large Slime","floor":12,"turns":9},{"damage":0,"enemies":"Lots of Slimes","floor":13,"turns":5},{"damage":0,"enemies":"downfall:FleeingMerchant","floor":14,"turns":4},{"damage":0,"enemies":"2 Fungi Beasts","floor":15,"turns":4},{"damage":13,"enemies":"DF_ARCHETYPE_STREAMLINE","floor":16,"turns":9},{"damage":8,"enemies":"Spheric Guardian","floor":19,"turns":4},{"damage":0,"enemies":"downfall:FleeingMerchant","floor":21,"turns":4},{"damage":7,"enemies":"downfall:FleeingMerchant","floor":23,"turns":4},{"damage":4,"enemies":"downfall:LooterAlt2","floor":25,"turns":4},{"damage":15,"enemies":"Snecko","floor":26,"turns":6},{"damage":30,"enemies":"Snake Plant","floor":27,"turns":5},{"damage":0,"enemies":"Centurion and Healer","floor":28,"turns":5},{"damage":7,"enemies":"WA_ARCHETYPE_RETAIN","floor":31,"turns":5},{"damage":0,"enemies":"Chosen and Byrds","floor":32,"turns":1},{"damage":14,"enemies":"IC_MUSHROOM_ARCHETYPE","floor":33,"turns":7},{"damage":3,"enemies":"3 Shapes","floor":36,"turns":3},{"damage":25,"enemies":"3 Darklings","floor":37,"turns":4},{"damage":30,"enemies":"4 Shapes","floor":38,"turns":5},{"damage":37,"enemies":"Spire Growth","floor":42,"turns":5},{"damage":7,"enemies":"3 Darklings","floor":43,"turns":4},{"damage":36,"enemies":"Jaw Worm Horde","floor":49,"turns":3},{"damage":84,"enemies":"WA_ARCHETYPE_DIVINITY","floor":50,"turns":7}],"seed_played":"-5779009143654599104","potions_obtained":[{"floor":2,"key":"Fruit Juice"},{"floor":4,"key":"Energy Potion"},{"floor":12,"key":"GamblersBrew"},{"floor":15,"key":"AttackPotion"},{"floor":25,"key":"sneckomod:MuddlingPotion"},{"floor":26,"key":"Weak Potion"},{"floor":31,"key":"Block Potion"},{"floor":33,"key":"DuplicationPotion"},{"floor":36,"key":"hexamod:EctoCoolerPotion"},{"floor":49,"key":"EssenceOfSteel"}],"is_trial":false,"path_per_floor":["R","M","M","M","?","?","T","M","?","R","?","M","M","$","M","B",null,"R","M","?","$","?","$","T","M","M","M","M","R","?","?","M","B",null,"R","M","M","M","?","R","T","M","M","?","R","?","R","?","M","B"],"character_chosen":"THE_SPIRIT","items_purchased":["hexamod:ForkedFlame","hexamod:PhantomFireball","War Paint"],"campfire_rested":5,"item_purchase_floors":[14,21,21],"current_hp_per_floor":[77,75,73,73,73,73,73,51,39,63,63,57,57,57,57,44,82,82,74,74,74,74,67,67,63,48,18,18,42,42,35,35,21,82,82,79,54,24,24,48,48,11,4,4,28,28,52,52,16,0,0,0],"gold":624,"neow_bonus":"TEN_PERCENT_HP_BONUS","is_daily":false,"chose_seed":false,"campfire_upgraded":3,"win_rate":0.0,"timestamp":1613866432,"path_taken":["R","M","M","M","?","?","T","M","?","R","?","M","M","?","M","BOSS","R","M","?","?","?","$","T","M","M","M","M","R","?","?","M","BOSS","R","M","M","M","?","R","T","M","M","?","R","?","R","?","M","BOSS"],"items_purchased_type":["Card","Card","Relic"],"build_version":"2020-12-22","purchased_purges":1,"victory":false,"max_hp_per_floor":[77,82,82,82,82,82,82,82,82,82,82,82,82,82,82,82,82,82,82,82,82,82,82,82,82,82,82,82,82,82,82,82,82,82,82,82,82,82,82,82,82,82,82,82,82,82,82,82,82,82,82,82],"card_choices":[{"not_picked":["hexamod:Incineration","hexamod:FastForward"],"picked":"hexamod:GhostShield","floor":2},{"not_picked":["hexamod:RainOfEmbers","hexamod:FourthSeal"],"picked":"hexamod:InspiringFlames","floor":3},{"not_picked":["hexamod:Haunt","hexamod:SwordOfDarkness"],"picked":"hexamod:AdvancingGuard","floor":4},{"not_picked":["hexamod:RetreatToShadows","hexamod:DynamicBlow"],"picked":"hexamod:FastForward","floor":8},{"not_picked":["hexamod:NecessarySacrifice","hexamod:SpectersWail"],"picked":"hexamod:SoulSteal","floor":12},{"not_picked":["hexamod:RecurringNightmare","hexamod:HeatMetal"],"picked":"hexamod:ShieldOfDarkness","floor":13},{"not_picked":["hexamod:NightmareStrike","hexamod:BacktrackSmack"],"picked":"hexamod:SwordOfDarkness","floor":14},{"not_picked":["hexamod:GhostShield","hexamod:UnlimitedPower"],"picked":"hexamod:SpectersWail","floor":15},{"not_picked":["hexamod:ParanormalForm","hexamod:GhostflameInferno"],"picked":"hexamod:WildfireWeapon","floor":16},{"not_picked":["hexamod:AdvancingGuard","hexamod:ThirdSeal","hexamod:NightmareGuise"],"picked":"SKIP","floor":19},{"not_picked":["hexamod:ThermalTransfer","hexamod:Haunt","hexamod:SoulSteal"],"picked":"SKIP","floor":21},{"not_picked":["hexamod:Firestarter","hexamod:FourthSeal"],"picked":"hexamod:EmpoweredFlame+1","floor":23},{"not_picked":["hexamod:AdvancingGuard+1","hexamod:SecondSeal"],"picked":"hexamod:SwordOfDarkness","floor":25},{"not_picked":["hexamod:RecurringNightmare","hexamod:SpectersWail"],"picked":"hexamod:Rewind+1","floor":26},{"not_picked":["hexamod:ThermalTransfer","hexamod:BurningTouch"],"picked":"hexamod:GhostOfSpireFuture+1","floor":27},{"not_picked":["hexamod:GhostLash+1","hexamod:InspiringFlames+1"],"picked":"hexamod:HeatCrush+1","floor":28},{"not_picked":["hexamod:NightmareStrike","hexamod:RetreatToShadows+1"],"picked":"hexamod:SpectersWail+1","floor":31},{"not_picked":["hexamod:FourthSeal","hexamod:BacktrackSmack+1","hexamod:ShieldOfDarkness"],"picked":"SKIP","floor":32},{"not_picked":["hexamod:GhostOfSpirePresent","hexamod:GhostflameInferno"],"picked":"hexamod:SearingWound","floor":33},{"not_picked":["hexamod:GhostLash","hexamod:RecurringNightmare+1","hexamod:GhostShield+1"],"picked":"SKIP","floor":36},{"not_picked":["hexamod:Firestarter","hexamod:GhostShield+1","hexamod:Hexaguard+1"],"picked":"SKIP","floor":37},{"not_picked":["hexamod:AdvancingGuard","hexamod:ThermalTransfer"],"picked":"hexamod:NightmareGuise","floor":38},{"not_picked":["hexamod:ChargedBarrage","hexamod:SpectralAdrenaline","hexamod:HauntingEcho"],"picked":"SKIP","floor":42},{"not_picked":["hexamod:BacktrackSmack+1","hexamod:HauntingEcho+1","hexamod:Firestarter"],"picked":"SKIP","floor":43},{"not_picked":["expansioncontent:HyperBeam","expansioncontent:LastStand"],"picked":"expansioncontent:AwakenDeath","floor":46},{"not_picked":["hexamod:NightmareStrike","hexamod:RainOfEmbers"],"picked":"hexamod:HeatCrush","floor":49}],"player_experience":148024,"relics_obtained":[{"floor":7,"key":"Nunchaku"},{"floor":24,"key":"Juzu Bracelet"},{"floor":31,"key":"Peace Pipe"},{"floor":31,"key":"hexamod:InflammatoryLetter"},{"floor":41,"key":"Darkstone Periapt"},{"floor":44,"key":"MealTicket"}],"event_choices":[{"damage_healed":0,"gold_gain":0,"player_choice":"Success","damage_taken":12,"relics_obtained":["Sundial"],"max_hp_gain":0,"max_hp_loss":0,"event_name":"Scrap Ooze","floor":9,"gold_loss":0},{"damage_healed":0,"gold_gain":0,"player_choice":"Ignored","damage_taken":0,"max_hp_gain":0,"max_hp_loss":0,"event_name":"Vampires","floor":22,"gold_loss":0}],"is_beta":false,"boss_relics":[{"not_picked":["Pandora\u0027s Box","Black Star"],"picked":"Snecko Eye"},{"not_picked":["Tiny House","Calling Bell"],"picked":"Velvet Choker"}],"items_purged_floors":[14],"is_endless":false,"potions_floor_spawned":[2,4,12,15,25,26,28,31,33,36,42,43,49],"killed_by":"WA_ARCHETYPE_DIVINITY","ascension_level":0}}