{"host":"cr9rpoy6dx9riis3","time":1613929798,"event":{"mods":["AchievementEnabler","BaseMod","Better Altar","Better Note","Better Sensory Stone","Better Skull","Better Third Choice","Better-Laid Plans","BetterRewards","Block Reminder","Curses Come First","Displayed Cursed Tome","Emptier Cage","Marked Mod","Minty Spire (QoL Compilation)","Permanent Neow","Relic Sorter","StSLib","The Blue Laboratory","Transform Curses"],"gold_per_floor":[112,126,51,126,144,144,179,179,179,191,204,216,216,236,236,338,338,355,369,369,122,142,142,159,34,59,59,59],"floor_reached":27,"language":"ENG","playtime":1055,"items_purged":["Defend_G","Strike_G","Strike_G"],"score":271,"play_id":"b3e59f99-d734-4ab2-b1b0-5b5b515f6875","local_time":"20210221184958","is_ascension_mode":true,"campfire_choices":[{"data":"Survivor","floor":6,"key":"SMITH"},{"data":"Unload","floor":8,"key":"SMITH"},{"data":"Deflect","floor":13,"key":"SMITH"},{"floor":15,"key":"REST"},{"floor":23,"key":"REST"}],"circlet_count":0,"master_deck":["Strike_G","Strike_G","Strike_G","Defend_G","Defend_G","Defend_G+1","Defend_G+1","Survivor+1","Neutralize","Backflip","Eviscerate+1","Deflect+1","Unload+1","Unload+1","Unload+1","Backflip+1","Injury"],"relics":["Cursed Key","Oddly Smooth Stone"],"acts_visited":["Exordium","TheCity"],"potions_floor_usage":[11,16,27],"damage_taken":[{"damage":0,"enemies":"2 Louse","floor":1,"turns":3},{"damage":0,"enemies":"Small Slimes","floor":2,"turns":3},{"damage":0,"enemies":"Cultist","floor":5,"turns":3},{"damage":32,"enemies":"3 Sentries","floor":7,"turns":10},{"damage":5,"enemies":"Large Slime","floor":10,"turns":4},{"damage":5,"enemies":"Exordium Thugs","floor":11,"turns":4},{"damage":0,"enemies":"Blue Slaver","floor":12,"turns":3},{"damage":0,"enemies":"Exordium Wildlife","floor":14,"turns":3},{"damage":4,"enemies":"The Guardian","floor":16,"turns":14},{"damage":7,"enemies":"Shell Parasite","floor":18,"turns":6},{"damage":21,"enemies":"3 Byrds","floor":19,"turns":6},{"damage":19,"enemies":"Cultist and Chosen","floor":22,"turns":6},{"damage":6,"enemies":"Sentry and Sphere","floor":24,"turns":4},{"damage":34,"enemies":"Book of Stabbing","floor":27,"turns":5}],"seed_played":"913522584275234626","potions_obtained":[{"floor":1,"key":"Dexterity Potion"},{"floor":5,"key":"Regen Potion"},{"floor":16,"key":"blueLaboratory:EnvenomedCoating"}],"is_trial":false,"path_per_floor":["M","M","$","?","M","R","E","R","T","M","M","M","R","M","R","B",null,"M","M","?","$","M","R","M","$","T","E"],"character_chosen":"THE_SILENT","items_purchased":["Whetstone"],"campfire_rested":2,"item_purchase_floors":[21],"current_hp_per_floor":[70,70,70,59,59,59,27,27,27,22,29,29,29,29,50,46,64,57,36,36,36,17,38,32,32,32,0,0],"gold":59,"neow_bonus":"BOSS_RELIC","is_daily":false,"chose_seed":false,"campfire_upgraded":3,"win_rate":0.0,"timestamp":1613929798,"path_taken":["M","M","$","?","M","R","E","R","T","M","M","M","R","M","R","BOSS","M","M","?","$","M","R","M","$","T","E"],"items_purchased_type":["Relic"],"build_version":"2020-12-22","purchased_purges":3,"victory":false,"max_hp_per_floor":[70,70,70,70,70,70,70,70,70,70,70,70,70,70,70,70,70,70,70,70,70,70,70,70,70,70,70,70],"card_choices":[{"not_picked":["Cloak And Dagger","Sucker Punch"],"picked":"Backflip","floor":1},{"not_picked":["Acrobatics","Deflect"],"picked":"Eviscerate","floor":2},{"not_picked":["Tactician","Acrobatics"],"picked":"Deflect","floor":5},{"not_picked":["Prepared","All Out Attack"],"picked":"Unload","floor":7},{"not_picked":["Finisher","PiercingWail","Deflect"],"picked":"SKIP","floor":10},{"not_picked":["Cloak And Dagger","Deflect","Setup"],"picked":"SKIP","floor":11},{"not_picked":["Quick Slash","Poisoned Stab","Prepared"],"picked":"SKIP","floor":12},{"not_picked":["Outmaneuver","Skewer","Flechettes"],"picked":"SKIP","floor":14},{"not_picked":["Tools of the Trade","Storm of Steel"],"picked":"Unload","floor":16},{"not_picked":["Blade Dance+1","Prepared+1","Flying Knee"],"picked":"SKIP","floor":18},{"not_picked":["Backflip","Blade Dance+1","Crippling Poison+1"],"picked":"SKIP","floor":19},{"not_picked":["Catalyst","Dodge and Roll"],"picked":"Backflip+1","floor":22},{"not_picked":["Backflip","Blade Dance+1","Poisoned Stab"],"picked":"SKIP","floor":24}],"player_experience":762460,"relics_obtained":[{"floor":7,"key":"Oddly Smooth Stone"},{"floor":26,"key":"War Paint"}],"event_choices":[{"damage_healed":0,"gold_gain":75,"player_choice":"Gold","damage_taken":11,"max_hp_gain":0,"max_hp_loss":0,"event_name":"betterThird:BetterGoop","floor":4,"gold_loss":0},{"damage_healed":0,"gold_gain":0,"player_choice":"Copied","damage_taken":0,"max_hp_gain":0,"max_hp_loss":0,"event_name":"Duplicator","floor":20,"gold_loss":0,"cards_obtained":["Unload"]}],"is_beta":false,"boss_relics":[{"not_picked":["Snecko Eye","Fusion Hammer","Ectoplasm"]}],"items_purged_floors":[3,21,25],"is_endless":false,"potions_floor_spawned":[1,5,16],"killed_by":"Book of Stabbing","ascension_level":5}}