{"host":"50per11302020","time":1613876089,"event":{"mods":["AchievementEnabler","BaseMod","Colored Map","Minty Spire (QoL Compilation)","Relic Stats","StSLib"],"gold_per_floor":[363,363,381,399,417,444,444,461,461,479,479,1,16,26,26,97,97,107,117,30,30,30,30,60,60,60,160,190,190,202,219,219,290,290,308,308,308,318,332,332,357,373,373,393,727,408,408,34,34,34,34],"floor_reached":52,"language":"ENG","playtime":5733,"items_purged":["Strike_G"],"score":1883,"play_id":"9e6e8af6-6c3e-4022-91c4-218263d7cacd","local_time":"20210220185449","is_ascension_mode":true,"campfire_choices":[{"floor":7.0,"key":"REST"},{"data":"Noxious Fumes","floor":15.0,"key":"SMITH"},{"floor":23.0,"key":"REST"},{"data":"Noxious Fumes","floor":25.0,"key":"SMITH"},{"floor":29.0,"key":"REST"},{"floor":32.0,"key":"REST"},{"floor":40.0,"key":"REST"},{"floor":47.0,"key":"REST"},{"floor":49.0,"key":"REST"}],"circlet_count":0,"master_deck":["AscendersBane","Strike_G","Strike_G","Strike_G","Strike_G","Defend_G","Defend_G","Defend_G","Defend_G+1","Defend_G","Survivor+1","Neutralize","Poisoned Stab","Cloak And Dagger","After Image","Deadly Poison","Infinite Blades","Reflex+1","Noxious Fumes+1","Reflex+1","Tactician+1","Backflip+1","Storm of Steel+1","Expertise+1","Dash","Noxious Fumes+1","Footwork","Underhanded Strike","Leg Sweep+1","Venomology+1","Prepared+1","Dodge and Roll+1","Reflex+1","Deadly Poison+1","Corpse Explosion+1","Backflip+1","Underhanded Strike+1","Choke+1","PiercingWail+1","Tactician+1","Leg Sweep+1","Accuracy","Bane+1","Finisher+1","Die Die Die+1","PiercingWail+1","Malaise+1","Footwork","Noxious Fumes"],"relics":["Ring of the Snake","War Paint","Toxic Egg 2","FaceOfCleric","Lizard Tail","Snecko Eye","Darkstone Periapt","Ancient Tea Set","Prayer Wheel","Molten Egg 2","Red Mask","Fusion Hammer","Meat on the Bone","Mango","Happy Flower","Old Coin","Toolbox","Dead Branch"],"acts_visited":["Exordium","TheCity","TheBeyond"],"potions_floor_usage":[50,50,51],"damage_taken":[{"damage":4.0,"enemies":"Jaw Worm","floor":1.0,"turns":6.0},{"damage":2.0,"enemies":"Cultist","floor":3.0,"turns":5.0},{"damage":5.0,"enemies":"2 Louse","floor":4.0,"turns":4.0},{"damage":1.0,"enemies":"Blue Slaver","floor":5.0,"turns":6.0},{"damage":22.0,"enemies":"Gremlin Nob","floor":6.0,"turns":4.0},{"damage":17.0,"enemies":"Gremlin Gang","floor":8.0,"turns":10.0},{"damage":13.0,"enemies":"3 Louse","floor":10.0,"turns":4.0},{"damage":9.0,"enemies":"Large Slime","floor":13.0,"turns":7.0},{"damage":9.0,"enemies":"2 Fungi Beasts","floor":14.0,"turns":4.0},{"damage":21.0,"enemies":"Slime Boss","floor":16.0,"turns":10.0},{"damage":1.0,"enemies":"3 Byrds","floor":18.0,"turns":5.0},{"damage":6.0,"enemies":"Spheric Guardian","floor":19.0,"turns":5.0},{"damage":0.0,"enemies":"Book of Stabbing","floor":24.0,"turns":6.0},{"damage":16.0,"enemies":"Colosseum Slavers","floor":27.0,"turns":4.0},{"damage":4.0,"enemies":"Colosseum Nobs","floor":27.0,"turns":5.0},{"damage":52.0,"enemies":"Masked Bandits","floor":28.0,"turns":4.0},{"damage":2.0,"enemies":"Centurion and Healer","floor":30.0,"turns":8.0},{"damage":2.0,"enemies":"3 Cultists","floor":31.0,"turns":5.0},{"damage":19.0,"enemies":"Automaton","floor":33.0,"turns":11.0},{"damage":0.0,"enemies":"Orb Walker","floor":35.0,"turns":3.0},{"damage":14.0,"enemies":"3 Shapes","floor":38.0,"turns":8.0},{"damage":0.0,"enemies":"3 Darklings","floor":39.0,"turns":2.0},{"damage":0.0,"enemies":"Mind Bloom Boss Battle","floor":41.0,"turns":6.0},{"damage":5.0,"enemies":"Sphere and 2 Shapes","floor":42.0,"turns":5.0},{"damage":33.0,"enemies":"Transient","floor":44.0,"turns":6.0},{"damage":23.0,"enemies":"Nemesis","floor":45.0,"turns":8.0},{"damage":59,"enemies":"Time Eater","floor":50,"turns":12},{"damage":18,"enemies":"Donu and Deca","floor":51,"turns":8}],"seed_played":"8338773652486578697","potions_obtained":[{"floor":5.0,"key":"Poison Potion"},{"floor":8.0,"key":"BlessingOfTheForge"},{"floor":10.0,"key":"ColorlessPotion"},{"floor":13.0,"key":"EssenceOfSteel"},{"floor":16.0,"key":"Weak Potion"},{"floor":18.0,"key":"EssenceOfSteel"},{"floor":19.0,"key":"Regen Potion"},{"floor":24.0,"key":"Explosive Potion"},{"floor":42.0,"key":"Energy Potion"},{"floor":45.0,"key":"GamblersBrew"}],"is_trial":false,"path_per_floor":["M","$","M","M","M","E","R","M","T","M","?","$","M","M","R","B",null,"M","M","$","?","$","R","E","R","T","?","?","R","M","M","R","B",null,"M","$","?","M","M","R","?","M","T","M","E","$","R","$","R","B","B",null],"character_chosen":"THE_SILENT","items_purchased":["Lizard Tail","Noxious Fumes","Reflex+1","Noxious Fumes","Toolbox","Footwork","Dead Branch","Noxious Fumes"],"campfire_rested":7,"item_purchase_floors":[12,12,12,20,46,46,48,48],"current_hp_per_floor":[55,55,53,48,47,25,43,26,26,13,13,13,5,31,31,11,50,50,45,45,45,45,64,65,65,65,56,5,25,24,23,44,26,61,62,62,62,49,50,72,87,83,83,51,41,41,68,68,93,47,42],"gold":34,"neow_bonus":"TWO_FIFTY_GOLD","is_daily":false,"chose_seed":false,"campfire_upgraded":2,"win_rate":0.0,"timestamp":1613876089,"path_taken":["M","$","M","M","M","E","R","M","T","M","?","$","M","M","R","BOSS","M","M","$","?","$","R","E","R","T","?","?","R","M","M","R","BOSS","M","$","?","?","M","R","?","M","T","M","E","$","R","$","R","BOSS","BOSS"],"items_purchased_type":["Relic","Card","Card","Card","Relic","Card","Relic","Card"],"build_version":"2020-12-18","purchased_purges":1,"victory":true,"max_hp_per_floor":[60,60,60,60,60,60,60,60,60,60,60,60,61,62,62,63,63,64,65,65,65,65,65,66,66,66,68,69,69,70,71,71,72,72,73,73,73,74,75,75,90,91,91,92,93,93,93,93,93,94,95],"relic_stats":{"Darkstone Periapt":0,"Lizard Tail":30,"FaceOfCleric":21,"Happy Flower":[11],"counters":[28,171],"Dead Branch":[41],"Snecko Eye":[245,235,223,201],"Prayer Wheel":7,"War Paint":["Survivor","Defend_G"],"obtain_stats":[{"Darkstone Periapt":24,"Happy Flower":43,"Dead Branch":48,"Mango":41,"War Paint":6,"Ancient Tea Set":26,"Old Coin":45,"Lizard Tail":12,"FaceOfCleric":11,"Snecko Eye":17,"Toolbox":46,"Prayer Wheel":27,"Molten Egg 2":27,"Fusion Hammer":34,"Red Mask":28,"Toxic Egg 2":9,"Ring of the Snake":0,"Meat on the Bone":37},{"Darkstone Periapt":13,"Happy Flower":24,"Dead Branch":26,"Mango":23,"War Paint":5,"Ancient Tea Set":13,"Old Coin":26,"Lizard Tail":7,"FaceOfCleric":7,"Snecko Eye":10,"Toolbox":26,"Prayer Wheel":15,"Molten Egg 2":15,"Fusion Hammer":19,"Red Mask":16,"Toxic Egg 2":6,"Ring of the Snake":0,"Meat on the Bone":20},{"Darkstone Periapt":76,"Happy Flower":137,"Dead Branch":151,"Mango":132,"War Paint":25,"Ancient Tea Set":76,"Old Coin":151,"Lizard Tail":39,"FaceOfCleric":39,"Snecko Eye":60,"Toolbox":151,"Prayer Wheel":85,"Molten Egg 2":85,"Fusion Hammer":113,"Red Mask":89,"Toxic Egg 2":35,"Ring of the Snake":0,"Meat on the Bone":116}],"Ring of the Snake":[56],"Meat on the Bone":36},"card_choices":[{"not_picked":["Infinite Blades","Quick Slash"],"picked":"Poisoned Stab","floor":1.0},{"not_picked":["Underhanded Strike","Deflect"],"picked":"Cloak And Dagger","floor":3.0},{"not_picked":["Tactician","Dash"],"picked":"After Image","floor":4.0},{"not_picked":["Quick Slash","Endless Agony"],"picked":"Deadly Poison","floor":5.0},{"not_picked":["Bane","Unload","Flying Knee"],"picked":"SKIP","floor":6.0},{"not_picked":["Flying Knee","Sucker Punch"],"picked":"Infinite Blades","floor":8.0},{"not_picked":["Dagger Spray","Flechettes"],"picked":"Reflex+1","floor":10.0},{"not_picked":["Outmaneuver+1","Glass Knife"],"picked":"Tactician+1","floor":13.0},{"not_picked":["Dagger Spray","Slice"],"picked":"Backflip+1","floor":14.0},{"not_picked":["Grand Finale","Doppelganger+1"],"picked":"Storm of Steel+1","floor":16.0},{"not_picked":["Underhanded Strike","All Out Attack"],"picked":"Expertise+1","floor":18.0},{"not_picked":["Slice","Reflex+1"],"picked":"Dash","floor":19.0},{"not_picked":["PiercingWail+1","Slice"],"picked":"Underhanded Strike","floor":24.0},{"not_picked":["Setup+1","Blade Dance+1"],"picked":"Leg Sweep+1","floor":27.0},{"not_picked":["Underhanded Strike+1","Outmaneuver+1"],"picked":"Venomology+1","floor":28.0},{"not_picked":["Caltrops","Deflect+1"],"picked":"Prepared+1","floor":30.0},{"not_picked":["Cloak And Dagger+1","Deadly Poison+1"],"picked":"Dodge and Roll+1","floor":30.0},{"not_picked":["Bane+1","Cloak And Dagger+1"],"picked":"Reflex+1","floor":31.0},{"not_picked":["Flying Knee+1","Outmaneuver+1"],"picked":"Deadly Poison+1","floor":31.0},{"not_picked":["Night Terror+1","Storm of Steel+1"],"picked":"Corpse Explosion+1","floor":33.0},{"not_picked":["Dagger Spray+1","Dagger Throw+1"],"picked":"Backflip+1","floor":35.0},{"not_picked":["Prepared+1","Quick Slash+1"],"picked":"Underhanded Strike+1","floor":35.0},{"not_picked":["Bane+1","Dodge and Roll+1"],"picked":"Choke+1","floor":38.0},{"not_picked":["Backflip+1","Outmaneuver+1"],"picked":"PiercingWail+1","floor":38.0},{"not_picked":["Caltrops","Dagger Throw+1"],"picked":"Tactician+1","floor":39.0},{"not_picked":["Underhanded Strike+1","PiercingWail+1"],"picked":"Leg Sweep+1","floor":39.0},{"not_picked":["Deflect+1","Poisoned Stab+1"],"picked":"Accuracy","floor":41.0},{"not_picked":["Concentrate+1","Cloak And Dagger+1"],"picked":"Bane+1","floor":42.0},{"not_picked":["Distraction+1","Deflect+1"],"picked":"Finisher+1","floor":42.0},{"not_picked":["Acrobatics+1","Slice+1"],"picked":"Die Die Die+1","floor":44.0},{"not_picked":["Riddle With Holes+1","Backflip+1"],"picked":"PiercingWail+1","floor":44.0},{"not_picked":["Poisoned Stab+1","Eviscerate+1"],"picked":"Malaise+1","floor":45.0}],"player_experience":441838,"relics_obtained":[{"floor":6.0,"key":"War Paint"},{"floor":9.0,"key":"Toxic Egg 2"},{"floor":24.0,"key":"Darkstone Periapt"},{"floor":26.0,"key":"Ancient Tea Set"},{"floor":27.0,"key":"Prayer Wheel"},{"floor":27.0,"key":"Molten Egg 2"},{"floor":28.0,"key":"Red Mask"},{"floor":41.0,"key":"Mango"},{"floor":43.0,"key":"Happy Flower"},{"floor":45.0,"key":"Old Coin"}],"event_choices":[{"damage_healed":0.0,"max_hp_gain":0.0,"max_hp_loss":0.0,"gold_gain":0.0,"event_name":"FaceTrader","player_choice":"Trade","floor":11.0,"gold_loss":0.0,"damage_taken":0.0,"relics_obtained":["FaceOfCleric"]},{"damage_healed":0.0,"max_hp_gain":0.0,"max_hp_loss":0.0,"gold_gain":0.0,"event_name":"The Library","player_choice":"Read","floor":21.0,"gold_loss":0.0,"damage_taken":0.0,"cards_obtained":["Footwork"]},{"damage_healed":0.0,"max_hp_gain":0.0,"max_hp_loss":0.0,"gold_gain":0.0,"event_name":"Colosseum","player_choice":"Fight","floor":27.0,"gold_loss":0.0,"damage_taken":0.0},{"damage_healed":0.0,"max_hp_gain":0.0,"max_hp_loss":0.0,"gold_gain":0.0,"event_name":"Colosseum","player_choice":"Fought Nobs","floor":27.0,"gold_loss":0.0,"damage_taken":0.0},{"damage_healed":0.0,"max_hp_gain":0.0,"max_hp_loss":0.0,"gold_gain":0.0,"event_name":"Masked Bandits","player_choice":"Fought Bandits","floor":28.0,"gold_loss":0.0,"damage_taken":0.0},{"damage_healed":0.0,"max_hp_gain":0.0,"max_hp_loss":0.0,"gold_gain":0.0,"event_name":"WeMeetAgain","player_choice":"Gave Potion","floor":37.0,"gold_loss":0.0,"damage_taken":0.0,"relics_obtained":["Meat on the Bone"]},{"damage_healed":0.0,"max_hp_gain":0.0,"max_hp_loss":0.0,"gold_gain":0.0,"event_name":"MindBloom","player_choice":"Fight","floor":41.0,"gold_loss":0.0,"damage_taken":0.0}],"is_beta":true,"boss_relics":[{"not_picked":["SacredBark","Tiny House"],"picked":"Snecko Eye"},{"not_picked":["Busted Crown","Velvet Choker"],"picked":"Fusion Hammer"}],"items_purged_floors":[46],"is_endless":false,"potions_floor_spawned":[5,8,10,13,16,18,19,24,39,42,45],"ascension_level":20}}