{"host":"zsnmfqgcm92hlreo","time":1613873271,"event":{"mods":["AchievementEnabler","BaseMod","Bestiary","Block Reminder","Colored Map","Colored Powertips","Filter the Spire","Minty Spire (QoL Compilation)","Permanent Neow","Quick Restart","Relic Stats","StSLib","Weighted Paths"],"gold_per_floor":[112,123,136,148,166,166,195,195,222,275,275,284,284,320,320,422,422,444,474,483,492,412,412,432,432,441,473,504,527,560,589,589,589,589],"floor_reached":33,"language":"ENG","playtime":1153,"items_purged":["Strike_R"],"score":624,"play_id":"006b603f-62ce-4df5-b3c8-5712e049a81d","local_time":"20210220200751","is_ascension_mode":true,"campfire_choices":[{"data":"Armaments","floor":6.0,"key":"SMITH"},{"floor":11.0,"key":"REST"},{"floor":13.0,"key":"REST"},{"data":"Bash","floor":15.0,"key":"SMITH"},{"floor":23.0,"key":"REST"},{"floor":25.0,"key":"REST"},{"floor":32.0,"key":"REST"}],"circlet_count":0,"master_deck":["AscendersBane","Strike_R","Strike_R","Defend_R","Defend_R","Defend_R","Defend_R","Bash+1","Blood for Blood","Rampage","Armaments+1","Heavy Blade","Barricade","Second Wind","Corruption","Dual Wield","Heavy Blade+1","Necronomicurse","Thunderclap","Feel No Pain","Writhe","Injury","Spot Weakness","Entrench","Body Slam"],"relics":["Snecko Eye","Smiling Mask","Golden Idol","CeramicFish","Tiny Chest","Akabeko","Cursed Key","Necronomicon","Question Card","MealTicket","Omamori"],"acts_visited":["Exordium","TheCity"],"potions_floor_usage":[33],"damage_taken":[{"damage":0.0,"enemies":"2 Louse","floor":1.0,"turns":2.0},{"damage":0.0,"enemies":"Small Slimes","floor":2.0,"turns":3.0},{"damage":1.0,"enemies":"Cultist","floor":3.0,"turns":3.0},{"damage":11.0,"enemies":"Blue Slaver","floor":4.0,"turns":3.0},{"damage":1.0,"enemies":"Looter","floor":5.0,"turns":2.0},{"damage":34.0,"enemies":"Gremlin Nob","floor":7.0,"turns":4.0},{"damage":35.0,"enemies":"3 Sentries","floor":10.0,"turns":7.0},{"damage":20.0,"enemies":"Lagavulin","floor":14.0,"turns":5.0},{"damage":16.0,"enemies":"The Guardian","floor":16.0,"turns":10.0},{"damage":6.0,"enemies":"Spheric Guardian","floor":18.0,"turns":3.0},{"damage":6.0,"enemies":"2 Thieves","floor":19.0,"turns":4.0},{"damage":14.0,"enemies":"Cultist and Chosen","floor":24.0,"turns":5.0},{"damage":0.0,"enemies":"Gremlin Leader","floor":28.0,"turns":5.0},{"damage":8.0,"enemies":"Centurion and Healer","floor":29.0,"turns":4.0},{"damage":36.0,"enemies":"Shelled Parasite and Fungi","floor":30.0,"turns":4.0},{"damage":0.0,"enemies":"Cultist and Chosen","floor":31.0,"turns":3.0},{"damage":40,"enemies":"Automaton","floor":33,"turns":3}],"seed_played":"1147368551830102292","potions_obtained":[{"floor":1.0,"key":"DuplicationPotion"},{"floor":4.0,"key":"SteroidPotion"},{"floor":5.0,"key":"BloodPotion"},{"floor":14.0,"key":"Fruit Juice"},{"floor":16.0,"key":"DuplicationPotion"},{"floor":30.0,"key":"Regen Potion"},{"floor":31.0,"key":"ColorlessPotion"}],"is_trial":false,"path_per_floor":["M","M","M","M","M","R","E","?","T","E","R","?","R","E","R","B",null,"M","M","?","?","$","R","M","R","T","T","E","M","M","M","R","B"],"character_chosen":"IRONCLAD","items_purchased":["Feel No Pain"],"campfire_rested":5,"item_purchase_floors":[22],"current_hp_per_floor":[68,68,67,56,55,55,36,36,36,1,21,21,41,26,26,10,57,51,45,24,24,24,45,31,52,52,52,52,44,8,17,38,0,0],"gold":589,"neow_bonus":"BOSS_RELIC","is_daily":false,"chose_seed":false,"campfire_upgraded":2,"win_rate":0.0,"timestamp":1613873271,"path_taken":["M","M","M","M","M","R","E","?","T","E","R","?","R","E","R","BOSS","M","M","?","?","$","R","M","R","T","?","E","M","M","M","R","BOSS"],"items_purchased_type":["Card"],"build_version":"2020-12-22","purchased_purges":1,"victory":false,"max_hp_per_floor":[75,75,75,75,75,75,75,68,68,68,68,68,68,73,73,73,73,73,73,73,73,73,73,73,73,73,73,73,73,73,73,73,73,73],"relic_stats":{"counters":[17,70],"Golden Idol":64,"CeramicFish":117,"Snecko Eye":[106,103,109,113],"Tiny Chest":1,"MealTicket":0,"Necronomicon":[17],"Smiling Mask":25,"Cursed Key":2,"Question Card":4,"obtain_stats":[{"Golden Idol":8,"CeramicFish":9,"Snecko Eye":0,"Tiny Chest":10,"MealTicket":27,"Necronomicon":20,"Omamori":28,"Smiling Mask":7,"Cursed Key":17,"Question Card":26,"Burning Blood":0,"Akabeko":14},{"Golden Idol":6,"CeramicFish":6,"Snecko Eye":0,"Tiny Chest":7,"MealTicket":12,"Necronomicon":11,"Omamori":13,"Smiling Mask":6,"Cursed Key":9,"Question Card":12,"Burning Blood":0,"Akabeko":8},{"Golden Idol":17,"CeramicFish":17,"Snecko Eye":0,"Tiny Chest":24,"MealTicket":51,"Necronomicon":46,"Omamori":56,"Smiling Mask":17,"Cursed Key":39,"Question Card":51,"Burning Blood":0,"Akabeko":29}]},"card_choices":[{"not_picked":["Wild Strike","Iron Wave"],"picked":"Blood for Blood","floor":1.0},{"not_picked":["Bloodletting","Evolve","Havoc"],"picked":"SKIP","floor":2.0},{"not_picked":["Wild Strike","Sword Boomerang"],"picked":"Rampage","floor":3.0},{"not_picked":["Thunderclap","Havoc"],"picked":"Armaments","floor":4.0},{"not_picked":["Rage","Power Through","Perfected Strike"],"picked":"SKIP","floor":5.0},{"not_picked":["Armaments","Power Through"],"picked":"Heavy Blade","floor":7.0},{"not_picked":["Shockwave","Second Wind"],"picked":"Barricade","floor":10.0},{"not_picked":["Warcry","Thunderclap","Searing Blow"],"picked":"SKIP","floor":14.0},{"not_picked":["Juggernaut","Offering"],"picked":"Corruption","floor":16.0},{"not_picked":["Combust","Anger"],"picked":"Dual Wield","floor":18.0},{"not_picked":["Sword Boomerang","Flex"],"picked":"Heavy Blade+1","floor":19.0},{"not_picked":["Armaments","Flex","Clash"],"picked":"SKIP","floor":24.0},{"not_picked":["Flex+1","Wild Strike","Iron Wave","Carnage"],"picked":"SKIP","floor":28.0},{"not_picked":["Sever Soul+1","Perfected Strike","Headbutt"],"picked":"Spot Weakness","floor":29.0},{"not_picked":["Barricade","Twin Strike","Clash"],"picked":"Entrench","floor":30.0},{"not_picked":["Dropkick","Headbutt","Shrug It Off"],"picked":"Body Slam","floor":31.0}],"player_experience":1247988,"relics_obtained":[{"floor":7.0,"key":"Smiling Mask"},{"floor":9.0,"key":"CeramicFish"},{"floor":10.0,"key":"Tiny Chest"},{"floor":14.0,"key":"Akabeko"},{"floor":20.0,"key":"Necronomicon"},{"floor":26.0,"key":"Question Card"},{"floor":27.0,"key":"MealTicket"},{"floor":28.0,"key":"Omamori"}],"event_choices":[{"damage_healed":0.0,"max_hp_gain":0.0,"max_hp_loss":7.0,"gold_gain":0.0,"event_name":"Golden Idol","player_choice":"Lose Max HP","floor":8.0,"gold_loss":0.0,"damage_taken":0.0,"relics_obtained":["Golden Idol"]},{"damage_healed":0.0,"max_hp_gain":0.0,"max_hp_loss":0.0,"gold_gain":0.0,"cards_transformed":["Strike_R"],"event_name":"Living Wall","player_choice":"Change","floor":12.0,"gold_loss":0.0,"damage_taken":0.0,"cards_obtained":["Second Wind"]},{"damage_healed":0.0,"max_hp_gain":0.0,"max_hp_loss":0.0,"gold_gain":0.0,"event_name":"Cursed Tome","player_choice":"Obtained Book","floor":20.0,"gold_loss":0.0,"damage_taken":21.0},{"damage_healed":0.0,"max_hp_gain":0.0,"max_hp_loss":0.0,"gold_gain":0.0,"cards_transformed":["Strike_R"],"event_name":"Transmorgrifier","player_choice":"Transformed","floor":21.0,"gold_loss":0.0,"damage_taken":0.0,"cards_obtained":["Thunderclap"]}],"is_beta":false,"boss_relics":[{"not_picked":["Runic Cube","Busted Crown"],"picked":"Cursed Key"}],"items_purged_floors":[22],"is_endless":false,"potions_floor_spawned":[1,4,5,14,16,30,31],"killed_by":"Automaton","ascension_level":20}}