{"host":"5wwct7e0z3l0f094","time":1613886419,"event":{"mods":["AchievementEnabler","BaseMod","Downfall","Highlight Path","Minty Spire (QoL Compilation)","Quick Restart","StSLib","SuperFastMode"],"gold_per_floor":[117,117,134,134,59,87,87,87,87,105,120,134,148,182,182,278,278,292,391,98,109,109,109],"floor_reached":22,"language":"ENG","playtime":569,"items_purged":["Defend_R"],"score":354,"play_id":"d606f1c8-8d70-4c25-93b2-c82b561f5f92","local_time":"20210221004659","is_ascension_mode":true,"campfire_choices":[{"data":"Pummel","floor":7,"key":"SMITH"},{"data":"Feed","floor":15,"key":"SMITH"}],"circlet_count":0,"master_deck":["AscendersBane","Strike_R","Strike_R","Strike_R","Strike_R","Strike_R","Defend_R","Defend_R","Defend_R","Bash","Pummel+1","Spot Weakness","Spot Weakness","Clash","Feed+1","Double Tap","Heavy Blade"],"relics":["Burning Blood","NeowsBlessing","PreservedInsect","Happy Flower","NlothsMask","Tiny Chest","Mark of Pain","Incense Burner"],"acts_visited":["Exordium","TheCity"],"potions_floor_usage":[10,14],"damage_taken":[{"damage":0,"enemies":"Jaw Worm","floor":1,"turns":1},{"damage":0,"enemies":"Cultist","floor":3,"turns":1},{"damage":0,"enemies":"Gremlin Nob","floor":6,"turns":1},{"damage":0,"enemies":"2 Louse","floor":10,"turns":1},{"damage":5,"enemies":"Gremlin Gang","floor":11,"turns":6},{"damage":7,"enemies":"Large Slime","floor":12,"turns":3},{"damage":12,"enemies":"Looter","floor":13,"turns":3},{"damage":15,"enemies":"Lagavulin","floor":14,"turns":5},{"damage":20,"enemies":"Slime Boss","floor":16,"turns":10},{"damage":47,"enemies":"2 Thieves","floor":18,"turns":4},{"damage":25,"enemies":"Shell Parasite","floor":21,"turns":4},{"damage":0,"enemies":"Snake Plant","floor":22,"turns":3}],"seed_played":"-2756915674241494337","potions_obtained":[{"floor":6,"key":"Explosive Potion"},{"floor":11,"key":"EssenceOfSteel"},{"floor":12,"key":"champ:CounterPotion"},{"floor":14,"key":"DuplicationPotion"}],"is_trial":false,"path_per_floor":["M","?","M","?","$","E","R","?","T","M","M","M","M","E","R","B",null,"M","?","$","M","M"],"character_chosen":"IRONCLAD","items_purchased":["Incense Burner"],"campfire_rested":0,"item_purchase_floors":[20],"current_hp_per_floor":[78,78,80,68,68,74,74,74,74,80,80,79,73,64,64,50,73,36,36,36,17,17,17],"gold":109,"neow_bonus":"THREE_ENEMY_KILL","is_daily":false,"chose_seed":false,"campfire_upgraded":2,"win_rate":0.0,"timestamp":1613886419,"path_taken":["M","?","?","?","$","E","R","?","T","?","M","M","M","E","R","BOSS","M","?","$","M","M"],"items_purchased_type":["Relic"],"build_version":"2020-12-22","purchased_purges":1,"victory":false,"max_hp_per_floor":[80,80,80,80,80,80,80,80,80,80,80,80,80,80,80,80,80,84,84,84,84,84,84],"card_choices":[{"not_picked":["True Grit","Shrug It Off","Thunderclap"],"picked":"SKIP","floor":1},{"not_picked":["Havoc","Rage"],"picked":"Pummel","floor":3},{"not_picked":["Second Wind","Cleave"],"picked":"Spot Weakness","floor":6},{"not_picked":["Immolate","Twin Strike"],"picked":"Spot Weakness","floor":10},{"not_picked":["Clothesline","Carnage","Warcry"],"picked":"SKIP","floor":11},{"not_picked":["Warcry","Headbutt"],"picked":"Clash","floor":12},{"not_picked":["Perfected Strike","Metallicize","Sentinel"],"picked":"SKIP","floor":13},{"not_picked":["Sever Soul","Headbutt"],"picked":"Feed","floor":14},{"not_picked":["Fiend Fire","Feed"],"picked":"Double Tap","floor":16},{"not_picked":["Sword Boomerang","Whirlwind"],"picked":"Heavy Blade","floor":18},{"not_picked":["True Grit","Clothesline","Perfected Strike"],"picked":"SKIP","floor":21}],"player_experience":350896,"relics_obtained":[{"floor":6,"key":"Happy Flower"},{"floor":14,"key":"Tiny Chest"}],"event_choices":[{"damage_healed":0,"gold_gain":0,"player_choice":"Bought 0 Potions","damage_taken":0,"max_hp_gain":0,"max_hp_loss":0,"event_name":"The Woman in Blue","floor":2,"gold_loss":0},{"damage_healed":0,"gold_gain":0,"player_choice":"Success","damage_taken":12,"relics_obtained":["PreservedInsect"],"max_hp_gain":0,"max_hp_loss":0,"event_name":"Scrap Ooze","floor":4,"gold_loss":0},{"damage_healed":0,"gold_gain":0,"player_choice":"Trade","damage_taken":0,"relics_obtained":["NlothsMask"],"max_hp_gain":0,"max_hp_loss":0,"event_name":"FaceTrader","floor":8,"gold_loss":0},{"damage_healed":0,"gold_gain":99,"player_choice":"Stole From Cult","damage_taken":0,"max_hp_gain":0,"max_hp_loss":0,"event_name":"Nest","floor":19,"gold_loss":0}],"is_beta":false,"boss_relics":[{"not_picked":["Calling Bell","Busted Crown"],"picked":"Mark of Pain"}],"items_purged_floors":[5],"is_endless":false,"potions_floor_spawned":[6,11,12,14,18],"killed_by":"Snake Plant","ascension_level":12}}