{"host":"xsuxkwaivmtd234a","time":1613870432,"event":{"mods":["BaseMod","Bestiary","Colored Map","Minty Spire (QoL Compilation)","Relic Stats","StSLib"],"gold_per_floor":[217,236,236,8,26,26,55,55,102,118,118,132,150,176,176,275,275,291,305,305,316,60,60,86,86,160,160,195,195,211,25,25,25,25],"floor_reached":33,"language":"ENG","playtime":1178,"items_purged":["Pain","Clash"],"score":543,"play_id":"397b79c9-8bc5-40fd-85f1-0282bbeef4a2","local_time":"20210220202032","is_ascension_mode":true,"campfire_choices":[{"data":"Hemokinesis","floor":6,"key":"SMITH"},{"data":"Bash","floor":8,"key":"SMITH"},{"data":"Flex","floor":11,"key":"SMITH"},{"data":"Double Tap","floor":15,"key":"SMITH"},{"data":"Limit Break","floor":23,"key":"SMITH"},{"floor":25,"key":"REST"},{"data":"Fiend Fire","floor":27,"key":"SMITH"},{"floor":32,"key":"REST"}],"circlet_count":0,"master_deck":["AscendersBane","Bash+1","Hemokinesis+1","Flex+1","Dropkick","Dropkick","Pummel","Double Tap+1","Burning Pact","Limit Break+1","Inflame","Power Through","Twin Strike","Disarm","Flame Barrier","Flame Barrier","Inflame","True Grit+1","Evolve","Fiend Fire+1","Flex+1","Entrench+1","Dropkick","Flame Barrier","Dropkick+1","Ghostly Armor"],"relics":["Burning Blood","WarpedTongs","ClockworkSouvenir","Oddly Smooth Stone","Happy Flower","Bronze Scales","Pandora\u0027s Box","Orrery","Singing Bowl","Mercury Hourglass","InkBottle","Toy Ornithopter"],"acts_visited":["Exordium","TheCity"],"potions_floor_usage":[7,12,16,24,28,28,33],"damage_taken":[{"damage":11,"enemies":"Jaw Worm","floor":1,"turns":5},{"damage":3,"enemies":"Cultist","floor":2,"turns":3},{"damage":2,"enemies":"2 Louse","floor":5,"turns":2},{"damage":18,"enemies":"Lagavulin","floor":7,"turns":5},{"damage":20,"enemies":"Gremlin Gang","floor":10,"turns":6},{"damage":16,"enemies":"Red Slaver","floor":12,"turns":2},{"damage":4,"enemies":"Exordium Thugs","floor":13,"turns":2},{"damage":25,"enemies":"3 Sentries","floor":14,"turns":6},{"damage":0,"enemies":"Slime Boss","floor":16,"turns":3},{"damage":13,"enemies":"Spheric Guardian","floor":18,"turns":3},{"damage":12,"enemies":"3 Byrds","floor":19,"turns":2},{"damage":19,"enemies":"3 Cultists","floor":21,"turns":5},{"damage":15,"enemies":"Slavers","floor":24,"turns":4},{"damage":42,"enemies":"Book of Stabbing","floor":28,"turns":4},{"damage":0,"enemies":"Snecko","floor":30,"turns":4},{"damage":69,"enemies":"Automaton","floor":33,"turns":6}],"seed_played":"7031003688987709162","potions_obtained":[{"floor":1,"key":"ColorlessPotion"},{"floor":5,"key":"LiquidBronze"},{"floor":10,"key":"Regen Potion"},{"floor":13,"key":"ElixirPotion"},{"floor":14,"key":"Strength Potion"},{"floor":16,"key":"PowerPotion"},{"floor":24,"key":"FearPotion"},{"floor":30,"key":"SpeedPotion"}],"is_trial":false,"path_per_floor":["M","M","?","$","M","R","E","R","T","M","R","M","M","E","R","B",null,"M","M","?","M","$","R","E","R","T","R","E","?","M","$","R","B"],"character_chosen":"IRONCLAD","items_purchased":["ClockworkSouvenir","Orrery","Ghostly Armor","Toy Ornithopter"],"campfire_rested":2,"item_purchase_floors":[4,22,31,31],"current_hp_per_floor":[67,70,70,70,74,74,62,62,62,48,48,43,45,26,26,32,68,61,55,55,42,42,42,35,59,59,59,25,25,31,31,56,0,0],"gold":25,"neow_bonus":"HUNDRED_GOLD","is_daily":false,"chose_seed":false,"campfire_upgraded":6,"win_rate":0.0,"timestamp":1613870432,"path_taken":["M","M","?","$","M","R","E","R","T","?","R","M","M","E","R","BOSS","M","M","?","M","$","R","E","R","T","R","E","?","M","$","R","BOSS"],"items_purchased_type":["Relic","Relic","Card","Relic"],"build_version":"2020-12-22","purchased_purges":2,"victory":false,"max_hp_per_floor":[80,80,80,80,80,80,80,80,80,80,80,80,80,80,80,80,80,80,80,80,80,80,80,82,82,82,82,84,84,84,84,84,84,84],"relic_stats":{"Happy Flower":[15],"Singing Bowl":4,"counters":[16,62],"Bronze Scales":[108],"Pandora\u0027s Box":["Inflame","Power Through","Clash","Twin Strike","Disarm","Flame Barrier","Cleave","Flame Barrier","Inflame"],"obtain_stats":[{"Happy Flower":9,"Singing Bowl":24,"Bronze Scales":14,"Oddly Smooth Stone":7,"Orrery":22,"Pandora\u0027s Box":17,"Burning Blood":0,"InkBottle":28,"Toy Ornithopter":31,"WarpedTongs":3,"ClockworkSouvenir":4,"Mercury Hourglass":26},{"Happy Flower":4,"Singing Bowl":13,"Bronze Scales":8,"Oddly Smooth Stone":4,"Orrery":12,"Pandora\u0027s Box":9,"Burning Blood":0,"InkBottle":14,"Toy Ornithopter":15,"WarpedTongs":2,"ClockworkSouvenir":2,"Mercury Hourglass":13},{"Happy Flower":15,"Singing Bowl":48,"Bronze Scales":31,"Oddly Smooth Stone":15,"Orrery":44,"Pandora\u0027s Box":34,"Burning Blood":0,"InkBottle":52,"Toy Ornithopter":56,"WarpedTongs":8,"ClockworkSouvenir":8,"Mercury Hourglass":48}],"Burning Blood":90,"InkBottle":[2],"Toy Ornithopter":5,"WarpedTongs":[50],"Mercury Hourglass":[50]},"card_choices":[{"not_picked":["Dual Wield","Clash"],"picked":"Hemokinesis","floor":1},{"not_picked":["Pummel","Twin Strike"],"picked":"Flex","floor":2},{"not_picked":["Searing Blow","Evolve"],"picked":"Dropkick","floor":5},{"not_picked":["Iron Wave","Evolve"],"picked":"Dropkick","floor":7},{"not_picked":["Perfected Strike","Body Slam"],"picked":"Pummel","floor":10},{"not_picked":["Warcry","Power Through"],"picked":"Double Tap","floor":12},{"not_picked":["Searing Blow","Cleave"],"picked":"Burning Pact","floor":13},{"not_picked":["Flex","Perfected Strike","Iron Wave"],"picked":"SKIP","floor":14},{"not_picked":["Exhume","Corruption"],"picked":"Limit Break","floor":16},{"not_picked":["Sever Soul","Thunderclap"],"picked":"True Grit+1","floor":18},{"not_picked":["Metallicize","Carnage","Clash"],"picked":"SKIP","floor":19},{"not_picked":["Body Slam","Armaments"],"picked":"Evolve","floor":21},{"not_picked":["Clash","Infernal Blade"],"picked":"Fiend Fire","floor":22},{"not_picked":["Clash","Headbutt"],"picked":"Flex+1","floor":22},{"not_picked":["Heavy Blade+1","Rampage"],"picked":"Entrench+1","floor":22},{"not_picked":["Heavy Blade","Bloodletting"],"picked":"Dropkick","floor":22},{"not_picked":["Intimidate","Iron Wave+1"],"picked":"Flame Barrier","floor":22},{"not_picked":["Warcry","Twin Strike","Inflame+1"],"picked":"Singing Bowl","floor":24},{"not_picked":["Burning Pact","Iron Wave","Infernal Blade"],"picked":"Singing Bowl","floor":28},{"not_picked":["Anger","Warcry"],"picked":"Dropkick+1","floor":30}],"player_experience":1327146,"relics_obtained":[{"floor":7,"key":"Oddly Smooth Stone"},{"floor":9,"key":"Happy Flower"},{"floor":14,"key":"Bronze Scales"},{"floor":24,"key":"Singing Bowl"},{"floor":26,"key":"Mercury Hourglass"},{"floor":28,"key":"InkBottle"}],"event_choices":[{"damage_healed":0,"gold_gain":0,"player_choice":"Rummage","damage_taken":0,"relics_obtained":["WarpedTongs"],"max_hp_gain":0,"max_hp_loss":0,"event_name":"Accursed Blacksmith","floor":3,"gold_loss":0,"cards_obtained":["Pain"]},{"damage_healed":0,"gold_gain":0,"player_choice":"Ignored","damage_taken":0,"max_hp_gain":0,"max_hp_loss":0,"event_name":"Vampires","floor":20,"gold_loss":0},{"cards_removed":["Cleave"],"damage_healed":0,"gold_gain":0,"player_choice":"Purged","damage_taken":0,"max_hp_gain":0,"max_hp_loss":0,"event_name":"Purifier","floor":29,"gold_loss":0}],"is_beta":false,"boss_relics":[{"not_picked":["Cursed Key","Philosopher\u0027s Stone"],"picked":"Pandora\u0027s Box"}],"items_purged_floors":[4,22],"is_endless":false,"potions_floor_spawned":[1,5,10,13,14,16,19,24,30],"killed_by":"Automaton","ascension_level":10}}