{"host":"szp1d6dso4pv7ddl","time":1613885144,"event":{"mods":["AchievementEnabler","Alarm Clock","BaseMod","Bestiary","Block Reminder","Colored Map","Colored Powertips","Curses Come First","Dark Map","Displayed Cursed Tome","Highlight Path","Minty Spire (QoL Compilation)","Permanent Neow","Quick Restart","Relic Sorter","Relic Stats","StSLib","Synergy Search"],"gold_per_floor":[115,129,73,90,90,90,125,125,125,158,158,158,170,197,197,274,274,289,289,157,167,179,179,212,212,212,245,263,282,282,232,232,303,303,321,148,148,158,174,174,20,20,20,70,104,104,119,147,147,147,147,147,47,77,77,77],"floor_reached":55,"language":"ENG","playtime":4726,"items_purged":["Clash","Bash"],"score":1524,"play_id":"a7296db0-136b-4415-9d4b-41b54fe46e7e","local_time":"20210220212544","is_ascension_mode":true,"campfire_choices":[{"data":"Carnage","floor":6.0,"key":"SMITH"},{"floor":8.0,"key":"REST"},{"data":"Shockwave","floor":15.0,"key":"SMITH"},{"data":"Corruption","floor":23.0,"key":"SMITH"},{"data":"Dark Embrace","floor":25.0,"key":"SMITH"},{"data":"Fiend Fire","floor":30.0,"key":"SMITH"},{"data":"Armaments","floor":32.0,"key":"SMITH"},{"floor":40.0,"key":"RECALL"},{"data":"Feel No Pain","floor":42.0,"key":"SMITH"},{"data":"Impervious","floor":46.0,"key":"SMITH"},{"floor":49,"key":"REST"},{"data":"Offering","floor":52,"key":"SMITH"}],"circlet_count":0,"master_deck":["AscendersBane","Pommel Strike","Thunderclap","Carnage+1","Spot Weakness","Feed","True Grit","Shockwave+1","Fiend Fire+1","Exhume","Iron Wave","Headbutt","Metallicize","Thunderclap","Corruption+1","Feel No Pain+1","Dark Embrace+1","Shrug It Off","Flex","Shrug It Off","Armaments+1","Impervious+1","Dual Wield+1","Body Slam+1","Seeing Red","Offering+1","True Grit","Pommel Strike+1","Anger","Entrench"],"relics":["Burning Blood","Omamori","Incense Burner","Mercury Hourglass","Juzu Bracelet","Pocketwatch","Pandora\u0027s Box","Eternal Feather","Regal Pillow","Bottled Tornado","Mark of Pain","OrangePellets","Meat on the Bone","Turnip","Potion Belt","Self Forming Clay","Bottled Lightning"],"acts_visited":["Exordium","TheCity","TheBeyond","TheEnding"],"potions_floor_usage":[48],"damage_taken":[{"damage":12.0,"enemies":"Cultist","floor":1.0,"turns":4.0},{"damage":14.0,"enemies":"Small Slimes","floor":2.0,"turns":4.0},{"damage":12.0,"enemies":"Jaw Worm","floor":4.0,"turns":3.0},{"damage":32.0,"enemies":"Gremlin Nob","floor":7.0,"turns":4.0},{"damage":35.0,"enemies":"Lagavulin","floor":10.0,"turns":5.0},{"damage":21.0,"enemies":"Large Slime","floor":13.0,"turns":5.0},{"damage":28.0,"enemies":"Gremlin Nob","floor":14.0,"turns":4.0},{"damage":8.0,"enemies":"Hexaghost","floor":16.0,"turns":7.0},{"damage":8.0,"enemies":"3 Byrds","floor":18.0,"turns":5.0},{"damage":38.0,"enemies":"2 Thieves","floor":21.0,"turns":4.0},{"damage":4.0,"enemies":"Snake Plant","floor":22.0,"turns":5.0},{"damage":4.0,"enemies":"Gremlin Leader","floor":24.0,"turns":6.0},{"damage":1.0,"enemies":"Book of Stabbing","floor":27.0,"turns":5.0},{"damage":0.0,"enemies":"Chosen and Byrds","floor":28.0,"turns":4.0},{"damage":0.0,"enemies":"Cultist and Chosen","floor":29.0,"turns":4.0},{"damage":71.0,"enemies":"Collector","floor":33.0,"turns":12.0},{"damage":9.0,"enemies":"3 Shapes","floor":35.0,"turns":4.0},{"damage":0.0,"enemies":"Orb Walker","floor":38.0,"turns":3.0},{"damage":2.0,"enemies":"Writhing Mass","floor":39.0,"turns":5.0},{"damage":48.0,"enemies":"2 Orb Walkers","floor":44.0,"turns":4.0},{"damage":24.0,"enemies":"Nemesis","floor":45.0,"turns":7.0},{"damage":21.0,"enemies":"4 Shapes","floor":47.0,"turns":6.0},{"damage":61,"enemies":"Reptomancer","floor":48,"turns":6},{"damage":37,"enemies":"Awakened One","floor":50,"turns":8},{"damage":62,"enemies":"Shield and Spear","floor":54,"turns":6},{"damage":69,"enemies":"The Heart","floor":55,"turns":5}],"seed_played":"4329798531071633729","potions_obtained":[{"floor":2.0,"key":"EntropicBrew"},{"floor":10.0,"key":"Regen Potion"},{"floor":14.0,"key":"Ancient Potion"},{"floor":16.0,"key":"Energy Potion"},{"floor":27.0,"key":"SpeedPotion"},{"floor":28.0,"key":"SkillPotion"},{"floor":33.0,"key":"BloodPotion"},{"floor":44.0,"key":"Fire Potion"}],"is_trial":false,"path_per_floor":["M","M","?","M","T","R","E","R","T","E","?","?","M","E","R","B",null,"M","?","$","M","M","R","E","R","T","E","M","M","R","?","R","B",null,"M","$","T","M","M","R","$","R","T","?","E","R","M","E","R","B",null,"R","$","E","B"],"character_chosen":"IRONCLAD","items_purchased":["Shrug It Off","OrangePellets","Offering"],"campfire_rested":2,"item_purchase_floors":[20,36,41],"current_hp_per_floor":[62,54,54,48,48,48,22,44,44,30,55,55,43,33,33,34,69,70,70,70,41,43,43,45,57,57,65,74,83,95,95,96,31,80,77,77,77,83,87,96,96,96,96,76,62,77,68,25,90,63,101,113,113,69,0,0],"gold":77,"neow_bonus":"THREE_CARDS","is_daily":false,"chose_seed":false,"campfire_upgraded":9,"win_rate":0.0,"timestamp":1613885144,"path_taken":["M","?","?","M","?","R","E","R","T","E","?","?","M","E","R","BOSS","M","?","$","M","M","R","E","R","T","E","M","M","R","?","R","BOSS","M","$","?","M","M","R","?","R","T","?","E","R","M","E","R","BOSS","R","$","E","BOSS"],"items_purchased_type":["Card","Relic","Card"],"build_version":"2020-12-22","purchased_purges":2,"victory":false,"max_hp_per_floor":[75,75,75,75,75,75,75,75,75,75,75,75,78,78,78,81,81,84,84,84,87,87,87,87,87,87,90,93,96,96,96,96,96,96,96,96,96,96,96,96,96,96,96,99,103,103,109,109,109,113,113,113,113,113,113,113],"relic_stats":{"Regal Pillow":15,"counters":[26,135],"Self Forming Clay":[63],"Eternal Feather":79,"Juzu Bracelet":1,"Burning Blood":150,"Mercury Hourglass":[552],"OrangePellets":[12],"Pandora\u0027s Box":["Clash","Exhume","Wild Strike","Iron Wave","Headbutt","Metallicize","Thunderclap","Corruption","Feel No Pain"],"Turnip":[2],"obtain_stats":[{"Potion Belt":45,"Regal Pillow":26,"Self Forming Clay":48,"Eternal Feather":24,"Omamori":5,"Incense Burner":7,"Juzu Bracelet":10,"Bottled Tornado":27,"Burning Blood":0,"Mercury Hourglass":9,"OrangePellets":36,"Pandora\u0027s Box":17,"Mark of Pain":34,"Turnip":44,"Bottled Lightning":54,"Pocketwatch":14,"Meat on the Bone":43},{"Potion Belt":21,"Regal Pillow":12,"Self Forming Clay":23,"Eternal Feather":12,"Omamori":3,"Incense Burner":4,"Juzu Bracelet":5,"Bottled Tornado":13,"Burning Blood":0,"Mercury Hourglass":4,"OrangePellets":17,"Pandora\u0027s Box":8,"Mark of Pain":16,"Turnip":20,"Bottled Lightning":25,"Pocketwatch":7,"Meat on the Bone":19},{"Potion Belt":104,"Regal Pillow":56,"Self Forming Clay":116,"Eternal Feather":56,"Omamori":11,"Incense Burner":15,"Juzu Bracelet":20,"Bottled Tornado":61,"Burning Blood":0,"Mercury Hourglass":15,"OrangePellets":85,"Pandora\u0027s Box":36,"Mark of Pain":81,"Turnip":97,"Bottled Lightning":130,"Pocketwatch":29,"Meat on the Bone":93}],"Pocketwatch":[125],"Meat on the Bone":24},"card_choices":[{"not_picked":["Power Through","Thunderclap"],"picked":"Dropkick","floor":0.0},{"not_picked":["Havoc","Sword Boomerang"],"picked":"Pommel Strike","floor":1.0},{"not_picked":["True Grit","Perfected Strike"],"picked":"Thunderclap","floor":2.0},{"not_picked":["Power Through","Thunderclap"],"picked":"Carnage","floor":4.0},{"not_picked":["Thunderclap","Exhume","Fire Breathing"],"picked":"SKIP","floor":7.0},{"not_picked":["Flex","Second Wind"],"picked":"Spot Weakness","floor":10.0},{"not_picked":["Whirlwind","Perfected Strike"],"picked":"True Grit","floor":13.0},{"not_picked":["Perfected Strike","Spot Weakness"],"picked":"Shockwave","floor":14.0},{"not_picked":["Immolate","Brutality"],"picked":"Fiend Fire","floor":16.0},{"not_picked":["Ghostly Armor","Headbutt+1"],"picked":"Dark Embrace","floor":18.0},{"not_picked":["Clash","Perfected Strike"],"picked":"Flex","floor":21.0},{"not_picked":["Anger+1","Pommel Strike","Heavy Blade"],"picked":"SKIP","floor":22.0},{"not_picked":["Headbutt","Rage","Power Through"],"picked":"SKIP","floor":24.0},{"not_picked":["Double Tap","Cleave+1"],"picked":"Shrug It Off","floor":27.0},{"not_picked":["Clothesline+1","Pommel Strike","Thunderclap+1"],"picked":"SKIP","floor":28.0},{"not_picked":["Warcry","Perfected Strike"],"picked":"Armaments","floor":29.0},{"not_picked":["Offering","Double Tap"],"picked":"Impervious","floor":33.0},{"not_picked":["Headbutt","Sword Boomerang"],"picked":"Dual Wield+1","floor":35.0},{"not_picked":["Armaments+1","Power Through"],"picked":"Body Slam+1","floor":38.0},{"not_picked":["Iron Wave","Havoc"],"picked":"Seeing Red","floor":39.0},{"not_picked":["Dual Wield","Combust+1"],"picked":"True Grit","floor":44.0},{"not_picked":["Sword Boomerang","Dark Embrace"],"picked":"Pommel Strike+1","floor":45.0},{"not_picked":["Fire Breathing","Metallicize+1"],"picked":"Anger","floor":47.0},{"not_picked":["Metallicize","Perfected Strike"],"picked":"Entrench","floor":48},{"not_picked":["Sword Boomerang+1","Feel No Pain","Cleave"],"picked":"SKIP","floor":54}],"player_experience":1612992,"relics_obtained":[{"floor":5.0,"key":"Omamori"},{"floor":7.0,"key":"Incense Burner"},{"floor":9.0,"key":"Mercury Hourglass"},{"floor":10.0,"key":"Juzu Bracelet"},{"floor":14.0,"key":"Pocketwatch"},{"floor":24.0,"key":"Eternal Feather"},{"floor":26.0,"key":"Regal Pillow"},{"floor":27.0,"key":"Bottled Tornado"},{"floor":43.0,"key":"Meat on the Bone"},{"floor":44.0,"key":"Turnip"},{"floor":45.0,"key":"Potion Belt"},{"floor":48,"key":"Self Forming Clay"},{"floor":54,"key":"Bottled Lightning"}],"event_choices":[{"damage_healed":0.0,"max_hp_gain":0.0,"max_hp_loss":0.0,"gold_gain":0.0,"event_name":"World of Goop","player_choice":"Left Gold","floor":3.0,"gold_loss":56.0,"damage_taken":0.0},{"damage_healed":25.0,"max_hp_gain":0.0,"max_hp_loss":0.0,"gold_gain":0.0,"event_name":"Big Fish","player_choice":"Banana","floor":11.0,"gold_loss":0.0,"damage_taken":0.0},{"damage_healed":0.0,"max_hp_gain":0.0,"max_hp_loss":0.0,"gold_gain":0.0,"cards_transformed":["Dropkick"],"event_name":"Transmorgrifier","player_choice":"Transformed","floor":12.0,"gold_loss":0.0,"damage_taken":0.0,"cards_obtained":["Feed"]},{"cards_removed":["Wild Strike"],"damage_healed":0.0,"max_hp_gain":0.0,"max_hp_loss":0.0,"gold_gain":0.0,"event_name":"Back to Basics","player_choice":"Elegance","floor":19.0,"gold_loss":0.0,"damage_taken":0.0},{"damage_healed":0.0,"max_hp_gain":0.0,"max_hp_loss":0.0,"gold_gain":0.0,"event_name":"The Joust","player_choice":"Bet on Murderer","floor":31.0,"gold_loss":50.0,"damage_taken":0.0},{"damage_healed":0.0,"max_hp_gain":0.0,"max_hp_loss":0.0,"gold_gain":0.0,"event_name":"Mysterious Sphere","player_choice":"Fight","floor":44.0,"gold_loss":0.0,"damage_taken":0.0}],"is_beta":false,"boss_relics":[{"not_picked":["Black Blood","Fusion Hammer"],"picked":"Pandora\u0027s Box"},{"not_picked":["Philosopher\u0027s Stone","Empty Cage"],"picked":"Mark of Pain"}],"items_purged_floors":[20,53],"is_endless":false,"potions_floor_spawned":[2,10,13,14,16,18,27,28,33,35,39,44],"killed_by":"The Heart","ascension_level":19}}