{"host":"m1hrbr0uwda4cktq","time":1613942339,"event":{"mods":["BaseMod","BetterRewards","Colored Map","Colored Powertips","Highlight Path","Minty Spire (QoL Compilation)","Shop Mod","SuperFastMode"],"gold_per_floor":[119,133,133,144,164,199,45,45,97,9,184,217,237,248,248,346,346,360,374,389,389,389],"floor_reached":21,"language":"ENG","playtime":1487,"items_purged":[],"score":232,"play_id":"8665b8a4-5adc-4078-b2dd-a0fff9cff9ee","local_time":"20210221181859","is_ascension_mode":true,"campfire_choices":[{"data":"Bandage Up","floor":8,"key":"SMITH"},{"data":"Loop","floor":15,"key":"SMITH"}],"circlet_count":0,"master_deck":["Strike_B","Strike_B","Strike_B","Defend_B","Defend_B","Defend_B","Defend_B","Zap","Dualcast","Bandage Up+1","Compile Driver","Darkness","Redo","Ball Lightning","Glacier","Capacitor","Loop+1","Ball Lightning","Doubt","Machine Learning","Seek","Loop","Loop+1"],"relics":["Cracked Core","Meat on the Bone","Singing Bowl","Potion Belt","Tiny Chest","Nuclear Battery"],"acts_visited":["Exordium","TheCity"],"potions_floor_usage":[21,21,21],"damage_taken":[{"damage":1,"enemies":"Cultist","floor":1,"turns":3},{"damage":9,"enemies":"2 Louse","floor":2,"turns":3},{"damage":12,"enemies":"Small Slimes","floor":4,"turns":4},{"damage":21,"enemies":"Exordium Thugs","floor":5,"turns":4},{"damage":30,"enemies":"3 Sentries","floor":6,"turns":5},{"damage":30,"enemies":"Gremlin Nob","floor":12,"turns":4},{"damage":10,"enemies":"Blue Slaver","floor":13,"turns":4},{"damage":1,"enemies":"2 Fungi Beasts","floor":14,"turns":3},{"damage":28,"enemies":"Slime Boss","floor":16,"turns":7},{"damage":23,"enemies":"Chosen","floor":18,"turns":5},{"damage":19,"enemies":"Spheric Guardian","floor":19,"turns":5},{"damage":52,"enemies":"Snake Plant","floor":20,"turns":5},{"damage":25,"enemies":"Shelled Parasite and Fungi","floor":21,"turns":2}],"seed_played":"-6095875528707796160","potions_obtained":[{"floor":1,"key":"SkillPotion"},{"floor":5,"key":"ColorlessPotion"},{"floor":13,"key":"LiquidMemories"},{"floor":16,"key":"Fire Potion"},{"floor":19,"key":"FearPotion"}],"is_trial":false,"path_per_floor":["M","M","?","M","M","E","$","R","T","$","?","E","M","M","R","B",null,"M","M","M","M"],"character_chosen":"DEFECT","items_purchased":["Bandage Up","Meat on the Bone","Compile Driver","Glacier","Capacitor","Loop","Ball Lightning"],"campfire_rested":0,"item_purchase_floors":[0,0,0,7,7,10,10],"current_hp_per_floor":[75,70,70,62,45,33,33,33,33,33,33,21,31,50,50,40,81,64,51,19,0,0],"gold":389,"neow_bonus":"","is_daily":false,"chose_seed":false,"campfire_upgraded":2,"win_rate":0.0,"timestamp":1613942339,"path_taken":["M","M","?","M","M","E","?","R","T","$","?","E","M","M","R","BOSS","M","M","M","M"],"items_purchased_type":["Card","Relic","Card","Card","Card","Card","Card"],"build_version":"2020-12-22","purchased_purges":0,"victory":false,"max_hp_per_floor":[75,75,75,75,75,77,77,77,77,77,77,77,79,81,81,81,81,81,81,83,83,83],"card_choices":[{"not_picked":["Double Energy","Leap"],"picked":"Darkness","floor":1},{"not_picked":["Beam Cell","Redo","Leap"],"picked":"SKIP","floor":2},{"not_picked":["Rip and Tear","Streamline"],"picked":"Redo","floor":4},{"not_picked":["Auto Shields","Go for the Eyes"],"picked":"Ball Lightning","floor":5},{"not_picked":["Reinforced Body","Storm","Rip and Tear"],"picked":"Singing Bowl","floor":6},{"not_picked":["Aggregate","Skim"],"picked":"Machine Learning","floor":12},{"not_picked":["Turbo","Leap","Chaos"],"picked":"Singing Bowl","floor":13},{"not_picked":["Steam Power","Aggregate","Beam Cell"],"picked":"Singing Bowl","floor":14},{"not_picked":["Reboot","Amplify"],"picked":"Seek","floor":16},{"not_picked":["Glacier","Tempest"],"picked":"Loop","floor":18},{"not_picked":["Stack+1","Reinforced Body+1"],"picked":"Loop+1","floor":19},{"not_picked":["FTL","Beam Cell","Loop"],"picked":"Singing Bowl","floor":20}],"player_experience":171335,"relics_obtained":[{"floor":6,"key":"Singing Bowl"},{"floor":9,"key":"Potion Belt"},{"floor":12,"key":"Tiny Chest"}],"event_choices":[{"cards_removed":["Strike_B"],"damage_healed":0,"gold_gain":0,"player_choice":"Purged","damage_taken":0,"max_hp_gain":0,"max_hp_loss":0,"event_name":"Purifier","floor":3,"gold_loss":0},{"damage_healed":0,"gold_gain":175,"player_choice":"AGREE","damage_taken":0,"max_hp_gain":0,"max_hp_loss":0,"event_name":"Liars Game","floor":11,"gold_loss":0,"cards_obtained":["Doubt"]}],"is_beta":false,"boss_relics":[{"not_picked":["Busted Crown","Runic Dome"],"picked":"Nuclear Battery"}],"items_purged_floors":[],"is_endless":false,"potions_floor_spawned":[1,5,13,16,19],"killed_by":"Shelled Parasite and Fungi","ascension_level":4}}