{"host":"oq0u6q7bjztc2jwc","time":1613890001,"event":{"mods":["AchievementEnabler","BaseMod","Colored Map","Highlight Path","Minty Spire (QoL Compilation)","Permanent Neow","StSLib"],"gold_per_floor":[112,177,102,102,121,121,140,174,174,174,208,208,234,256,268,384,396,427,439,474,486,498,510,522,522],"floor_reached":24,"language":"ENG","playtime":1492,"items_purged":["Defend_P"],"score":311,"play_id":"e5e9ee4c-25bb-43ff-b911-76f6057b8b7f","local_time":"20210221014641","is_ascension_mode":true,"campfire_choices":[{"data":"Eruption","floor":6,"key":"SMITH"},{"data":"DeusExMachina","floor":12,"key":"SMITH"},{"data":"Perseverance","floor":15,"key":"SMITH"},{"floor":23,"key":"RECALL"}],"circlet_count":0,"master_deck":["Defend_P","Defend_P","Defend_P","Eruption+1","Vigilance","Perseverance+1","ReachHeaven","Pain","DeusExMachina+1","Perseverance+1","Protect","Crescendo","SpiritShield","Bite","Bite","Bite","Bite","Bite","FlyingSleeves"],"relics":["PureWater","WarpedTongs","PreservedInsect","Darkstone Periapt","Oddly Smooth Stone","Juzu Bracelet","MawBank","Sozu"],"acts_visited":["Exordium","TheCity"],"potions_floor_usage":[11,18,24],"damage_taken":[{"damage":1,"enemies":"2 Louse","floor":1,"turns":5},{"damage":2,"enemies":"Jaw Worm","floor":5,"turns":5},{"damage":1,"enemies":"Cultist","floor":7,"turns":2},{"damage":2,"enemies":"Gremlin Nob","floor":8,"turns":2},{"damage":2,"enemies":"Lagavulin","floor":11,"turns":2},{"damage":14,"enemies":"Gremlin Nob","floor":13,"turns":4},{"damage":2,"enemies":"Looter","floor":14,"turns":3},{"damage":8,"enemies":"Slime Boss","floor":16,"turns":10},{"damage":3,"enemies":"Spheric Guardian","floor":18,"turns":5},{"damage":55,"enemies":"Gremlin Leader","floor":24,"turns":5}],"seed_played":"-7580380141663063768","potions_obtained":[{"floor":1,"key":"Swift Potion"},{"floor":5,"key":"Energy Potion"},{"floor":7,"key":"ColorlessPotion"},{"floor":14,"key":"Energy Potion"}],"is_trial":false,"path_per_floor":["M","?","$","?","M","R","M","E","T","?","E","R","E","M","R","B",null,"M","?","T","?","?","R","E"],"character_chosen":"WATCHER","items_purchased":[],"campfire_rested":0,"item_purchase_floors":[],"current_hp_per_floor":[71,71,71,71,69,69,68,66,66,63,61,61,47,45,45,37,72,69,50,50,50,50,50,0,0],"gold":522,"neow_bonus":"TRANSFORM_CARD","is_daily":false,"chose_seed":false,"campfire_upgraded":3,"win_rate":0.0,"timestamp":1613890001,"path_taken":["M","?","$","?","?","R","M","E","T","?","E","R","E","M","R","BOSS","M","?","?","?","?","R","E"],"items_purchased_type":[],"build_version":"2020-12-22","purchased_purges":1,"victory":false,"max_hp_per_floor":[72,72,72,72,72,72,72,72,72,72,72,72,72,72,72,72,72,72,50,50,50,50,50,50,50],"card_choices":[{"not_picked":["FlyingSleeves","JustLucky"],"picked":"ReachHeaven","floor":1},{"not_picked":["CutThroughFate","JustLucky","PathToVictory"],"picked":"SKIP","floor":5},{"not_picked":["PathToVictory","JustLucky"],"picked":"DeusExMachina","floor":7},{"not_picked":["Prostrate","SashWhip","SignatureMove"],"picked":"SKIP","floor":8},{"not_picked":["TalkToTheHand","Study"],"picked":"Perseverance","floor":11},{"not_picked":["CrushJoints","MentalFortress"],"picked":"Protect","floor":13},{"not_picked":["FlurryOfBlows","JustLucky"],"picked":"Crescendo","floor":14},{"not_picked":["Omniscience","LessonLearned"],"picked":"SpiritShield","floor":16},{"not_picked":["Vengeance","CrushJoints","WheelKick"],"picked":"SKIP","floor":18}],"player_experience":441453,"relics_obtained":[{"floor":8,"key":"PreservedInsect"},{"floor":9,"key":"Darkstone Periapt"},{"floor":11,"key":"Juzu Bracelet"},{"floor":13,"key":"MawBank"}],"event_choices":[{"damage_healed":0,"gold_gain":65,"player_choice":"Gained Gold","damage_taken":0,"max_hp_gain":0,"max_hp_loss":0,"event_name":"Golden Wing","floor":2,"gold_loss":0},{"damage_healed":0,"gold_gain":0,"player_choice":"Rummage","damage_taken":0,"relics_obtained":["WarpedTongs"],"max_hp_gain":0,"max_hp_loss":0,"event_name":"Accursed Blacksmith","floor":4,"gold_loss":0,"cards_obtained":["Pain"]},{"damage_healed":0,"gold_gain":0,"player_choice":"Success","damage_taken":3,"relics_obtained":["Oddly Smooth Stone"],"max_hp_gain":0,"max_hp_loss":0,"event_name":"Scrap Ooze","floor":10,"gold_loss":0},{"damage_healed":0,"gold_gain":0,"player_choice":"Became a vampire","damage_taken":0,"max_hp_gain":0,"max_hp_loss":22,"event_name":"Vampires","floor":19,"gold_loss":0,"cards_obtained":["Bite","Bite","Bite","Bite","Bite"]},{"damage_healed":0,"gold_gain":0,"player_choice":"Upgraded","damage_taken":0,"max_hp_gain":0,"max_hp_loss":0,"event_name":"Upgrade Shrine","floor":21,"gold_loss":0,"cards_upgraded":["Perseverance"]},{"damage_healed":0,"gold_gain":0,"player_choice":"Read","damage_taken":0,"max_hp_gain":0,"max_hp_loss":0,"event_name":"The Library","floor":22,"gold_loss":0,"cards_obtained":["FlyingSleeves"]}],"is_beta":false,"boss_relics":[{"not_picked":["Ectoplasm","Runic Dome"],"picked":"Sozu"}],"items_purged_floors":[3],"is_endless":false,"potions_floor_spawned":[1,5,7,14],"killed_by":"Gremlin Leader","ascension_level":2}}