{"host":"hrvs05np4ys7itky","time":1613934136,"event":{"mods":["BaseMod","Colored Map","Colored Powertips","Downfall","Emptier Cage","Hermit","Highlight Path","Minty Spire (QoL Compilation)","Permanent Neow","Rare Cards Sparkle","Relic Stats","StSLib","everything is the same but u backflip on backflip"],"gold_per_floor":[114,125,52,52,65,97,97,127,174,174,190,209,110,125,125,125,125],"floor_reached":16,"language":"ENG","playtime":947,"items_purged":["Strike_B"],"score":179,"play_id":"2326cd26-96bf-4a8a-953b-08ae500f0707","local_time":"20210221140216","is_ascension_mode":true,"campfire_choices":[{"data":"Rainbow","floor":7,"key":"SMITH"},{"floor":10,"key":"REST"},{"data":"Enlightenment","floor":15,"key":"SMITH"}],"circlet_count":0,"master_deck":["AscendersBane","Strike_B","Strike_B","Defend_B","Defend_B","Defend_B","Defend_B","Zap","Dualcast","Enlightenment+1","Sunder","Force Field","Streamline","Rainbow+1","Reinforced Body","Gash","Gash"],"relics":["Cracked Core","Juzu Bracelet","Odd Mushroom","Tiny Chest"],"acts_visited":["Exordium"],"potions_floor_usage":[6,16],"damage_taken":[{"damage":8,"enemies":"Small Slimes","floor":1,"turns":3},{"damage":6,"enemies":"Jaw Worm","floor":2,"turns":4},{"damage":0,"enemies":"Cultist","floor":5,"turns":2},{"damage":20,"enemies":"Gremlin Nob","floor":6,"turns":3},{"damage":18,"enemies":"The Mushroom Lair","floor":8,"turns":6},{"damage":1,"enemies":"3 Louse","floor":11,"turns":3},{"damage":0,"enemies":"Exordium Wildlife","floor":12,"turns":4},{"damage":4,"enemies":"Red Slaver","floor":14,"turns":3},{"damage":13,"enemies":"Hexaghost","floor":16,"turns":9}],"seed_played":"-130772146866784568","potions_obtained":[{"floor":2,"key":"Fire Potion"},{"floor":8,"key":"Strength Potion"},{"floor":11,"key":"PowerPotion"},{"floor":14,"key":"Ancient Potion"}],"is_trial":false,"path_per_floor":["M","M","$","?","M","E","R","?","T","R","M","M","$","M","R","B"],"character_chosen":"DEFECT","items_purchased":["Force Field","Gash"],"campfire_rested":1,"item_purchase_floors":[3,13],"current_hp_per_floor":[56,50,50,43,43,23,23,5,5,26,25,25,25,21,21,8,8],"gold":125,"neow_bonus":"RANDOM_COLORLESS","is_daily":false,"chose_seed":false,"campfire_upgraded":2,"win_rate":0.0,"timestamp":1613934136,"path_taken":["M","M","$","?","M","E","R","?","T","R","M","M","$","M","R","BOSS"],"items_purchased_type":["Card","Card"],"build_version":"2020-12-22","purchased_purges":1,"victory":false,"max_hp_per_floor":[71,71,71,71,71,71,71,71,71,71,71,71,71,71,71,71,71],"relic_stats":{"counters":[9,37],"Tiny Chest":0,"Juzu Bracelet":0,"obtain_stats":[{"Tiny Chest":9,"Juzu Bracelet":6,"Odd Mushroom":8,"Cracked Core":0},{"Tiny Chest":5,"Juzu Bracelet":4,"Odd Mushroom":5,"Cracked Core":0},{"Tiny Chest":18,"Juzu Bracelet":12,"Odd Mushroom":18,"Cracked Core":0}]},"card_choices":[{"not_picked":["Impatience","Blind"],"picked":"Enlightenment","floor":0},{"not_picked":["Go for the Eyes","Recycle","Steam"],"picked":"SKIP","floor":1},{"not_picked":["Steam Power","Barrage"],"picked":"Sunder","floor":2},{"not_picked":["Leap","Steam Power"],"picked":"Streamline","floor":5},{"not_picked":["Blizzard","Fusion"],"picked":"Rainbow","floor":6},{"not_picked":["Hello World","Steam Power"],"picked":"Reinforced Body","floor":8},{"not_picked":["Sweeping Beam","Beam Cell","Steam"],"picked":"SKIP","floor":11},{"not_picked":["Redo","Ball Lightning","Steam"],"picked":"SKIP","floor":12},{"not_picked":["Static Discharge","Auto Shields"],"picked":"Gash","floor":14}],"player_experience":1112259,"relics_obtained":[{"floor":6,"key":"Juzu Bracelet"},{"floor":8,"key":"Odd Mushroom"},{"floor":9,"key":"Tiny Chest"}],"event_choices":[{"cards_removed":["Strike_B"],"damage_healed":0,"gold_gain":0,"player_choice":"Card Removal","damage_taken":7,"max_hp_gain":0,"max_hp_loss":0,"event_name":"Golden Wing","floor":4,"gold_loss":0},{"damage_healed":0,"gold_gain":0,"player_choice":"Fought Mushrooms","damage_taken":0,"max_hp_gain":0,"max_hp_loss":0,"event_name":"Mushrooms","floor":8,"gold_loss":0}],"is_beta":false,"boss_relics":[],"items_purged_floors":[13],"is_endless":false,"potions_floor_spawned":[2,8,11,14],"killed_by":"Hexaghost","ascension_level":15}}