{"host":"z39atn33tyek63fd","time":1613879349,"event":{"mods":["BaseMod","Minty Spire (QoL Compilation)","everything is the same but u backflip on backflip"],"gold_per_floor":[110,110,185,185,185,185,196,223,223,223,0,25,43,62,62,139,139,149,149,149,68,79,79,4,24,24,24,41,61,61,73,73,146,196,215,215,231,244,261,261,22,22,48,48,68,68,16,0,0,0],"floor_reached":51,"language":"ENG","playtime":2594,"items_purged":["Decay"],"score":1048,"play_id":"95bc8814-b0bc-4ce5-886e-bdfd0f38e91e","local_time":"20210220214909","is_ascension_mode":true,"campfire_choices":[{"data":"Survivor","floor":6,"key":"SMITH"},{"floor":10,"key":"REST"},{"data":"Noxious Fumes","floor":15,"key":"SMITH"},{"data":"Footwork","floor":23,"key":"SMITH"},{"data":"Crippling Poison","floor":27,"key":"SMITH"},{"floor":32,"key":"REST"},{"floor":40,"key":"REST"},{"data":"Noxious Fumes","floor":42,"key":"SMITH"},{"data":"Burst","floor":44,"key":"SMITH"},{"floor":49,"key":"REST"}],"circlet_count":0,"master_deck":["AscendersBane","Strike_G+1","Strike_G+1","Strike_G+1","Strike_G+1","Defend_G+1","Defend_G+1","Defend_G+1","Defend_G+1","Defend_G+1","Survivor+1","Neutralize","Blade Dance","Leg Sweep+1","Predator+1","Crippling Poison+1","Noxious Fumes+1","Noxious Fumes+1","Deadly Poison","Backflip","Malaise+1","Heel Hook","Footwork+1","Prepared","Calculated Gamble","Burst+1","Backstab+1","Distraction+1","Dodge and Roll"],"relics":["Ring of the Snake","Ice Cream","Meat on the Bone","Bottled Flame","DollysMirror","Orichalcum","Busted Crown","Blood Vial","Tiny House","Paper Crane","Snake Skull","Red Mask"],"acts_visited":["Exordium","TheCity","TheBeyond"],"potions_floor_usage":[8,16],"damage_taken":[{"damage":2,"enemies":"2 Louse","floor":1,"turns":4},{"damage":0,"enemies":"Jaw Worm","floor":7,"turns":5},{"damage":24,"enemies":"Lagavulin","floor":8,"turns":8},{"damage":32,"enemies":"3 Sentries","floor":12,"turns":7},{"damage":0,"enemies":"Small Slimes","floor":13,"turns":3},{"damage":7,"enemies":"Blue Slaver","floor":14,"turns":4},{"damage":25,"enemies":"Hexaghost","floor":16,"turns":10},{"damage":2,"enemies":"Shell Parasite","floor":18,"turns":6},{"damage":3,"enemies":"3 Byrds","floor":22,"turns":5},{"damage":8,"enemies":"Centurion and Healer","floor":25,"turns":8},{"damage":0,"enemies":"Snecko","floor":28,"turns":7},{"damage":19,"enemies":"Sentry and Sphere","floor":29,"turns":4},{"damage":8,"enemies":"Centurion and Healer","floor":31,"turns":9},{"damage":23,"enemies":"Collector","floor":33,"turns":9},{"damage":16,"enemies":"3 Darklings","floor":35,"turns":5},{"damage":6,"enemies":"3 Shapes","floor":37,"turns":4},{"damage":9,"enemies":"Sphere and 2 Shapes","floor":38,"turns":5},{"damage":31,"enemies":"Jaw Worm Horde","floor":39,"turns":6},{"damage":8,"enemies":"3 Darklings","floor":45,"turns":3},{"damage":29,"enemies":"Time Eater","floor":50,"turns":16}],"seed_played":"8908242646045640340","potions_obtained":[{"floor":1,"key":"Strength Potion"},{"floor":7,"key":"CunningPotion"},{"floor":13,"key":"AttackPotion"},{"floor":22,"key":"LiquidBronze"},{"floor":29,"key":"LiquidMemories"},{"floor":31,"key":"FairyPotion"}],"is_trial":false,"path_per_floor":["M","?","?","?","?","R","M","E","T","R","$","E","M","M","R","B",null,"M","?","?","$","M","R","$","M","T","R","M","M","?","M","R","B",null,"M","?","M","M","M","R","$","R","T","R","M","?","$","?","R","B",null],"character_chosen":"THE_SILENT","items_purchased":["Noxious Fumes","DollysMirror","Footwork","Paper Crane","Dodge and Roll"],"campfire_rested":4,"item_purchase_floors":[11,11,21,41,47],"current_hp_per_floor":[61,61,50,50,43,43,43,19,19,40,40,20,32,37,37,24,59,57,57,57,57,54,54,54,46,46,46,48,43,43,37,58,37,67,53,53,49,42,25,47,47,47,47,47,41,41,41,41,63,48],"gold":0,"neow_bonus":"THREE_CARDS","is_daily":false,"chose_seed":false,"campfire_upgraded":6,"win_rate":0.0,"timestamp":1613879349,"path_taken":["M","?","?","?","?","R","M","E","T","R","$","E","M","M","R","BOSS","M","?","?","$","M","R","$","?","T","R","M","M","?","M","R","BOSS","M","?","M","?","M","R","$","R","T","R","M","?","$","?","R","BOSS"],"items_purchased_type":["Card","Relic","Card","Relic","Card"],"build_version":"2020-12-22","purchased_purges":1,"victory":true,"max_hp_per_floor":[70,70,70,70,70,70,70,70,70,70,70,70,70,70,70,70,70,70,70,70,70,70,70,70,70,70,70,70,70,70,70,70,70,75,75,75,75,75,75,75,75,75,75,75,75,75,75,75,75,75],"card_choices":[{"not_picked":["Poisoned Stab","Eviscerate"],"picked":"Blade Dance","floor":0},{"not_picked":["Prepared","Deflect"],"picked":"Leg Sweep","floor":1},{"not_picked":["Dagger Throw","Flechettes"],"picked":"Predator","floor":7},{"not_picked":["Flying Knee","Riddle With Holes"],"picked":"Crippling Poison","floor":8},{"not_picked":["Sucker Punch","Infinite Blades","Quick Slash"],"picked":"SKIP","floor":12},{"not_picked":["Dagger Spray","Heel Hook"],"picked":"Deadly Poison","floor":13},{"not_picked":["Terror","Dodge and Roll"],"picked":"Backflip","floor":14},{"not_picked":["Phantasmal Killer","Die Die Die"],"picked":"Malaise","floor":16},{"not_picked":[],"picked":"Heel Hook","floor":18},{"not_picked":["Predator"],"picked":"SKIP","floor":22},{"not_picked":["Poisoned Stab"],"picked":"SKIP","floor":25},{"not_picked":["Predator"],"picked":"SKIP","floor":28},{"not_picked":[],"picked":"Prepared","floor":29},{"not_picked":["Blade Dance"],"picked":"SKIP","floor":31},{"not_picked":[],"picked":"Calculated Gamble","floor":35},{"not_picked":[],"picked":"Backstab+1","floor":37},{"not_picked":["Slice"],"picked":"SKIP","floor":38},{"not_picked":[],"picked":"Distraction+1","floor":39},{"not_picked":["Poisoned Stab"],"picked":"SKIP","floor":45}],"player_experience":822577,"relics_obtained":[{"floor":8,"key":"Meat on the Bone"},{"floor":9,"key":"Bottled Flame"},{"floor":12,"key":"Orichalcum"},{"floor":26,"key":"Blood Vial"},{"floor":43,"key":"Snake Skull"}],"event_choices":[{"damage_healed":0,"gold_gain":0,"player_choice":"Grow","damage_taken":0,"max_hp_gain":0,"max_hp_loss":0,"event_name":"Living Wall","floor":2,"gold_loss":0,"cards_upgraded":["Leg Sweep"]},{"damage_healed":0,"gold_gain":75,"player_choice":"Gather Gold","damage_taken":11,"max_hp_gain":0,"max_hp_loss":0,"event_name":"World of Goop","floor":3,"gold_loss":0},{"damage_healed":0,"gold_gain":0,"player_choice":"Ignored","damage_taken":0,"max_hp_gain":0,"max_hp_loss":0,"event_name":"Liars Game","floor":4,"gold_loss":0},{"damage_healed":0,"gold_gain":0,"player_choice":"Success","damage_taken":7,"relics_obtained":["Ice Cream"],"max_hp_gain":0,"max_hp_loss":0,"event_name":"Scrap Ooze","floor":5,"gold_loss":0},{"damage_healed":0,"gold_gain":0,"player_choice":"Smashed Altar","damage_taken":0,"max_hp_gain":0,"max_hp_loss":0,"event_name":"Forgotten Altar","floor":19,"gold_loss":0,"cards_obtained":["Decay"]},{"damage_healed":0,"gold_gain":0,"player_choice":"Forge","damage_taken":0,"max_hp_gain":0,"max_hp_loss":0,"event_name":"Accursed Blacksmith","floor":20,"gold_loss":0,"cards_upgraded":["Malaise"]},{"damage_healed":0,"gold_gain":0,"player_choice":"Simplicity","damage_taken":0,"max_hp_gain":0,"max_hp_loss":0,"event_name":"Back to Basics","floor":30,"gold_loss":0,"cards_upgraded":["Strike_G","Strike_G","Strike_G","Strike_G","Strike_G","Defend_G","Defend_G","Defend_G","Defend_G","Defend_G"]},{"damage_healed":0,"gold_gain":0,"cards_transformed":["Strike_G"],"player_choice":"Transformed","damage_taken":0,"max_hp_gain":0,"max_hp_loss":0,"event_name":"Transmorgrifier","floor":36,"gold_loss":0,"cards_obtained":["Burst"]},{"damage_healed":0,"gold_gain":0,"player_choice":"Ignored","damage_taken":0,"max_hp_gain":0,"max_hp_loss":0,"event_name":"Mysterious Sphere","floor":46,"gold_loss":0},{"damage_healed":0,"gold_gain":0,"player_choice":"Paid","damage_taken":0,"relics_obtained":["Red Mask"],"max_hp_gain":0,"max_hp_loss":0,"event_name":"Tomb of Lord Red Mask","floor":48,"gold_loss":16}],"is_beta":false,"boss_relics":[{"not_picked":["HoveringKite","Runic Dome"],"picked":"Busted Crown"},{"not_picked":["Philosopher\u0027s Stone","Velvet Choker"],"picked":"Tiny House"}],"items_purged_floors":[24],"is_endless":false,"potions_floor_spawned":[1,7,13,22,29,31,33,37,39],"ascension_level":13}}