{"host":"rsokn1b2nrspb1iw","time":1613899762,"event":{"mods":["BaseMod","Better Altar","Better Match","Better Note","Better Sensory Stone","Better Skull","Better Third Choice","Better Vampires","BetterRewards","Block Reminder","Colored Map","Colored Powertips","Custom Start","GifTheSpireLib","Hermit","Ironclad Rager","Minty Spire (QoL Compilation)","Quick Restart","Rare Cards Sparkle","Relic Stats","Spire Birthday Party","StSLib","Unceasing Turn Reminder"],"gold_per_floor":[116,116,130,61,61,93,104,104,178,198,212,212,238,238,238,343,343,356,370,370,370,383,383,396,396,396],"floor_reached":25,"language":"ENG","playtime":966,"items_purged":[],"score":213,"play_id":"b0f73b90-cd18-470b-9acd-4c4f30c475ba","local_time":"20210221022922","is_ascension_mode":false,"campfire_choices":[{"floor":8.0,"key":"REST"},{"floor":12.0,"key":"REST"},{"floor":15.0,"key":"REST"},{"floor":23,"key":"REST"}],"circlet_count":0,"master_deck":["Survivor","Neutralize","Prepared","Dramatic Entrance","Deadly Poison","Catalyst+1","Backstab","Deadly Poison","Catalyst"],"relics":["SacredBark","Orichalcum","Darkstone Periapt","Pandora\u0027s Box"],"acts_visited":["Exordium","TheCity"],"potions_floor_usage":[25],"damage_taken":[{"damage":0.0,"enemies":"Jaw Worm","floor":1.0,"turns":5.0},{"damage":0.0,"enemies":"2 Louse","floor":3.0,"turns":2.0},{"damage":57.0,"enemies":"3 Sentries","floor":6.0,"turns":13.0},{"damage":0.0,"enemies":"Cultist","floor":7.0,"turns":3.0},{"damage":0.0,"enemies":"Gremlin Gang","floor":10.0,"turns":3.0},{"damage":15.0,"enemies":"Large Slime","floor":11.0,"turns":6.0},{"damage":21.0,"enemies":"Lagavulin","floor":13.0,"turns":6.0},{"damage":16.0,"enemies":"The Guardian","floor":16.0,"turns":9.0},{"damage":21,"enemies":"2 Thieves","floor":18,"turns":4},{"damage":6,"enemies":"Chosen","floor":19,"turns":3},{"damage":17,"enemies":"3 Cultists","floor":22,"turns":4},{"damage":9,"enemies":"Snecko","floor":24,"turns":3},{"damage":46,"enemies":"Gremlin Leader","floor":25,"turns":4}],"seed_played":"2228883727692272999","potions_obtained":[{"floor":6.0,"key":"FearPotion"},{"floor":7.0,"key":"Explosive Potion"},{"floor":11.0,"key":"Block Potion"},{"floor":19,"key":"Strength Potion"},{"floor":24,"key":"Dexterity Potion"}],"is_trial":false,"path_per_floor":["M","?","M","$","?","E","M","R","T","M","M","R","E","?","R","B",null,"M","M","?","?","M","R","M","E"],"character_chosen":"THE_SILENT","items_purchased":["Catalyst"],"campfire_rested":4,"item_purchase_floors":[4],"current_hp_per_floor":[70,70,70,70,70,13,13,34,34,34,19,40,19,19,40,24,70,49,43,43,43,26,47,38,0,0],"gold":396,"neow_bonus":"BOSS_RELIC","is_daily":false,"chose_seed":false,"campfire_upgraded":0,"win_rate":0.0,"timestamp":1613899762,"path_taken":["M","?","M","$","?","E","?","R","T","M","?","R","E","?","R","BOSS","M","M","?","?","M","R","M","E"],"items_purchased_type":["Card"],"build_version":"2020-12-22","purchased_purges":0,"victory":false,"max_hp_per_floor":[70,70,70,70,70,70,70,70,70,70,70,70,70,70,70,70,70,70,70,70,70,70,70,70,70,70],"relic_stats":{"Darkstone Periapt":0,"counters":[13,65],"Pandora\u0027s Box":["Unload","Footwork","Deflect","Slice","Catalyst","Deadly Poison","Riddle With Holes","Finisher","Backflip","After Image"],"Orichalcum":[78],"obtain_stats":[{"Darkstone Periapt":13,"SacredBark":0,"Pandora\u0027s Box":17,"Orichalcum":6,"Ring of the Snake":0},{"Darkstone Periapt":7,"SacredBark":0,"Pandora\u0027s Box":8,"Orichalcum":3,"Ring of the Snake":0},{"Darkstone Periapt":38,"SacredBark":0,"Pandora\u0027s Box":47,"Orichalcum":20,"Ring of the Snake":0}]},"card_choices":[{"not_picked":["Backflip","Outmaneuver"],"picked":"Prepared","floor":1.0},{"not_picked":["Purity","The Bomb"],"picked":"Dramatic Entrance","floor":2.0},{"not_picked":["Slice","All Out Attack"],"picked":"Deadly Poison","floor":3.0},{"not_picked":["Endless Agony","Acrobatics"],"picked":"Backstab","floor":6.0},{"not_picked":["Caltrops","Setup"],"picked":"Deadly Poison","floor":7.0},{"not_picked":["Flechettes","All Out Attack","Sucker Punch"],"picked":"SKIP","floor":10.0},{"not_picked":["Leg Sweep","Infinite Blades","Deflect"],"picked":"SKIP","floor":11.0},{"not_picked":["Grand Finale","Sucker Punch","All Out Attack"],"picked":"SKIP","floor":13.0},{"not_picked":["Slice","Quick Slash","Deflect+1"],"picked":"SKIP","floor":18},{"not_picked":["Sucker Punch","Dodge and Roll"],"picked":"Catalyst","floor":19},{"not_picked":["Deflect","Flying Knee","Backflip"],"picked":"SKIP","floor":22},{"not_picked":["Dagger Throw","Cloak And Dagger+1","Leg Sweep"],"picked":"SKIP","floor":24}],"player_experience":188784,"relics_obtained":[{"floor":6.0,"key":"Orichalcum"},{"floor":13.0,"key":"Darkstone Periapt"}],"event_choices":[{"damage_healed":0.0,"max_hp_gain":0.0,"max_hp_loss":0.0,"gold_gain":1.0,"event_name":"betterStone:BetterStone","player_choice":"1","floor":2.0,"gold_loss":0.0,"damage_taken":0.0},{"damage_healed":0.0,"max_hp_gain":0.0,"max_hp_loss":0.0,"gold_gain":0.0,"event_name":"Upgrade Shrine","player_choice":"Upgraded","floor":5.0,"gold_loss":0.0,"damage_taken":0.0,"cards_upgraded":["Catalyst"]},{"damage_healed":19.0,"max_hp_gain":0.0,"max_hp_loss":70.0,"gold_gain":0.0,"event_name":"betterThird:BetterShining","player_choice":"Embrace Burn","floor":14.0,"gold_loss":0.0,"damage_taken":0.0},{"damage_healed":0,"gold_gain":0,"player_choice":"Ignored","damage_taken":0,"max_hp_gain":0,"max_hp_loss":0,"event_name":"betterNote:BetterNote","floor":20,"gold_loss":0,"cards_obtained":["Electrodynamics"]},{"cards_removed":["Burn"],"damage_healed":0,"gold_gain":0,"player_choice":"Elegance","damage_taken":0,"max_hp_gain":0,"max_hp_loss":0,"event_name":"betterThird:BetterWriting","floor":21,"gold_loss":0}],"is_beta":false,"boss_relics":[{"not_picked":["WristBlade","Philosopher\u0027s Stone"],"picked":"Pandora\u0027s Box"}],"items_purged_floors":[],"is_endless":false,"potions_floor_spawned":[6,7,11,19,24],"killed_by":"Gremlin Leader","ascension_level":0}}