{"host":"snd6571rw3150vxe","time":1613922115,"event":{"mods":["AchievementEnabler","BaseMod","Bestiary","Colored Powertips","Highlight Path","Minty Spire (QoL Compilation)","Quick Restart","Random Character Button","Relic Stats","StSLib","slay the spire mod where everything is the same but ironclad has a cowboy hat"],"gold_per_floor":[116,126,126,126,144,144,180,180,180,221,186,186,29,67,67,195,195,214,214,15,39,39,39,63,98,98,98,119,119,119,119,119,249,249,262,285,129,129,143,143,183,262,262,262,285,24,48,83,83,83,83],"floor_reached":50,"language":"ENG","playtime":2960,"items_purged":[],"score":735,"play_id":"8f5d0350-35db-461d-9b7b-65b8be5417d2","local_time":"20210221174155","is_ascension_mode":true,"campfire_choices":[{"floor":6,"key":"REST"},{"floor":8,"key":"REST"},{"floor":15,"key":"REST"},{"floor":23,"key":"REST"},{"floor":27,"key":"REST"},{"floor":30,"key":"REST"},{"floor":32,"key":"REST"},{"data":"Noxious Fumes","floor":40,"key":"SMITH"},{"floor":44,"key":"REST"},{"floor":49,"key":"REST"}],"circlet_count":0,"master_deck":["Strike_G","Strike_G+1","Strike_G","Strike_G","Strike_G","Defend_G","Defend_G","Defend_G","Defend_G","Survivor","Neutralize","Blade Dance+1","Infinite Blades+1","Dagger Spray","PiercingWail","A Thousand Cuts","Backflip","Blade Dance","Die Die Die","Backflip+1","Cloak And Dagger","Blade Dance+1","Leg Sweep","Backstab","Noxious Fumes+1","Backstab+1","Flying Knee+1","Cloak And Dagger+1","Adrenaline","Poisoned Stab+1","Deadly Poison","Finisher","Prepared+1","Catalyst","Well Laid Plans","Distraction+1","Backflip+1","Bouncing Flask","Malaise","Cloak And Dagger+1","Accuracy"],"relics":["Ring of the Snake","Dream Catcher","Golden Idol","Peace Pipe","WingedGreaves","Kunai","Spirit Poop","Bronze Scales","Bottled Lightning","Black Star","Tiny Chest","StoneCalendar","Bag of Preparation","Blue Candle","SlaversCollar","Regal Pillow","Lee\u0027s Waffle","Toy Ornithopter","Lantern","Bottled Flame","Omamori","Blood Vial","Orrery","Strawberry","Pocketwatch"],"acts_visited":["Exordium","TheCity","TheBeyond"],"potions_floor_usage":[25,33,50,50,50],"damage_taken":[{"damage":1,"enemies":"Cultist","floor":1,"turns":4},{"damage":7,"enemies":"2 Louse","floor":2,"turns":2},{"damage":0,"enemies":"Small Slimes","floor":5,"turns":3},{"damage":21,"enemies":"3 Sentries","floor":7,"turns":6},{"damage":36,"enemies":"Gremlin Nob","floor":10,"turns":5},{"damage":15,"enemies":"3 Sentries","floor":14,"turns":4},{"damage":31,"enemies":"The Guardian","floor":16,"turns":11},{"damage":29,"enemies":"2 Thieves","floor":18,"turns":4},{"damage":0,"enemies":"3 Byrds","floor":21,"turns":3},{"damage":23,"enemies":"Centurion and Healer","floor":24,"turns":6},{"damage":30,"enemies":"Book of Stabbing","floor":25,"turns":6},{"damage":2,"enemies":"Shelled Parasite and Fungi","floor":28,"turns":7},{"damage":69,"enemies":"Automaton","floor":33,"turns":12},{"damage":64,"enemies":"3 Shapes","floor":35,"turns":6},{"damage":1,"enemies":"3 Darklings","floor":39,"turns":5},{"damage":28,"enemies":"Giant Head","floor":41,"turns":8},{"damage":17,"enemies":"Sphere and 2 Shapes","floor":47,"turns":5},{"damage":34,"enemies":"Reptomancer","floor":48,"turns":4},{"damage":91,"enemies":"Time Eater","floor":50,"turns":7}],"seed_played":"-7515365706139709805","potions_obtained":[{"floor":2,"key":"LiquidMemories"},{"floor":14,"key":"BlessingOfTheForge"},{"floor":18,"key":"LiquidBronze"},{"floor":25,"key":"CultistPotion"},{"floor":39,"key":"AttackPotion"},{"floor":48,"key":"CunningPotion"}],"is_trial":false,"path_per_floor":["M","M","?","?","M","R","E","R","T","E","?","?","$","E","R","B",null,"M","?","$","M","?","R","M","E","T","R","M","$","R","$","R","B",null,"M","T","$","?","M","R","E","T","T","R","T","$","M","E","R","B"],"character_chosen":"THE_SILENT","items_purchased":["Bronze Scales","Tiny Chest","Cloak And Dagger","Lee\u0027s Waffle","Catalyst","Well Laid Plans","Orrery"],"campfire_rested":9,"item_purchase_floors":[13,20,20,37,46,46,46],"current_hp_per_floor":[69,62,48,48,48,69,48,69,69,33,50,50,50,35,56,25,70,41,41,41,41,41,62,39,9,9,30,28,28,49,49,70,1,70,6,6,77,77,76,76,48,48,48,77,77,77,60,35,75,0,0],"gold":83,"neow_bonus":"RANDOM_COMMON_RELIC","is_daily":false,"chose_seed":false,"campfire_upgraded":1,"win_rate":0.0,"timestamp":1613922115,"path_taken":["M","?","?","?","M","R","E","R","T","E","?","?","$","E","R","BOSS","M","?","?","?","?","R","M","E","T","R","M","$","R","?","R","BOSS","M","?","$","?","?","R","E","?","T","R","?","$","M","E","R","BOSS"],"items_purchased_type":["Relic","Relic","Card","Relic","Card","Card","Relic"],"build_version":"2020-12-22","purchased_purges":0,"victory":false,"max_hp_per_floor":[70,70,70,70,70,70,70,70,70,70,70,70,70,70,70,70,70,70,70,70,70,70,70,70,70,70,70,70,70,70,70,70,70,70,70,70,77,77,77,77,77,77,77,77,77,77,77,84,84,84,84],"relic_stats":{"Regal Pillow":21,"Lee\u0027s Waffle":71,"counters":[19,108],"Golden Idol":130,"Blue Candle":[0],"StoneCalendar":[156],"Bag of Preparation":[16],"Peace Pipe":0,"Blood Vial":4,"Dream Catcher":9,"Bronze Scales":[261],"Tiny Chest":2,"Black Star":3,"Kunai":[84],"obtain_stats":[{"Regal Pillow":36,"Lantern":41,"Spirit Poop":12,"StoneCalendar":25,"Bag of Preparation":25,"Blood Vial":45,"Dream Catcher":0,"Strawberry":48,"Tiny Chest":20,"WingedGreaves":9,"Kunai":10,"Ring of the Snake":0,"Lee\u0027s Waffle":37,"Golden Idol":4,"Blue Candle":26,"Omamori":43,"Peace Pipe":7,"SlaversCollar":34,"Bottled Flame":42,"Bronze Scales":13,"Orrery":46,"Black Star":17,"Bottled Lightning":14,"Toy Ornithopter":41,"Pocketwatch":48},{"Regal Pillow":14,"Lantern":16,"Spirit Poop":5,"StoneCalendar":11,"Bag of Preparation":11,"Blood Vial":16,"Dream Catcher":0,"Strawberry":18,"Tiny Chest":8,"WingedGreaves":4,"Kunai":5,"Ring of the Snake":0,"Lee\u0027s Waffle":14,"Golden Idol":2,"Blue Candle":11,"Omamori":16,"Peace Pipe":4,"SlaversCollar":13,"Bottled Flame":16,"Bronze Scales":5,"Orrery":16,"Black Star":7,"Bottled Lightning":6,"Toy Ornithopter":16,"Pocketwatch":18},{"Regal Pillow":79,"Lantern":92,"Spirit Poop":20,"StoneCalendar":54,"Bag of Preparation":54,"Blood Vial":92,"Dream Catcher":0,"Strawberry":101,"Tiny Chest":39,"WingedGreaves":15,"Kunai":20,"Ring of the Snake":0,"Lee\u0027s Waffle":79,"Golden Idol":6,"Blue Candle":54,"Omamori":92,"Peace Pipe":15,"SlaversCollar":73,"Bottled Flame":92,"Bronze Scales":20,"Orrery":92,"Black Star":35,"Bottled Lightning":24,"Toy Ornithopter":92,"Pocketwatch":101}],"Toy Ornithopter":12,"Ring of the Snake":[38],"Pocketwatch":[0]},"card_choices":[{"not_picked":["Bane","Prepared"],"picked":"Blade Dance","floor":1},{"not_picked":["Reflex","Sucker Punch"],"picked":"Infinite Blades","floor":2},{"not_picked":["Prepared","All Out Attack"],"picked":"Dagger Spray","floor":5},{"not_picked":["Slice","Poisoned Stab"],"picked":"PiercingWail","floor":6},{"not_picked":["Concentrate","Deflect"],"picked":"A Thousand Cuts","floor":7},{"not_picked":["Calculated Gamble","Outmaneuver"],"picked":"Backflip","floor":8},{"not_picked":["Eviscerate","Backstab"],"picked":"Blade Dance","floor":10},{"not_picked":["Quick Slash","Tactician","Backflip"],"picked":"SKIP","floor":14},{"not_picked":["Wraith Form v2","Corpse Explosion"],"picked":"Die Die Die","floor":16},{"not_picked":["Reflex","Distraction+1"],"picked":"Backflip+1","floor":18},{"not_picked":["Prepared+1","Backflip"],"picked":"Blade Dance+1","floor":21},{"not_picked":["Dagger Throw","Dash+1"],"picked":"Leg Sweep","floor":23},{"not_picked":["Backflip","Noxious Fumes"],"picked":"Backstab","floor":24},{"not_picked":["Crippling Poison","Footwork"],"picked":"Noxious Fumes","floor":25},{"not_picked":["Expertise","Skewer"],"picked":"Backstab+1","floor":27},{"not_picked":["Riddle With Holes","Dodge and Roll"],"picked":"Flying Knee+1","floor":28},{"not_picked":["Underhanded Strike","Flechettes"],"picked":"Cloak And Dagger+1","floor":30},{"not_picked":["Corpse Explosion","Night Terror"],"picked":"Adrenaline","floor":33},{"not_picked":["Cloak And Dagger","Quick Slash"],"picked":"Poisoned Stab+1","floor":35},{"not_picked":["Acrobatics+1","Sucker Punch+1"],"picked":"Deadly Poison","floor":39},{"not_picked":["Blur","Flying Knee+1"],"picked":"Finisher","floor":41},{"not_picked":["Deflect","Dash"],"picked":"Prepared+1","floor":44},{"not_picked":["Bane+1","Flechettes"],"picked":"Distraction+1","floor":46},{"not_picked":["Infinite Blades+1","All Out Attack"],"picked":"Backflip+1","floor":46},{"not_picked":["Outmaneuver","Quick Slash"],"picked":"Bouncing Flask","floor":46},{"not_picked":["Sucker Punch+1","Blade Dance+1"],"picked":"Malaise","floor":46},{"not_picked":["Setup","Blade Dance+1"],"picked":"Cloak And Dagger+1","floor":46},{"not_picked":["Slice+1","Sucker Punch+1","Underhanded Strike+1"],"picked":"SKIP","floor":47},{"not_picked":["PiercingWail+1","Choke+1"],"picked":"Accuracy","floor":48}],"player_experience":379812,"relics_obtained":[{"floor":7,"key":"Peace Pipe"},{"floor":9,"key":"WingedGreaves"},{"floor":10,"key":"Kunai"},{"floor":14,"key":"Bottled Lightning"},{"floor":25,"key":"StoneCalendar"},{"floor":25,"key":"Bag of Preparation"},{"floor":26,"key":"Blue Candle"},{"floor":36,"key":"Regal Pillow"},{"floor":41,"key":"Toy Ornithopter"},{"floor":41,"key":"Lantern"},{"floor":42,"key":"Bottled Flame"},{"floor":43,"key":"Omamori"},{"floor":45,"key":"Blood Vial"},{"floor":48,"key":"Strawberry"},{"floor":48,"key":"Pocketwatch"}],"event_choices":[{"damage_healed":0,"gold_gain":0,"player_choice":"Entered Light","damage_taken":14,"max_hp_gain":0,"max_hp_loss":0,"event_name":"Shining Light","floor":3,"gold_loss":0,"cards_upgraded":["Blade Dance","Strike_G"]},{"damage_healed":0,"gold_gain":0,"player_choice":"Take Wound","damage_taken":0,"relics_obtained":["Golden Idol"],"max_hp_gain":0,"max_hp_loss":0,"event_name":"Golden Idol","floor":4,"gold_loss":0,"cards_obtained":["Injury"]},{"damage_healed":17,"gold_gain":0,"player_choice":"Healed","damage_taken":0,"max_hp_gain":0,"max_hp_loss":0,"event_name":"The Cleric","floor":11,"gold_loss":35},{"cards_removed":["Injury"],"damage_healed":0,"gold_gain":0,"player_choice":"Offered Curse","damage_taken":0,"relics_obtained":["Spirit Poop"],"max_hp_gain":0,"max_hp_loss":0,"event_name":"Bonfire Elementals","floor":12,"gold_loss":0},{"cards_removed":["Defend_G"],"damage_healed":0,"gold_gain":0,"player_choice":"Card Removal","damage_taken":0,"max_hp_gain":0,"max_hp_loss":0,"event_name":"Wheel of Change","floor":19,"gold_loss":0},{"damage_healed":0,"gold_gain":0,"player_choice":"Forge","damage_taken":0,"max_hp_gain":0,"max_hp_loss":0,"event_name":"Accursed Blacksmith","floor":22,"gold_loss":0,"cards_upgraded":["Infinite Blades"]},{"damage_healed":0,"gold_gain":0,"player_choice":"Ignored","damage_taken":0,"max_hp_gain":0,"max_hp_loss":0,"event_name":"SecretPortal","floor":38,"gold_loss":0}],"is_beta":false,"boss_relics":[{"not_picked":["Ectoplasm","Velvet Choker"],"picked":"Black Star"},{"not_picked":["Busted Crown","SacredBark"],"picked":"SlaversCollar"}],"items_purged_floors":[],"is_endless":false,"potions_floor_spawned":[2,14,18,25,39,48],"killed_by":"Time Eater","ascension_level":4}}