{"host":"9pdg8buogrkk8pz5","time":1613865607,"event":{"mods":["AchievementEnabler","Bard","BaseMod","Downfall","Hermit","JesterMod","Mad Scientist","Minty Spire (QoL Compilation)","StSLib","The Cursed","The Disciple","The Necromancer","The Poker Player","The Runesmith","The Servant 0.9.4"],"gold_per_floor":[116,132,57,107,32,107,124,94,94,94,112,112,123,141,141,243,243,261,293,307,307,323,323,372,389,389,389,389],"floor_reached":27,"language":"ENG","playtime":2159,"items_purged":[],"score":205,"play_id":"a9add64e-9fd1-433f-bdf6-31f55413e020","local_time":"20210220190007","is_ascension_mode":false,"campfire_choices":[{"floor":12,"key":"REST"},{"floor":15,"key":"REST"},{"floor":23,"key":"REST"}],"circlet_count":0,"master_deck":["MadScienceMod:Strike_MadScience","MadScienceMod:Strike_MadScience","MadScienceMod:Strike_MadScience","MadScienceMod:Strike_MadScience","MadScienceMod:Defend_MadScience","MadScienceMod:Defend_MadScience","MadScienceMod:Defend_MadScience","MadScienceMod:Defend_MadScience","MadScienceMod:PoweredStrike","MadScienceMod:HideBehindJunk","MadScienceMod:Refuel","MadScienceMod:BandageBot","MadScienceMod:BandageBot","MadScienceMod:Bayonet","MadScienceMod:FlameCannon","MadScienceMod:FlameCannon","MadScienceMod:ArtilleryShot","MadScienceMod:AcidSpray+1","MadScienceMod:RadioactiveSword+1","MadScienceMod:FumeBlast+1","MadScienceMod:FlammableWall+1","MadScienceMod:Strafe","MadScienceMod:AcidSpray+1","MadScienceMod:Strafe","MadScienceMod:Refuel"],"relics":["MadScienceMod:FuelTank","Happy Flower","Ornamental Fan","The Courier","Astrolabe","Red Mask","MadScienceMod:ExhaustVents","Meat on the Bone"],"acts_visited":["Exordium","TheCity"],"potions_floor_usage":[13,16,16,19,22,25],"damage_taken":[{"damage":1,"enemies":"Cultist","floor":1,"turns":4},{"damage":11,"enemies":"Small Slimes","floor":2,"turns":6},{"damage":14,"enemies":"Jaw Worm","floor":7,"turns":6},{"damage":5,"enemies":"Looter","floor":8,"turns":4},{"damage":22,"enemies":"Blue Slaver","floor":11,"turns":6},{"damage":4,"enemies":"Exordium Wildlife","floor":13,"turns":3},{"damage":11,"enemies":"Large Slime","floor":14,"turns":8},{"damage":114,"enemies":"The Guardian","floor":16,"turns":16},{"damage":16,"enemies":"Spheric Guardian","floor":18,"turns":4},{"damage":62,"enemies":"Masked Bandits","floor":19,"turns":5},{"damage":15,"enemies":"Chosen","floor":20,"turns":8},{"damage":7,"enemies":"3 Cultists","floor":22,"turns":4},{"damage":46,"enemies":"Centurion and Healer","floor":25,"turns":7},{"damage":10,"enemies":"Snake Plant","floor":27,"turns":1}],"seed_played":"-8800845389203370498","potions_obtained":[{"floor":7,"key":"MadScienceMod:FuelPotion"},{"floor":13,"key":"SkillPotion"},{"floor":14,"key":"FearPotion"},{"floor":16,"key":"Energy Potion"},{"floor":18,"key":"CultistPotion"},{"floor":22,"key":"MadScienceMod:FuelPotion"}],"is_trial":false,"path_per_floor":["M","M","$","T","$","?","M","M","T","T","M","R","M","M","R","B",null,"M","?","M","?","M","R","T","M","T","M"],"character_chosen":"MAD_SCIENTIST","items_purchased":["MadScienceMod:BandageBot","MadScienceMod:BandageBot"],"campfire_rested":3,"item_purchase_floors":[3,5],"current_hp_per_floor":[81,70,70,70,70,59,51,46,46,46,27,51,47,48,72,9,82,69,25,22,22,15,39,39,8,8,0,0],"gold":389,"neow_bonus":"TEN_PERCENT_HP_BONUS","is_daily":false,"chose_seed":false,"campfire_upgraded":0,"win_rate":0.0,"timestamp":1613865607,"path_taken":["M","M","$","?","$","?","M","M","T","?","M","R","M","M","R","BOSS","M","?","M","?","M","R","?","M","T","?"],"items_purchased_type":["Card","Card"],"build_version":"2020-12-22","purchased_purges":0,"victory":false,"max_hp_per_floor":[82,82,82,82,82,82,82,82,82,82,82,82,82,82,82,82,82,82,82,82,82,82,82,82,82,82,82,82],"card_choices":[{"not_picked":["MadScienceMod:EnergyBarrier","MadScienceMod:RecyclingStation"],"picked":"MadScienceMod:Refuel","floor":1},{"not_picked":["MadScienceMod:ExtractOil","MadScienceMod:Inflate"],"picked":"MadScienceMod:AntimatterBomb","floor":2},{"not_picked":["MadScienceMod:Poke","MadScienceMod:FumeBlast"],"picked":"MadScienceMod:Bayonet","floor":7},{"not_picked":["MadScienceMod:FlexibleSpear","MadScienceMod:RadioactiveSword"],"picked":"MadScienceMod:FlameCannon","floor":8},{"not_picked":["MadScienceMod:Browse","MadScienceMod:GattlingGun"],"picked":"MadScienceMod:Sprocket","floor":11},{"not_picked":["MadScienceMod:RecyclingStation","MadScienceMod:AntimatterBomb"],"picked":"MadScienceMod:EnergyBarrier","floor":13},{"not_picked":["MadScienceMod:Strafe","MadScienceMod:FlexibleSpear"],"picked":"MadScienceMod:FlameCannon","floor":14},{"not_picked":["MadScienceMod:Jetpack","MadScienceMod:GatherParts"],"picked":"MadScienceMod:ArtilleryShot","floor":16},{"not_picked":["MadScienceMod:Browse+1","MadScienceMod:MechanicalClaw"],"picked":"MadScienceMod:FlammableWall+1","floor":18},{"not_picked":["MadScienceMod:RadioactiveSword","MadScienceMod:AssemblyLine"],"picked":"MadScienceMod:Strafe","floor":19},{"not_picked":["MadScienceMod:FlammableWall","MadScienceMod:ExtractOil"],"picked":"MadScienceMod:AcidSpray+1","floor":20},{"not_picked":["MadScienceMod:Detonate+1","MadScienceMod:LightOnFire"],"picked":"MadScienceMod:Strafe","floor":22},{"not_picked":["MadScienceMod:ImposingConstruct+1","MadScienceMod:FlameCannon"],"picked":"MadScienceMod:Refuel","floor":25}],"player_experience":84864,"relics_obtained":[{"floor":4,"key":"Happy Flower"},{"floor":9,"key":"Ornamental Fan"},{"floor":10,"key":"The Courier"},{"floor":19,"key":"Red Mask"},{"floor":24,"key":"MadScienceMod:ExhaustVents"},{"floor":26,"key":"Meat on the Bone"}],"event_choices":[{"damage_healed":0,"gold_gain":75,"player_choice":"Gather Gold","damage_taken":11,"max_hp_gain":0,"max_hp_loss":0,"event_name":"World of Goop","floor":6,"gold_loss":0},{"damage_healed":0,"gold_gain":0,"player_choice":"Fought Bandits","damage_taken":0,"max_hp_gain":0,"max_hp_loss":0,"event_name":"Masked Bandits","floor":19,"gold_loss":0}],"is_beta":false,"boss_relics":[{"not_picked":["Runesmith:UraniumAnvil","SacredBark"],"picked":"Astrolabe"}],"items_purged_floors":[],"is_endless":false,"potions_floor_spawned":[7,13,14,16,18,22],"killed_by":"Snake Plant","ascension_level":0}}