{"host":"v86vpwf004p2esb7","time":1613878912,"event":{"mods":["AchievementEnabler","BaseMod","BetterRewards","Colored Powertips","Minty Spire (QoL Compilation)","Quick Restart","StSLib","Transform Curses"],"gold_per_floor":[109,284,310,326,342,342,342,342],"floor_reached":7,"language":"ENG","playtime":297,"items_purged":[],"score":51,"play_id":"7c541b4a-43df-4f31-aa3c-3fa42e9c9375","local_time":"20210220194152","is_ascension_mode":true,"campfire_choices":[{"data":"Fire Breathing","floor":6,"key":"SMITH"}],"circlet_count":0,"master_deck":["Strike_R","Strike_R","Strike_R","Strike_R","Strike_R","Defend_R","Defend_R","Defend_R","Defend_R","Bash","Anger","Flex","Evolve","Fire Breathing+1","Doubt","Evolve","Feel No Pain","Pummel","Seeing Red"],"relics":["Burning Blood","Pantograph","Happy Flower","Prayer Wheel","Bag of Marbles"],"acts_visited":["Exordium"],"potions_floor_usage":[],"damage_taken":[{"damage":13,"enemies":"Jaw Worm","floor":1,"turns":4},{"damage":0,"enemies":"Small Slimes","floor":4,"turns":3},{"damage":5,"enemies":"Cultist","floor":5,"turns":4},{"damage":49,"enemies":"Lagavulin","floor":7,"turns":8}],"seed_played":"1023211548672762324","potions_obtained":[{"floor":1,"key":"PowerPotion"},{"floor":4,"key":"BloodPotion"},{"floor":5,"key":"LiquidMemories"}],"is_trial":false,"path_per_floor":["M","?","T","M","M","R","E"],"character_chosen":"IRONCLAD","items_purchased":["Pantograph","Anger","Flex","Happy Flower"],"campfire_rested":0,"item_purchase_floors":[0,0,0,0],"current_hp_per_floor":[37,37,37,43,44,44,0,0],"gold":342,"neow_bonus":"","is_daily":false,"chose_seed":false,"campfire_upgraded":1,"win_rate":0.0,"timestamp":1613878912,"path_taken":["M","?","?","M","M","R","E"],"items_purchased_type":["Relic","Card","Card","Relic"],"build_version":"2020-12-22","purchased_purges":0,"victory":false,"max_hp_per_floor":[80,80,80,80,80,80,80,80],"card_choices":[{"not_picked":["True Grit","Warcry"],"picked":"Evolve","floor":1},{"not_picked":["Rage","Iron Wave"],"picked":"Fire Breathing","floor":1},{"not_picked":["Thunderclap","Shrug It Off"],"picked":"Evolve","floor":4},{"not_picked":["Combust","Evolve"],"picked":"Feel No Pain","floor":4},{"not_picked":["Uppercut","Barricade"],"picked":"Pummel","floor":5},{"not_picked":["True Grit","Warcry"],"picked":"Seeing Red","floor":5}],"player_experience":181896,"relics_obtained":[{"floor":3,"key":"Bag of Marbles"}],"event_choices":[{"damage_healed":0,"gold_gain":175,"player_choice":"AGREE","damage_taken":0,"max_hp_gain":0,"max_hp_loss":0,"event_name":"Liars Game","floor":2,"gold_loss":0,"cards_obtained":["Doubt"]}],"is_beta":false,"boss_relics":[],"items_purged_floors":[],"is_endless":false,"potions_floor_spawned":[1,4,5],"killed_by":"Lagavulin","ascension_level":5}}