{"host":"y0i0tbisecj7yjyn","time":1613895987,"event":{"mods":["2.2 Compatiblity","AchievementEnabler","AlwaysNeverKeys","BaseMod","Better Third Choice","BetterRewards","Colored Map","Colored Powertips","Curses Come First","Disable Question Mark Monsters","Displayed Cursed Tome","Highlight Path","Keyboard Shortcuts","Minty Spire (QoL Compilation)","Quick Restart","Random Character Button","Rare Cards Sparkle","Relic Stats","Reliquary","Smile Girya","StSLib","SuperFastMode","Transform Curses","Weighted Paths"],"gold_per_floor":[115,115,128,128,151,192,192,232,284,297,318,318,337,337,337],"floor_reached":14,"language":"ENG","playtime":597,"items_purged":[],"score":122,"play_id":"556b5a32-31e2-4e77-b697-110293a15b81","local_time":"20210221022627","is_ascension_mode":true,"campfire_choices":[{"floor":7,"key":"REST"},{"floor":12,"key":"REST"}],"circlet_count":0,"master_deck":["Strike_B","Strike_B+1","Strike_B","Defend_B","Defend_B","Defend_B","Defend_B","Zap","Dualcast","Redo","Gash+1","Static Discharge","Glacier","Creative AI","Redo","Rip and Tear","Ball Lightning","White Noise"],"relics":["Cracked Core","Golden Idol","reliquary:HotPoker","Ancient Tea Set","Whetstone"],"acts_visited":["Exordium"],"potions_floor_usage":[8,10,13],"damage_taken":[{"damage":0,"enemies":"2 Louse","floor":1,"turns":2},{"damage":0,"enemies":"Small Slimes","floor":3,"turns":3},{"damage":1,"enemies":"Cultist","floor":5,"turns":3},{"damage":18,"enemies":"3 Sentries","floor":6,"turns":10},{"damage":34,"enemies":"Gremlin Nob","floor":8,"turns":6},{"damage":9,"enemies":"Exordium Thugs","floor":10,"turns":3},{"damage":18,"enemies":"Large Slime","floor":11,"turns":3},{"damage":11,"enemies":"Looter","floor":13,"turns":2},{"damage":20,"enemies":"Lagavulin","floor":14,"turns":5}],"seed_played":"-4305095613293451795","potions_obtained":[{"floor":1,"key":"Explosive Potion"},{"floor":5,"key":"Block Potion"},{"floor":8,"key":"BlessingOfTheForge"}],"is_trial":false,"path_per_floor":["M","?","M","?","M","E","R","E","T","M","M","R","M","E"],"character_chosen":"DEFECT","items_purchased":[],"campfire_rested":2,"item_purchase_floors":[],"current_hp_per_floor":[82,82,82,62,61,43,67,33,33,24,6,30,19,0,0],"gold":337,"neow_bonus":"TEN_PERCENT_HP_BONUS","is_daily":false,"chose_seed":false,"campfire_upgraded":0,"win_rate":0.0,"timestamp":1613895987,"path_taken":["M","?","M","?","M","E","R","E","T","M","M","R","M","E"],"items_purchased_type":[],"build_version":"2020-12-22","purchased_purges":0,"victory":false,"max_hp_per_floor":[82,82,82,82,82,82,82,82,82,82,82,82,82,82,82],"relic_stats":{"counters":[28,131],"Golden Idol":32,"Whetstone":["Strike_B","Gash"],"obtain_stats":[{"reliquary:HotPoker":6,"Happy Flower":13,"Golden Idol":4,"reliquary:RoseTintedGlasses":9,"Art of War":7,"reliquary:TuningFork":11,"Bag of Preparation":14,"Whetstone":9,"reliquary:WritOfMandamus":17,"Cracked Core":0,"Ancient Tea Set":8,"reliquary:SharkskinSheath":0},{"reliquary:HotPoker":23,"Happy Flower":7,"Golden Idol":21,"reliquary:RoseTintedGlasses":4,"Art of War":4,"reliquary:TuningFork":6,"Bag of Preparation":8,"Whetstone":24,"reliquary:WritOfMandamus":9,"Cracked Core":0,"Ancient Tea Set":24,"reliquary:SharkskinSheath":13},{"reliquary:HotPoker":112,"Happy Flower":27,"Golden Idol":99,"reliquary:RoseTintedGlasses":15,"Art of War":15,"reliquary:TuningFork":24,"Bag of Preparation":35,"Whetstone":118,"reliquary:WritOfMandamus":48,"Cracked Core":0,"Ancient Tea Set":118,"reliquary:SharkskinSheath":68}]},"card_choices":[{"not_picked":["Glacier","Turbo"],"picked":"Redo","floor":1},{"not_picked":["Barrage","Turbo"],"picked":"Static Discharge","floor":3},{"not_picked":["Coolheaded","Auto Shields"],"picked":"Glacier","floor":5},{"not_picked":["Barrage","Conserve Battery"],"picked":"Creative AI","floor":6},{"not_picked":["Glacier","Undo"],"picked":"Redo","floor":8},{"not_picked":["Cold Snap","Coolheaded"],"picked":"Rip and Tear","floor":10},{"not_picked":["Compile Driver","Beam Cell"],"picked":"Ball Lightning","floor":11},{"not_picked":["Turbo","Recycle"],"picked":"White Noise","floor":13}],"player_experience":491951,"relics_obtained":[{"floor":6,"key":"reliquary:HotPoker"},{"floor":8,"key":"Ancient Tea Set"},{"floor":9,"key":"Whetstone"}],"event_choices":[{"damage_healed":0,"gold_gain":0,"cards_transformed":["Strike_B"],"player_choice":"Change","damage_taken":0,"max_hp_gain":0,"max_hp_loss":0,"event_name":"Living Wall","floor":2,"gold_loss":0,"cards_obtained":["Gash"]},{"damage_healed":0,"gold_gain":0,"player_choice":"Take Damage","damage_taken":20,"relics_obtained":["Golden Idol"],"max_hp_gain":0,"max_hp_loss":0,"event_name":"Golden Idol","floor":4,"gold_loss":0}],"is_beta":false,"boss_relics":[],"items_purged_floors":[],"is_endless":false,"potions_floor_spawned":[1,5,8],"killed_by":"Lagavulin","ascension_level":4}}