{"host":"7rmsgc3rayi00cdt","time":1613906282,"event":{"mods":["BaseMod","Minty Spire (QoL Compilation)"],"gold_per_floor":[369,388,388,405,94,127,127,152,152,152,152,152,152,173,173,301,301,321,39,53,53,53,87,49,49,73,113,113,148,148,172,172,298,298,323,90,103,166,499,499,499,499,552,552,586,0,0,0,0,0,0],"floor_reached":50,"language":"ENG","playtime":1665,"items_purged":["Writhe"],"score":982,"play_id":"10b4c15c-4758-4b1e-a81e-56bd117f41c0","local_time":"20210221111802","is_ascension_mode":true,"campfire_choices":[{"floor":7,"key":"REST"},{"data":"Anger","floor":11,"key":"SMITH"},{"data":"Bash","floor":13,"key":"SMITH"},{"floor":15,"key":"REST"},{"floor":25,"key":"REST"},{"floor":28,"key":"REST"},{"data":"Demon Form","floor":30,"key":"SMITH"},{"floor":32,"key":"REST"},{"floor":41,"key":"REST"},{"floor":47,"key":"REST"},{"floor":49,"key":"REST"}],"circlet_count":0,"master_deck":["AscendersBane","Strike_R","Strike_R","Strike_R","Strike_R","Defend_R","Defend_R","Defend_R+1","Defend_R+1","Bash+1","Anger+1","Heavy Blade","Sword Boomerang","Feed","Metallicize","Demon Form+1","Pommel Strike","Dropkick","Battle Trance","Flex+1","Shrug It Off","Impervious","Shrug It Off+1","Evolve","Headbutt","Reckless Charge+1","Limit Break","Iron Wave+1","Dropkick+1","Madness","Madness","Power Through","Discovery","Finesse","Heavy Blade+1"],"relics":["Burning Blood","Potion Belt","Omamori","War Paint","Matryoshka","Anchor","Lantern","Bronze Scales","Mark of Pain","Membership Card","Bag of Preparation","Strawberry","Regal Pillow","Bottled Tornado","Juzu Bracelet","Dream Catcher","The Courier","Black Star","Pantograph","Pear","Champion Belt","Boot","StoneCalendar","Prayer Wheel","Red Mask"],"acts_visited":["Exordium","TheCity","TheBeyond"],"potions_floor_usage":[6,8,23,33,37,50,50,50,50],"damage_taken":[{"damage":16,"enemies":"Jaw Worm","floor":1,"turns":4},{"damage":10,"enemies":"Cultist","floor":2,"turns":4},{"damage":3,"enemies":"2 Louse","floor":4,"turns":4},{"damage":30,"enemies":"3 Sentries","floor":6,"turns":9},{"damage":24,"enemies":"Lagavulin","floor":8,"turns":5},{"damage":0,"enemies":"2 Fungi Beasts","floor":14,"turns":3},{"damage":47,"enemies":"Slime Boss","floor":16,"turns":12},{"damage":23,"enemies":"Spheric Guardian","floor":18,"turns":5},{"damage":0,"enemies":"Chosen","floor":20,"turns":4},{"damage":39,"enemies":"Book of Stabbing","floor":23,"turns":5},{"damage":28,"enemies":"Slavers","floor":27,"turns":7},{"damage":18,"enemies":"Book of Stabbing","floor":29,"turns":5},{"damage":18,"enemies":"Centurion and Healer","floor":31,"turns":4},{"damage":74,"enemies":"Automaton","floor":33,"turns":7},{"damage":16,"enemies":"Orb Walker","floor":35,"turns":3},{"damage":6,"enemies":"3 Darklings","floor":37,"turns":4},{"damage":47,"enemies":"Mind Bloom Boss Battle","floor":38,"turns":6},{"damage":70,"enemies":"Giant Head","floor":45,"turns":8},{"damage":114,"enemies":"Donu and Deca","floor":50,"turns":7}],"seed_played":"-5671168540799181682","potions_obtained":[{"floor":2,"key":"FearPotion"},{"floor":4,"key":"Fire Potion"},{"floor":14,"key":"EssenceOfSteel"},{"floor":23,"key":"ElixirPotion"},{"floor":29,"key":"GamblersBrew"},{"floor":33,"key":"BlessingOfTheForge"},{"floor":35,"key":"CultistPotion"},{"floor":45,"key":"Explosive Potion"}],"is_trial":false,"path_per_floor":["M","M","?","M","$","E","R","E","T","?","R","?","R","M","R","B",null,"M","$","M","?","?","E","$","R","T","E","R","E","R","M","R","B",null,"M","$","M","?","?","?","R","?","T","?","E","?","R","$","R","B"],"character_chosen":"IRONCLAD","items_purchased":["Potion Belt","Omamori","Membership Card","Bag of Preparation","Dropkick","Battle Trance","Pantograph","Pear","Fruit Juice"],"campfire_rested":8,"item_purchase_floors":[5,5,19,19,19,19,36,36,36],"current_hp_per_floor":[62,58,58,61,61,37,61,43,43,43,43,43,43,52,76,35,71,54,54,60,67,67,34,34,76,76,54,90,78,78,69,93,25,76,66,76,81,65,65,51,98,98,98,93,29,29,76,76,108,0,0],"gold":0,"neow_bonus":"TWO_FIFTY_GOLD","is_daily":false,"chose_seed":false,"campfire_upgraded":3,"win_rate":0.0,"timestamp":1613906282,"path_taken":["M","M","?","?","$","E","R","E","T","?","R","?","R","M","R","BOSS","M","$","M","?","?","E","?","R","T","E","R","E","R","M","R","BOSS","M","$","M","?","?","?","R","?","T","?","E","?","R","?","R","BOSS"],"items_purchased_type":["Relic","Relic","Relic","Relic","Card","Card","Relic","Relic","Potion"],"build_version":"2020-12-22","purchased_purges":1,"victory":false,"max_hp_per_floor":[80,80,80,80,80,80,80,80,80,80,80,80,80,83,83,83,83,83,83,83,90,90,90,90,90,90,90,90,90,90,93,93,93,93,93,103,108,108,108,108,108,108,108,108,108,108,108,108,108,108,108],"card_choices":[{"not_picked":["Uppercut","Intimidate"],"picked":"Anger","floor":1},{"not_picked":["Feel No Pain","Perfected Strike"],"picked":"Heavy Blade","floor":2},{"not_picked":["Havoc","Flex"],"picked":"Sword Boomerang","floor":4},{"not_picked":["Perfected Strike","Feel No Pain","Heavy Blade"],"picked":"SKIP","floor":6},{"not_picked":["Havoc","Twin Strike"],"picked":"Feed","floor":8},{"not_picked":["Clothesline","Perfected Strike"],"picked":"Metallicize","floor":14},{"not_picked":["Brutality","Barricade"],"picked":"Demon Form","floor":16},{"not_picked":["Sword Boomerang","Uppercut"],"picked":"Pommel Strike","floor":18},{"not_picked":["Twin Strike","Cleave"],"picked":"Flex+1","floor":20},{"not_picked":["Metallicize","Sentinel"],"picked":"Impervious","floor":23},{"not_picked":["Rage+1","Searing Blow"],"picked":"Shrug It Off+1","floor":27},{"not_picked":["Sever Soul","Entrench"],"picked":"Evolve","floor":28},{"not_picked":["Iron Wave","Body Slam"],"picked":"Headbutt","floor":29},{"not_picked":["Clash","Pommel Strike","True Grit"],"picked":"SKIP","floor":31},{"not_picked":["Body Slam","Battle Trance+1"],"picked":"Reckless Charge+1","floor":32},{"not_picked":["Immolate","Demon Form"],"picked":"Limit Break","floor":33},{"not_picked":["Anger+1","Dual Wield"],"picked":"Iron Wave+1","floor":35},{"not_picked":["Flame Barrier","Seeing Red+1"],"picked":"Dropkick+1","floor":37},{"not_picked":["Sever Soul","Body Slam"],"picked":"Power Through","floor":41},{"not_picked":["Swift Strike","Purity"],"picked":"Discovery","floor":44},{"not_picked":["Apotheosis","Violence"],"picked":"Finesse","floor":44},{"not_picked":["Dropkick+1","Clothesline+1","Clash+1"],"picked":"SKIP","floor":45},{"not_picked":["Cleave+1","Dropkick"],"picked":"Heavy Blade+1","floor":47}],"player_experience":831191,"relics_obtained":[{"floor":6,"key":"War Paint"},{"floor":8,"key":"Matryoshka"},{"floor":9,"key":"Anchor"},{"floor":9,"key":"Lantern"},{"floor":23,"key":"Regal Pillow"},{"floor":26,"key":"Bottled Tornado"},{"floor":26,"key":"Juzu Bracelet"},{"floor":27,"key":"Dream Catcher"},{"floor":29,"key":"The Courier"},{"floor":38,"key":"Champion Belt"},{"floor":43,"key":"Boot"},{"floor":45,"key":"StoneCalendar"},{"floor":45,"key":"Prayer Wheel"}],"event_choices":[{"cards_removed":["Shame"],"damage_healed":0,"gold_gain":0,"player_choice":"Removed Curses","damage_taken":0,"max_hp_gain":0,"max_hp_loss":0,"event_name":"Fountain of Cleansing","floor":3,"gold_loss":0},{"damage_healed":0,"gold_gain":0,"player_choice":"Box","damage_taken":0,"relics_obtained":["Bronze Scales"],"max_hp_gain":0,"max_hp_loss":0,"event_name":"Big Fish","floor":10,"gold_loss":0,"cards_obtained":["Regret"]},{"damage_healed":0,"gold_gain":0,"player_choice":"Take Wound","damage_taken":0,"relics_obtained":["Golden Idol"],"max_hp_gain":0,"max_hp_loss":0,"event_name":"Golden Idol","floor":12,"gold_loss":0,"cards_obtained":["Injury"]},{"damage_healed":0,"gold_gain":0,"player_choice":"Opened","damage_taken":0,"relics_obtained":["Strawberry"],"max_hp_gain":0,"max_hp_loss":0,"event_name":"The Mausoleum","floor":21,"gold_loss":0,"cards_obtained":["Writhe"]},{"damage_healed":0,"gold_gain":0,"player_choice":"Read","damage_taken":0,"max_hp_gain":0,"max_hp_loss":0,"event_name":"The Library","floor":22,"gold_loss":0,"cards_obtained":["Shrug It Off"]},{"damage_healed":0,"gold_gain":0,"player_choice":"Fight","damage_taken":0,"max_hp_gain":0,"max_hp_loss":0,"event_name":"MindBloom","floor":38,"gold_loss":0},{"damage_healed":0,"gold_gain":333,"player_choice":"Gave Idol","damage_taken":0,"max_hp_gain":0,"max_hp_loss":0,"event_name":"The Moai Head","floor":39,"relics_lost":["Golden Idol"],"gold_loss":0},{"damage_healed":0,"gold_gain":0,"player_choice":"Embrace Madness","damage_taken":14,"max_hp_gain":0,"max_hp_loss":0,"event_name":"Winding Halls","floor":40,"gold_loss":0,"cards_obtained":["Madness","Madness"]},{"cards_removed":["Strike_R"],"damage_healed":0,"gold_gain":0,"player_choice":"Removed Attack","damage_taken":0,"max_hp_gain":0,"max_hp_loss":0,"event_name":"Falling","floor":42,"gold_loss":0},{"damage_healed":0,"gold_gain":0,"player_choice":"Memory 2","damage_taken":5,"max_hp_gain":0,"max_hp_loss":0,"event_name":"SensoryStone","floor":44,"gold_loss":0},{"damage_healed":0,"gold_gain":0,"player_choice":"Paid","damage_taken":0,"relics_obtained":["Red Mask"],"max_hp_gain":0,"max_hp_loss":0,"event_name":"Tomb of Lord Red Mask","floor":46,"gold_loss":586}],"is_beta":false,"boss_relics":[{"not_picked":["Fusion Hammer","Sozu"],"picked":"Mark of Pain"},{"not_picked":["Tiny House","SacredBark"],"picked":"Black Star"}],"items_purged_floors":[24],"is_endless":false,"potions_floor_spawned":[2,4,14,23,29,33,35,45],"killed_by":"Donu and Deca","ascension_level":11}}