{"host":"cr9rpoy6dx9riis3","time":1613933977,"event":{"mods":["AchievementEnabler","BaseMod","Better Altar","Better Note","Better Sensory Stone","Better Skull","Better Third Choice","Better-Laid Plans","BetterRewards","Block Reminder","Curses Come First","Displayed Cursed Tome","Emptier Cage","Marked Mod","Minty Spire (QoL Compilation)","Permanent Neow","Relic Sorter","StSLib","The Blue Laboratory","Transform Curses"],"gold_per_floor":[111,122,134,150,167,167,183,183,183,214,234,247,247,247,247,343,343,356,375,395,412,412,412,10,10,10,10,10,42,42,71,71,71,71],"floor_reached":33,"language":"ENG","playtime":1557,"items_purged":["Defend_G","Strike_G"],"score":486,"play_id":"90543096-7440-4de1-bc94-dc2f121ea0f1","local_time":"20210221195937","is_ascension_mode":true,"campfire_choices":[{"data":"Eviscerate","floor":6,"key":"SMITH"},{"data":"Unload","floor":8,"key":"SMITH"},{"data":"Survivor","floor":13,"key":"SMITH"},{"data":"All Out Attack","floor":15,"key":"SMITH"},{"floor":23,"key":"REST"},{"data":"Masterful Stab","floor":25,"key":"SMITH"},{"data":"Unload","floor":28,"key":"SMITH"},{"data":"Unload","floor":32,"key":"SMITH"}],"circlet_count":0,"master_deck":["Strike_G","Defend_G","Defend_G","Defend_G","Survivor+1","Neutralize","Unload+1","Deflect","Eviscerate+1","Underhanded Strike","Backflip","All Out Attack+1","Unload+1","Unload+1","Masterful Stab+1","Reflex","Unload"],"relics":["Ring of the Snake","Question Card","Lee\u0027s Waffle","Bottled Lightning"],"acts_visited":["Exordium","TheCity"],"potions_floor_usage":[3,3,16,20,31],"damage_taken":[{"damage":0,"enemies":"Cultist","floor":1,"turns":4},{"damage":0,"enemies":"2 Louse","floor":2,"turns":2},{"damage":0,"enemies":"Small Slimes","floor":3,"turns":1},{"damage":3,"enemies":"3 Louse","floor":4,"turns":4},{"damage":5,"enemies":"Red Slaver","floor":5,"turns":3},{"damage":9,"enemies":"2 Fungi Beasts","floor":7,"turns":3},{"damage":24,"enemies":"Gremlin Nob","floor":10,"turns":4},{"damage":0,"enemies":"Looter","floor":11,"turns":2},{"damage":0,"enemies":"Large Slime","floor":12,"turns":4},{"damage":7,"enemies":"Slime Boss","floor":16,"turns":5},{"damage":11,"enemies":"2 Thieves","floor":18,"turns":4},{"damage":3,"enemies":"3 Byrds","floor":19,"turns":4},{"damage":10,"enemies":"3 Cultists","floor":20,"turns":5},{"damage":25,"enemies":"Cultist and Chosen","floor":21,"turns":6},{"damage":12,"enemies":"Gremlin Leader","floor":29,"turns":7},{"damage":10,"enemies":"Masked Bandits","floor":31,"turns":3},{"damage":86,"enemies":"Collector","floor":33,"turns":7}],"seed_played":"-3839620630359591522","potions_obtained":[{"floor":2,"key":"LiquidMemories"},{"floor":10,"key":"blueLaboratory:AbyssPotion"},{"floor":11,"key":"blueLaboratory:BottleOfRum"},{"floor":18,"key":"DuplicationPotion"},{"floor":21,"key":"blueLaboratory:EmptyBottle"}],"is_trial":false,"path_per_floor":["M","M","M","M","M","R","M","R","T","E","M","M","R","?","R","B",null,"M","M","M","M","?","R","$","R","T","?","R","E","?","?","R","B"],"character_chosen":"THE_SILENT","items_purchased":["Unload","blueLaboratory:FruitPunch","Deflect","Lee\u0027s Waffle","Unload","Masterful Stab"],"campfire_rested":1,"item_purchase_floors":[0,0,0,24,24,24],"current_hp_per_floor":[60,60,62,59,54,54,45,45,45,21,21,21,21,21,21,14,58,47,44,34,9,9,30,79,79,79,79,79,67,67,57,57,0,0],"gold":71,"neow_bonus":"","is_daily":false,"chose_seed":false,"campfire_upgraded":7,"win_rate":0.0,"timestamp":1613933977,"path_taken":["M","?","M","M","M","R","M","R","T","E","?","M","R","?","R","BOSS","M","M","M","M","?","R","$","R","T","?","R","E","?","?","R","BOSS"],"items_purchased_type":["Card","Potion","Card","Relic","Card","Card"],"build_version":"2020-12-22","purchased_purges":2,"victory":false,"max_hp_per_floor":[70,70,72,72,72,72,72,72,72,72,72,72,72,72,72,72,72,72,72,72,72,72,72,79,79,79,79,79,79,79,79,79,79,79],"card_choices":[{"not_picked":["Cloak And Dagger","Prepared"],"picked":"Eviscerate","floor":1},{"not_picked":["Bouncing Flask","Outmaneuver"],"picked":"Underhanded Strike","floor":2},{"not_picked":["Bane","Endless Agony","Blade Dance"],"picked":"SKIP","floor":3},{"not_picked":["Slice","Bullet Time","Dagger Spray"],"picked":"SKIP","floor":4},{"not_picked":["Sucker Punch","Endless Agony","Setup"],"picked":"SKIP","floor":5},{"not_picked":["Prepared","Flying Knee"],"picked":"Backflip","floor":7},{"not_picked":["Cloak And Dagger","Acrobatics"],"picked":"All Out Attack","floor":10},{"not_picked":["Bane","PiercingWail","Dagger Spray"],"picked":"SKIP","floor":11},{"not_picked":["Dagger Throw","Predator","Calculated Gamble"],"picked":"SKIP","floor":12},{"not_picked":["Malaise","A Thousand Cuts"],"picked":"Unload","floor":16},{"not_picked":["Blur","Blade Dance+1","Accuracy+1"],"picked":"SKIP","floor":18},{"not_picked":["Underhanded Strike","Quick Slash","Noxious Fumes"],"picked":"SKIP","floor":19},{"not_picked":["Deadly Poison","Concentrate","Bouncing Flask"],"picked":"SKIP","floor":20},{"not_picked":["Acrobatics","Cloak And Dagger","Underhanded Strike"],"picked":"SKIP","floor":21},{"not_picked":["Endless Agony","Underhanded Strike","Prepared"],"picked":"SKIP","floor":29},{"not_picked":["Caltrops","Reflex+1","PiercingWail+1"],"picked":"Unload","floor":31}],"player_experience":766087,"relics_obtained":[{"floor":9,"key":"Paper Crane"},{"floor":26,"key":"Bottled Lightning"},{"floor":29,"key":"Question Card"}],"event_choices":[{"cards_removed":["Strike_G"],"damage_healed":0,"gold_gain":0,"player_choice":"Forget","damage_taken":0,"max_hp_gain":0,"max_hp_loss":0,"event_name":"Living Wall","floor":14,"gold_loss":0},{"damage_healed":0,"gold_gain":0,"player_choice":"Ignored","damage_taken":0,"max_hp_gain":0,"max_hp_loss":0,"event_name":"WeMeetAgain","floor":22,"gold_loss":0},{"damage_healed":0,"gold_gain":0,"player_choice":"Ignored","damage_taken":0,"max_hp_gain":0,"max_hp_loss":0,"event_name":"betterNote:BetterNote","floor":27,"gold_loss":0,"cards_obtained":["Sadistic Nature"]},{"damage_healed":0,"gold_gain":0,"player_choice":"Read","damage_taken":0,"max_hp_gain":0,"max_hp_loss":0,"event_name":"The Library","floor":30,"gold_loss":0,"cards_obtained":["Reflex"]},{"damage_healed":0,"gold_gain":0,"player_choice":"Fought Bandits","damage_taken":0,"max_hp_gain":0,"max_hp_loss":0,"event_name":"Masked Bandits","floor":31,"gold_loss":0}],"is_beta":false,"boss_relics":[{"not_picked":["Black Star","SlaversCollar"],"picked":"Empty Cage"}],"items_purged_floors":[0,24],"is_endless":false,"potions_floor_spawned":[2,10,11,18,21],"killed_by":"Collector","ascension_level":5}}