{"host":"1p8eqzpvl5sxeu5t","time":1613914172,"event":{"mods":["Act Like it!","BaseMod","Bestiary","Block Reminder","Colored Map","Colored Powertips","Curses Come First","Dark Map","Highlight Path","Minty Spire (QoL Compilation)","Relic Stats","Ruina","StSLib","everything is the same but u backflip on backflip","slay the spire mod where everything is the same but ironclad has a cowboy hat"],"gold_per_floor":[118,134,147,19,36,63,63,63,90,117,130,144,144,144,144,241,241,251,265,290,300,311,311,311,311],"floor_reached":24,"language":"ENG","playtime":892,"items_purged":[],"score":221,"play_id":"70a8d323-3db3-4d50-a9a7-fb212d2fbd6e","local_time":"20210221212932","is_ascension_mode":true,"campfire_choices":[{"data":"True Grit","floor":7,"key":"SMITH"},{"data":"Bash","floor":13,"key":"SMITH"},{"data":"Disarm","floor":15,"key":"SMITH"},{"floor":23,"key":"REST"}],"circlet_count":0,"master_deck":["Strike_R","Strike_R","Strike_R","Defend_R","Defend_R","Defend_R","Defend_R","Bash+1","Whirlwind+1","True Grit+1","Flex","Battle Trance","Disarm+1","Entrench","Limit Break","Shrug It Off+1"],"relics":["Burning Blood","Vajra","Centennial Puzzle","Anchor","Black Star","Bronze Scales"],"acts_visited":["Exordium","ruina:Briah"],"potions_floor_usage":[5,6,6,16,21,24],"damage_taken":[{"damage":6,"enemies":"Cultist","floor":1,"turns":3},{"damage":2,"enemies":"Small Slimes","floor":2,"turns":4},{"damage":1,"enemies":"Jaw Worm","floor":3,"turns":3},{"damage":19,"enemies":"Large Slime","floor":5,"turns":7},{"damage":16,"enemies":"3 Sentries","floor":6,"turns":4},{"damage":27,"enemies":"Lagavulin","floor":10,"turns":6},{"damage":3,"enemies":"Red Slaver","floor":11,"turns":2},{"damage":0,"enemies":"3 Louse","floor":12,"turns":1},{"damage":23,"enemies":"Hexaghost","floor":16,"turns":9},{"damage":33,"enemies":"ruina:Nosferatu","floor":18,"turns":4},{"damage":12,"enemies":"ruina:2_Scarecrows","floor":19,"turns":5},{"damage":21,"enemies":"ruina:KnightOfDespair","floor":21,"turns":5},{"damage":4,"enemies":"ruina:QueenOfHate","floor":22,"turns":5},{"damage":67,"enemies":"ruina:Mountain","floor":24,"turns":3}],"seed_played":"-1539494597213643967","potions_obtained":[{"floor":3,"key":"SkillPotion"},{"floor":5,"key":"EssenceOfSteel"},{"floor":10,"key":"ElixirPotion"},{"floor":12,"key":"Fire Potion"},{"floor":16,"key":"SpeedPotion"},{"floor":22,"key":"DuplicationPotion"}],"is_trial":false,"path_per_floor":["M","M","M","$","M","E","R","?","T","E","M","M","R","?","R","B",null,"M","M","T","M","M","R","E"],"character_chosen":"IRONCLAD","items_purchased":["True Grit","Flex","Block Potion"],"campfire_rested":1,"item_purchase_floors":[4,4,4],"current_hp_per_floor":[80,80,80,80,67,57,57,57,57,36,39,45,45,45,45,28,80,53,47,47,32,34,58,0,0],"gold":311,"neow_bonus":"REMOVE_CARD","is_daily":false,"chose_seed":false,"campfire_upgraded":3,"win_rate":0.0,"timestamp":1613914172,"path_taken":["M","?","M","$","M","E","R","?","T","E","M","M","R","?","R","BOSS","M","M","?","M","M","R","E"],"items_purchased_type":["Card","Card","Potion"],"build_version":"2020-12-22","purchased_purges":0,"victory":false,"max_hp_per_floor":[80,80,80,80,80,80,80,80,80,80,80,80,80,80,80,80,80,80,80,80,80,80,80,80,80],"relic_stats":{"Centennial Puzzle":[24],"counters":[14,61],"Bronze Scales":[36],"Black Star":0,"obtain_stats":[{"Frozen Eye":19,"Centennial Puzzle":9,"Anchor":10,"Bronze Scales":20,"Vajra":6,"Black Star":17,"Burning Blood":0},{"Frozen Eye":10,"Centennial Puzzle":5,"Anchor":6,"Bronze Scales":11,"Vajra":5,"Black Star":9,"Burning Blood":0},{"Frozen Eye":43,"Centennial Puzzle":21,"Anchor":27,"Bronze Scales":48,"Vajra":21,"Black Star":39,"Burning Blood":0}],"Burning Blood":69},"card_choices":[{"not_picked":["Twin Strike","Second Wind","Infernal Blade"],"picked":"SKIP","floor":1},{"not_picked":["Pommel Strike","Iron Wave"],"picked":"Whirlwind","floor":2},{"not_picked":["Perfected Strike","Warcry","Body Slam"],"picked":"SKIP","floor":3},{"not_picked":["Perfected Strike","Twin Strike","Power Through"],"picked":"SKIP","floor":5},{"not_picked":["Pommel Strike","Iron Wave"],"picked":"Battle Trance","floor":6},{"not_picked":["Heavy Blade","Second Wind","True Grit"],"picked":"SKIP","floor":10},{"not_picked":["Headbutt","True Grit","Body Slam"],"picked":"SKIP","floor":11},{"not_picked":["Headbutt","True Grit","Body Slam"],"picked":"SKIP","floor":11},{"not_picked":["Perfected Strike","Twin Strike"],"picked":"Disarm","floor":12},{"not_picked":["Immolate","Berserk"],"picked":"Limit Break","floor":16},{"not_picked":["Headbutt+1","Reckless Charge","Twin Strike"],"picked":"SKIP","floor":18},{"not_picked":["Headbutt+1","Wild Strike+1"],"picked":"Shrug It Off+1","floor":19},{"not_picked":["Flex","Pommel Strike","Second Wind"],"picked":"SKIP","floor":21},{"not_picked":["Wild Strike+1","Pummel","Armaments"],"picked":"SKIP","floor":22}],"player_experience":785124,"relics_obtained":[{"floor":6,"key":"Vajra"},{"floor":9,"key":"Centennial Puzzle"},{"floor":10,"key":"Anchor"},{"floor":20,"key":"Bronze Scales"}],"event_choices":[{"damage_healed":0,"gold_gain":0,"player_choice":"Grow","damage_taken":0,"max_hp_gain":0,"max_hp_loss":0,"event_name":"Living Wall","floor":8,"gold_loss":0,"cards_upgraded":["Whirlwind"]},{"damage_healed":0,"gold_gain":0,"cards_transformed":["Strike_R"],"player_choice":"Transformed","damage_taken":0,"max_hp_gain":0,"max_hp_loss":0,"event_name":"Transmorgrifier","floor":14,"gold_loss":0,"cards_obtained":["Entrench"]}],"is_beta":false,"boss_relics":[{"not_picked":["Tiny House","Fusion Hammer"],"picked":"Black Star"}],"items_purged_floors":[],"is_endless":false,"potions_floor_spawned":[3,5,10,12,16,22],"killed_by":"ruina:Mountain","ascension_level":1}}