{"host":"7sni158j623xchr2","time":1613949727,"event":{"mods":["BaseMod","Colored Map","Highlight Path","Minty Spire (QoL Compilation)","Permanent Neow","Potion Indicator Mod","Rare Cards Sparkle","Relic Sorter","Relic Stats","StSLib","everything is the same but u backflip on backflip"],"gold_per_floor":[18,18,18,39,54,85,85,105,105,138,138,138,158,191,191,320,320,320,260,35,35,35,35,35,35,35,35,35,35,35,35,35,35,35,35,35,35,35,35,35,35,35,35,35,13,13,13,13,13,13,13,13,13,13,13,13],"floor_reached":55,"language":"ENG","playtime":1773,"items_purged":["Strike_G"],"score":815,"play_id":"05ca25a6-91b4-4237-9927-51af0cce206a","local_time":"20210221172207","is_ascension_mode":true,"campfire_choices":[{"data":"Crippling Poison","floor":7,"key":"SMITH"},{"data":"Terror","floor":11,"key":"SMITH"},{"data":"Glass Knife","floor":15,"key":"SMITH"},{"data":"Dash","floor":23,"key":"SMITH"},{"data":"Defend_G","floor":25,"key":"PURGE"},{"data":"Deflect","floor":32,"key":"PURGE"},{"data":"Strike_G+1","floor":40,"key":"PURGE"},{"data":"Wraith Form v2","floor":44,"key":"SMITH"},{"floor":49,"key":"RECALL"},{"data":"Sucker Punch","floor":52,"key":"SMITH"}],"circlet_count":0,"master_deck":["Strike_G+1","Strike_G+1","Strike_G+1","Defend_G+1","Defend_G+1","Defend_G+1","Defend_G+1","Survivor","Neutralize","Sucker Punch+1","Crippling Poison+1","Terror+1","PiercingWail+1","Phantasmal Killer+1","Glass Knife+1","Corpse Explosion+1","Dash+1","Acrobatics+1","Deadly Poison+1","Dodge and Roll+1","Deflect+1","Wraith Form v2+1","Outmaneuver+1","Flying Knee","Doppelganger+1","Crippling Poison+1","Caltrops+1"],"relics":["Ring of the Snake","Ice Cream","Golden Idol","Tiny Chest","Bronze Scales","Toxic Egg 2","Blue Candle","Peace Pipe","Ectoplasm","Toy Ornithopter","MealTicket","StoneCalendar","Pear","Vajra","Nunchaku","Snecko Eye","Prayer Wheel","White Beast Statue","Lizard Tail","CaptainsWheel","Shuriken","Turnip"],"acts_visited":["Exordium","TheCity","TheBeyond","TheEnding"],"potions_floor_usage":[6,16,24,48,50,50,50,55],"damage_taken":[{"damage":3,"enemies":"Jaw Worm","floor":1,"turns":7},{"damage":0,"enemies":"Small Slimes","floor":4,"turns":2},{"damage":1,"enemies":"Cultist","floor":5,"turns":4},{"damage":32,"enemies":"3 Sentries","floor":6,"turns":20},{"damage":1,"enemies":"Blue Slaver","floor":8,"turns":4},{"damage":4,"enemies":"Lagavulin","floor":10,"turns":6},{"damage":0,"enemies":"Looter","floor":13,"turns":3},{"damage":7,"enemies":"3 Sentries","floor":14,"turns":7},{"damage":18,"enemies":"The Guardian","floor":16,"turns":7},{"damage":2,"enemies":"3 Byrds","floor":18,"turns":2},{"damage":5,"enemies":"2 Thieves","floor":19,"turns":3},{"damage":0,"enemies":"Gremlin Leader","floor":24,"turns":4},{"damage":0,"enemies":"Shelled Parasite and Fungi","floor":28,"turns":4},{"damage":0,"enemies":"Snecko","floor":29,"turns":3},{"damage":1,"enemies":"Slavers","floor":30,"turns":2},{"damage":15,"enemies":"Snake Plant","floor":31,"turns":4},{"damage":28,"enemies":"Collector","floor":33,"turns":7},{"damage":0,"enemies":"3 Shapes","floor":35,"turns":2},{"damage":0,"enemies":"Orb Walker","floor":39,"turns":3},{"damage":2,"enemies":"Sphere and 2 Shapes","floor":41,"turns":4},{"damage":14,"enemies":"Mind Bloom Boss Battle","floor":42,"turns":4},{"damage":14,"enemies":"2 Orb Walkers","floor":46,"turns":2},{"damage":12,"enemies":"Nemesis","floor":48,"turns":7},{"damage":111,"enemies":"Time Eater","floor":50,"turns":12},{"damage":0,"enemies":"Shield and Spear","floor":54,"turns":4},{"damage":83,"enemies":"The Heart","floor":55,"turns":9}],"seed_played":"2769719216385612710","potions_obtained":[{"floor":5,"key":"SteroidPotion"},{"floor":13,"key":"SteroidPotion"},{"floor":14,"key":"Poison Potion"},{"floor":18,"key":"CunningPotion"},{"floor":19,"key":"Fruit Juice"},{"floor":31,"key":"PowerPotion"},{"floor":48,"key":"Strength Potion"},{"floor":54,"key":"CunningPotion"}],"is_trial":false,"path_per_floor":["M","$","?","M","M","E","R","M","T","E","R","?","M","E","R","B",null,"M","M","$","?","T","R","E","R","T","?","M","M","E","M","R","B",null,"M","$","?","T","M","R","M","?","T","R","$","?","T","E","R","B",null,"R","$","E","B"],"character_chosen":"THE_SILENT","items_purchased":["Toy Ornithopter","Flying Knee"],"campfire_rested":0,"item_purchase_floors":[20,45],"current_hp_per_floor":[67,67,65,65,64,32,32,31,31,27,27,27,27,20,20,2,65,63,58,58,58,58,58,73,73,73,73,73,73,72,57,57,29,75,75,75,75,75,75,75,73,59,59,59,74,60,60,58,58,19,80,80,80,80,0,0],"gold":13,"neow_bonus":"ONE_RARE_RELIC","is_daily":false,"chose_seed":false,"campfire_upgraded":6,"win_rate":0.0,"timestamp":1613949727,"path_taken":["M","$","?","M","M","E","R","M","T","E","R","?","M","E","R","BOSS","M","?","$","?","?","R","E","R","T","?","M","M","E","?","R","BOSS","M","$","?","?","M","R","?","?","T","R","$","?","?","E","R","BOSS","R","$","E","BOSS"],"items_purchased_type":["Relic","Card"],"build_version":"2020-12-22","purchased_purges":1,"victory":false,"max_hp_per_floor":[70,70,65,65,65,65,65,65,65,65,65,65,65,65,65,65,65,65,65,65,65,65,65,75,75,75,75,75,75,75,75,75,75,75,75,75,75,75,75,75,75,75,75,75,75,75,75,80,80,80,80,80,80,80,80,80],"relic_stats":{"counters":[26,136],"Golden Idol":198,"Blue Candle":[0],"StoneCalendar":[132],"Peace Pipe":3,"Nunchaku":[9],"Lizard Tail":40,"Shuriken":[7],"Bronze Scales":[407],"Snecko Eye":[91,81,92,84],"Tiny Chest":3,"MealTicket":15,"Prayer Wheel":0,"Ectoplasm":781,"Turnip":[2],"obtain_stats":[{"Ice Cream":0,"Pear":24,"Golden Idol":3,"Blue Candle":12,"Vajra":26,"StoneCalendar":22,"White Beast Statue":43,"Peace Pipe":14,"Nunchaku":30,"Lizard Tail":46,"CaptainsWheel":47,"Shuriken":48,"Bronze Scales":9,"Snecko Eye":34,"Tiny Chest":6,"MealTicket":21,"Prayer Wheel":42,"Ectoplasm":17,"Turnip":54,"Toxic Egg 2":10,"Toy Ornithopter":20,"Ring of the Snake":0},{"Ice Cream":0,"Pear":12,"Golden Idol":1,"Blue Candle":6,"Vajra":12,"StoneCalendar":11,"White Beast Statue":21,"Peace Pipe":8,"Nunchaku":15,"Lizard Tail":22,"CaptainsWheel":22,"Shuriken":23,"Bronze Scales":5,"Snecko Eye":17,"Tiny Chest":4,"MealTicket":11,"Prayer Wheel":21,"Ectoplasm":9,"Turnip":25,"Toxic Egg 2":6,"Toy Ornithopter":11,"Ring of the Snake":0},{"Ice Cream":0,"Pear":69,"Golden Idol":7,"Blue Candle":43,"Vajra":69,"StoneCalendar":65,"White Beast Statue":102,"Peace Pipe":53,"Nunchaku":78,"Lizard Tail":104,"CaptainsWheel":104,"Shuriken":111,"Bronze Scales":37,"Snecko Eye":89,"Tiny Chest":33,"MealTicket":65,"Prayer Wheel":102,"Ectoplasm":60,"Turnip":127,"Toxic Egg 2":43,"Toy Ornithopter":65,"Ring of the Snake":0}],"Toy Ornithopter":28,"Ring of the Snake":[52]},"card_choices":[{"not_picked":["Acrobatics","Endless Agony"],"picked":"Sucker Punch","floor":1},{"not_picked":["Bane","Acrobatics"],"picked":"Crippling Poison","floor":4},{"not_picked":["Prepared","Finisher"],"picked":"Deflect","floor":5},{"not_picked":["Slice","Finisher"],"picked":"Terror","floor":6},{"not_picked":["Finisher","Underhanded Strike"],"picked":"Blade Dance","floor":8},{"not_picked":["Deflect+1","Sucker Punch"],"picked":"PiercingWail+1","floor":10},{"not_picked":["Outmaneuver+1","Underhanded Strike"],"picked":"Phantasmal Killer+1","floor":13},{"not_picked":["PiercingWail+1","Poisoned Stab"],"picked":"Glass Knife","floor":14},{"not_picked":["Unload","Burst+1"],"picked":"Corpse Explosion+1","floor":16},{"not_picked":["Predator+1","Footwork"],"picked":"Dash","floor":18},{"not_picked":["Dagger Spray","Slice","Riddle With Holes"],"picked":"SKIP","floor":19},{"not_picked":["Endless Agony+1","Calculated Gamble+1"],"picked":"Acrobatics+1","floor":24},{"not_picked":["Dagger Throw","Bane"],"picked":"Deadly Poison+1","floor":28},{"not_picked":["Backflip+1","Quick Slash"],"picked":"Dodge and Roll+1","floor":29},{"not_picked":["Blade Dance+1","Slice"],"picked":"Deflect+1","floor":30},{"not_picked":["Slice+1","Tactician+1","Dash"],"picked":"SKIP","floor":31},{"not_picked":["Night Terror+1","Die Die Die"],"picked":"Wraith Form v2","floor":33},{"not_picked":["Flying Knee","Poisoned Stab+1","Acrobatics+1"],"picked":"SKIP","floor":35},{"not_picked":["Blade Dance+1","Flying Knee+1"],"picked":"Outmaneuver+1","floor":39},{"not_picked":["Dodge and Roll+1","Underhanded Strike","Dagger Throw"],"picked":"SKIP","floor":41},{"not_picked":["Eviscerate+1","Expertise+1"],"picked":"Doppelganger+1","floor":46},{"not_picked":["Accuracy","Distraction+1"],"picked":"Crippling Poison+1","floor":48},{"not_picked":["Dodge and Roll+1","Sucker Punch"],"picked":"Caltrops+1","floor":54}],"player_experience":1831624,"relics_obtained":[{"floor":6,"key":"Tiny Chest"},{"floor":9,"key":"Bronze Scales"},{"floor":10,"key":"Toxic Egg 2"},{"floor":14,"key":"Peace Pipe"},{"floor":22,"key":"StoneCalendar"},{"floor":24,"key":"Pear"},{"floor":26,"key":"Vajra"},{"floor":30,"key":"Nunchaku"},{"floor":42,"key":"Prayer Wheel"},{"floor":43,"key":"White Beast Statue"},{"floor":46,"key":"Lizard Tail"},{"floor":47,"key":"CaptainsWheel"},{"floor":48,"key":"Shuriken"},{"floor":54,"key":"Turnip"}],"event_choices":[{"damage_healed":0,"gold_gain":0,"player_choice":"Lose Max HP","damage_taken":0,"relics_obtained":["Golden Idol"],"max_hp_gain":0,"max_hp_loss":5,"event_name":"Golden Idol","floor":3,"gold_loss":0},{"cards_removed":["Blade Dance"],"damage_healed":0,"gold_gain":0,"player_choice":"Gave Card","damage_taken":0,"relics_obtained":["Blue Candle"],"max_hp_gain":0,"max_hp_loss":0,"event_name":"WeMeetAgain","floor":12,"gold_loss":0},{"damage_healed":0,"gold_gain":0,"player_choice":"Opened","damage_taken":0,"relics_obtained":["MealTicket"],"max_hp_gain":0,"max_hp_loss":0,"event_name":"The Mausoleum","floor":21,"gold_loss":0},{"damage_healed":0,"gold_gain":0,"player_choice":"Simplicity","damage_taken":0,"max_hp_gain":0,"max_hp_loss":0,"event_name":"Back to Basics","floor":27,"gold_loss":0,"cards_upgraded":["Strike_G","Strike_G","Strike_G","Strike_G","Defend_G","Defend_G","Defend_G","Defend_G"]},{"damage_healed":0,"gold_gain":0,"player_choice":"Ignored","damage_taken":0,"max_hp_gain":0,"max_hp_loss":0,"event_name":"NoteForYourself","floor":37,"gold_loss":0},{"damage_healed":0,"gold_gain":0,"player_choice":"Fight","damage_taken":0,"max_hp_gain":0,"max_hp_loss":0,"event_name":"MindBloom","floor":42,"gold_loss":0},{"damage_healed":0,"gold_gain":0,"player_choice":"Fight","damage_taken":0,"max_hp_gain":0,"max_hp_loss":0,"event_name":"Mysterious Sphere","floor":46,"gold_loss":0}],"is_beta":false,"boss_relics":[{"not_picked":["Runic Dome","Astrolabe"],"picked":"Ectoplasm"},{"not_picked":["Runic Pyramid","Philosopher\u0027s Stone"],"picked":"Snecko Eye"}],"items_purged_floors":[20],"is_endless":false,"potions_floor_spawned":[5,13,14,18,19,31,35,46,48,54],"killed_by":"The Heart","ascension_level":1}}