{"host":"7hgb9mjb8q1kiawz","time":1613934135,"event":{"mods":["BaseMod","Better Third Choice","Colored Map","Downfall","Marisa????????","Minty Spire (QoL Compilation)","Replay The Spire","StSLib","The Cursed","The Disciple","The Servant 0.9.4"],"gold_per_floor":[112,112,112,131,131,131,131],"floor_reached":6,"language":"ENG","playtime":212,"items_purged":[],"score":66,"play_id":"4e4e34a7-29fa-4264-bc2e-003b26cd1a02","local_time":"20210221200215","is_ascension_mode":true,"campfire_choices":[],"circlet_count":0,"master_deck":["AscendersBane","Strike_G","Strike_G","Strike_G","Strike_G","Defend_G","Defend_G","Defend_G","Defend_G","Defend_G","Survivor","Neutralize","Masterful Stab","Escape Plan"],"relics":["Ring of the Snake","Oddly Smooth Stone"],"acts_visited":["Exordium"],"potions_floor_usage":[6],"damage_taken":[{"damage":0,"enemies":"Jaw Worm","floor":1,"turns":7},{"damage":5,"enemies":"Cultist","floor":4,"turns":4},{"damage":67,"enemies":"Gremlin Nob","floor":6,"turns":6}],"seed_played":"-4188064379032074888","potions_obtained":[{"floor":1,"key":"Block Potion"}],"is_trial":false,"path_per_floor":["M","?","?","M","?","E"],"character_chosen":"THE_SILENT","items_purchased":[],"campfire_rested":0,"item_purchase_floors":[],"current_hp_per_floor":[59,59,59,54,47,0,0],"gold":131,"neow_bonus":"RANDOM_COMMON_RELIC","is_daily":false,"chose_seed":false,"campfire_upgraded":0,"win_rate":0.0,"timestamp":1613934135,"path_taken":["M","?","?","?","?","E"],"items_purchased_type":[],"build_version":"2020-12-22","purchased_purges":0,"victory":false,"max_hp_per_floor":[66,66,66,66,66,66,66],"card_choices":[{"not_picked":["Acrobatics","Dodge and Roll"],"picked":"Masterful Stab","floor":1},{"not_picked":["Cloak And Dagger","Dagger Throw"],"picked":"Escape Plan","floor":4}],"player_experience":898293,"relics_obtained":[],"event_choices":[{"damage_healed":59,"gold_gain":0,"player_choice":"Embrace Burn","damage_taken":0,"max_hp_gain":0,"max_hp_loss":66,"event_name":"betterThird:BetterShining","floor":2,"gold_loss":0},{"cards_removed":["Burn"],"damage_healed":0,"gold_gain":0,"player_choice":"Purged","damage_taken":0,"max_hp_gain":0,"max_hp_loss":0,"event_name":"Purifier","floor":3,"gold_loss":0},{"cards_removed":["Strike_G"],"damage_healed":0,"gold_gain":0,"player_choice":"Card Removal","damage_taken":7,"max_hp_gain":0,"max_hp_loss":0,"event_name":"Golden Wing","floor":5,"gold_loss":0}],"is_beta":false,"boss_relics":[],"items_purged_floors":[],"is_endless":false,"potions_floor_spawned":[1],"killed_by":"Gremlin Nob","ascension_level":19}}