{"host":"nhhqxetgwwd7qseb","time":1613896159,"event":{"mods":["ATMod(阿瑾Mod)","Act Like it!","BaseMod","Chen","Dota2Spire","Downfall","Energized Spire","Gensokyo","Gremlin Mod","GungeonMod","Hallownest","Hermit","Koishi","LagranYue(拉格朗・月)","Marisa（F雨　魔理沙）","Minty Spire (QoL Compilation)","Quick Restart","Rare Cards Sparkle","Reimu（博丽灵梦）","Remilia（蕾米莉亚）","Replay The Spire","SOS（斯巴达之子）","Spicy Shops","StSLib","The Alterego","The Bladedancer","The Bug Knight","The Saiyan","The Senshi","The Servant 0.9.4","TheWitcher","UnlockEverythingMod","WarShipGirlsR/战舰少女R mod","Warlord Emblem","Yakumo Yukari mod","Youmu（魂魄妖梦）","【功能Mod】混沌之环修复补丁","【功能Mod】聪明的最终Boss","【遗物卡牌】REMEMod"],"gold_per_floor":[113,127,138,150,166,166,23,56,124,124,141,141,160,193,193,297,297,314,333,59,59,59,76,76,87,87,115,115,115,135,146,146,126,126],"floor_reached":33,"language":"ZHS","playtime":1693,"items_purged":[],"score":306,"play_id":"c6afd49e-0a18-4f43-973a-bc2e82e68f7c","local_time":"20210221162919","is_ascension_mode":false,"campfire_choices":[{"data":"blademaster:Havoc","floor":6.0,"key":"SMITH"},{"data":"AT_FamilyPortrait","floor":15,"key":"SMITH"},{"floor":24,"key":"RECALL"},{"floor":28,"key":"REST"}],"circlet_count":0,"master_deck":["blademaster:Strike","blademaster:Strike","blademaster:Strike","blademaster:Strike","blademaster:Defend","blademaster:Defend","blademaster:Defend","blademaster:Defend","blademaster:RagingBlow","blademaster:HighVoltage","AT_FamilyPortrait+1","blademaster:Havoc+1","blademaster:AspectOfWind","blademaster:Reversal","blademaster:AirSlash","blademaster:AirSlash","blademaster:AirSlash","blademaster:ThunderingOpener+1","blademaster:ThunderSlash","blademaster:StanceMastery","blademaster:Cut","blademaster:Hailwind+1","Sadistic Nature+1","Good Instincts+1","blademaster:StanceMastery","blademaster:Sharpen","blademaster:Havoc","Poor:ReiMu","blademaster:Empower","blademaster:Havoc"],"relics":["blademaster:DancersAmulet","REME_ComplimentaryCards","AT_ATBox","DemoMod:ClearGuonStone","AT_BladeRuinedKing","AT_ChloranthyRing","HollowMod:StagPassRelic","energizedSpire:EnergizedDie","Dota2Spire:UrnOfShadows","ReplayTheSpireMod:ShopPack","CrazyTorch:ReiMu","WarlordEmblem:KitchenKnife"],"acts_visited":["Hallownest:Greenpath","TheCity"],"potions_floor_usage":[16,30],"damage_taken":[{"damage":0.0,"enemies":"2_ Uuma","floor":1.0,"turns":2.0},{"damage":5.0,"enemies":"Hallownest:monsterHuskGuard","floor":2.0,"turns":4.0},{"damage":0.0,"enemies":"Hallownest:2_MossCreeps","floor":3.0,"turns":4.0},{"damage":9.0,"enemies":"Hallownest:1_Baldur_1_Crawlid_1_Warrior","floor":4.0,"turns":5.0},{"damage":7.0,"enemies":"Hallownest:monsterFoolEater","floor":5.0,"turns":3.0},{"damage":2.0,"enemies":"Hallownest:eliteMossKnight","floor":8.0,"turns":2.0},{"damage":0.0,"enemies":"Hallownest:monsterAspidMother","floor":10.0,"turns":2.0},{"damage":0.0,"enemies":"Hallownest:MossCreep_and_Mosskin","floor":11.0,"turns":3.0},{"damage":1.0,"enemies":"Hallownest:monsterFoolEater","floor":13.0,"turns":2.0},{"damage":0,"enemies":"Hallownest:eliteCrystalGuardian","floor":14,"turns":3},{"damage":6,"enemies":"Hallownest:BossFalseKnight","floor":16,"turns":4},{"damage":4,"enemies":"Chosen","floor":18,"turns":3},{"damage":12,"enemies":"Shell Parasite","floor":19,"turns":3},{"damage":18,"enemies":"Snake Plant","floor":23,"turns":4},{"damage":5,"enemies":"Chosen and Byrds","floor":25,"turns":4},{"damage":36,"enemies":"REME_1_Revenger","floor":27,"turns":3},{"damage":10,"enemies":"Snecko","floor":30,"turns":4},{"damage":4,"enemies":"Centurion and Healer","floor":31,"turns":3},{"damage":51,"enemies":"Collector","floor":33,"turns":6}],"seed_played":"-6811894108478530001","potions_obtained":[{"floor":1.0,"key":"Dota2Spire:HealingSalve"},{"floor":3.0,"key":"Fire Potion"},{"floor":4.0,"key":"champ:CounterPotion"},{"floor":19,"key":"ZuzhouPotion:ReiMu"}],"is_trial":false,"path_per_floor":["M","M","M","M","M","R","$","E","T","M","M","?","M","E","R","B",null,"M","M","$","?","$","M","R","M","T","E","R","?","M","M","R","B"],"character_chosen":"THE_BLADEMASTER","items_purchased":["AT_BladeRuinedKing","Dota2Spire:UrnOfShadows","ReplayTheSpireMod:ShopPack"],"campfire_rested":1,"item_purchase_floors":[7,20,20],"current_hp_per_floor":[75,70,70,61,54,54,54,52,52,52,52,43,42,42,42,42,75,71,59,59,59,59,41,41,36,36,6,28,28,20,20,42,0,0],"gold":126,"neow_bonus":"RANDOM_COMMON_RELIC","is_daily":false,"chose_seed":false,"campfire_upgraded":2,"win_rate":0.0,"timestamp":1613896159,"path_taken":["M","M","M","M","M","R","$","E","T","M","M","?","M","E","R","BOSS","M","M","$","?","?","?","R","M","T","E","R","?","M","M","R","BOSS"],"items_purchased_type":["Relic","Relic","Relic"],"build_version":"2020-12-22","purchased_purges":0,"victory":false,"max_hp_per_floor":[75,75,75,75,75,75,75,75,75,75,75,75,75,75,75,75,75,75,75,75,75,75,75,75,75,75,75,75,75,75,75,75,75,75],"card_choices":[{"not_picked":["blademaster:Hailwind","blademaster:DancingEdge"],"picked":"blademaster:Havoc","floor":1.0},{"not_picked":["blademaster:ParryingStrike","blademaster:ChargingUp"],"picked":"blademaster:AspectOfWind","floor":2.0},{"not_picked":["blademaster:SlyStabs","blademaster:AwakeningDefend"],"picked":"blademaster:Reversal","floor":3.0},{"not_picked":["blademaster:Vortex","blademaster:SharpBlades"],"picked":"blademaster:AirSlash","floor":4.0},{"not_picked":["blademaster:CombatPrep","blademaster:BladeMastery"],"picked":"blademaster:AirSlash","floor":5.0},{"not_picked":["blademaster:SharpBlades","blademaster:EyeOfTheTornado","blademaster:SlyStabs"],"picked":"SKIP","floor":8.0},{"not_picked":["blademaster:WindSlash","blademaster:Safeguard"],"picked":"blademaster:AirSlash","floor":10.0},{"not_picked":["blademaster:LightningCrash","blademaster:Flurry"],"picked":"blademaster:ThunderingOpener","floor":11.0},{"not_picked":["blademaster:DeadlyDance","blademaster:AwakeningDefend"],"picked":"blademaster:ThunderSlash","floor":13.0},{"not_picked":["blademaster:CombatPrep","blademaster:Stability","blademaster:AwakeningDefend"],"picked":"SKIP","floor":14},{"not_picked":["blademaster:CloudOfSteel","blademaster:HighVoltage"],"picked":"blademaster:StanceMastery","floor":16},{"not_picked":["blademaster:WindSlash+1","blademaster:BladeCross"],"picked":"blademaster:Cut","floor":18},{"not_picked":["blademaster:SlyStabs","blademaster:CullingStrike"],"picked":"blademaster:Hailwind+1","floor":19},{"not_picked":["Magnetism","AT_EmpoweredMortalDraw"],"picked":"Sadistic Nature","floor":20},{"not_picked":["Mind Blast","Jack Of All Trades"],"picked":"Good Instincts","floor":20},{"not_picked":["blademaster:Thrust+1","blademaster:DragonStrike"],"picked":"blademaster:Sharpen","floor":23},{"not_picked":["blademaster:Flurry","blademaster:Stability+1"],"picked":"blademaster:Havoc","floor":25},{"not_picked":["blademaster:ChargingUp","blademaster:Thrust"],"picked":"blademaster:Empower","floor":27},{"not_picked":["blademaster:Overcharge","blademaster:AwakeningDefend"],"picked":"blademaster:Havoc","floor":30},{"not_picked":["blademaster:BladeCross","blademaster:AwakeningStrike","blademaster:DaggerAndCloak"],"picked":"SKIP","floor":31}],"player_experience":123292,"relics_obtained":[{"floor":8.0,"key":"AT_ChloranthyRing"},{"floor":8.0,"key":"blademaster:BonusComboPerk"},{"floor":14,"key":"HollowMod:StagPassRelic"},{"floor":14,"key":"blademaster:ComboEveryTurnPerk"},{"floor":26,"key":"CrazyTorch:ReiMu"},{"floor":27,"key":"WarlordEmblem:KitchenKnife"},{"floor":27,"key":"blademaster:OnAttackedChargePerk"}],"event_choices":[],"is_beta":false,"boss_relics":[{"not_picked":["WarlordEmblem:Scar","energizedSpire:StickyHand"],"picked":"energizedSpire:EnergizedDie"}],"items_purged_floors":[],"is_endless":false,"potions_floor_spawned":[1,3,4,5,14,19,23,25],"killed_by":"Collector","ascension_level":0}}