{"host":"etc34k4ck9qyv0fa","time":1613943964,"event":{"mods":["AchievementEnabler","BaseMod","Colored Map","Colored Powertips","Marisa????????","Minty Spire (QoL Compilation)","Reimu??????","Replay The Spire","StSLib","The Animator","The Servant 0.9.4"],"gold_per_floor":[116,116,116,131,152,152,172,172,172],"floor_reached":8,"language":"ENG","playtime":184,"items_purged":[],"score":94,"play_id":"7bc98071-907d-4ea7-998a-55b5c6df7879","local_time":"20210221224604","is_ascension_mode":true,"campfire_choices":[{"data":"DarkMatter","floor":6,"key":"SMITH"}],"circlet_count":0,"master_deck":["AscendersBane","Strike_MRS","Strike_MRS","Strike_MRS","Defend_MRS","Defend_MRS","Defend_MRS","Defend_MRS","MasterSpark","UpSweep","DarkMatter+1","AbsoluteMagnitude"],"relics":["MiniHakkero","NeowsBlessing","Golden Idol"],"acts_visited":["Exordium"],"potions_floor_usage":[7],"damage_taken":[{"damage":0,"enemies":"Small Slimes","floor":1,"turns":1},{"damage":0,"enemies":"Jaw Worm","floor":4,"turns":1},{"damage":0,"enemies":"Cultist","floor":5,"turns":1},{"damage":19,"enemies":"Lots of Slimes","floor":7,"turns":7},{"damage":23,"enemies":"3 Sentries","floor":8,"turns":4}],"seed_played":"-8265033815866466400","potions_obtained":[{"floor":1,"key":"Weak Potion"},{"floor":5,"key":"Weak Potion"}],"is_trial":false,"path_per_floor":["M","?","?","M","M","R","M","E"],"character_chosen":"MARISA","items_purchased":[],"campfire_rested":0,"item_purchase_floors":[],"current_hp_per_floor":[63,39,39,39,39,39,20,0,0],"gold":172,"neow_bonus":"THREE_ENEMY_KILL","is_daily":false,"chose_seed":false,"campfire_upgraded":1,"win_rate":0.0,"timestamp":1613943964,"path_taken":["M","?","?","M","?","R","?","E"],"items_purchased_type":[],"build_version":"2020-12-22","purchased_purges":0,"victory":false,"max_hp_per_floor":[70,70,70,70,70,70,70,70,70],"card_choices":[{"not_picked":["GrandCross","DoubleSpark"],"picked":"DarkMatter","floor":1},{"not_picked":["MysteriousBeam","IllusionStar","GrandCross"],"picked":"SKIP","floor":4},{"not_picked":["Acceleration","MilkyWay","LuminesStrike"],"picked":"SKIP","floor":5},{"not_picked":["GrandCross","GravityBeat"],"picked":"AbsoluteMagnitude","floor":7}],"player_experience":507360,"relics_obtained":[],"event_choices":[{"damage_healed":0,"gold_gain":0,"player_choice":"Take Damage","damage_taken":24,"relics_obtained":["Golden Idol"],"max_hp_gain":0,"max_hp_loss":0,"event_name":"Golden Idol","floor":2,"gold_loss":0},{"cards_removed":["Strike_MRS"],"damage_healed":0,"gold_gain":0,"player_choice":"Offered Basic","damage_taken":0,"max_hp_gain":0,"max_hp_loss":0,"event_name":"Bonfire Elementals","floor":3,"gold_loss":0}],"is_beta":false,"boss_relics":[],"items_purged_floors":[],"is_endless":false,"potions_floor_spawned":[1,5],"killed_by":"3 Sentries","ascension_level":19}}