{"host":"6ra5lt5rtw92upyd","time":1613897935,"event":{"mods":["Act Like it!","BaseMod","Minty Spire (QoL Compilation)","Robot Space Explorer","Shop Mod","Spicy Shops","StSLib","The Poker Player","[IsaacMod]ÒÔÈö¼âËþ"],"gold_per_floor":[112,287,287,305,330,330,366,380,433,433,433],"floor_reached":10,"language":"ZHS","playtime":240,"items_purged":[],"score":112,"play_id":"0a7ee860-e1ef-45f4-9c4c-2ad21a5bacfd","local_time":"20210221165855","is_ascension_mode":true,"campfire_choices":[{"data":"True Grit","floor":6.0,"key":"SMITH"}],"circlet_count":0,"master_deck":["AscendersBane","Strike_R","Strike_R","Strike_R","Strike_R","Strike_R","Defend_R","Defend_R","Defend_R","Defend_R","Bash+1","BettingIsNotGood","Reaper","Doubt","True Grit+1","Spot Weakness","Heavy Blade+1"],"relics":["Burning Blood","HushsDoor","NeowsBlessing","Golden Idol","SteamSale","Kunai","Whetstone"],"acts_visited":["Exordium"],"potions_floor_usage":[7],"damage_taken":[{"damage":0.0,"enemies":"Cultist","floor":1.0,"turns":1.0},{"damage":3.0,"enemies":"2 Louse","floor":4.0,"turns":1.0},{"damage":0.0,"enemies":"Small Slimes","floor":5.0,"turns":1.0},{"damage":44,"enemies":"Gremlin Nob","floor":7,"turns":5},{"damage":27,"enemies":"Exordium Wildlife","floor":8,"turns":6},{"damage":20,"enemies":"3 Sentries","floor":10,"turns":2}],"seed_played":"-6903426064059490308","potions_obtained":[{"floor":4.0,"key":"LiquidMemories"},{"floor":8,"key":"Energy Potion"}],"is_trial":false,"path_per_floor":["M","?","?","M","M","R","E","M","T","E"],"character_chosen":"IRONCLAD","items_purchased":[],"campfire_rested":0,"item_purchase_floors":[],"current_hp_per_floor":[78,78,58,61,67,67,34,19,19,0,0],"gold":433,"neow_bonus":"THREE_ENEMY_KILL","is_daily":false,"chose_seed":false,"campfire_upgraded":1,"win_rate":0.0,"timestamp":1613897935,"path_taken":["M","?","?","?","M","R","E","M","T","E"],"items_purchased_type":[],"build_version":"2020-12-22","purchased_purges":0,"victory":false,"max_hp_per_floor":[80,80,80,80,80,80,80,80,80,80,80],"card_choices":[{"not_picked":[],"picked":"BettingIsNotGood","floor":0.0},{"not_picked":["Iron Wave","Perfected Strike"],"picked":"Reaper","floor":1.0},{"not_picked":["Whirlwind","Wild Strike"],"picked":"True Grit","floor":4.0},{"not_picked":["Clash","True Grit"],"picked":"Spot Weakness","floor":5.0},{"not_picked":["True Grit","Havoc","Infernal Blade"],"picked":"SKIP","floor":7},{"not_picked":["Juggernaut","Clash"],"picked":"Heavy Blade","floor":8}],"player_experience":324299,"relics_obtained":[{"floor":7,"key":"Kunai"},{"floor":9,"key":"Whetstone"}],"event_choices":[{"damage_healed":0.0,"max_hp_gain":0.0,"max_hp_loss":0.0,"gold_gain":175.0,"event_name":"Liars Game","player_choice":"AGREE","floor":2.0,"gold_loss":0.0,"damage_taken":0.0,"cards_obtained":["Doubt"]},{"damage_healed":0.0,"max_hp_gain":0.0,"max_hp_loss":0.0,"gold_gain":0.0,"event_name":"Golden Idol","player_choice":"Take Damage","floor":3.0,"gold_loss":0.0,"damage_taken":20.0,"relics_obtained":["Golden Idol"]}],"is_beta":false,"boss_relics":[],"items_purged_floors":[],"is_endless":false,"potions_floor_spawned":[4,8],"killed_by":"3 Sentries","ascension_level":13}}