{"host":"dmvw5lvmugstco58","time":1613920804,"event":{"mods":["AchievementEnabler","Aspiration","BaseMod","Beaked The Cultist","Better-Laid Plans","BetterRewards","Colored Powertips","Dark Map","Friendly Minions","GifTheSpireLib","Gremlin Mod","GungeonMod","Hermit","Hubris","Infinite Spire","Minty Spire (QoL Compilation)","Permanent Neow","Replay The Spire","Spicy Shops","StS++","StSLib","Stuff the Spire","The Blue Laboratory","The Forsaken","The Necromancer"],"gold_per_floor":[112,72,72,84,7,42,42,42,42,42,53,88,106,136,148,258,270,300,252,282,313,325,337,367,391,403,415,438,469,510,567,579,591,591],"floor_reached":33,"language":"ENG","playtime":1427,"items_purged":[],"score":360,"play_id":"8eff19b5-5f8e-45a8-a3fb-ac04d403a8da","local_time":"20210221092004","is_ascension_mode":true,"campfire_choices":[{"data":"Survivor","floor":7,"key":"SMITH"},{"data":"Blade Dance","floor":10,"key":"SMITH"},{"data":"StSpp:FiercePoison","floor":15,"key":"SMITH"},{"data":"Envenom","floor":23,"key":"SMITH"},{"data":"Blade Dance","floor":27,"key":"SMITH"},{"floor":32,"key":"REST"}],"circlet_count":0,"master_deck":["Strike_G","Strike_G","Strike_G","Strike_G","Strike_G","Defend_G","Defend_G","Defend_G","Defend_G","Defend_G","Survivor+1","Neutralize","Poisoned Stab","Blade Dance+1","Footwork","StSpp:FiercePoison+1","PiercingWail","Envenom+1","Backstab+1","Blade Dance+1","Noxious Fumes+1","Slice+1","StSpp:Anticipation+1"],"relics":["Ring of the Snake","aspiration:Nostalgia","m_ByrdBlood","hubris:HerbalPaste","hubris:Reverence","hubris:Towel","Ornamental Fan","DemoMod:ClearGuonStone","MawBank","hubris:ScarierMask","Gremlin Horn","DemoMod:VorpalBullet","infinitespire:Eraser"],"acts_visited":["Exordium","TheCity"],"potions_floor_usage":[4,6,6,12,16,16,30,33],"damage_taken":[{"damage":0,"enemies":"Cultist","floor":1,"turns":4},{"damage":0,"enemies":"Jaw Worm","floor":4,"turns":3},{"damage":36,"enemies":"Replay:BlueRogue","floor":6,"turns":6},{"damage":0,"enemies":"Small Slimes","floor":11,"turns":2},{"damage":35,"enemies":"Lagavulin","floor":12,"turns":8},{"damage":0,"enemies":"3 Louse","floor":13,"turns":5},{"damage":22,"enemies":"The Guardian","floor":16,"turns":12},{"damage":2,"enemies":"2 Thieves","floor":18,"turns":3},{"damage":10,"enemies":"Shell Parasite","floor":20,"turns":6},{"damage":38,"enemies":"Snake Plant","floor":21,"turns":6},{"damage":3,"enemies":"Centurion and Healer","floor":24,"turns":3},{"damage":22,"enemies":"Snecko","floor":25,"turns":6},{"damage":1,"enemies":"Shelled Parasite and Fungi","floor":28,"turns":5},{"damage":11,"enemies":"Chosen and Byrds","floor":29,"turns":5},{"damage":13,"enemies":"Replay:Snechameleon","floor":30,"turns":4},{"damage":96,"enemies":"Champ","floor":33,"turns":13}],"seed_played":"4834653770565250774","potions_obtained":[{"floor":2,"key":"blueLaboratory:PhilterOfMotion"},{"floor":2,"key":"blueLaboratory:SuffocatingSmog"},{"floor":2,"key":"AttackPotion"},{"floor":11,"key":"Doom Potion"},{"floor":12,"key":"blueLaboratory:SuffocatingSmog"},{"floor":13,"key":"GamblersBrew"},{"floor":21,"key":"Milkshake"},{"floor":25,"key":"SteroidPotion"},{"floor":30,"key":"AttackPotion"}],"is_trial":false,"path_per_floor":["M","?","$","M","$","E","R","?","T","R","M","E","M","?","R","B",null,"M","?","M","M","?","R","M","M","T","R","M","M","E","?","R","B"],"character_chosen":"THE_SILENT","items_purchased":["hubris:HerbalPaste"],"campfire_rested":1,"item_purchase_floors":[5],"current_hp_per_floor":[69,69,69,70,70,44,44,44,44,44,55,36,52,52,52,46,64,70,70,66,43,43,43,56,50,50,50,65,65,68,51,70,0,0],"gold":591,"neow_bonus":"NOSTALGIA","is_daily":false,"chose_seed":false,"campfire_upgraded":5,"win_rate":0.0,"timestamp":1613920804,"path_taken":["M","?","$","?","?","E","R","?","T","R","M","E","M","?","R","BOSS","M","?","M","M","?","R","M","M","T","R","M","?","E","?","R","BOSS"],"items_purchased_type":["Relic"],"build_version":"2020-12-22","purchased_purges":0,"victory":false,"max_hp_per_floor":[70,70,70,70,70,70,70,70,70,70,70,70,70,70,70,70,70,70,70,70,70,70,70,70,70,70,70,70,70,70,70,70,70,70],"card_choices":[{"not_picked":["PiercingWail","Dagger Throw"],"picked":"Poisoned Stab","floor":1},{"not_picked":["StSpp:StrikeFirst","Deflect"],"picked":"Blade Dance","floor":4},{"not_picked":["Die Die Die","Bane"],"picked":"Footwork","floor":6},{"not_picked":["Deadly Poison","Tactician"],"picked":"StSpp:FiercePoison","floor":11},{"not_picked":["Acrobatics","StSpp:Dive"],"picked":"PiercingWail","floor":12},{"not_picked":["hubris:Counter","Cloak And Dagger","Blur"],"picked":"SKIP","floor":13},{"not_picked":["Night Terror","Phantasmal Killer"],"picked":"Envenom","floor":16},{"not_picked":["Caltrops","Slice"],"picked":"Backstab+1","floor":18},{"not_picked":["hubris:SlightOfHand","StSpp:Dive","Deadly Poison"],"picked":"SKIP","floor":20},{"not_picked":["Slice","Poison Darts"],"picked":"Blade Dance","floor":21},{"not_picked":["Masterful Stab","Backflip+1","Quick Slash"],"picked":"SKIP","floor":24},{"not_picked":["Dodge and Roll","Backstab"],"picked":"Noxious Fumes+1","floor":25},{"not_picked":["Sucker Punch","StSpp:CorrosivePoison","ReplayTheSpireMod:Shiv Toss+1"],"picked":"SKIP","floor":28},{"not_picked":["Blur","StSpp:TimeParadox","StSpp:Throw"],"picked":"SKIP","floor":29},{"not_picked":["Footwork","Endless Agony","StuffTheSpire:Repulse"],"picked":"SKIP","floor":30},{"not_picked":["StuffTheSpire:Injection","StuffTheSpire:BumpUp"],"picked":"Slice+1","floor":31},{"not_picked":["Draining Mist+1","Dagger Throw"],"picked":"StSpp:Anticipation+1","floor":31}],"player_experience":303497,"relics_obtained":[{"floor":6,"key":"hubris:Reverence"},{"floor":9,"key":"Ornamental Fan"},{"floor":12,"key":"DemoMod:ClearGuonStone"},{"floor":26,"key":"Gremlin Horn"},{"floor":30,"key":"DemoMod:VorpalBullet"},{"floor":31,"key":"infinitespire:Eraser"}],"event_choices":[{"damage_healed":0,"gold_gain":0,"player_choice":"Bought 3 Potions","damage_taken":0,"max_hp_gain":0,"max_hp_loss":0,"event_name":"The Woman in Blue","floor":2,"gold_loss":0},{"damage_healed":0,"gold_gain":30,"player_choice":"Searched \u00272\u0027 times","damage_taken":0,"relics_obtained":["MawBank"],"max_hp_gain":0,"max_hp_loss":0,"event_name":"Dead Adventurer","floor":14,"gold_loss":0}],"is_beta":false,"boss_relics":[{"not_picked":["Pandora\u0027s Box","Calling Bell"],"picked":"hubris:ScarierMask"}],"items_purged_floors":[],"is_endless":false,"potions_floor_spawned":[11,12,13,21,25,30],"killed_by":"Champ","ascension_level":6}}