{"host":"gaqyve1328ta0etl","time":1613894039,"event":{"mods":["BaseMod","Colored Map","Colored Powertips","Duelist Mod","Googly Eyes","Hero for Fun","Minty Spire (QoL Compilation)","Shop Mod","StSLib","SuperFastMode","The Hierophant","The Runesmith"],"gold_per_floor":[136,136,136,136,154,154,167,179,179,0,20,20,20,47,47,118,118,130,55,55,74,35,35,35,53,53,72,90,90,15,15,15,91,91,104,4,22,47,47,47,76,87,112,112,112,140,153,168,168,168],"floor_reached":51,"language":"ENG","playtime":2476,"items_purged":["theDuelist:BeaverWarrior","theDuelist:BeaverWarrior"],"score":1503,"play_id":"5b2a0efb-a6b6-4571-8dd6-16c5bb316078","local_time":"20210220235359","is_ascension_mode":true,"campfire_choices":[{"data":"theDuelist:Eva","floor":6.0,"key":"SMITH"},{"data":"theDuelist:SwordsConcealing","floor":13.0,"key":"SMITH"},{"data":"theDuelist:Mudora","floor":15.0,"key":"SMITH"},{"floor":23.0,"key":"REST"},{"floor":29.0,"key":"REST"},{"floor":32.0,"key":"REST"},{"data":"theDuelist:Raigeki","floor":40.0,"key":"SMITH"},{"data":"theDuelist:MillenniumGolem","floor":44.0,"key":"SMITH"},{"floor":49,"key":"REST"}],"circlet_count":0,"master_deck":["AscendersBane","theDuelist:FinalFlame","theDuelist:GiantSoldier","theDuelist:GiantSoldier","theDuelist:ScrapFactory","theDuelist:Eva+1","theDuelist:RainbowNeos","theDuelist:SwordsConcealing+1","theDuelist:AmuletAmbition","theDuelist:Raigeki+1","theDuelist:Mudora+1","theDuelist:RainbowKuriboh","theDuelist:HappyLover","theDuelist:Reinforcements","theDuelist:MillenniumGolem+1","theDuelist:YellowBelliedOni+1","theDuelist:Eva+1"],"relics":["theDuelist:MillenniumPuzzle","theDuelist:CardPoolRelic","theDuelist:CardPoolBasicRelic","theDuelist:BoosterPackPoolRelic","theDuelist:CardPoolAddRelic","theDuelist:CardPoolMinusRelic","theDuelist:CardPoolSaveRelic","theDuelist:CardPoolOptionsRelic","HornCleat","Odd Mushroom","Boot","theDuelist:ElectricKey","theDuelist:SummonAnchor","TungstenRod","Orichalcum","Paper Frog"],"acts_visited":["Exordium","TheCity","TheBeyond"],"potions_floor_usage":[50,50],"damage_taken":[{"damage":0.0,"enemies":"Small Slimes","floor":1.0,"turns":4.0},{"damage":0.0,"enemies":"Jaw Worm","floor":5.0,"turns":2.0},{"damage":0.0,"enemies":"Cultist","floor":7.0,"turns":3.0},{"damage":7.0,"enemies":"Large Slime","floor":8.0,"turns":7.0},{"damage":0.0,"enemies":"2 Fungi Beasts","floor":11.0,"turns":6.0},{"damage":6.0,"enemies":"The Mushroom Lair","floor":14.0,"turns":5.0},{"damage":0.0,"enemies":"The Guardian","floor":16.0,"turns":9.0},{"damage":21.0,"enemies":"Chosen","floor":18.0,"turns":7.0},{"damage":16.0,"enemies":"Shell Parasite","floor":21.0,"turns":7.0},{"damage":28.0,"enemies":"3 Cultists","floor":25.0,"turns":6.0},{"damage":7.0,"enemies":"Shelled Parasite and Fungi","floor":27.0,"turns":7.0},{"damage":3.0,"enemies":"Chosen and Byrds","floor":28.0,"turns":8.0},{"damage":10.0,"enemies":"Champ","floor":33.0,"turns":13.0},{"damage":50.0,"enemies":"3 Shapes","floor":35.0,"turns":6.0},{"damage":46.0,"enemies":"3 Darklings","floor":37.0,"turns":7.0},{"damage":0.0,"enemies":"Nemesis","floor":41.0,"turns":9.0},{"damage":0.0,"enemies":"4 Shapes","floor":42.0,"turns":7.0},{"damage":0.0,"enemies":"Giant Head","floor":46.0,"turns":9.0},{"damage":30.0,"enemies":"Jaw Worm Horde","floor":47.0,"turns":6.0},{"damage":4,"enemies":"3 Darklings","floor":48,"turns":9},{"damage":5,"enemies":"Donu and Deca","floor":50,"turns":13}],"seed_played":"4502379614596450728","potions_obtained":[{"floor":1.0,"key":"GamblersBrew"},{"floor":11.0,"key":"theDuelist:SealedPackB"},{"floor":16.0,"key":"Dexterity Potion"},{"floor":25.0,"key":"theDuelist:StunPotion"},{"floor":33.0,"key":"SneckoOil"},{"floor":46.0,"key":"Dexterity Potion"}],"is_trial":false,"path_per_floor":["M","?","?","?","M","R","M","M","T","$","M","?","R","?","R","B",null,"M","?","?","M","$","R","?","M","T","M","M","R","$","?","R","B",null,"M","$","M","T","?","R","E","M","T","R","?","E","M","M","R","B",null],"character_chosen":"THE_DUELIST","items_purchased":["theDuelist:AmuletAmbition","theDuelist:Reinforcements"],"campfire_rested":4,"item_purchase_floors":[10,22],"current_hp_per_floor":[59,52,70,70,70,70,70,63,63,63,63,68,68,62,62,62,96,75,75,43,27,27,60,60,32,32,25,22,55,55,55,88,78,104,54,54,8,8,92,92,92,92,92,92,92,92,62,58,85,80],"gold":168,"neow_bonus":"TWENTY_PERCENT_HP_BONUS","is_daily":false,"chose_seed":false,"campfire_upgraded":5,"win_rate":0.0,"timestamp":1613894039,"path_taken":["M","?","?","?","M","R","M","M","T","$","?","?","R","?","R","BOSS","M","?","?","M","$","R","?","M","T","?","M","R","$","?","R","BOSS","M","$","M","?","?","R","E","M","T","R","?","E","M","M","R","BOSS"],"items_purchased_type":["Card","Card"],"build_version":"2020-12-22","purchased_purges":2,"victory":true,"max_hp_per_floor":[84,84,102,102,102,102,102,102,102,102,102,107,107,107,107,107,107,107,107,112,112,112,112,112,112,112,112,112,112,112,112,112,112,112,112,112,112,112,92,92,92,92,92,92,92,92,92,92,92,92],"card_choices":[{"not_picked":["theDuelist:Hinotama","theDuelist:SilverApples","theDuelist:Tuningware","theDuelist:DarkFactory"],"picked":"theDuelist:Eva","floor":1.0},{"not_picked":["theDuelist:BigFire","theDuelist:OnslaughtFireKings","theDuelist:AfterTheStorm","theDuelist:VendreadCharge"],"picked":"theDuelist:RainbowNeos","floor":5.0},{"not_picked":["theDuelist:WormWarlord","theDuelist:RainbowBridge","theDuelist:BlueBloodedOni","theDuelist:JamBreeding","theDuelist:Cloning"],"picked":"SKIP","floor":7.0},{"not_picked":["theDuelist:WhiteHowling","theDuelist:GravityAxe","theDuelist:Electrowhip","theDuelist:MiraculousDescent"],"picked":"theDuelist:SwordsConcealing","floor":8.0},{"not_picked":["theDuelist:FuryFire","theDuelist:DarkFactory","theDuelist:ForbiddenLance","theDuelist:WingedKuribohLv10"],"picked":"theDuelist:Raigeki","floor":11.0},{"not_picked":["theDuelist:AttackTheMoon","theDuelist:LightningDarts","theDuelist:BattleguardKing","theDuelist:PowerGiant"],"picked":"theDuelist:Mudora","floor":14.0},{"not_picked":["theDuelist:RainbowNeos","theDuelist:KamionTimelord","theDuelist:Eva","theDuelist:RainbowOverdragon"],"picked":"theDuelist:RainbowKuriboh","floor":16.0},{"not_picked":["theDuelist:RainbowNeos","theDuelist:KamionTimelord","theDuelist:Eva","theDuelist:PotForbidden"],"picked":"theDuelist:HappyLover","floor":18.0},{"not_picked":["theDuelist:RainbowNeos","theDuelist:WormApocalypse","theDuelist:Tuningware","theDuelist:MagnumShield","theDuelist:VenomShot"],"picked":"SKIP","floor":21.0},{"not_picked":["theDuelist:BigFire","theDuelist:RainbowNeos","theDuelist:WormApocalypse","theDuelist:Downbeat","theDuelist:FuryFire"],"picked":"SKIP","floor":25.0},{"not_picked":["theDuelist:BlockGolem","theDuelist:DokiDoki+1","theDuelist:GolemSentry","theDuelist:RainbowKuriboh"],"picked":"theDuelist:MillenniumGolem","floor":27.0},{"not_picked":["theDuelist:GravityAxe","theDuelist:Electrowhip","theDuelist:ElectromagneticShield","theDuelist:MiraculousDescent"],"picked":"SKIP","floor":28.0},{"not_picked":["theDuelist:BattleguardKing","theDuelist:HarpieFeather","theDuelist:ObeliskTormentor+1","theDuelist:RainbowJar"],"picked":"theDuelist:YellowBelliedOni+1","floor":35.0},{"not_picked":["theDuelist:RainbowNeos","theDuelist:KamionTimelord","theDuelist:RainbowKuriboh","theDuelist:RainbowOverdragon"],"picked":"theDuelist:Eva+1","floor":37.0},{"not_picked":["theDuelist:SilentDoom+1","theDuelist:LegendHeart+1","theDuelist:CharcoalInpachi","theDuelist:MiracleFertilizer","theDuelist:ForbiddenLance+1"],"picked":"SKIP","floor":41.0},{"not_picked":["theDuelist:MeteorDestruction","theDuelist:DoubleTool","theDuelist:CombinationAttack","theDuelist:RainbowNeos+1","theDuelist:UnderworldCannon"],"picked":"SKIP","floor":42.0},{"not_picked":["theDuelist:Wiretap+1","theDuelist:WhiteMagicalHat","theDuelist:CircleFireKings","theDuelist:SilverApples","theDuelist:AfterGenocide+1"],"picked":"SKIP","floor":46.0},{"not_picked":["theDuelist:DoubleTool","theDuelist:RainbowNeos+1","theDuelist:PowerKaishin+1","theDuelist:SilverApples","theDuelist:BlackPendant"],"picked":"SKIP","floor":47.0},{"not_picked":["theDuelist:LightningRodLord+1","theDuelist:GolemSentry","theDuelist:RainbowKuriboh+1","theDuelist:FuryFire+1","theDuelist:JamBreeding"],"picked":"SKIP","floor":48}],"player_experience":2230202,"relics_obtained":[{"floor":9.0,"key":"HornCleat"},{"floor":14.0,"key":"Odd Mushroom"},{"floor":26.0,"key":"Boot"},{"floor":38.0,"key":"theDuelist:SummonAnchor"},{"floor":41.0,"key":"TungstenRod"},{"floor":43.0,"key":"Orichalcum"},{"floor":46.0,"key":"Paper Frog"}],"event_choices":[{"cards_removed":["theDuelist:Sparks"],"damage_healed":0.0,"max_hp_gain":0.0,"max_hp_loss":0.0,"gold_gain":0.0,"event_name":"Golden Wing","player_choice":"Card Removal","floor":2.0,"gold_loss":0.0,"damage_taken":7.0},{"power_reward":4.0,"total_magic_score":30.0,"gold_gain":0.0,"duelist":true,"damage_taken":0.0,"relics_obtained":[],"points":19.0,"max_hp_gain":18.0,"max_hp_loss":0.0,"spent_points":{"magic":0.0,"greed":0.0,"war":4.0,"power":4.0,"hunger":4.0},"event_name":"Nameless Tomb","hunger_reward":4.0,"floor":3.0,"gold_loss":0.0,"cards_obtained":["theDuelist:Nameless:Power:ForbiddenLance"]},{"cards_removed":["theDuelist:CastleWalls"],"damage_healed":0.0,"max_hp_gain":0.0,"max_hp_loss":0.0,"gold_gain":0.0,"event_name":"Bonfire Elementals","player_choice":"Offered Basic","floor":4.0,"gold_loss":0.0,"damage_taken":0.0},{"damage_healed":0.0,"max_hp_gain":5.0,"max_hp_loss":0.0,"gold_gain":0.0,"event_name":"Big Fish","player_choice":"Donut","floor":12.0,"gold_loss":0.0,"damage_taken":0.0},{"damage_healed":0.0,"max_hp_gain":0.0,"max_hp_loss":0.0,"gold_gain":0.0,"event_name":"Mushrooms","player_choice":"Fought Mushrooms","floor":14.0,"gold_loss":0.0,"damage_taken":0.0},{"cards_removed":["theDuelist:Sparks"],"damage_healed":0.0,"max_hp_gain":0.0,"max_hp_loss":0.0,"gold_gain":0.0,"event_name":"Beggar","player_choice":"Gave Gold","floor":19.0,"gold_loss":75.0,"damage_taken":0.0},{"damage_healed":0.0,"max_hp_gain":5.0,"max_hp_loss":0.0,"gold_gain":0.0,"event_name":"Forgotten Altar","player_choice":"Shed Blood","floor":20.0,"gold_loss":0.0,"damage_taken":37.0},{"cards_removed":["theDuelist:CastleWalls"],"damage_healed":0.0,"max_hp_gain":0.0,"max_hp_loss":0.0,"gold_gain":0.0,"event_name":"Purifier","player_choice":"Purged","floor":24.0,"gold_loss":0.0,"damage_taken":0.0},{"damage_healed":0.0,"max_hp_gain":0.0,"max_hp_loss":0.0,"gold_gain":0.0,"event_name":"Card Trader","player_choice":"Leave","duelist":true,"floor":31.0,"gold_loss":0.0,"damage_taken":0.0},{"damage_healed":92.0,"max_hp_gain":0.0,"max_hp_loss":20.0,"gold_gain":0.0,"event_name":"The Moai Head","player_choice":"Heal","floor":39.0,"gold_loss":0.0,"damage_taken":0.0},{"cards_removed":["theDuelist:Nameless:Power:ForbiddenLance"],"damage_healed":0.0,"max_hp_gain":0.0,"max_hp_loss":0.0,"gold_gain":0.0,"event_name":"Falling","player_choice":"Removed Attack","floor":45.0,"gold_loss":0.0,"damage_taken":0.0}],"is_beta":false,"boss_relics":[{"not_picked":["Velvet Choker","Snecko Eye","Fusion Hammer"]},{"not_picked":["Runic Pyramid","Black Star"],"picked":"theDuelist:ElectricKey"}],"items_purged_floors":[30,36],"is_endless":false,"potions_floor_spawned":[1,11,16,21,25,27,33,41,42,46],"ascension_level":19}}