{"host":"yx5rao87132cy5xq","time":1613934378,"event":{"mods":["2.2 Compatiblity","AchievementEnabler","BaseMod","Bestiary","Colored Map","Colored Powertips","Minty Spire (QoL Compilation)","Quick Restart","Relic Stats","Slay-I","SuperFastMode"],"gold_per_floor":[118,118,118,136,147,175,175,194,217,217,217],"floor_reached":10,"language":"ENG","playtime":11850,"items_purged":[],"score":133,"play_id":"db7624d5-250d-4749-84b0-37f593e08d75","local_time":"20210221200618","is_ascension_mode":true,"campfire_choices":[{"floor":7.0,"key":"REST"}],"circlet_count":0,"master_deck":["AscendersBane","Strike_R","Strike_R","Strike_R","Strike_R","Strike_R","Defend_R+1","Defend_R+1","Defend_R","Defend_R","Bash+1","Headbutt","Iron Wave","Feel No Pain","Twin Strike","Shockwave","Shrug It Off"],"relics":["Burning Blood","Dream Catcher","Ancient Tea Set","War Paint"],"acts_visited":["Exordium"],"potions_floor_usage":[],"damage_taken":[{"damage":9.0,"enemies":"Jaw Worm","floor":1.0,"turns":3.0},{"damage":1.0,"enemies":"Cultist","floor":4.0,"turns":3.0},{"damage":3.0,"enemies":"2 Louse","floor":5.0,"turns":3.0},{"damage":65.0,"enemies":"Lagavulin","floor":6.0,"turns":7.0},{"damage":19,"enemies":"Gremlin Gang","floor":8,"turns":6},{"damage":20,"enemies":"3 Sentries","floor":10,"turns":2}],"seed_played":"-5002885279344616442","potions_obtained":[{"floor":0.0,"key":"AttackPotion"},{"floor":0.0,"key":"Ancient Potion"},{"floor":6.0,"key":"FearPotion"}],"is_trial":false,"path_per_floor":["M","?","?","M","M","E","R","M","T","E"],"character_chosen":"IRONCLAD","items_purchased":[],"campfire_rested":1,"item_purchase_floors":[],"current_hp_per_floor":[65,65,60,65,68,9,31,18,18,0,0],"gold":217,"neow_bonus":"THREE_SMALL_POTIONS","is_daily":false,"chose_seed":false,"campfire_upgraded":0,"win_rate":0.0,"timestamp":1613934378,"path_taken":["M","?","?","M","M","E","R","M","T","E"],"items_purchased_type":[],"build_version":"2020-12-22","purchased_purges":0,"victory":false,"max_hp_per_floor":[75,75,75,75,75,75,75,75,75,75,75],"relic_stats":{"Dream Catcher":1,"counters":[6,24],"War Paint":["Defend_R","Defend_R"],"obtain_stats":[{"Dream Catcher":3,"War Paint":9,"Ancient Tea Set":6,"Burning Blood":0},{"Dream Catcher":1,"War Paint":5,"Ancient Tea Set":4,"Burning Blood":0},{"Dream Catcher":3,"War Paint":22,"Ancient Tea Set":16,"Burning Blood":0}],"Burning Blood":30},"card_choices":[{"not_picked":["Burning Pact","Searing Blow"],"picked":"Headbutt","floor":1.0},{"not_picked":["Heavy Blade","Body Slam"],"picked":"Iron Wave","floor":4.0},{"not_picked":["Rupture","Dual Wield"],"picked":"Feel No Pain","floor":5.0},{"not_picked":["True Grit","Headbutt"],"picked":"Twin Strike","floor":6.0},{"not_picked":["Armaments","Twin Strike"],"picked":"Shockwave","floor":7.0},{"not_picked":["Body Slam","Sword Boomerang"],"picked":"Shrug It Off","floor":8}],"player_experience":1098664,"relics_obtained":[{"floor":6.0,"key":"Ancient Tea Set"},{"floor":9,"key":"War Paint"}],"event_choices":[{"damage_healed":0.0,"max_hp_gain":0.0,"max_hp_loss":0.0,"gold_gain":0.0,"event_name":"Living Wall","player_choice":"Grow","floor":2.0,"gold_loss":0.0,"damage_taken":0.0,"cards_upgraded":["Bash"]},{"damage_healed":0.0,"max_hp_gain":0.0,"max_hp_loss":0.0,"gold_gain":0.0,"event_name":"Scrap Ooze","player_choice":"Success","floor":3.0,"gold_loss":0.0,"damage_taken":5.0,"relics_obtained":["Dream Catcher"]}],"is_beta":false,"boss_relics":[],"items_purged_floors":[],"is_endless":false,"potions_floor_spawned":[4,6],"killed_by":"3 Sentries","ascension_level":19}}