{"host":"x3tdtn2vw0frar62","time":1613928789,"event":{"mods":["100% Spire Juice","Aspiration","BaseMod","Better Note","Better Sensory Stone","Better Third Choice","BetterRewards","CatGirl Mod","Hermit","Hubris","LagranYue(???·?)","Marisa????????","Minty Spire (QoL Compilation)","Morshu Shopkeeper","Morshu Shopkeeper - ENHANCED","Practice Mode","Railgun Mod","Relic Stats","Reliquary","Remilia??????","Replay The Spire","Robot Space Explorer","Shade Mod","Shop Mod","Spicy Shops","Spire Arcade","StSLib","The Cursed","The Dragon Tamer","The Marked","The Runesmith","The Sage","The Senshi","The Servant 0.9.4"],"gold_per_floor":[110,110,52,67,67,92,92,117,117,133,66,66,84,100,100,224,224,238,78,99,132,47,47,47,47],"floor_reached":24,"language":"ENG","playtime":1864,"items_purged":["hubris:Compulsion"],"score":240,"play_id":"19d2add6-eaa0-44aa-8758-4bb0d276ddc4","local_time":"20210221123309","is_ascension_mode":true,"campfire_choices":[{"data":"theSenshi:MoonTiaraMagic","floor":7,"key":"SMITH"},{"data":"theSenshi:Overload","floor":15,"key":"SMITH"},{"data":"theSenshi:SchoolBag","floor":23,"key":"SMITH"}],"circlet_count":0,"master_deck":["theSenshi:SailorKick","theSenshi:SailorBlock","theSenshi:SailorBlock","theSenshi:RoseThrow","theSenshi:MoonPrismPowerMakeUp","theSenshi:MoonTiaraMagic+1","theSenshi:CrisisMakeUp+1","theSenshi:SteeledNerves","theSenshi:Overload+1","theSenshi:SchoolBag","theSenshi:SchoolBag+1","theSenshi:MoonsReflection","theSenshi:Overload","Decay","theSenshi:LateForSchool","theSenshi:MoonKick+1"],"relics":["theSenshi:TransformationBroochRelic","LagranYue:RandomDrawCardRelic","NeowsBlessing","The Courier","Akabeko","Shovel","theSenshi:CosmicHeartCompactRelic","Golden Idol","Replay:Grab Bag","Sozu","ReplayTheSpireMod:DimensionalGlitch","Kintsugi","theSenshi:CrisisMoonCompactRelic","Red Mask","reliquary:Firecrackers"],"acts_visited":["Exordium","TheCity"],"potions_floor_usage":[10,16,24,24],"damage_taken":[{"damage":0,"enemies":"Cultist","floor":1,"turns":1},{"damage":0,"enemies":"Small Slimes","floor":4,"turns":1},{"damage":0,"enemies":"Gremlin Nob","floor":6,"turns":1},{"damage":24,"enemies":"Lagavulin","floor":8,"turns":9},{"damage":5,"enemies":"2 Louse","floor":10,"turns":3},{"damage":0,"enemies":"Exordium Wildlife","floor":13,"turns":4},{"damage":8,"enemies":"Blue Slaver","floor":14,"turns":5},{"damage":25,"enemies":"Hexaghost","floor":16,"turns":13},{"damage":27,"enemies":"Shell Parasite","floor":18,"turns":9},{"damage":0,"enemies":"Spheric Guardian","floor":20,"turns":3},{"damage":7,"enemies":"Masked Bandits","floor":21,"turns":3},{"damage":49,"enemies":"Book of Stabbing","floor":24,"turns":5}],"seed_played":"8577825288138030233","potions_obtained":[{"floor":4,"key":"EntropicBrew"},{"floor":6,"key":"Energy Potion"},{"floor":8,"key":"Languid Potion"},{"floor":10,"key":"AttackPotion"},{"floor":16,"key":"Weak Potion"}],"is_trial":false,"path_per_floor":["M","T","$","M","?","E","R","E","T","M","$","?","M","M","R","B",null,"M","$","M","?","?","R","E"],"character_chosen":"THE_SENSHI","items_purchased":["theSenshi:CrisisMakeUp","theSenshi:SchoolBag","theSenshi:MoonsReflection","theSenshi:CrisisMoonCompactRelic"],"campfire_rested":0,"item_purchase_floors":[3,11,11,19],"current_hp_per_floor":[75,75,75,75,75,75,75,51,51,46,46,28,28,20,20,19,75,48,48,48,41,41,41,0,0],"gold":47,"neow_bonus":"THREE_ENEMY_KILL","is_daily":false,"chose_seed":false,"campfire_upgraded":3,"win_rate":0.0,"timestamp":1613928789,"path_taken":["M","?","$","M","?","E","R","E","T","M","$","?","M","?","R","BOSS","M","$","M","?","?","R","E"],"items_purchased_type":["Card","Card","Card","Relic"],"build_version":"2020-12-22","purchased_purges":1,"victory":false,"max_hp_per_floor":[75,75,75,75,75,75,75,75,75,75,75,75,75,75,75,75,75,75,75,75,75,75,75,75,75],"relic_stats":{"Sozu":3,"Shovel":0,"counters":[12,57],"Golden Idol":46,"obtain_stats":[{"theSenshi:CrisisMoonCompactRelic":19,"LagranYue:RandomDrawCardRelic":0,"NeowsBlessing":0,"Golden Idol":12,"Replay:Grab Bag":17,"reliquary:Firecrackers":22,"The Courier":2,"Akabeko":6,"Sozu":17,"theSenshi:TransformationBroochRelic":0,"Shovel":8,"Red Mask":21,"Kintsugi":17,"ReplayTheSpireMod:DimensionalGlitch":17,"theSenshi:CosmicHeartCompactRelic":9},{"theSenshi:CrisisMoonCompactRelic":9,"LagranYue:RandomDrawCardRelic":0,"NeowsBlessing":0,"Golden Idol":5,"Replay:Grab Bag":8,"reliquary:Firecrackers":11,"The Courier":1,"Akabeko":3,"Sozu":8,"theSenshi:TransformationBroochRelic":0,"Shovel":4,"Red Mask":11,"Kintsugi":8,"ReplayTheSpireMod:DimensionalGlitch":8,"theSenshi:CosmicHeartCompactRelic":4},{"theSenshi:CrisisMoonCompactRelic":46,"LagranYue:RandomDrawCardRelic":0,"NeowsBlessing":0,"Golden Idol":15,"Replay:Grab Bag":37,"reliquary:Firecrackers":52,"The Courier":1,"Akabeko":3,"Sozu":37,"theSenshi:TransformationBroochRelic":0,"Shovel":12,"Red Mask":52,"Kintsugi":37,"ReplayTheSpireMod:DimensionalGlitch":37,"theSenshi:CosmicHeartCompactRelic":12}]},"card_choices":[{"not_picked":["theSenshi:SupersonicWaves","theSenshi:Sidestep"],"picked":"theSenshi:MoonTiaraMagic","floor":1},{"not_picked":["theSenshi:Sidestep","theSenshi:MoonKick","theSenshi:SailorMarsAssists"],"picked":"SKIP","floor":4},{"not_picked":["theSenshi:SailorMarsAssists","theSenshi:MoonHealingEscalation"],"picked":"theSenshi:SteeledNerves","floor":6},{"not_picked":["theSenshi:MoonHealingEscalation","theSenshi:MoonsReflection"],"picked":"theSenshi:Overload","floor":8},{"not_picked":["theSenshi:MoonPunch","theSenshi:SailorMercuryAssists","theSenshi:InTheNickOfTime"],"picked":"SKIP","floor":10},{"not_picked":["theSenshi:SaturnsMystery","theSenshi:MoonPunch"],"picked":"theSenshi:Overload","floor":13},{"not_picked":["theSenshi:LunasBite","theSenshi:JupitersPower","theSenshi:SailorMarsAssists"],"picked":"SKIP","floor":14},{"not_picked":["theSenshi:SailorPlanetAttack+1","theSenshi:SchoolBag","theSenshi:MoonCrisisMakeUp+1"],"picked":"SKIP","floor":18},{"not_picked":["theSenshi:TuxedoSmokingBomber","theSenshi:MoonPrincessHalation"],"picked":"theSenshi:LateForSchool","floor":20},{"not_picked":["theSenshi:EncouragingSpeech+1","theSenshi:InTheNickOfTime"],"picked":"theSenshi:MoonKick+1","floor":21}],"player_experience":187351,"relics_obtained":[{"floor":2,"key":"The Courier"},{"floor":6,"key":"Akabeko"},{"floor":8,"key":"Shovel"},{"floor":9,"key":"theSenshi:CosmicHeartCompactRelic"},{"floor":21,"key":"Red Mask"}],"event_choices":[{"damage_healed":0,"gold_gain":0,"player_choice":"Grow","damage_taken":0,"max_hp_gain":0,"max_hp_loss":0,"event_name":"Living Wall","floor":5,"gold_loss":0,"cards_upgraded":["theSenshi:CrisisMakeUp"]},{"damage_healed":0,"gold_gain":0,"player_choice":"Take Damage","damage_taken":18,"relics_obtained":["Golden Idol"],"max_hp_gain":0,"max_hp_loss":0,"event_name":"Golden Idol","floor":12,"gold_loss":0},{"damage_healed":0,"gold_gain":0,"player_choice":"Fought Bandits","damage_taken":0,"max_hp_gain":0,"max_hp_loss":0,"event_name":"Masked Bandits","floor":21,"gold_loss":0},{"damage_healed":0,"gold_gain":0,"player_choice":"Obtained Relic","damage_taken":0,"relics_obtained":["reliquary:Firecrackers"],"max_hp_gain":0,"max_hp_loss":0,"event_name":"Addict","floor":22,"gold_loss":85}],"is_beta":false,"boss_relics":[{"not_picked":["aspiration:PoetsPen_weak","aspiration:FutureDiary"],"picked":"Replay:Grab Bag"},{"not_picked":["ChewingGum","Velvet Choker"],"picked":"Sozu"},{"not_picked":["hubris:CrackedHourglass","Busted Crown"],"picked":"ReplayTheSpireMod:DimensionalGlitch"},{"not_picked":["SlaversCollar","Snecko Eye"],"picked":"Kintsugi"}],"items_purged_floors":[19],"is_endless":false,"potions_floor_spawned":[4,6,8,10,16,18],"killed_by":"Book of Stabbing","ascension_level":1}}