{"host":"yqztwemefsbhfep8","time":1613899283,"event":{"mods":["BaseMod","Downfall","Minty Spire (QoL Compilation)","StSLib"],"gold_per_floor":[99,112,112,112,112,141,141,157,57,57,57,42,77,91,106,210,260,60,80,80,65,92,2,2,0,11,24,43,43,57,57,67,67,67,67],"floor_reached":33,"language":"ENG","playtime":1562,"items_purged":["downfall:Malfunctioning"],"score":280,"play_id":"c2e6d315-eda4-4243-af69-a8fe28328986","local_time":"20210221012123","is_ascension_mode":false,"campfire_choices":[{"data":"hexamod:Float","floor":1,"key":"SMITH"},{"data":"hexamod:GiftsFromTheDead","floor":9,"key":"SMITH"},{"floor":11,"key":"RECALL"},{"data":"hexamod:TimeOfNeed","floor":18,"key":"SMITH"},{"floor":29,"key":"REST"}],"circlet_count":0,"master_deck":["hexamod:Strike+1","hexamod:Strike+1","hexamod:Strike","hexamod:Strike+1","hexamod:Defend+1","hexamod:Defend+1","hexamod:Defend","hexamod:Defend","hexamod:Sear+1","hexamod:Float+1","hexamod:Hexaguard+1","hexamod:Hexaguard+1","hexamod:GiftsFromTheDead+1","hexamod:EmpoweredFlame+1","hexamod:FastForward+1","hexamod:TimeOfNeed+1","hexamod:SuperheatedStrike","hexamod:WildfireWeapon+1","hexamod:SuperheatedStrike","hexamod:FirstSeal","hexamod:SixthSeal","hexamod:PowerFromBeyond+1","hexamod:BurningTouch+1","hexamod:GhostflameInferno"],"relics":["hexamod:SpiritBrand","Tiny Chest","Darkstone Periapt","Pocketwatch","downfall:HeartBlessingGreen","Sundial","Tiny House","downfall:HeartBlessingRed","downfall:HeartBlessingBlue","Regal Pillow","Eternal Feather"],"acts_visited":["Exordium","TheCity"],"potions_floor_usage":[16,16,23,28,30,32],"damage_taken":[{"damage":1,"enemies":"Jaw Worm","floor":2,"turns":3},{"damage":16,"enemies":"3 Sentries","floor":6,"turns":13},{"damage":0,"enemies":"Small Slimes","floor":8,"turns":3},{"damage":0,"enemies":"downfall:FleeingMerchant","floor":12,"turns":4},{"damage":11,"enemies":"Gremlin Nob","floor":13,"turns":4},{"damage":0,"enemies":"Cultist","floor":14,"turns":4},{"damage":11,"enemies":"Gremlin Gang","floor":15,"turns":5},{"damage":16,"enemies":"WA_ARCHETYPE_RETAIN","floor":16,"turns":6},{"damage":8,"enemies":"Shell Parasite","floor":19,"turns":5},{"damage":0,"enemies":"downfall:FleeingMerchant","floor":21,"turns":4},{"damage":13,"enemies":"downfall:FleeingMerchant","floor":23,"turns":4},{"damage":10,"enemies":"downfall:FleeingMerchant","floor":25,"turns":4},{"damage":0,"enemies":"Spheric Guardian","floor":26,"turns":3},{"damage":22,"enemies":"Centurion and Healer","floor":27,"turns":5},{"damage":7,"enemies":"Snake Plant","floor":28,"turns":3},{"damage":41,"enemies":"Shelled Parasite and Fungi","floor":30,"turns":7},{"damage":13,"enemies":"3 Cultists","floor":32,"turns":4},{"damage":50,"enemies":"DF_ARCHETYPE_CLAW","floor":33,"turns":5}],"seed_played":"4117079424962614318","potions_obtained":[{"floor":8,"key":"Slimebound:ThreeZeroPotion"},{"floor":13,"key":"PowerPotion"},{"floor":16,"key":"ColorlessPotion"},{"floor":17,"key":"EssenceOfSteel"},{"floor":26,"key":"SmokeBomb"},{"floor":27,"key":"FearPotion"},{"floor":28,"key":"GamblersBrew"}],"is_trial":false,"path_per_floor":["R","M","?","?","?","E","T","M","R","T","R","$","E","M","M","B",null,"R","M","?","$","T","$","T","$","M","M","M","R","M","?","M","B"],"character_chosen":"THE_SPIRIT","items_purchased":[],"campfire_rested":1,"item_purchase_floors":[],"current_hp_per_floor":[70,69,69,74,74,58,58,58,58,58,58,58,47,47,36,20,80,90,82,82,89,89,76,76,73,73,51,44,90,56,56,50,0,0,0],"gold":67,"neow_bonus":"RANDOM_COMMON_RELIC","is_daily":false,"chose_seed":false,"campfire_upgraded":3,"win_rate":0.0,"timestamp":1613899283,"path_taken":["R","M","?","?","?","E","T","M","R","?","R","$","E","?","M","BOSS","R","M","?","?","?","$","T","$","M","M","M","R","?","?","M","BOSS"],"items_purchased_type":[],"build_version":"2020-12-22","purchased_purges":1,"victory":false,"max_hp_per_floor":[70,70,70,75,75,75,75,75,75,75,75,75,75,75,75,75,80,90,90,90,90,90,90,90,90,90,90,90,90,90,90,90,90,90,90],"card_choices":[{"not_picked":["hexamod:AdvancingGuard","hexamod:SpectralAdrenaline"],"picked":"hexamod:Hexaguard","floor":2},{"not_picked":["hexamod:HauntingEcho","hexamod:ThermalTransfer"],"picked":"hexamod:GiftsFromTheDead","floor":6},{"not_picked":["hexamod:HeatMetal","hexamod:FastForward"],"picked":"hexamod:EmpoweredFlame","floor":8},{"not_picked":["hexamod:RecurringNightmare","hexamod:GhostLash"],"picked":"hexamod:FastForward","floor":12},{"not_picked":["hexamod:InspiringFlames","hexamod:GhostShield"],"picked":"hexamod:TimeOfNeed","floor":13},{"not_picked":["hexamod:GhostShield","hexamod:BacktrackSmack","hexamod:GhostOfSpirePast"],"picked":"SKIP","floor":14},{"not_picked":["hexamod:FastForward","hexamod:PowerFromBeyond"],"picked":"hexamod:SuperheatedStrike","floor":15},{"not_picked":["hexamod:TurnItUp","hexamod:FlameSwitch"],"picked":"hexamod:WildfireWeapon","floor":16},{"not_picked":["hexamod:GhostLash","hexamod:SwordOfDarkness"],"picked":"hexamod:SuperheatedStrike","floor":17},{"not_picked":["hexamod:InspiringFlames+1","hexamod:HeatMetal+1"],"picked":"hexamod:FirstSeal","floor":19},{"not_picked":["hexamod:GhostOfSpirePast","hexamod:BacktrackSmack+1","hexamod:HauntingEcho"],"picked":"SKIP","floor":21},{"not_picked":["hexamod:SecondSeal","hexamod:NightmareGuise"],"picked":"hexamod:PowerFromBeyond+1","floor":23},{"not_picked":["hexamod:GhostShield+1","hexamod:DynamicBlow","hexamod:CatchUp"],"picked":"SKIP","floor":25},{"not_picked":["hexamod:Hexaguard+1","hexamod:ThermalTransfer"],"picked":"hexamod:BurningTouch+1","floor":26},{"not_picked":["hexamod:SuperheatedStrike","hexamod:NightmareGuise","hexamod:PhantomCloak"],"picked":"SKIP","floor":27},{"not_picked":["hexamod:ThirdSeal","hexamod:PhantomCloak","hexamod:FlamesFromBeyond"],"picked":"SKIP","floor":28},{"not_picked":["hexamod:SoulSteal","hexamod:ExtraCrispy"],"picked":"hexamod:GhostflameInferno","floor":30},{"not_picked":["hexamod:AdvancingGuard","hexamod:NightmareGuise","hexamod:ShieldOfDarkness"],"picked":"SKIP","floor":32}],"player_experience":336688,"relics_obtained":[{"floor":6,"key":"Darkstone Periapt"},{"floor":7,"key":"Pocketwatch"},{"floor":13,"key":"Sundial"},{"floor":22,"key":"Regal Pillow"},{"floor":24,"key":"Eternal Feather"}],"event_choices":[{"damage_healed":0,"gold_gain":0,"player_choice":"Donut","damage_taken":0,"max_hp_gain":5,"max_hp_loss":0,"event_name":"Big Fish","floor":4,"gold_loss":0}],"is_beta":false,"boss_relics":[{"not_picked":["hexamod:UnbrokenSoul","Runic Pyramid"],"picked":"Tiny House"}],"items_purged_floors":[23],"is_endless":false,"potions_floor_spawned":[8,13,16,26,27,28],"killed_by":"DF_ARCHETYPE_CLAW","ascension_level":0}}