{"host":"tp1hyvdwlciy3xbu","time":1613885773,"event":{"mods":["BaseMod","Marisa£®ÏF”Í°°ƒß¿Ì…≥£©","Minty Spire (QoL Compilation)","SIMod","StSLib","The Construct","The Servant 0.9.4"],"gold_per_floor":[110,35,35,35,35,35,62,62,89,89,89,130,151,176,176,314,314,339,92,115,115,165,199,50,74,128,128,151,185,205,222,222,337,337,365,240,259,102,122,122,132,157,210,210,60,76,76,87,87,87,87],"floor_reached":50,"language":"ZHS","playtime":1232,"items_purged":["Strike_MRS","Strike_MRS","WitchOfGreed","Strike_MRS"],"score":596,"play_id":"f0f1f1c4-fea0-4582-9d98-f744c759ddbf","local_time":"20210221133613","is_ascension_mode":true,"campfire_choices":[{"floor":6.0,"key":"REST"},{"data":"MasterSpark","floor":8.0,"key":"SMITH"},{"data":"ShootingEcho","floor":15.0,"key":"SMITH"},{"data":"TreasureHunter","floor":32.0,"key":"SMITH"},{"data":"MeteoricShower","floor":40.0,"key":"SMITH"},{"floor":49.0,"key":"REST"}],"circlet_count":0,"master_deck":["Strike_MRS+1","Defend_MRS","Defend_MRS","Defend_MRS+1","Defend_MRS","MasterSpark+1","UpSweep","DC","MeteoricShower","MeteoricShower+1","ShootingEcho+1","TreasureHunter+1","WitchLeyline+1","SuperPerseids","ShootingEcho","GrandCross"],"relics":["BewitchedHakkero","NeowsBlessing","InkBottle","Lantern","Art of War","Bloody Idol","Akabeko","Busted Crown","PreservedInsect","MutagenicStrength","Red Mask","Juzu Bracelet","Dream Catcher","Chemical X","Ancient Tea Set","Nunchaku","HornCleat","Omamori","Bag of Preparation","Orichalcum","Bag of Marbles"],"acts_visited":["Exordium","TheCity","TheBeyond"],"potions_floor_usage":[50,50],"damage_taken":[{"damage":0.0,"enemies":"Small Slimes","floor":1.0,"turns":1.0},{"damage":0.0,"enemies":"3 Sentries","floor":7.0,"turns":1.0},{"damage":0.0,"enemies":"Lagavulin","floor":12.0,"turns":1.0},{"damage":0.0,"enemies":"Jaw Worm","floor":13.0,"turns":1.0},{"damage":0.0,"enemies":"2 Louse","floor":14.0,"turns":1.0},{"damage":42.0,"enemies":"Hexaghost","floor":16.0,"turns":9.0},{"damage":0.0,"enemies":"Spheric Guardian","floor":18.0,"turns":1.0},{"damage":20.0,"enemies":"2 Thieves","floor":20.0,"turns":3.0},{"damage":16.0,"enemies":"Masked Bandits","floor":22.0,"turns":4.0},{"damage":7.0,"enemies":"Slavers","floor":23.0,"turns":4.0},{"damage":0.0,"enemies":"Snake Plant","floor":25.0,"turns":1.0},{"damage":16.0,"enemies":"Book of Stabbing","floor":29.0,"turns":3.0},{"damage":0.0,"enemies":"Centurion and Healer","floor":30.0,"turns":3.0},{"damage":0.0,"enemies":"3 Cultists","floor":31.0,"turns":3.0},{"damage":11.0,"enemies":"Automaton","floor":33.0,"turns":4.0},{"damage":0.0,"enemies":"Orb Walker","floor":35.0,"turns":2.0},{"damage":3.0,"enemies":"3 Shapes","floor":37.0,"turns":2.0},{"damage":26.0,"enemies":"Sphere and 2 Shapes","floor":39.0,"turns":4.0},{"damage":13.0,"enemies":"Transient","floor":41.0,"turns":5.0},{"damage":30.0,"enemies":"Reptomancer","floor":42.0,"turns":5.0},{"damage":0.0,"enemies":"Spire Growth","floor":46.0,"turns":1.0},{"damage":16.0,"enemies":"Writhing Mass","floor":48.0,"turns":2.0},{"damage":52,"enemies":"Time Eater","floor":50,"turns":5}],"seed_played":"-3281870319461896414","potions_obtained":[{"floor":7.0,"key":"StarNLove"},{"floor":13.0,"key":"SmokeBomb"},{"floor":16.0,"key":"SkillPotion"},{"floor":23.0,"key":"GamblersBrew"},{"floor":35.0,"key":"Fire Potion"}],"is_trial":false,"path_per_floor":["M","$","?","?","?","R","E","R","T","?","$","E","M","M","R","B",null,"M","$","M","?","?","E","$","M","T","?","T","E","M","M","R","B",null,"M","$","M","$","M","R","M","E","T","?","$","M","?","M","R","B"],"character_chosen":"MARISA","items_purchased":["PreservedInsect","Chemical X","Omamori"],"campfire_rested":2,"item_purchase_floors":[19,24,38],"current_hp_per_floor":[75,75,80,64,39,63,63,63,63,43,43,43,43,43,43,1,80,80,80,60,60,44,37,37,37,37,37,42,31,36,41,41,35,80,80,80,80,80,59,59,51,26,31,31,31,36,36,25,49,0,0],"gold":87,"neow_bonus":"THREE_ENEMY_KILL","is_daily":false,"chose_seed":false,"campfire_upgraded":4,"win_rate":0.0,"timestamp":1613885773,"path_taken":["M","$","?","?","?","R","E","R","T","?","$","E","M","M","R","BOSS","M","$","M","?","?","E","$","M","T","?","?","E","M","M","R","BOSS","M","$","M","$","M","R","M","E","T","?","$","M","?","M","R","BOSS"],"items_purchased_type":["Relic","Relic","Relic"],"build_version":"2020-12-22","purchased_purges":4,"victory":false,"max_hp_per_floor":[75,75,80,80,80,80,80,80,80,80,80,80,80,80,80,80,80,80,80,80,80,80,80,80,80,80,80,80,80,80,80,80,80,80,80,80,80,80,80,80,80,80,80,80,80,80,80,80,80,80,80],"card_choices":[{"not_picked":["NonDirectionalLaser","AsteroidBelt"],"picked":"DC","floor":1.0},{"not_picked":["SuperPerseids","MysteriousBeam"],"picked":"MeteoricShower","floor":7.0},{"not_picked":["DarkSpark","OneTimeOff"],"picked":"MeteoricShower","floor":12.0},{"not_picked":["Acceleration","IllusionStar"],"picked":"WitchOfGreed","floor":13.0},{"not_picked":["AlicesGift","LuminesStrike"],"picked":"ShootingEcho","floor":14.0},{"not_picked":["JA","MaximisePower"],"picked":"TreasureHunter","floor":16.0},{"not_picked":["LuminesStrike"],"picked":"SKIP","floor":18.0},{"not_picked":["Occultation"],"picked":"SKIP","floor":20.0},{"not_picked":[],"picked":"WitchLeyline+1","floor":22.0},{"not_picked":["6A"],"picked":"SKIP","floor":23.0},{"not_picked":["GravityBeat"],"picked":"SKIP","floor":25.0},{"not_picked":["MysteriousBeam"],"picked":"SKIP","floor":29.0},{"not_picked":[],"picked":"SuperPerseids","floor":30.0},{"not_picked":["OpenUniverse"],"picked":"SKIP","floor":31.0},{"not_picked":["DC+1"],"picked":"SKIP","floor":35.0},{"not_picked":["StarlightTyphoon+1"],"picked":"SKIP","floor":37.0},{"not_picked":["WitchOfGreed+1"],"picked":"SKIP","floor":39.0},{"not_picked":["AsteroidBelt"],"picked":"SKIP","floor":41.0},{"not_picked":["DC"],"picked":"SKIP","floor":42.0},{"not_picked":[],"picked":"ShootingEcho","floor":46.0},{"not_picked":["GravityBeat"],"picked":"SKIP","floor":48.0},{"not_picked":[],"picked":"GrandCross","floor":49.0}],"player_experience":327592,"relics_obtained":[{"floor":7.0,"key":"Lantern"},{"floor":9.0,"key":"Art of War"},{"floor":12.0,"key":"Akabeko"},{"floor":22.0,"key":"Red Mask"},{"floor":23.0,"key":"Juzu Bracelet"},{"floor":23.0,"key":"Dream Catcher"},{"floor":26.0,"key":"Ancient Tea Set"},{"floor":28.0,"key":"Nunchaku"},{"floor":29.0,"key":"HornCleat"},{"floor":42.0,"key":"Bag of Preparation"},{"floor":42.0,"key":"Orichalcum"},{"floor":43.0,"key":"Bag of Marbles"}],"event_choices":[{"damage_healed":0.0,"max_hp_gain":5.0,"max_hp_loss":0.0,"gold_gain":0.0,"event_name":"Big Fish","player_choice":"Donut","floor":3.0,"gold_loss":0.0,"damage_taken":0.0},{"damage_healed":0.0,"max_hp_gain":0.0,"max_hp_loss":0.0,"gold_gain":0.0,"event_name":"Shining Light","player_choice":"Entered Light","floor":4.0,"gold_loss":0.0,"damage_taken":16.0,"cards_upgraded":["Defend_MRS","Strike_MRS"]},{"damage_healed":0.0,"max_hp_gain":0.0,"max_hp_loss":0.0,"gold_gain":0.0,"event_name":"Scrap Ooze","player_choice":"Success","floor":5.0,"gold_loss":0.0,"damage_taken":25.0,"relics_obtained":["InkBottle"]},{"damage_healed":0.0,"max_hp_gain":0.0,"max_hp_loss":0.0,"gold_gain":0.0,"event_name":"Golden Idol","player_choice":"Take Damage","floor":10.0,"gold_loss":0.0,"damage_taken":20.0,"relics_obtained":["Golden Idol"]},{"damage_healed":0.0,"max_hp_gain":0.0,"max_hp_loss":0.0,"gold_gain":0.0,"event_name":"Drug Dealer","player_choice":"Inject Mutagens","floor":21.0,"gold_loss":0.0,"damage_taken":0.0,"relics_obtained":["MutagenicStrength"]},{"damage_healed":0.0,"max_hp_gain":0.0,"max_hp_loss":0.0,"gold_gain":0.0,"event_name":"Masked Bandits","player_choice":"Fought Bandits","floor":22.0,"gold_loss":0.0,"damage_taken":0.0},{"damage_healed":0.0,"max_hp_gain":0.0,"max_hp_loss":0.0,"gold_gain":0.0,"event_name":"Forgotten Altar","player_choice":"Gave Idol","floor":27.0,"relics_lost":["Golden Idol"],"gold_loss":0.0,"damage_taken":0.0,"relics_obtained":["Bloody Idol"]},{"damage_healed":0.0,"max_hp_gain":0.0,"max_hp_loss":0.0,"gold_gain":0.0,"event_name":"Mysterious Sphere","player_choice":"Ignored","floor":44.0,"gold_loss":0.0,"damage_taken":0.0},{"damage_healed":0.0,"max_hp_gain":0.0,"max_hp_loss":0.0,"gold_gain":0.0,"event_name":"SecretPortal","player_choice":"Ignored","floor":47.0,"gold_loss":0.0,"damage_taken":0.0}],"is_beta":false,"boss_relics":[{"not_picked":["Astrolabe","construct:WeddingRing"],"picked":"Busted Crown"},{"not_picked":["Runic Dome","Calling Bell"],"picked":"BewitchedHakkero"}],"items_purged_floors":[2,19,36,45],"is_endless":false,"potions_floor_spawned":[7,13,16,18,23,25,30,35,41,48],"killed_by":"Time Eater","ascension_level":1}}