{"host":"f8krwbl1oysf3v6f","time":1613869581,"event":{"mods":["AchievementEnabler","BaseMod","Colored Map","DeckTracker","Minty Spire (QoL Compilation)","Permanent Neow","READ ME - Snecko Mod","StSLib","SuperFastMode","Td1madao Mod"],"gold_per_floor":[111,49,66,80,80,105,105,131,201,217,246,246,196,229,229,332,332,348,348,377,394,404,437,437,437,437,454,471,485,123,449,449,546,546,557,574,27,43,63,63,82,82,82,82,102,102,113,113,113,113],"floor_reached":51,"language":"KOR","playtime":1810,"items_purged":["Anger"],"score":1566,"play_id":"b628ec13-c6b1-4c80-961b-9b3235681fec","local_time":"20210221100621","is_ascension_mode":true,"campfire_choices":[{"data":"Searing Blow+9","floor":7,"key":"SMITH"},{"data":"Searing Blow+10","floor":12,"key":"SMITH"},{"data":"Searing Blow+11","floor":15,"key":"SMITH"},{"data":"Searing Blow+12","floor":24,"key":"SMITH"},{"data":"Searing Blow+13","floor":32,"key":"SMITH"},{"data":"Searing Blow+14","floor":40,"key":"SMITH"},{"data":"Searing Blow+15","floor":42,"key":"SMITH"},{"data":"Searing Blow+16","floor":44,"key":"SMITH"},{"data":"Searing Blow+17","floor":49,"key":"SMITH"}],"circlet_count":0,"master_deck":["Searing Blow+18","Armaments+1","Necronomicurse","Immolate","CurseOfTheBell","Trip","Searing Blow+17"],"relics":["Burning Blood","NeowsBlessing","Necronomicon","Sundial","White Beast Statue","Kunai","InkBottle","StoneCalendar","The Courier","Happy Flower","Champion Belt","Calling Bell","Juzu Bracelet","Shuriken","Charon\u0027s Ashes","Red Mask","Smiling Mask","Molten Egg 2","Bag of Preparation","Cauldron","Old Coin","Vajra","Darkstone Periapt","Lantern","Brimstone","Frozen Egg 2"],"acts_visited":["Exordium","TheCity","TheBeyond"],"potions_floor_usage":[10],"damage_taken":[{"damage":0,"enemies":"Small Slimes","floor":1,"turns":2},{"damage":0,"enemies":"Cultist","floor":3,"turns":1},{"damage":0,"enemies":"Jaw Worm","floor":4,"turns":1},{"damage":0,"enemies":"Gremlin Nob","floor":6,"turns":1},{"damage":0,"enemies":"Lagavulin","floor":8,"turns":1},{"damage":17,"enemies":"Lots of Slimes","floor":10,"turns":2},{"damage":10,"enemies":"3 Sentries","floor":11,"turns":4},{"damage":0,"enemies":"Lagavulin","floor":14,"turns":1},{"damage":0,"enemies":"Slime Boss","floor":16,"turns":1},{"damage":0,"enemies":"Spheric Guardian","floor":18,"turns":1},{"damage":7,"enemies":"Masked Bandits","floor":20,"turns":2},{"damage":0,"enemies":"Shell Parasite","floor":21,"turns":1},{"damage":0,"enemies":"Snake Plant","floor":22,"turns":1},{"damage":20,"enemies":"Slavers","floor":23,"turns":3},{"damage":0,"enemies":"Centurion and Healer","floor":27,"turns":2},{"damage":0,"enemies":"Cultist and Chosen","floor":28,"turns":2},{"damage":0,"enemies":"Chosen and Byrds","floor":29,"turns":2},{"damage":0,"enemies":"Gremlin Leader","floor":31,"turns":1},{"damage":0,"enemies":"Champ","floor":33,"turns":1},{"damage":3,"enemies":"3 Shapes","floor":35,"turns":1},{"damage":0,"enemies":"Orb Walker","floor":36,"turns":1},{"damage":0,"enemies":"3 Darklings","floor":38,"turns":1},{"damage":0,"enemies":"Spire Growth","floor":39,"turns":1},{"damage":3,"enemies":"4 Shapes","floor":41,"turns":1},{"damage":0,"enemies":"Jaw Worm Horde","floor":45,"turns":1},{"damage":0,"enemies":"Transient","floor":47,"turns":2},{"damage":0,"enemies":"Time Eater","floor":50,"turns":1}],"seed_played":"-6109405686952115684","potions_obtained":[{"floor":3,"key":"ColorlessPotion"},{"floor":4,"key":"ElixirPotion"},{"floor":6,"key":"BlessingOfTheForge"},{"floor":10,"key":"SpeedPotion"},{"floor":19,"key":"LiquidMemories"},{"floor":19,"key":"EntropicBrew"},{"floor":28,"key":"LiquidMemories"}],"is_trial":false,"path_per_floor":["M","?","M","M","T","E","R","E","T","M","E","R","?","E","R","B",null,"M","?","?","M","M","E","R","?","T","M","M","M","$","E","R","B",null,"M","M","$","M","M","R","M","R","T","R","M","?","M","?","R","B",null],"character_chosen":"IRONCLAD","items_purchased":["Bag of Preparation","Trip","Cauldron","Vajra","Darkstone Periapt","Lantern","Brimstone"],"campfire_rested":0,"item_purchase_floors":[30,30,30,37,37,37,37],"current_hp_per_floor":[78,78,80,80,80,80,80,80,80,69,65,65,65,71,71,77,79,80,80,79,80,80,66,66,66,66,72,78,80,80,80,80,80,80,80,80,80,80,80,80,80,80,80,80,80,80,80,80,80,80],"gold":113,"neow_bonus":"THREE_ENEMY_KILL","is_daily":false,"chose_seed":false,"campfire_upgraded":9,"win_rate":0.0,"timestamp":1613869581,"path_taken":["M","?","?","M","?","E","R","E","T","?","E","R","?","E","R","BOSS","M","?","?","M","M","E","R","?","T","M","M","M","$","E","R","BOSS","M","M","$","M","M","R","M","R","T","R","M","?","M","?","R","BOSS"],"items_purchased_type":["Relic","Card","Relic","Relic","Relic","Relic","Relic"],"build_version":"2020-12-22","purchased_purges":1,"victory":true,"max_hp_per_floor":[80,80,80,80,80,80,80,80,80,80,80,80,80,80,80,80,80,80,80,80,80,80,80,80,80,80,80,80,80,80,80,80,80,80,80,80,80,80,80,80,80,80,80,80,80,80,80,80,80,80],"card_choices":[{"not_picked":["Headbutt","Uppercut"],"picked":"Clash","floor":1},{"not_picked":["Cleave","Wild Strike"],"picked":"Thunderclap","floor":3},{"not_picked":["Body Slam","Dark Embrace","Clash"],"picked":"SKIP","floor":4},{"not_picked":["Uppercut","Wild Strike","Perfected Strike"],"picked":"SKIP","floor":6},{"not_picked":["Heavy Blade","Shrug It Off","Pummel"],"picked":"SKIP","floor":8},{"not_picked":["Heavy Blade","Dark Embrace","Blood for Blood"],"picked":"SKIP","floor":10},{"not_picked":["Flame Barrier","Wild Strike","Power Through"],"picked":"SKIP","floor":11},{"not_picked":["Reckless Charge","Dual Wield","Limit Break"],"picked":"SKIP","floor":14},{"not_picked":["Berserk","Juggernaut"],"picked":"Immolate","floor":16},{"not_picked":["Headbutt","Power Through","Shrug It Off+1"],"picked":"SKIP","floor":18},{"not_picked":["Headbutt","Wild Strike","Barricade"],"picked":"SKIP","floor":21},{"not_picked":["Inflame","Shrug It Off","Perfected Strike"],"picked":"SKIP","floor":22},{"not_picked":["Pummel","Armaments","Blood for Blood+1"],"picked":"SKIP","floor":23},{"not_picked":["Disarm","Shockwave","Fire Breathing"],"picked":"SKIP","floor":27},{"not_picked":["Clothesline+1","Sentinel","Wild Strike+1"],"picked":"SKIP","floor":28},{"not_picked":["Havoc","Blood for Blood+1","Bludgeon+1"],"picked":"SKIP","floor":29},{"not_picked":["Juggernaut","Armaments","Body Slam+1"],"picked":"SKIP","floor":31},{"not_picked":["Warcry+1","Blood for Blood+1","Armaments+1"],"picked":"SKIP","floor":35},{"not_picked":["Carnage+1","Dropkick+1","Power Through+1"],"picked":"SKIP","floor":36},{"not_picked":["Body Slam+1","Uppercut+1","Iron Wave+1"],"picked":"SKIP","floor":38},{"not_picked":["Perfected Strike+1","Clash+1","Flex+1"],"picked":"SKIP","floor":39},{"not_picked":["Body Slam+1","Armaments","Demon Form"],"picked":"SKIP","floor":41},{"not_picked":["Body Slam+1","Shrug It Off","Hemokinesis+1"],"picked":"SKIP","floor":45},{"not_picked":["Clothesline+1","Warcry","Pommel Strike+1"],"picked":"SKIP","floor":47}],"player_experience":230311,"relics_obtained":[{"floor":5,"key":"Kunai"},{"floor":6,"key":"InkBottle"},{"floor":8,"key":"StoneCalendar"},{"floor":9,"key":"The Courier"},{"floor":11,"key":"Happy Flower"},{"floor":14,"key":"Champion Belt"},{"floor":17,"key":"Juzu Bracelet"},{"floor":17,"key":"Shuriken"},{"floor":17,"key":"Charon\u0027s Ashes"},{"floor":20,"key":"Red Mask"},{"floor":23,"key":"Smiling Mask"},{"floor":26,"key":"Molten Egg 2"},{"floor":31,"key":"Old Coin"},{"floor":43,"key":"Frozen Egg 2"}],"event_choices":[{"damage_healed":0,"gold_gain":0,"player_choice":"Paid Gold","damage_taken":0,"relics_obtained":["White Beast Statue"],"max_hp_gain":0,"max_hp_loss":0,"event_name":"WeMeetAgain","floor":2,"gold_loss":62},{"cards_removed":["Clash"],"damage_healed":0,"gold_gain":0,"player_choice":"Card Removal","damage_taken":0,"max_hp_gain":0,"max_hp_loss":0,"event_name":"The Cleric","floor":13,"gold_loss":50},{"damage_healed":0,"gold_gain":0,"player_choice":"Got Potions","damage_taken":0,"max_hp_gain":0,"max_hp_loss":0,"event_name":"Lab","floor":19,"gold_loss":0},{"damage_healed":0,"gold_gain":0,"player_choice":"Fought Bandits","damage_taken":0,"max_hp_gain":0,"max_hp_loss":0,"event_name":"Masked Bandits","floor":20,"gold_loss":0},{"damage_healed":0,"gold_gain":0,"cards_transformed":["Thunderclap"],"player_choice":"Transformed","damage_taken":0,"max_hp_gain":0,"max_hp_loss":0,"event_name":"Transmorgrifier","floor":25,"gold_loss":0,"cards_obtained":["Anger"]},{"damage_healed":0,"gold_gain":0,"player_choice":"Copied","damage_taken":0,"max_hp_gain":0,"max_hp_loss":0,"event_name":"Duplicator","floor":46,"gold_loss":0,"cards_obtained":["Searing Blow"]},{"damage_healed":0,"gold_gain":0,"player_choice":"Memory 1","damage_taken":0,"max_hp_gain":0,"max_hp_loss":0,"event_name":"SensoryStone","floor":48,"gold_loss":0}],"is_beta":false,"boss_relics":[{"not_picked":["Pandora\u0027s Box","Runic Cube"],"picked":"Calling Bell"},{"not_picked":["Empty Cage","Fusion Hammer","Cursed Key"]}],"items_purged_floors":[30],"is_endless":false,"potions_floor_spawned":[3,4,6,8,10,11,14,16,18,20,21,22,23,27,28,29,31,33,35,36,38,39,41,45,47],"ascension_level":9}}