{"host":"larixs0aq140idw7","time":1613917976,"event":{"mods":["BaseMod","Colored Powertips","Downfall","Infinite Spire","Minty Spire (QoL Compilation)","Reliquary","StSLib"],"gold_per_floor":[99,99,99,99,99,99,170,205,8,108,383,133,133,145,165,263,263,263,276,376,392,392,407,407,407,426,446,446,485,585,621,632,746,746,746,746],"floor_reached":34,"language":"ENG","playtime":2301,"items_purged":["Pain","Regret"],"score":586,"play_id":"4e399c76-5668-4f7b-8fb3-698bbb17bdf9","local_time":"20210221153256","is_ascension_mode":false,"campfire_choices":[{"data":"Guardian:TwinSlam","floor":1,"key":"SMITH"},{"data":"Guardian:PrismaticBarrier","floor":6,"key":"SMITH"},{"data":"Guardian:StasisStrike","floor":13,"key":"SMITH"},{"data":"Guardian:ConstructionForm","floor":18,"key":"SMITH"}],"circlet_count":0,"master_deck":["Guardian:Strike_Guardian","Guardian:Strike_Guardian+1","Guardian:Strike_Guardian","Guardian:Strike_Guardian+1","Guardian:Defend_Guardian","Guardian:Defend_Guardian","Guardian:Defend_Guardian+1","Guardian:Defend_Guardian","Guardian:CurlUp","Guardian:TwinSlam+1","Guardian:PrismaticBarrier+1","Guardian:FloatingOrbs","Guardian:BronzeOrb","Guardian:StasisStrike+1","Guardian:ConstructionForm+1","Guardian:TimeBomb","Guardian:BronzeOrb","Guardian:Gem_Purple","Guardian:Emergency","Guardian:ExploitGems","infinitespire:Menacing","Guardian:Gem_Purple","downfall:Haunted","downfall:Haunted","downfall:Bewildered","Guardian:TimeSifter","Writhe","downfall:Icky","Guardian:StasisField"],"relics":["Guardian:ModeShifter","downfall:HeartsMalice","WarpedTongs","infinitespire:CursedDice","SlaversCollar","Shovel","reliquary:Sod","downfall:RedIOU","infinitespire:Midas Blood","Philosopher\u0027s Stone","reliquary:SilkGlove","Darkstone Periapt","reliquary:Aerogel","reliquary:ThirdArm"],"acts_visited":["Exordium","TheCity","TheBeyond"],"potions_floor_usage":[29,29,29],"damage_taken":[{"damage":0,"enemies":"2 Louse","floor":2,"turns":1},{"damage":0,"enemies":"Cultist","floor":5,"turns":1},{"damage":0,"enemies":"Lagavulin","floor":8,"turns":1},{"damage":9,"enemies":"downfall:FleeingMerchant","floor":9,"turns":4},{"damage":10,"enemies":"downfall:FleeingMerchant","floor":12,"turns":4},{"damage":0,"enemies":"Jaw Worm","floor":14,"turns":3},{"damage":0,"enemies":"3 Louse","floor":15,"turns":3},{"damage":18,"enemies":"WA_ARCHETYPE_RETAIN","floor":16,"turns":9},{"damage":5,"enemies":"Spheric Guardian","floor":19,"turns":5},{"damage":8,"enemies":"SI_SHIV_ARCHETYPE","floor":20,"turns":8},{"damage":13,"enemies":"downfall:LooterAlt2","floor":21,"turns":5},{"damage":12,"enemies":"Sentry and Sphere","floor":23,"turns":7},{"damage":17,"enemies":"3 Cultists","floor":26,"turns":5},{"damage":16,"enemies":"Centurion and Healer","floor":27,"turns":7},{"damage":14,"enemies":"Gremlin Leader","floor":29,"turns":4},{"damage":20,"enemies":"Book of Stabbing","floor":31,"turns":7},{"damage":0,"enemies":"Snecko","floor":32,"turns":6},{"damage":53,"enemies":"IC_MUSHROOM_ARCHETYPE","floor":33,"turns":10}],"seed_played":"-2958241410589902561","potions_obtained":[{"floor":14,"key":"Ancient Potion"},{"floor":15,"key":"AttackPotion"},{"floor":19,"key":"Explosive Potion"},{"floor":31,"key":"EntropicBrew"},{"floor":32,"key":"Weak Potion"},{"floor":33,"key":"Explosive Potion"}],"is_trial":false,"path_per_floor":["R","M","?","?","M","R","T","E","$","?","?","$","R","M","M","B",null,"R","M","?","M","?","M","T","?","M","M","AVR","E","?","E","M","B",null],"character_chosen":"GUARDIAN","items_purchased":["Guardian:Gem_Red","Guardian:BronzeOrb","Guardian:StasisStrike"],"campfire_rested":0,"item_purchase_floors":[9,9,12],"current_hp_per_floor":[80,80,80,80,80,80,80,80,71,71,71,61,61,61,61,43,80,80,75,67,54,54,42,42,42,25,9,9,49,84,64,64,11,115,115,115],"gold":746,"neow_bonus":"THREE_ENEMY_KILL","is_daily":false,"chose_seed":false,"campfire_upgraded":4,"win_rate":0.0,"timestamp":1613917976,"path_taken":["R","M","?","?","?","R","T","E","$","?","?","$","R","?","M","BOSS","R","M","?","M","?","M","T","?","M","?","AVR","E","?","E","M","BOSS"],"items_purchased_type":["Card","Card","Card"],"build_version":"2020-12-22","purchased_purges":2,"victory":false,"max_hp_per_floor":[80,80,80,80,80,80,80,80,80,80,80,80,80,80,80,80,80,80,80,80,80,80,80,80,80,80,80,80,80,115,115,115,115,115,115,115],"card_choices":[{"not_picked":["Guardian:Repulse","Guardian:Suspension","Guardian:PiercingHide"],"picked":"SKIP","floor":2},{"not_picked":["Guardian:Gem_Lightblue","Guardian:TemporalShield"],"picked":"Guardian:PrismaticBarrier","floor":5},{"not_picked":["Guardian:TemporalShield","Guardian:Planning"],"picked":"Guardian:FloatingOrbs","floor":8},{"not_picked":["Guardian:FastForward","Guardian:GuardianWhirl"],"picked":"Guardian:Gem_Synthetic","floor":9},{"not_picked":["Guardian:PrimingBeam","Guardian:Harden"],"picked":"Guardian:Gem_Purple","floor":12},{"not_picked":["Guardian:Gem_Lightblue","Guardian:Planning"],"picked":"Guardian:Gem_White","floor":14},{"not_picked":["Guardian:Planning","Guardian:TemporalShield","Guardian:Gem_Cyan"],"picked":"SKIP","floor":15},{"not_picked":["Guardian:StasisField","Guardian:SphericShield"],"picked":"Guardian:ConstructionForm","floor":16},{"not_picked":["Guardian:Recover","Guardian:TemporalStrike"],"picked":"Guardian:TimeBomb","floor":19},{"not_picked":["Guardian:Planning","Guardian:Gem_Green"],"picked":"Guardian:BronzeOrb","floor":21},{"not_picked":["Guardian:Recover","Guardian:Gem_Lightblue"],"picked":"Guardian:Gem_Purple","floor":23},{"not_picked":["Guardian:Gem_Lightblue","Guardian:PiercingHide"],"picked":"Guardian:Emergency","floor":26},{"not_picked":["Guardian:Preprogram","Guardian:WalkerClaw"],"picked":"Guardian:ExploitGems","floor":27},{"not_picked":["Guardian:ShieldCharger","Guardian:RollAttack"],"picked":"Guardian:Gem_Purple","floor":29},{"not_picked":["Guardian:Reroute","Guardian:VentSteam","Guardian:Incinerate"],"picked":"SKIP","floor":31},{"not_picked":["Guardian:Recover","Guardian:Gem_Purple","Guardian:VentSteam"],"picked":"SKIP","floor":32},{"not_picked":["Guardian:BaubleBeam","Guardian:RevengeProtocol"],"picked":"Guardian:StasisField","floor":33}],"player_experience":10803,"relics_obtained":[{"floor":7,"key":"reliquary:QuartzCube"},{"floor":8,"key":"infinitespire:CursedDice"},{"floor":20,"key":"Shovel"},{"floor":20,"key":"reliquary:Sod"},{"floor":24,"key":"infinitespire:Midas Blood"},{"floor":29,"key":"reliquary:SilkGlove"},{"floor":31,"key":"reliquary:Aerogel"}],"event_choices":[],"is_beta":false,"boss_relics":[{"not_picked":["reliquary:WritOfMandamus","Guardian:StasisSlotReductionRelic"],"picked":"SlaversCollar"},{"not_picked":["reliquary:RedPaperclip","reliquary:RedCape"],"picked":"reliquary:ThirdArm"}],"items_purged_floors":[9,12],"is_endless":false,"potions_floor_spawned":[14,15,19,21,27,31,32,33],"ascension_level":0}}