{"host":"b0hicta09nhxha44","time":1613934212,"event":{"mods":["BaseMod","Highlight Path","Minty Spire (QoL Compilation)","Slay-I"],"gold_per_floor":[116,116,116,131,151,151,176,188,238,238,78,105,105,125,125,125,125],"floor_reached":16,"language":"ENG","playtime":1061,"items_purged":["Defend_P"],"score":215,"play_id":"20340309-064e-4c27-aab3-d47d585fd298","local_time":"20210221190332","is_ascension_mode":true,"campfire_choices":[{"data":"Prostrate","floor":6,"key":"SMITH"},{"floor":10,"key":"REST"},{"floor":13,"key":"REST"},{"data":"Prostrate","floor":15,"key":"SMITH"}],"circlet_count":0,"master_deck":["AscendersBane","Strike_P","Strike_P+1","Strike_P","Strike_P","Defend_P","Defend_P","Defend_P","Eruption+1","Vigilance+1","Worship","Prostrate+1","EmptyBody+1","ClearTheMind","ThirdEye","JustLucky","SashWhip","WheelKick","Prostrate+1"],"relics":["PureWater","NeowsBlessing","Letter Opener","Vajra","War Paint"],"acts_visited":["Exordium"],"potions_floor_usage":[7,16],"damage_taken":[{"damage":0,"enemies":"Small Slimes","floor":1,"turns":1},{"damage":0,"enemies":"Jaw Worm","floor":4,"turns":1},{"damage":0,"enemies":"Cultist","floor":5,"turns":1},{"damage":19,"enemies":"Lagavulin","floor":7,"turns":7},{"damage":20,"enemies":"Exordium Wildlife","floor":8,"turns":6},{"damage":28,"enemies":"3 Sentries","floor":12,"turns":8},{"damage":7,"enemies":"2 Fungi Beasts","floor":14,"turns":4},{"damage":30,"enemies":"The Guardian","floor":16,"turns":5}],"seed_played":"5477819811002874238","potions_obtained":[{"floor":1,"key":"Swift Potion"},{"floor":12,"key":"PowerPotion"}],"is_trial":false,"path_per_floor":["M","?","?","M","M","R","E","M","T","R","$","E","R","M","R","B"],"character_chosen":"WATCHER","items_purchased":["JustLucky","SashWhip"],"campfire_rested":2,"item_purchase_floors":[11,11],"current_hp_per_floor":[61,41,63,63,63,63,44,24,24,44,44,16,36,29,29,0,0],"gold":125,"neow_bonus":"THREE_ENEMY_KILL","is_daily":false,"chose_seed":false,"campfire_upgraded":2,"win_rate":0.0,"timestamp":1613934212,"path_taken":["M","?","?","M","?","R","E","M","T","R","$","E","R","M","R","BOSS"],"items_purchased_type":["Card","Card"],"build_version":"2020-12-22","purchased_purges":1,"victory":false,"max_hp_per_floor":[68,68,68,68,68,68,68,68,68,68,68,68,68,68,68,68,68],"card_choices":[{"not_picked":["Halt","EmptyBody"],"picked":"Worship","floor":1},{"not_picked":["ClearTheMind","PathToVictory"],"picked":"Prostrate","floor":4},{"not_picked":["ReachHeaven","Nirvana"],"picked":"EmptyBody","floor":5},{"not_picked":["EmptyFist","Devotion"],"picked":"ClearTheMind","floor":7},{"not_picked":["ForeignInfluence","Fasting2"],"picked":"ThirdEye","floor":8},{"not_picked":["BowlingBash","ClearTheMind"],"picked":"WheelKick","floor":12},{"not_picked":["Adaptation","Collect"],"picked":"Prostrate","floor":14}],"player_experience":3622925,"relics_obtained":[{"floor":7,"key":"Letter Opener"},{"floor":9,"key":"Vajra"},{"floor":12,"key":"War Paint"}],"event_choices":[{"damage_healed":0,"gold_gain":0,"player_choice":"Entered Light","damage_taken":20,"max_hp_gain":0,"max_hp_loss":0,"event_name":"Shining Light","floor":2,"gold_loss":0,"cards_upgraded":["Strike_P","Eruption"]},{"damage_healed":22,"gold_gain":0,"player_choice":"Banana","damage_taken":0,"max_hp_gain":0,"max_hp_loss":0,"event_name":"Big Fish","floor":3,"gold_loss":0}],"is_beta":false,"boss_relics":[],"items_purged_floors":[11],"is_endless":false,"potions_floor_spawned":[1,12],"killed_by":"The Guardian","ascension_level":19}}