{"host":"050ensmz1fh1c58u","time":1613933267,"event":{"mods":["BaseMod","Downfall","Gremlin Mod","Hubris","Minty Spire (QoL Compilation)","READ ME - Guardian Mod","StSLib","The Animator","The Bug Knight","The Cursed","The Disciple","The Necromancer","The Servant 0.9.4"],"gold_per_floor":[99,9,9,22,22,22,22,47,63,63,94,79,79,108,120,218,218,118,128,358,358,375,423,423,448,467,487,506,381,281,295,307,407,407,407,418,431,446,296,296,296,296,196,226,226,226,242,242,252,252,252,252],"floor_reached":50,"language":"ENG","playtime":3136,"items_purged":["bronze:Strike","bronze:Strike","bronze:Strike","bronze:Strike"],"score":614,"play_id":"d6f236b0-5950-4038-b3f3-1474d8d5f5b7","local_time":"20210221194747","is_ascension_mode":true,"campfire_choices":[{"data":"bronze:Goto","floor":1.0,"key":"SMITH"},{"data":"bronze:Flail","floor":6.0,"key":"SMITH"},{"data":"bronze:Defend","floor":10.0,"key":"SMITH"},{"floor":13.0,"key":"REST"},{"data":"bronze:Virus","floor":18.0,"key":"SMITH"},{"floor":30.0,"key":"REST"},{"floor":35.0,"key":"RECALL"},{"floor":43,"key":"REST"},{"data":"bronze:Separator","floor":45,"key":"SMITH"}],"circlet_count":0,"master_deck":["bronze:Defend","bronze:Defend","bronze:Defend","bronze:Defend+1","bronze:Replicate+1","bronze:Goto+1","bronze:MaxOutput","bronze:Flail+1","bronze:Replicate+1","bronze:ChosenStrike+1","bronze:FineTuning","bronze:FollowUp","bronze:Virus+1","bronze:Return+1","bronze:Separator+1","bronze:Separator+1","bronze:Terminator+1"],"relics":["bronze:BronzeCore","Regal Pillow","Omamori","Tiny Chest","TungstenRod","bronze:ElectromagneticCoil","downfall:HeartBlessingGreen","HollowMod:PaleOreRelic","PreservedInsect","downfall:HeartBlessingBlue","SacredBark","hubris:Towel","The Courier","downfall:HeartBlessingRed","Art of War","Anchor"],"acts_visited":["Exordium","TheCity","TheBeyond"],"potions_floor_usage":[44,50,50],"damage_taken":[{"damage":0.0,"enemies":"downfall:FleeingMerchant","floor":2.0,"turns":4.0},{"damage":0.0,"enemies":"Small Slimes","floor":4.0,"turns":2.0},{"damage":8.0,"enemies":"Gremlin Nob","floor":8.0,"turns":3.0},{"damage":0.0,"enemies":"Cultist","floor":9.0,"turns":1.0},{"damage":17.0,"enemies":"Lagavulin","floor":11.0,"turns":5.0},{"damage":2.0,"enemies":"downfall:FleeingMerchant","floor":12.0,"turns":4.0},{"damage":13.0,"enemies":"3 Sentries","floor":14.0,"turns":5.0},{"damage":0.0,"enemies":"2 Louse","floor":15.0,"turns":1.0},{"damage":23.0,"enemies":"IC_STATUS_ARCHETYPE","floor":16.0,"turns":6.0},{"damage":20.0,"enemies":"downfall:LooterAlt2","floor":19.0,"turns":2.0},{"damage":0.0,"enemies":"downfall:FleeingMerchant","floor":20.0,"turns":4.0},{"damage":2.0,"enemies":"Shell Parasite","floor":22.0,"turns":3.0},{"damage":27.0,"enemies":"Slavers","floor":25.0,"turns":2.0},{"damage":18.0,"enemies":"Snake Plant","floor":26.0,"turns":3.0},{"damage":0.0,"enemies":"Centurion and Healer","floor":27.0,"turns":5.0},{"damage":5.0,"enemies":"Chosen and Byrds","floor":28.0,"turns":3.0},{"damage":17.0,"enemies":"Snecko","floor":31.0,"turns":4.0},{"damage":10.0,"enemies":"Snake Plant","floor":32.0,"turns":2.0},{"damage":15.0,"enemies":"SI_MIRROR_ARCHETYPE","floor":33.0,"turns":4.0},{"damage":18.0,"enemies":"3 Darklings","floor":36.0,"turns":3.0},{"damage":8.0,"enemies":"3 Shapes","floor":37.0,"turns":3.0},{"damage":19.0,"enemies":"Transient","floor":38.0,"turns":5.0},{"damage":0,"enemies":"Reptomancer","floor":44,"turns":1},{"damage":0,"enemies":"3 Darklings","floor":47,"turns":2},{"damage":44,"enemies":"4 Shapes","floor":49,"turns":5},{"damage":45,"enemies":"DF_ARCHETYPE_ORBS","floor":50,"turns":6}],"seed_played":"7637843793416563555","potions_obtained":[{"floor":4.0,"key":"bronze:CleanCodePotion"},{"floor":8.0,"key":"EssenceOfSteel"},{"floor":9.0,"key":"LiquidMemories"},{"floor":14.0,"key":"SkillPotion"},{"floor":21.0,"key":"Fruit Juice"},{"floor":21.0,"key":"LiquidBronze"},{"floor":21.0,"key":"bronze:BurnAndBuffPotion"},{"floor":25.0,"key":"sneckomod:MuddlingPotion"},{"floor":26.0,"key":"Fruit Juice"},{"floor":27.0,"key":"bronze:FreeFunctionsPotion"},{"floor":31.0,"key":"Strength Potion"},{"floor":33.0,"key":"bronze:CleanCodePotion"},{"floor":36.0,"key":"champ:CounterPotion"},{"floor":38.0,"key":"Weak Potion"}],"is_trial":false,"path_per_floor":["R","$","?","M","?","R","T","E","M","R","E","$","R","E","M","B",null,"R","M","$","?","M","T","T","E","M","M","M","$","R","M","M","B",null,"R","M","M","M","$","?","T","?","R","E","R","T","M","?","M","B"],"character_chosen":"THE_AUTOMATON","items_purchased":[],"campfire_rested":3,"item_purchase_floors":[],"current_hp_per_floor":[70,70,70,70,70,70,70,62,62,62,45,43,70,57,57,34,70,70,50,50,55,53,53,53,26,13,13,8,8,60,43,33,18,90,90,72,64,45,45,45,45,45,87,87,87,87,87,87,43,0,0,0],"gold":252,"neow_bonus":"THREE_CARDS","is_daily":false,"chose_seed":false,"campfire_upgraded":5,"win_rate":0.0,"timestamp":1613933267,"path_taken":["R","$","?","?","?","R","T","E","?","R","E","?","R","E","M","BOSS","R","M","$","?","?","?","T","E","M","M","M","?","R","M","M","BOSS","R","M","M","M","$","?","T","?","R","E","R","?","M","?","M","BOSS"],"items_purchased_type":[],"build_version":"2020-12-22","purchased_purges":4,"victory":false,"max_hp_per_floor":[70,70,70,70,70,70,70,70,70,70,70,70,70,70,70,70,70,70,70,70,75,75,75,75,75,80,80,80,80,90,90,90,90,90,90,90,90,90,90,90,90,90,90,90,90,90,90,90,90,90,90,90],"card_choices":[{"not_picked":["bronze:Frontload","bronze:Optimize"],"picked":"bronze:MaxOutput","floor":0.0},{"not_picked":["bronze:Shield","bronze:Overheat"],"picked":"bronze:Flail","floor":2.0},{"not_picked":["bronze:Turbo","bronze:WildBeam"],"picked":"bronze:ChosenStrike","floor":4.0},{"not_picked":["bronze:OilSpill","bronze:DelayedGuard","bronze:CutThrough"],"picked":"SKIP","floor":8.0},{"not_picked":["bronze:Frontload","bronze:Deprecate","bronze:Boost"],"picked":"SKIP","floor":9.0},{"not_picked":["bronze:DarkDash","bronze:Break","bronze:CutThrough"],"picked":"SKIP","floor":11.0},{"not_picked":["bronze:Repulsor","bronze:Turbo"],"picked":"bronze:FineTuning","floor":12.0},{"not_picked":["bronze:MaxOutput","bronze:Overheat","bronze:Safeguard"],"picked":"SKIP","floor":14.0},{"not_picked":["bronze:BugBarrage","bronze:Deprecate"],"picked":"bronze:FollowUp","floor":15.0},{"not_picked":["bronze:RecursiveStrike","bronze:ThunderWave"],"picked":"bronze:Virus","floor":16.0},{"not_picked":["bronze:Invalidate","bronze:Repulsor+1"],"picked":"bronze:Return+1","floor":19.0},{"not_picked":["bronze:InfiniteBeams","bronze:Fortify+1","bronze:BugBarrage+1"],"picked":"SKIP","floor":20.0},{"not_picked":["bronze:WildBeam","bronze:Branch"],"picked":"bronze:Separator","floor":22.0},{"not_picked":["bronze:BugBarrage","bronze:GetLatest","bronze:ForceShield+1"],"picked":"SKIP","floor":25.0},{"not_picked":["bronze:Overload","bronze:Overheat","bronze:BronzeArmor+1"],"picked":"SKIP","floor":26.0},{"not_picked":["bronze:Assembly","bronze:Separator+1","bronze:OilSpill"],"picked":"SKIP","floor":27.0},{"not_picked":["bronze:Refactor","bronze:Repulsor+1","bronze:Return"],"picked":"SKIP","floor":28.0},{"not_picked":["bronze:Optimize","bronze:Fortify"],"picked":"bronze:Separator+1","floor":31.0},{"not_picked":["bronze:ForLoop","bronze:Shield","bronze:Separator"],"picked":"SKIP","floor":32.0},{"not_picked":["bronze:NullPointer","bronze:Iterate","bronze:DigitalCarnage"],"picked":"SKIP","floor":36.0},{"not_picked":["bronze:Deprecate","bronze:NullPointer"],"picked":"bronze:Terminator+1","floor":37.0},{"not_picked":["bronze:Deprecate","bronze:BuggyMess","bronze:FineTuning"],"picked":"SKIP","floor":38.0},{"not_picked":["bronze:ThunderWave","bronze:Boost","bronze:MaxOutput"],"picked":"SKIP","floor":44},{"not_picked":["bronze:BitShift+1","bronze:FollowUp","bronze:Shield+1"],"picked":"SKIP","floor":47},{"not_picked":["bronze:Turbo+1","bronze:DelayedGuard","bronze:Invalidate+1"],"picked":"SKIP","floor":49}],"player_experience":1673737,"relics_obtained":[{"floor":7.0,"key":"Regal Pillow"},{"floor":8.0,"key":"Omamori"},{"floor":11.0,"key":"Tiny Chest"},{"floor":14.0,"key":"TungstenRod"},{"floor":24.0,"key":"HollowMod:PaleOreRelic"},{"floor":25.0,"key":"PreservedInsect"},{"floor":41,"key":"The Courier"},{"floor":44,"key":"Art of War"},{"floor":46,"key":"Anchor"}],"event_choices":[{"damage_healed":0.0,"max_hp_gain":0.0,"max_hp_loss":0.0,"gold_gain":0.0,"event_name":"Lab","player_choice":"Got Potions","floor":21.0,"gold_loss":0.0,"damage_taken":0.0}],"is_beta":false,"boss_relics":[{"not_picked":["bronze:PlatinumCore","hubris:VirtuousBlindfold"],"picked":"bronze:ElectromagneticCoil"},{"not_picked":["hubris:ScarierMask","bronze:MakeshiftBattery"],"picked":"SacredBark"}],"items_purged_floors":[2,20,29,39],"is_endless":false,"potions_floor_spawned":[4,8,9,14,25,26,27,31,33,36,38],"killed_by":"DF_ARCHETYPE_ORBS","ascension_level":2}}