{"host":"fwdkxxz7291ipt0p","time":1613901762,"event":{"mods":["Act Like it!","BaseMod","Downfall","Minty Spire (QoL Compilation)","Relic Filter Mod","Relic Stats","StSLib","The Administrix","The Cursed","Yakumo Yukari mod","Youmu£®ªÍ∆«—˝√Œ£©"],"gold_per_floor":[99,112,125,140,50,50,77,62,91,104,104,123,123,142,155,253,253,253,271,271,13,13,28,28,46,46,13,13,30,57,76,94,196,196,196,196,208,208,24,35,35,45,45,64,64,116,116,116,128,128],"floor_reached":51,"language":"ZHS","playtime":5523,"items_purged":["sneckomod:Strike","sneckomod:Strike","sneckomod:Defend","sneckomod:Unknown"],"score":646,"play_id":"17817b22-27a1-460e-9b74-e4c0be190ae4","local_time":"20210221180242","is_ascension_mode":false,"campfire_choices":[{"data":"sneckomod:TailWhip","floor":1.0,"key":"SMITH"},{"data":"sneckomod:Cheat","floor":13.0,"key":"SMITH"},{"data":"sneckomod:UnknownX","floor":18.0,"key":"SMITH"},{"data":"sneckomod:UnknownBoss","floor":28.0,"key":"SMITH"},{"data":"Blade Dance","floor":35.0,"key":"SMITH"},{"data":"sneckomod:CheapStock","floor":43.0,"key":"SMITH"},{"data":"sneckomod:UnknownVulnerable","floor":47.0,"key":"SMITH"}],"circlet_count":0,"master_deck":["sneckomod:Defend","sneckomod:TailWhip+1","sneckomod:SnekBite","sneckomod:QuickMove","sneckomod:DiceBoulder","sneckomod:UnknownUncommonAttack","sneckomod:Cheat+1","sneckomod:UnknownWeak","sneckomod:DiceBlock","sneckomod:DiceBoulder","sneckomod:UnknownX+1","sneckomod:UnknownExhaust","sneckomod:SoulCleanse","sneckomod:QuickBite","sneckomod:IronFang","sneckomod:UnknownBlock","Blade Dance+1","sneckomod:UnknownBoss+1","sneckomod:SlitherStrike+1","sneckomod:Unknown2Cost+1","expansioncontent:AwakenDeath","sneckomod:UnknownVulnerable+1","sneckomod:CheapStock+1","sneckomod:DiceCrush+1","Echo Form+1","sneckomod:DefensiveFlair+1"],"relics":["sneckomod:SneckoSoul","Omamori","White Beast Statue","Cursed Key","Chemical X","Eternal Feather","Bird Faced Urn","Sozu","Pear","TungstenRod"],"acts_visited":["Exordium","TheCity","TheBeyond"],"potions_floor_usage":[50],"damage_taken":[{"damage":4.0,"enemies":"Cultist","floor":2.0,"turns":3.0},{"damage":2.0,"enemies":"2 Louse","floor":3.0,"turns":4.0},{"damage":0.0,"enemies":"Jaw Worm","floor":4.0,"turns":1.0},{"damage":2.0,"enemies":"downfall:FleeingMerchant","floor":5.0,"turns":4.0},{"damage":6.0,"enemies":"downfall:FleeingMerchant","floor":8.0,"turns":4.0},{"damage":15.0,"enemies":"3 Sentries","floor":9.0,"turns":5.0},{"damage":5.0,"enemies":"Red Slaver","floor":10.0,"turns":5.0},{"damage":7.0,"enemies":"3 Louse","floor":12.0,"turns":3.0},{"damage":4.0,"enemies":"2 Fungi Beasts","floor":14.0,"turns":3.0},{"damage":12.0,"enemies":"Exordium Thugs","floor":15.0,"turns":6.0},{"damage":56.0,"enemies":"WA_ARCHETYPE_RETAIN","floor":16.0,"turns":9.0},{"damage":5.0,"enemies":"Chosen","floor":19.0,"turns":5.0},{"damage":7.0,"enemies":"downfall:FleeingMerchant","floor":21.0,"turns":4.0},{"damage":8.0,"enemies":"downfall:LooterAlt2","floor":23.0,"turns":3.0},{"damage":0.0,"enemies":"Sentry and Sphere","floor":25.0,"turns":4.0},{"damage":0.0,"enemies":"downfall:FleeingMerchant","floor":27.0,"turns":4.0},{"damage":2.0,"enemies":"Chosen and Byrds","floor":29.0,"turns":7.0},{"damage":24.0,"enemies":"Slavers","floor":30.0,"turns":5.0},{"damage":8.0,"enemies":"Snake Plant","floor":31.0,"turns":5.0},{"damage":0.0,"enemies":"Snecko","floor":32.0,"turns":2.0},{"damage":44.0,"enemies":"IC_MUSHROOM_ARCHETYPE","floor":33.0,"turns":5.0},{"damage":0.0,"enemies":"3 Shapes","floor":37.0,"turns":3.0},{"damage":16.0,"enemies":"3 Darklings","floor":40.0,"turns":4.0},{"damage":10.0,"enemies":"4 Shapes","floor":42.0,"turns":6.0},{"damage":3.0,"enemies":"Maw","floor":44.0,"turns":8.0},{"damage":37.0,"enemies":"2 Orb Walkers","floor":46.0,"turns":5.0},{"damage":9,"enemies":"Transient","floor":49,"turns":5},{"damage":128,"enemies":"DF_ARCHETYPE_ORBS","floor":50,"turns":11}],"seed_played":"-7031339965475879554","potions_obtained":[{"floor":2.0,"key":"Fire Potion"},{"floor":3.0,"key":"Explosive Potion"},{"floor":6.0,"key":"CultistPotion"},{"floor":6.0,"key":"SmokeBomb"},{"floor":12.0,"key":"FearPotion"},{"floor":15.0,"key":"Regen Potion"},{"floor":16.0,"key":"Guardian:BlockOnCardUsePotion"},{"floor":23.0,"key":"SmokeBomb"},{"floor":25.0,"key":"Fire Potion"},{"floor":27.0,"key":"Fire Potion"},{"floor":33.0,"key":"DistilledChaos"}],"is_trial":false,"path_per_floor":["R","M","M","M","$","?","T","$","E","M","?","M","R","M","M","B",null,"R","M","?","$","?","M","T","M","R","$","R","M","E","M","M","B",null,"R","?","M","?","$","M","T","M","R","M","R","?","R","$","M","B",null],"character_chosen":"THE_SNECKO","items_purchased":["Chemical X","Eternal Feather","sneckomod:CheapStock"],"campfire_rested":0,"item_purchase_floors":[21,27,39],"current_hp_per_floor":[99,95,93,93,91,91,91,85,70,65,65,58,58,54,42,1,99,99,94,94,87,79,71,71,71,71,71,83,81,57,51,51,11,99,99,99,99,99,99,87,97,93,108,109,109,74,89,89,88,20],"gold":128,"neow_bonus":"TEN_PERCENT_HP_BONUS","is_daily":false,"chose_seed":false,"campfire_upgraded":7,"win_rate":0.0,"timestamp":1613901762,"path_taken":["R","M","M","M","?","?","T","$","E","?","?","M","R","?","M","BOSS","R","M","?","$","?","M","T","?","R","$","R","?","E","M","M","BOSS","R","?","M","?","?","M","T","M","R","?","R","?","R","$","M","BOSS"],"items_purchased_type":["Relic","Relic","Card"],"build_version":"2020-12-22","purchased_purges":4,"victory":true,"max_hp_per_floor":[99,99,99,99,99,99,99,99,99,99,99,99,99,99,99,99,99,99,99,99,99,99,99,99,99,99,99,99,99,99,99,99,99,99,99,99,99,99,99,99,109,109,109,109,109,109,109,109,109,109],"relic_stats":{"Sozu":0,"counters":[28,133],"Bird Faced Urn":[40],"Eternal Feather":42,"Chemical X":[19],"Cursed Key":1,"obtain_stats":[{"Sozu":34,"Pear":41,"Bird Faced Urn":30,"Eternal Feather":27,"Omamori":7,"Chemical X":21,"sneckomod:SneckoSoul":0,"Cursed Key":17,"White Beast Statue":9,"TungstenRod":46},{"Sozu":21,"Pear":23,"Bird Faced Urn":18,"Eternal Feather":16,"Omamori":4,"Chemical X":13,"sneckomod:SneckoSoul":0,"Cursed Key":11,"White Beast Statue":6,"TungstenRod":26},{"Sozu":91,"Pear":98,"Bird Faced Urn":79,"Eternal Feather":67,"Omamori":12,"Chemical X":56,"sneckomod:SneckoSoul":0,"Cursed Key":47,"White Beast Statue":21,"TungstenRod":117}],"TungstenRod":18},"card_choices":[{"not_picked":["sneckomod:SnekBeam","sneckomod:UnknownWeak"],"picked":"sneckomod:QuickMove","floor":2.0},{"not_picked":["sneckomod:SoulRoll","sneckomod:DefensiveFlair"],"picked":"sneckomod:DiceBoulder","floor":3.0},{"not_picked":["sneckomod:DiceBlock","sneckomod:SoulDraw","sneckomod:IronFang"],"picked":"SKIP","floor":4.0},{"not_picked":["sneckomod:SoulCleanse","sneckomod:SoulDraw"],"picked":"sneckomod:UnknownUncommonAttack","floor":5.0},{"not_picked":["sneckomod:Unknown0Cost","sneckomod:QuickBite"],"picked":"sneckomod:Cheat","floor":8.0},{"not_picked":["sneckomod:UnknownCommonAttack","sneckomod:UnknownDraw"],"picked":"sneckomod:UnknownWeak","floor":9.0},{"not_picked":["sneckomod:SnekBeam","sneckomod:Cheat"],"picked":"sneckomod:DiceBlock","floor":10.0},{"not_picked":["sneckomod:UnknownClassGREEN","sneckomod:DiceBoulder"],"picked":"sneckomod:UnknownX","floor":12.0},{"not_picked":["sneckomod:UnknownStrike","sneckomod:UnknownClassRED","sneckomod:UnknownDraw"],"picked":"SKIP","floor":14.0},{"not_picked":["sneckomod:ImprovisedGuard","sneckomod:Nope","sneckomod:TrashToTreasure"],"picked":"SKIP","floor":15.0},{"not_picked":["sneckomod:Mudshield","sneckomod:Restock"],"picked":"sneckomod:Unknown3Cost","floor":16.0},{"not_picked":["sneckomod:DiceCrush","sneckomod:SnakeSap","sneckomod:Nope"],"picked":"SKIP","floor":19.0},{"not_picked":["sneckomod:UnknownCommonAttack","sneckomod:SoulCleanse"],"picked":"sneckomod:QuickBite","floor":21.0},{"not_picked":["sneckomod:CheapStock+1","sneckomod:QuickBite"],"picked":"sneckomod:IronFang","floor":23.0},{"not_picked":["sneckomod:SoulDraw","sneckomod:QuickBite"],"picked":"sneckomod:UnknownBlock","floor":25.0},{"not_picked":["sneckomod:Unknown3Cost","sneckomod:UnknownWeak"],"picked":"sneckomod:UnknownBoss","floor":27.0},{"not_picked":["sneckomod:UnknownX","sneckomod:QuickMove+1","sneckomod:UnknownUncommonAttack"],"picked":"SKIP","floor":29.0},{"not_picked":["sneckomod:Unknown1Cost","sneckomod:UnknownUncommonSkill"],"picked":"sneckomod:SlitherStrike+1","floor":30.0},{"not_picked":["sneckomod:DefensiveFlair","sneckomod:UnknownWeak","sneckomod:RainOfDice"],"picked":"SKIP","floor":31.0},{"not_picked":["sneckomod:UnknownClassBLUE","sneckomod:RainOfDice"],"picked":"sneckomod:Unknown2Cost+1","floor":32.0},{"not_picked":["expansioncontent:GuardianWhirl","expansioncontent:Chronoboost"],"picked":"expansioncontent:AwakenDeath","floor":36.0},{"not_picked":["sneckomod:DiceBlock+1","sneckomod:UnknownClassBLUE+1","sneckomod:QuickBite+1"],"picked":"SKIP","floor":37.0},{"not_picked":["sneckomod:UnknownCommonAttack","sneckomod:SoulDraw+1","sneckomod:UnknownClassBLUE+1"],"picked":"SKIP","floor":40.0},{"not_picked":["sneckomod:UnknownCommonAttack","sneckomod:SoulDraw+1","sneckomod:UnknownClassBLUE+1"],"picked":"SKIP","floor":40.0},{"not_picked":["sneckomod:UnknownRareSkill","sneckomod:UnknownWeak"],"picked":"sneckomod:DiceCrush+1","floor":42.0},{"not_picked":["sneckomod:IronFang","sneckomod:SlitherStrike+1","sneckomod:RainOfDice+1"],"picked":"SKIP","floor":44.0},{"not_picked":["sneckomod:IronFang","sneckomod:SlitherStrike+1","sneckomod:RainOfDice+1"],"picked":"SKIP","floor":44.0},{"not_picked":["sneckomod:Nope","sneckomod:QuickBite+1"],"picked":"sneckomod:DefensiveFlair+1","floor":46.0},{"not_picked":["sneckomod:UnknownWeak+1","sneckomod:UnknownClassRED","sneckomod:SnakeSap"],"picked":"SKIP","floor":49}],"player_experience":587054,"relics_obtained":[{"floor":7.0,"key":"Omamori"},{"floor":9.0,"key":"White Beast Statue"},{"floor":30.0,"key":"Bird Faced Urn"},{"floor":41.0,"key":"Pear"},{"floor":46.0,"key":"TungstenRod"}],"event_choices":[{"damage_healed":0.0,"max_hp_gain":0.0,"max_hp_loss":0.0,"gold_gain":0.0,"event_name":"Lab","player_choice":"Got Potions","floor":6.0,"gold_loss":0.0,"damage_taken":0.0},{"damage_healed":0.0,"max_hp_gain":0.0,"max_hp_loss":0.0,"gold_gain":0.0,"cards_transformed":["sneckomod:Strike","sneckomod:Defend"],"event_name":"Drug Dealer","player_choice":"Became Test Subject","floor":20.0,"gold_loss":0.0,"damage_taken":0.0,"cards_obtained":["sneckomod:UnknownExhaust","sneckomod:SoulCleanse"]},{"damage_healed":0.0,"max_hp_gain":0.0,"max_hp_loss":0.0,"gold_gain":0.0,"event_name":"Mysterious Sphere","player_choice":"Fight","floor":46.0,"gold_loss":0.0,"damage_taken":0.0}],"is_beta":false,"boss_relics":[{"not_picked":["Pandora\u0027s Box","Busted Crown"],"picked":"Cursed Key"},{"not_picked":["sneckomod:SneckoBoss","Runic Dome"],"picked":"Sozu"}],"items_purged_floors":[5,21,27,39],"is_endless":false,"potions_floor_spawned":[2,3,10,12,14,15,16,19,21,23,25,27,29,30,31,32,33,37,40,42,44,46,49],"ascension_level":0}}