{"host":"v0dnu0zs4qo0v13s","time":1613878919,"event":{"mods":["BaseMod","Colored Map","Colored Powertips","Minty Spire (QoL Compilation)","Relic Stats","StSLib","SuperFastMode","everything is the same but u backflip on backflip"],"gold_per_floor":[116,191,116,116,16,16,30,48,48,76,76,90,103,122,122,122,122],"floor_reached":16,"language":"ENG","playtime":760,"items_purged":["Strike_R","Strike_R"],"score":179,"play_id":"3386f0e5-3190-4da1-af6c-b733f0970294","local_time":"20210220224159","is_ascension_mode":true,"campfire_choices":[{"data":"Bash","floor":6.0,"key":"SMITH"},{"data":"Wild Strike","floor":11.0,"key":"SMITH"},{"floor":15,"key":"REST"}],"circlet_count":0,"master_deck":["AscendersBane","Strike_R","Strike_R","Strike_R","Defend_R","Defend_R","Defend_R","Defend_R","Bash+1","Metallicize","Pain","Burning Pact","Thunderclap","Wild Strike+1","Shockwave","Pummel"],"relics":["Burning Blood","NeowsBlessing","WarpedTongs","Bottled Lightning","Nunchaku"],"acts_visited":["Exordium"],"potions_floor_usage":[16],"damage_taken":[{"damage":0.0,"enemies":"2 Louse","floor":1.0,"turns":1.0},{"damage":0.0,"enemies":"Small Slimes","floor":7.0,"turns":1.0},{"damage":1.0,"enemies":"Cultist","floor":8.0,"turns":1.0},{"damage":38.0,"enemies":"Gremlin Nob","floor":10.0,"turns":6.0},{"damage":19,"enemies":"Lots of Slimes","floor":12,"turns":5},{"damage":3,"enemies":"3 Louse","floor":13,"turns":4},{"damage":19,"enemies":"Exordium Thugs","floor":14,"turns":7},{"damage":31,"enemies":"The Guardian","floor":16,"turns":9}],"seed_played":"-6338707502542324469","potions_obtained":[{"floor":1.0,"key":"HeartOfIron"},{"floor":8.0,"key":"FearPotion"},{"floor":10.0,"key":"GamblersBrew"}],"is_trial":false,"path_per_floor":["M","?","$","?","$","R","M","M","T","E","R","M","M","M","R","B"],"character_chosen":"IRONCLAD","items_purchased":[],"campfire_rested":1,"item_purchase_floors":[],"current_hp_per_floor":[74,63,63,63,63,63,69,74,74,42,42,29,32,19,41,10,10],"gold":122,"neow_bonus":"THREE_ENEMY_KILL","is_daily":false,"chose_seed":false,"campfire_upgraded":2,"win_rate":0.0,"timestamp":1613878919,"path_taken":["M","?","$","?","$","R","M","M","T","E","R","M","?","M","R","BOSS"],"items_purchased_type":[],"build_version":"2020-12-22","purchased_purges":2,"victory":false,"max_hp_per_floor":[75,75,75,75,75,75,75,75,75,75,75,75,75,75,75,75,75],"relic_stats":{"Nunchaku":[2],"counters":[8,34],"obtain_stats":[{"Nunchaku":10,"NeowsBlessing":0,"Bottled Lightning":9,"Burning Blood":0,"WarpedTongs":4},{"Nunchaku":4,"NeowsBlessing":0,"Bottled Lightning":3,"Burning Blood":0,"WarpedTongs":1},{"Nunchaku":9,"NeowsBlessing":0,"Bottled Lightning":3,"Burning Blood":0,"WarpedTongs":1}],"Burning Blood":42,"WarpedTongs":[33]},"card_choices":[{"not_picked":["Perfected Strike","Clash"],"picked":"Metallicize","floor":1.0},{"not_picked":["Spot Weakness","Flex"],"picked":"Burning Pact","floor":7.0},{"not_picked":["Pommel Strike","Heavy Blade"],"picked":"Thunderclap","floor":8.0},{"not_picked":["Carnage","Disarm"],"picked":"Wild Strike","floor":10.0},{"not_picked":["Twin Strike","Uppercut"],"picked":"Shockwave","floor":12},{"not_picked":["Body Slam","Flex","Entrench"],"picked":"SKIP","floor":13},{"not_picked":["Shrug It Off","Sword Boomerang"],"picked":"Pummel","floor":14}],"player_experience":763721,"relics_obtained":[{"floor":9.0,"key":"Bottled Lightning"},{"floor":10.0,"key":"Nunchaku"}],"event_choices":[{"damage_healed":0.0,"max_hp_gain":0.0,"max_hp_loss":0.0,"gold_gain":75.0,"event_name":"World of Goop","player_choice":"Gather Gold","floor":2.0,"gold_loss":0.0,"damage_taken":11.0},{"damage_healed":0.0,"max_hp_gain":0.0,"max_hp_loss":0.0,"gold_gain":0.0,"event_name":"Accursed Blacksmith","player_choice":"Rummage","floor":4.0,"gold_loss":0.0,"damage_taken":0.0,"relics_obtained":["WarpedTongs"],"cards_obtained":["Pain"]}],"is_beta":false,"boss_relics":[],"items_purged_floors":[3,5],"is_endless":false,"potions_floor_spawned":[1,8,10],"killed_by":"The Guardian","ascension_level":15}}