{"host":"ydg0vn0pu4pubmdt","time":1613937057,"event":{"mods":["AchievementEnabler","BaseMod","Colored Map","Minty Spire (QoL Compilation)","Quick Restart","SuperFastMode"],"gold_per_floor":[118,118,118,193,209,209,236,236,236,236,251,266,285,285,285,285,285],"floor_reached":16,"language":"KOR","playtime":213,"items_purged":[],"score":250,"play_id":"601db281-c109-4a5a-9be7-664624c7970b","local_time":"20210222045057","is_ascension_mode":true,"campfire_choices":[{"data":"Pommel Strike","floor":6.0,"key":"SMITH"},{"data":"Battle Trance","floor":8.0,"key":"SMITH"},{"data":"Bash","floor":10.0,"key":"SMITH"},{"floor":15.0,"key":"REST"}],"circlet_count":0,"master_deck":["AscendersBane","Strike_R","Strike_R","Strike_R","Strike_R","Defend_R","Defend_R","Defend_R","Defend_R","Bash+1","Shrug It Off","Pommel Strike+1","Battle Trance+1","Spot Weakness"],"relics":["Burning Blood","NeowsBlessing","Red Skull","Singing Bowl"],"acts_visited":["Exordium"],"potions_floor_usage":[16],"damage_taken":[{"damage":0.0,"enemies":"2 Louse","floor":1.0,"turns":1.0},{"damage":0.0,"enemies":"Small Slimes","floor":5.0,"turns":1.0},{"damage":0.0,"enemies":"Lagavulin","floor":7.0,"turns":1.0},{"damage":0.0,"enemies":"Cultist","floor":11.0,"turns":2.0},{"damage":56.0,"enemies":"Exordium Thugs","floor":12.0,"turns":7.0},{"damage":3.0,"enemies":"2 Fungi Beasts","floor":13.0,"turns":4.0},{"damage":46,"enemies":"Hexaghost","floor":16,"turns":9}],"seed_played":"5075205388512722550","potions_obtained":[{"floor":7.0,"key":"Swift Potion"},{"floor":13.0,"key":"Swift Potion"}],"is_trial":false,"path_per_floor":["M","?","?","?","M","R","E","R","T","R","M","M","M","?","R","B"],"character_chosen":"IRONCLAD","items_purchased":[],"campfire_rested":1,"item_purchase_floors":[],"current_hp_per_floor":[74,69,62,51,57,57,63,63,63,63,71,23,26,26,49,3,3],"gold":285,"neow_bonus":"THREE_ENEMY_KILL","is_daily":false,"chose_seed":false,"campfire_upgraded":3,"win_rate":0.0,"timestamp":1613937057,"path_taken":["M","?","?","?","M","R","E","R","T","R","M","M","M","?","R","BOSS"],"items_purchased_type":[],"build_version":"2020-12-22","purchased_purges":0,"victory":false,"max_hp_per_floor":[75,75,75,75,75,75,75,75,75,75,77,79,79,79,79,79,79],"card_choices":[{"not_picked":["Iron Wave","Clash"],"picked":"Shrug It Off","floor":1.0},{"not_picked":["Perfected Strike","Dark Embrace"],"picked":"Pommel Strike","floor":5.0},{"not_picked":["Cleave","Anger"],"picked":"Battle Trance","floor":7.0},{"not_picked":["True Grit","Ghostly Armor","Headbutt"],"picked":"Singing Bowl","floor":11.0},{"not_picked":["Cleave","Combust","Spot Weakness"],"picked":"Singing Bowl","floor":12.0},{"not_picked":["Shrug It Off","Whirlwind"],"picked":"Spot Weakness","floor":13.0}],"player_experience":620804,"relics_obtained":[{"floor":7.0,"key":"Singing Bowl"}],"event_choices":[{"damage_healed":0.0,"max_hp_gain":0.0,"max_hp_loss":0.0,"gold_gain":0.0,"event_name":"Scrap Ooze","player_choice":"Success","floor":2.0,"gold_loss":0.0,"damage_taken":5.0,"relics_obtained":["Red Skull"]},{"cards_removed":["Strike_R"],"damage_healed":0.0,"max_hp_gain":0.0,"max_hp_loss":0.0,"gold_gain":0.0,"event_name":"Golden Wing","player_choice":"Card Removal","floor":3.0,"gold_loss":0.0,"damage_taken":7.0},{"damage_healed":0.0,"max_hp_gain":0.0,"max_hp_loss":0.0,"gold_gain":75.0,"event_name":"World of Goop","player_choice":"Gather Gold","floor":4.0,"gold_loss":0.0,"damage_taken":11.0},{"damage_healed":0.0,"max_hp_gain":0.0,"max_hp_loss":0.0,"gold_gain":0.0,"event_name":"Liars Game","player_choice":"Ignored","floor":14.0,"gold_loss":0.0,"damage_taken":0.0}],"is_beta":false,"boss_relics":[],"items_purged_floors":[],"is_endless":false,"potions_floor_spawned":[7,13],"killed_by":"Hexaghost","ascension_level":20}}