{"host":"jt67skv49snb75sm","time":1613936939,"event":{"mods":["BaseMod","Bestiary","Minty Spire (QoL Compilation)","Relic Stats"],"gold_per_floor":[117,131,131,143,161,161,187,187,187,220,239,253,253,4,4,83,83,99,99,113,132,132,132],"floor_reached":22,"language":"ENG","playtime":1745,"items_purged":[],"score":396,"play_id":"9bbed3aa-d433-48e9-b234-d4691474f81c","local_time":"20210221204859","is_ascension_mode":true,"campfire_choices":[{"data":"Phantasmal Killer","floor":6,"key":"SMITH"},{"floor":8,"key":"REST"},{"data":"Blade Dance","floor":13,"key":"SMITH"},{"data":"Infinite Blades","floor":15,"key":"SMITH"}],"circlet_count":0,"master_deck":["AscendersBane","Survivor","Neutralize","Infinite Blades+1","Deadly Poison","Accuracy","Backstab","Phantasmal Killer+1","Crippling Poison","Blade Dance+1","Dodge and Roll","Finisher","All Out Attack","Noxious Fumes","Phantasmal Killer","Burst+1","Setup","Flechettes","Bane","Malaise","Prepared","Accuracy","Escape Plan","Cloak And Dagger+1","Deflect"],"relics":["Ring of the Snake","Dream Catcher","Meat on the Bone","Bird Faced Urn","Vajra","Pandora\u0027s Box"],"acts_visited":["Exordium","TheCity"],"potions_floor_usage":[7,16,21],"damage_taken":[{"damage":0,"enemies":"2 Louse","floor":1,"turns":4},{"damage":5,"enemies":"Small Slimes","floor":2,"turns":6},{"damage":0,"enemies":"Cultist","floor":4,"turns":4},{"damage":7,"enemies":"Red Slaver","floor":5,"turns":5},{"damage":17,"enemies":"Lagavulin","floor":7,"turns":6},{"damage":12,"enemies":"3 Sentries","floor":10,"turns":7},{"damage":2,"enemies":"Blue Slaver","floor":11,"turns":4},{"damage":0,"enemies":"Gremlin Gang","floor":12,"turns":2},{"damage":25,"enemies":"Slime Boss","floor":16,"turns":7},{"damage":14,"enemies":"3 Byrds","floor":18,"turns":4},{"damage":31,"enemies":"Shell Parasite","floor":20,"turns":5},{"damage":32,"enemies":"Snake Plant","floor":21,"turns":4},{"damage":26,"enemies":"Sentry and Sphere","floor":22,"turns":3}],"seed_played":"-4341596466295988172","potions_obtained":[{"floor":2,"key":"Strength Potion"},{"floor":5,"key":"LiquidMemories"},{"floor":11,"key":"Swift Potion"},{"floor":12,"key":"Weak Potion"},{"floor":18,"key":"Ancient Potion"}],"is_trial":false,"path_per_floor":["M","M","?","M","M","R","E","R","T","E","M","M","R","$","R","B",null,"M","?","M","M","M"],"character_chosen":"THE_SILENT","items_purchased":["Noxious Fumes","Vajra"],"campfire_rested":1,"item_purchase_floors":[14,14],"current_hp_per_floor":[59,54,47,47,40,40,23,42,42,42,44,44,44,44,44,37,59,49,49,36,20,0,0],"gold":132,"neow_bonus":"TRANSFORM_CARD","is_daily":false,"chose_seed":false,"campfire_upgraded":3,"win_rate":0.0,"timestamp":1613936939,"path_taken":["M","M","?","M","M","R","E","R","T","E","M","M","R","$","R","BOSS","M","?","M","M","?"],"items_purchased_type":["Card","Relic"],"build_version":"2020-12-22","purchased_purges":0,"victory":false,"max_hp_per_floor":[66,66,66,66,66,66,66,66,66,66,66,66,66,66,66,66,66,66,66,66,66,66,66],"relic_stats":{"Dream Catcher":1,"counters":[13,61],"Bird Faced Urn":[28],"Pandora\u0027s Box":["Burst","Setup","Flechettes","Bane","Malaise","Prepared","Accuracy","Escape Plan"],"obtain_stats":[{"Dream Catcher":7,"Bird Faced Urn":10,"Vajra":14,"Pandora\u0027s Box":17,"Ring of the Snake":0,"Meat on the Bone":9},{"Dream Catcher":5,"Bird Faced Urn":6,"Vajra":8,"Pandora\u0027s Box":9,"Ring of the Snake":0,"Meat on the Bone":5},{"Dream Catcher":25,"Bird Faced Urn":32,"Vajra":38,"Pandora\u0027s Box":45,"Ring of the Snake":0,"Meat on the Bone":25}],"Ring of the Snake":[26],"Meat on the Bone":48},"card_choices":[{"not_picked":["Outmaneuver","Setup"],"picked":"Deadly Poison","floor":1},{"not_picked":["Dodge and Roll","Endless Agony"],"picked":"Accuracy","floor":2},{"not_picked":["Catalyst","Eviscerate"],"picked":"Backstab","floor":4},{"not_picked":["PiercingWail","Dodge and Roll"],"picked":"Phantasmal Killer","floor":5},{"not_picked":["Outmaneuver","Escape Plan"],"picked":"Crippling Poison","floor":7},{"not_picked":["Outmaneuver","Backflip"],"picked":"Blade Dance","floor":8},{"not_picked":["Setup","Poisoned Stab"],"picked":"Dodge and Roll","floor":10},{"not_picked":["Bane","Dodge and Roll"],"picked":"Finisher","floor":11},{"not_picked":["Reflex","Outmaneuver"],"picked":"All Out Attack","floor":12},{"not_picked":["A Thousand Cuts","Corpse Explosion"],"picked":"Phantasmal Killer","floor":16},{"not_picked":["Dagger Throw","Skewer","Crippling Poison"],"picked":"SKIP","floor":18},{"not_picked":["Prepared","Backflip"],"picked":"Cloak And Dagger+1","floor":20},{"not_picked":["Accuracy","Outmaneuver"],"picked":"Deflect","floor":21}],"player_experience":857641,"relics_obtained":[{"floor":7,"key":"Dream Catcher"},{"floor":9,"key":"Meat on the Bone"},{"floor":10,"key":"Bird Faced Urn"}],"event_choices":[{"cards_removed":["Strike_G"],"damage_healed":0,"gold_gain":0,"player_choice":"Card Removal","damage_taken":7,"max_hp_gain":0,"max_hp_loss":0,"event_name":"Golden Wing","floor":3,"gold_loss":0},{"damage_healed":0,"gold_gain":0,"player_choice":"Forge","damage_taken":0,"max_hp_gain":0,"max_hp_loss":0,"event_name":"Accursed Blacksmith","floor":19,"gold_loss":0,"cards_upgraded":["Burst"]}],"is_beta":false,"boss_relics":[{"not_picked":["Philosopher\u0027s Stone","Ectoplasm"],"picked":"Pandora\u0027s Box"}],"items_purged_floors":[],"is_endless":false,"potions_floor_spawned":[2,5,11,12,18],"killed_by":"Sentry and Sphere","ascension_level":20}}