{"host":"s41rn2jhghpwfrvz","time":1613931962,"event":{"mods":["BaseMod","Minty Spire (QoL Compilation)","Quick Restart","Relic Stats","SuperFastMode"],"gold_per_floor":[113,38,38,48,68,97,110,135,135,135,210,220,251,309,309,383,383,396,336,336,118,18,52,81,95,95,127,127,154,154,188,188,264,264,278,278,294,319,73,100,126,126,126,160,171,206,206,66,66,66,66,66,66,66,99,99],"floor_reached":57,"language":"ENG","playtime":1217,"items_purged":["Whirlwind","Gash","Shockwave","Prostrate","Beam Cell"],"score":4135,"play_id":"fd0eaaec-e584-4aa4-9f7e-9a5eb0d2946d","local_time":"20210221202602","daily_mods":["SealedDeck","Diverse","Elite Swarm"],"is_ascension_mode":true,"campfire_choices":[{"data":"Body Slam","floor":10,"key":"SMITH"},{"data":"Scrawl","floor":15,"key":"SMITH"},{"data":"Backflip","floor":28,"key":"SMITH"},{"data":"Grand Finale","floor":32,"key":"SMITH"},{"floor":42,"key":"RECALL"},{"data":"1","floor":47,"key":"LIFT"},{"data":"2","floor":49,"key":"LIFT"},{"data":"3","floor":53,"key":"LIFT"}],"circlet_count":0,"master_deck":["AscendersBane","Body Slam+1","Backflip+1","Rage+1","Backflip+1","Grand Finale+1","Scrawl+1","Scrawl+1","Scrawl+1","TalkToTheHand+1","TalkToTheHand+1","Scrawl+1"],"relics":["Burning Blood","Pocketwatch","Mango","The Courier","Toxic Egg 2","Black Star","OrangePellets","Juzu Bracelet","WingedGreaves","Eternal Feather","Du-Vu Doll","Frozen Egg 2","Orichalcum","Calipers","Pantograph","Mercury Hourglass","Sundial","Akabeko","Calling Bell","Art of War","Singing Bowl","Turnip","FossilizedHelix","DollysMirror","CaptainsWheel","Magic Flower","Girya","Regal Pillow","Strawberry","Molten Egg 2","Happy Flower","War Paint","Torii","Bird Faced Urn"],"acts_visited":["Exordium","TheCity","TheBeyond","TheEnding"],"potions_floor_usage":[56,56],"damage_taken":[{"damage":9,"enemies":"2 Louse","floor":1,"turns":4},{"damage":0,"enemies":"Small Slimes","floor":4,"turns":3},{"damage":0,"enemies":"Jaw Worm","floor":5,"turns":3},{"damage":0,"enemies":"Lagavulin","floor":6,"turns":5},{"damage":0,"enemies":"2 Fungi Beasts","floor":7,"turns":3},{"damage":31,"enemies":"3 Sentries","floor":8,"turns":5},{"damage":0,"enemies":"Large Slime","floor":12,"turns":5},{"damage":0,"enemies":"Gremlin Nob","floor":13,"turns":2},{"damage":0,"enemies":"3 Sentries","floor":14,"turns":1},{"damage":0,"enemies":"Slime Boss","floor":16,"turns":2},{"damage":0,"enemies":"Chosen","floor":18,"turns":1},{"damage":0,"enemies":"Slavers","floor":23,"turns":1},{"damage":0,"enemies":"Gremlin Leader","floor":24,"turns":1},{"damage":0,"enemies":"3 Byrds","floor":25,"turns":1},{"damage":0,"enemies":"Book of Stabbing","floor":27,"turns":1},{"damage":0,"enemies":"Slavers","floor":29,"turns":1},{"damage":0,"enemies":"Book of Stabbing","floor":31,"turns":1},{"damage":0,"enemies":"Champ","floor":33,"turns":1},{"damage":21,"enemies":"3 Shapes","floor":35,"turns":2},{"damage":0,"enemies":"Orb Walker","floor":37,"turns":1},{"damage":0,"enemies":"Mind Bloom Boss Battle","floor":38,"turns":1},{"damage":0,"enemies":"Reptomancer","floor":40,"turns":1},{"damage":0,"enemies":"Nemesis","floor":41,"turns":1},{"damage":0,"enemies":"Giant Head","floor":44,"turns":1},{"damage":0,"enemies":"3 Darklings","floor":45,"turns":1},{"damage":0,"enemies":"Nemesis","floor":46,"turns":1},{"damage":0,"enemies":"Awakened One","floor":50,"turns":2},{"damage":0,"enemies":"Donu and Deca","floor":51,"turns":1},{"damage":0,"enemies":"Shield and Spear","floor":55,"turns":1},{"damage":0,"enemies":"The Heart","floor":56,"turns":5}],"seed_played":"-4573617825448019862","potions_obtained":[{"floor":5,"key":"LiquidMemories"},{"floor":7,"key":"Dexterity Potion"},{"floor":16,"key":"Ancient Potion"},{"floor":45,"key":"DuplicationPotion"}],"is_trial":true,"path_per_floor":["M","?","?","M","M","E","M","E","T","R","?","M","E","?","R","B",null,"M","$","?","$","$","E","E","M","T","E","R","E","?","E","R","B",null,"M","?","M","?","$","E","E","R","T","E","M","E","R","$","R","B","B",null,"R","$","E","B",null],"character_chosen":"IRONCLAD","items_purchased":["OrangePellets","DollysMirror"],"campfire_rested":0,"item_purchase_floors":[21,39],"current_hp_per_floor":[65,65,58,64,70,75,75,64,64,64,53,59,65,71,71,77,86,89,89,89,89,89,89,89,89,89,89,89,89,89,89,89,89,89,74,74,82,93,93,95,97,97,97,104,106,108,108,108,108,108,108,108,108,108,110,110],"gold":99,"neow_bonus":"","is_daily":false,"chose_seed":false,"campfire_upgraded":4,"win_rate":0.0,"timestamp":1613931962,"path_taken":["M","?","?","M","M","E","M","E","T","R","?","M","E","?","R","BOSS","M","$","?","?","$","E","E","M","T","E","R","E","?","E","R","BOSS","M","?","M","?","$","E","E","R","T","E","M","E","R","$","R","BOSS","BOSS","R","$","E","BOSS"],"items_purchased_type":["Relic","Relic"],"build_version":"2020-12-22","purchased_purges":5,"victory":true,"max_hp_per_floor":[75,75,75,75,75,75,75,89,89,89,89,89,89,89,89,89,89,89,89,89,89,89,89,89,89,89,89,89,89,89,89,89,89,89,89,89,91,93,93,95,97,97,97,104,106,108,108,108,108,108,108,108,108,108,110,110],"relic_stats":{"Regal Pillow":0,"Singing Bowl":14,"Happy Flower":[3],"Torii":0,"counters":[30,59],"Magic Flower":[0],"Eternal Feather":0,"Juzu Bracelet":1,"Orichalcum":[0],"War Paint":["Rage","Backflip"],"Burning Blood":68,"Mercury Hourglass":[96],"OrangePellets":[0],"Sundial":[46],"Pantograph":9,"Bird Faced Urn":[0],"Turnip":[2],"Black Star":10,"Art of War":[0],"obtain_stats":[{"Regal Pillow":43,"Calipers":27,"Singing Bowl":34,"Torii":55,"Magic Flower":40,"Mango":8,"Juzu Bracelet":23,"Burning Blood":0,"Sundial":31,"DollysMirror":39,"Pantograph":29,"Strawberry":44,"WingedGreaves":23,"Toxic Egg 2":14,"Girya":41,"Happy Flower":46,"Eternal Feather":24,"The Courier":13,"Frozen Egg 2":26,"Orichalcum":27,"War Paint":46,"Akabeko":31,"Mercury Hourglass":29,"Du-Vu Doll":24,"Calling Bell":34,"OrangePellets":21,"CaptainsWheel":40,"Bird Faced Urn":55,"Molten Egg 2":44,"Turnip":34,"Black Star":17,"Art of War":34,"FossilizedHelix":38,"Pocketwatch":6},{"Regal Pillow":23,"Calipers":15,"Singing Bowl":18,"Torii":29,"Magic Flower":22,"Mango":6,"Juzu Bracelet":12,"Burning Blood":0,"Sundial":17,"DollysMirror":21,"Pantograph":16,"Strawberry":24,"WingedGreaves":12,"Toxic Egg 2":8,"Girya":23,"Happy Flower":26,"Eternal Feather":13,"The Courier":8,"Frozen Egg 2":14,"Orichalcum":15,"War Paint":26,"Akabeko":17,"Mercury Hourglass":16,"Du-Vu Doll":13,"Calling Bell":18,"OrangePellets":11,"CaptainsWheel":22,"Bird Faced Urn":29,"Molten Egg 2":24,"Turnip":18,"Black Star":10,"Art of War":18,"FossilizedHelix":21,"Pocketwatch":4},{"Regal Pillow":47,"Calipers":38,"Singing Bowl":41,"Torii":54,"Magic Flower":46,"Mango":23,"Juzu Bracelet":35,"Burning Blood":0,"Sundial":40,"DollysMirror":45,"Pantograph":39,"Strawberry":48,"WingedGreaves":35,"Toxic Egg 2":30,"Girya":47,"Happy Flower":50,"Eternal Feather":36,"The Courier":30,"Frozen Egg 2":37,"Orichalcum":38,"War Paint":50,"Akabeko":40,"Mercury Hourglass":39,"Du-Vu Doll":36,"Calling Bell":41,"OrangePellets":34,"CaptainsWheel":46,"Bird Faced Urn":54,"Molten Egg 2":48,"Turnip":41,"Black Star":33,"Art of War":41,"FossilizedHelix":45,"Pocketwatch":15}],"Pocketwatch":[12]},"card_choices":[{"not_picked":["True Grit","Wild Strike"],"picked":"Prostrate","floor":1},{"not_picked":["Searing Blow","Dash","Halt"],"picked":"SKIP","floor":4},{"not_picked":["Turbo","Dodge and Roll","Searing Blow"],"picked":"SKIP","floor":5},{"not_picked":["Reboot","Buffer"],"picked":"Grand Finale","floor":6},{"not_picked":["Uppercut","Wild Strike","Disarm"],"picked":"SKIP","floor":7},{"not_picked":["All For One","Establishment","Alpha"],"picked":"SKIP","floor":8},{"not_picked":["Skewer","JustLucky","Crescendo"],"picked":"SKIP","floor":12},{"not_picked":["After Image","Juggernaut"],"picked":"Scrawl","floor":13},{"not_picked":["Creative AI","Core Surge"],"picked":"Scrawl+1","floor":16},{"not_picked":["Flex+1","Evaluate+1","Sucker Punch+1"],"picked":"SKIP","floor":18},{"not_picked":["Hyperbeam","Blasphemy+1"],"picked":"Scrawl+1","floor":23},{"not_picked":["Blasphemy+1","A Thousand Cuts","Reaper"],"picked":"SKIP","floor":24},{"not_picked":["Wild Strike","Conclude","Worship+1"],"picked":"SKIP","floor":25},{"not_picked":["Corpse Explosion+1","Amplify+1","Wraith Form v2+1"],"picked":"SKIP","floor":27},{"not_picked":["Alpha+1","Venomology+1","LessonLearned"],"picked":"SKIP","floor":29},{"not_picked":["LessonLearned","Core Surge","Reaper"],"picked":"SKIP","floor":31},{"not_picked":["Prepared+1","Streamline"],"picked":"TalkToTheHand+1","floor":35},{"not_picked":["Seeing Red+1","Perfected Strike","Flying Knee+1"],"picked":"Singing Bowl","floor":37},{"not_picked":["Sword Boomerang+1","Flying Knee","Steam Power+1"],"picked":"Singing Bowl","floor":38},{"not_picked":["MasterReality+1","Die Die Die","A Thousand Cuts+1"],"picked":"Singing Bowl","floor":40},{"not_picked":["Bludgeon","Glass Knife","Malaise+1"],"picked":"Singing Bowl","floor":41},{"not_picked":["Glass Knife+1","Die Die Die+1"],"picked":"Scrawl+1","floor":44},{"not_picked":["Caltrops+1","Predator+1","Rampage+1"],"picked":"Singing Bowl","floor":45},{"not_picked":["Bullet Time+1","Limit Break+1","Machine Learning+1"],"picked":"Singing Bowl","floor":46},{"not_picked":["Double Tap+1","Bludgeon+1","Brutality+1"],"picked":"Singing Bowl","floor":55}],"player_experience":1988137,"relics_obtained":[{"floor":6,"key":"Pocketwatch"},{"floor":8,"key":"Mango"},{"floor":13,"key":"The Courier"},{"floor":23,"key":"Juzu Bracelet"},{"floor":23,"key":"WingedGreaves"},{"floor":24,"key":"Eternal Feather"},{"floor":24,"key":"Du-Vu Doll"},{"floor":26,"key":"Frozen Egg 2"},{"floor":27,"key":"Orichalcum"},{"floor":27,"key":"Calipers"},{"floor":29,"key":"Pantograph"},{"floor":29,"key":"Mercury Hourglass"},{"floor":31,"key":"Sundial"},{"floor":31,"key":"Akabeko"},{"floor":34,"key":"Art of War"},{"floor":34,"key":"Singing Bowl"},{"floor":34,"key":"Turnip"},{"floor":38,"key":"FossilizedHelix"},{"floor":40,"key":"CaptainsWheel"},{"floor":40,"key":"Magic Flower"},{"floor":41,"key":"Girya"},{"floor":43,"key":"Regal Pillow"},{"floor":44,"key":"Strawberry"},{"floor":44,"key":"Molten Egg 2"},{"floor":46,"key":"Happy Flower"},{"floor":46,"key":"War Paint"},{"floor":55,"key":"Torii"},{"floor":55,"key":"Bird Faced Urn"}],"event_choices":[{"cards_removed":["Coolheaded"],"damage_healed":0,"gold_gain":0,"player_choice":"Card Removal","damage_taken":0,"max_hp_gain":0,"max_hp_loss":0,"event_name":"The Cleric","floor":2,"gold_loss":75},{"cards_removed":["Intimidate"],"damage_healed":0,"gold_gain":0,"player_choice":"Card Removal","damage_taken":7,"max_hp_gain":0,"max_hp_loss":0,"event_name":"Golden Wing","floor":3,"gold_loss":0},{"damage_healed":0,"gold_gain":75,"player_choice":"Gather Gold","damage_taken":11,"max_hp_gain":0,"max_hp_loss":0,"event_name":"World of Goop","floor":11,"gold_loss":0},{"damage_healed":0,"gold_gain":30,"player_choice":"Searched \u00273\u0027 times","damage_taken":0,"relics_obtained":["Toxic Egg 2"],"max_hp_gain":0,"max_hp_loss":0,"event_name":"Dead Adventurer","floor":14,"gold_loss":0},{"damage_healed":0,"gold_gain":0,"player_choice":"Ignored","damage_taken":0,"max_hp_gain":0,"max_hp_loss":0,"event_name":"Vampires","floor":20,"gold_loss":0},{"damage_healed":0,"gold_gain":0,"player_choice":"Ignored","damage_taken":0,"max_hp_gain":0,"max_hp_loss":0,"event_name":"The Mausoleum","floor":30,"gold_loss":0},{"damage_healed":0,"gold_gain":0,"player_choice":"Ignored","damage_taken":0,"max_hp_gain":0,"max_hp_loss":0,"event_name":"Transmorgrifier","floor":36,"gold_loss":0},{"damage_healed":0,"gold_gain":0,"player_choice":"Fight","damage_taken":0,"max_hp_gain":0,"max_hp_loss":0,"event_name":"MindBloom","floor":38,"gold_loss":0}],"is_beta":false,"boss_relics":[{"not_picked":["Coffee Dripper","Fusion Hammer"],"picked":"Black Star"},{"not_picked":["Snecko Eye","Astrolabe"],"picked":"Calling Bell"}],"items_purged_floors":[19,21,22,39,48],"is_endless":false,"potions_floor_spawned":[5,7,8,14,16,18,27,33,35,40,45,46],"ascension_level":20}}