{"host":"kda2p2afd6bvz6qo","time":1613942613,"event":{"mods":["BaseMod","Colored Map","Minty Spire (QoL Compilation)","Relic Stats"],"gold_per_floor":[113,113,13,88,88,88,117,135,159,184,203,203,11,22,22,126,126,137,154,168,202,216,249,268,268,268,299,299,326,338,338,338,433,433,452,724,736,786,801,826,194,244,268,268,285,301,334,354,354,354,354,354,23,58,58],"floor_reached":56,"language":"ENG","playtime":2846,"items_purged":["Strike_R","Strike_R+1"],"score":1786,"play_id":"17125b9a-989a-4db3-93d9-072474d2707f","local_time":"20210221212333","is_ascension_mode":true,"campfire_choices":[{"data":"Evolve","floor":6,"key":"SMITH"},{"floor":12,"key":"REST"},{"floor":15,"key":"REST"},{"data":"Demon Form","floor":25,"key":"SMITH"},{"floor":28,"key":"REST"},{"data":"True Grit","floor":32,"key":"SMITH"},{"floor":44,"key":"REST"},{"floor":49,"key":"RECALL"},{"data":"Fire Breathing","floor":52,"key":"SMITH"}],"circlet_count":0,"master_deck":["Defend_R","Defend_R","Defend_R","Defend_R","Bash","Sever Soul","Evolve+1","Cleave+1","Shrug It Off","Dark Embrace","Power Through","Demon Form+1","True Grit+1","Immolate","Carnage+1","Shockwave","Shockwave+1","Impervious","Heavy Blade","Burning Pact+1","Thunderclap+1","Fiend Fire","Metallicize","Sword Boomerang","Exhume","Fire Breathing+1","Shrug It Off","Sword Boomerang+1","Uppercut+1","Feel No Pain","Fiend Fire"],"relics":["Mark of Pain","White Beast Statue","Ancient Tea Set","Mercury Hourglass","Regal Pillow","Snecko Eye","Red Mask","Vajra","Mummified Hand","Anchor","Art of War","SsserpentHead","Empty Cage","Bottled Lightning","Sling","MealTicket","Red Skull","Pen Nib","HornCleat","Happy Flower"],"acts_visited":["Exordium","TheCity","TheBeyond","TheEnding"],"potions_floor_usage":[10,16,20,27,45,55],"damage_taken":[{"damage":1,"enemies":"Cultist","floor":1,"turns":3},{"damage":15,"enemies":"3 Sentries","floor":7,"turns":5},{"damage":2,"enemies":"Jaw Worm","floor":8,"turns":3},{"damage":16,"enemies":"Gremlin Nob","floor":10,"turns":3},{"damage":0,"enemies":"2 Louse","floor":11,"turns":2},{"damage":0,"enemies":"Exordium Thugs","floor":14,"turns":3},{"damage":18,"enemies":"Slime Boss","floor":16,"turns":7},{"damage":0,"enemies":"2 Thieves","floor":18,"turns":2},{"damage":12,"enemies":"Shell Parasite","floor":19,"turns":6},{"damage":8,"enemies":"Shelled Parasite and Fungi","floor":20,"turns":3},{"damage":7,"enemies":"Masked Bandits","floor":21,"turns":3},{"damage":3,"enemies":"Snake Plant","floor":22,"turns":3},{"damage":0,"enemies":"Gremlin Leader","floor":23,"turns":4},{"damage":0,"enemies":"Snecko","floor":24,"turns":3},{"damage":15,"enemies":"Book of Stabbing","floor":27,"turns":5},{"damage":0,"enemies":"Gremlin Leader","floor":29,"turns":4},{"damage":0,"enemies":"3 Cultists","floor":30,"turns":2},{"damage":46,"enemies":"Collector","floor":33,"turns":8},{"damage":2,"enemies":"Orb Walker","floor":35,"turns":2},{"damage":0,"enemies":"3 Shapes","floor":37,"turns":1},{"damage":21,"enemies":"Writhing Mass","floor":39,"turns":5},{"damage":7,"enemies":"Reptomancer","floor":40,"turns":4},{"damage":3,"enemies":"3 Darklings","floor":45,"turns":3},{"damage":0,"enemies":"Spire Growth","floor":46,"turns":3},{"damage":0,"enemies":"Giant Head","floor":47,"turns":3},{"damage":25,"enemies":"Time Eater","floor":50,"turns":6},{"damage":2,"enemies":"Shield and Spear","floor":54,"turns":4},{"damage":42,"enemies":"The Heart","floor":55,"turns":7}],"seed_played":"2504385621761252963","potions_obtained":[{"floor":1,"key":"Dexterity Potion"},{"floor":8,"key":"FearPotion"},{"floor":10,"key":"DistilledChaos"},{"floor":11,"key":"Weak Potion"},{"floor":14,"key":"Energy Potion"},{"floor":16,"key":"SpeedPotion"},{"floor":18,"key":"Fire Potion"},{"floor":20,"key":"SteroidPotion"},{"floor":21,"key":"LiquidBronze"},{"floor":22,"key":"DuplicationPotion"},{"floor":23,"key":"EntropicBrew"},{"floor":27,"key":"DistilledChaos"},{"floor":45,"key":"Explosive Potion"},{"floor":48,"key":"FairyPotion"}],"is_trial":false,"path_per_floor":["M","?","$","?","?","R","E","M","T","E","M","R","$","M","R","B",null,"M","M","M","?","M","E","M","R","T","E","R","E","M","?","R","B",null,"M","?","M","?","M","E","$","T","T","R","M","M","E","?","R","B",null,"R","$","E","B",null],"character_chosen":"IRONCLAD","items_purchased":["Evolve","Cleave","True Grit","Regal Pillow","Fire Breathing","Sling","MealTicket","Red Skull","Shrug It Off","Feel No Pain","Fiend Fire"],"campfire_rested":4,"item_purchase_floors":[3,3,13,13,41,41,41,41,41,53,53],"current_hp_per_floor":[71,64,64,53,37,37,22,20,20,4,4,28,28,28,67,49,72,72,60,52,45,42,42,42,42,42,27,66,66,66,66,66,20,65,63,63,63,63,42,35,35,35,35,72,69,69,69,69,69,44,68,68,76,74,32],"gold":58,"neow_bonus":"BOSS_RELIC","is_daily":false,"chose_seed":false,"campfire_upgraded":4,"win_rate":0.0,"timestamp":1613942613,"path_taken":["M","?","$","?","?","R","E","M","T","E","M","R","$","M","R","BOSS","M","M","M","?","M","E","M","R","T","E","R","E","M","?","R","BOSS","M","?","M","?","M","E","$","?","T","R","M","M","E","?","R","BOSS","R","$","E","BOSS"],"items_purchased_type":["Card","Card","Card","Relic","Card","Relic","Relic","Relic","Card","Card","Card"],"build_version":"2020-12-22","purchased_purges":2,"victory":true,"max_hp_per_floor":[80,80,80,80,80,80,80,80,80,80,80,80,80,80,80,80,80,80,80,80,80,80,80,80,80,80,80,80,80,80,80,80,80,80,80,80,80,76,76,76,76,76,76,76,76,76,76,76,76,76,76,76,76,76,76],"relic_stats":{"SsserpentHead":200,"Regal Pillow":45,"Happy Flower":[2],"counters":[28,106],"Mummified Hand":[90],"Snecko Eye":[174,139,195,162],"MealTicket":8,"Pen Nib":[5],"Art of War":[3],"obtain_stats":[{"Regal Pillow":13,"Happy Flower":54,"Vajra":23,"Pen Nib":42,"Ancient Tea Set":9,"Empty Cage":34,"Sling":41,"Burning Blood":0,"White Beast Statue":7,"Mercury Hourglass":10,"SsserpentHead":31,"Anchor":27,"HornCleat":47,"Mummified Hand":26,"Snecko Eye":17,"MealTicket":41,"Mark of Pain":0,"Red Mask":21,"Art of War":29,"Bottled Lightning":40,"Red Skull":41},{"Regal Pillow":5,"Happy Flower":27,"Vajra":13,"Pen Nib":22,"Ancient Tea Set":3,"Empty Cage":18,"Sling":22,"Burning Blood":0,"White Beast Statue":2,"Mercury Hourglass":4,"SsserpentHead":17,"Anchor":15,"HornCleat":25,"Mummified Hand":14,"Snecko Eye":7,"MealTicket":22,"Mark of Pain":0,"Red Mask":11,"Art of War":16,"Bottled Lightning":22,"Red Skull":22},{"Regal Pillow":15,"Happy Flower":99,"Vajra":46,"Pen Nib":80,"Ancient Tea Set":11,"Empty Cage":68,"Sling":80,"Burning Blood":0,"White Beast Statue":8,"Mercury Hourglass":14,"SsserpentHead":60,"Anchor":54,"HornCleat":89,"Mummified Hand":49,"Snecko Eye":25,"MealTicket":80,"Mark of Pain":0,"Red Mask":39,"Art of War":58,"Bottled Lightning":80,"Red Skull":80}],"Mercury Hourglass":[355]},"card_choices":[{"not_picked":["Headbutt","Seeing Red"],"picked":"Sever Soul","floor":1},{"not_picked":["Hemokinesis","Armaments"],"picked":"Shrug It Off","floor":7},{"not_picked":["Anger","Headbutt"],"picked":"Dark Embrace","floor":8},{"not_picked":["Ghostly Armor","Burning Pact"],"picked":"Power Through","floor":10},{"not_picked":["Iron Wave","Shrug It Off"],"picked":"Demon Form","floor":11},{"not_picked":["Headbutt","Rupture","Metallicize"],"picked":"SKIP","floor":14},{"not_picked":["Corruption","Demon Form"],"picked":"Immolate","floor":16},{"not_picked":["Power Through","Bloodletting+1","Infernal Blade"],"picked":"SKIP","floor":18},{"not_picked":["Wild Strike","Armaments"],"picked":"Carnage+1","floor":19},{"not_picked":["Body Slam","Flex","Ghostly Armor"],"picked":"SKIP","floor":20},{"not_picked":["Perfected Strike","Corruption"],"picked":"Shockwave","floor":21},{"not_picked":["Iron Wave","Carnage+1"],"picked":"Shockwave+1","floor":22},{"not_picked":["Armaments","Power Through+1"],"picked":"Impervious","floor":23},{"not_picked":["Thunderclap","Rupture+1","Wild Strike"],"picked":"SKIP","floor":24},{"not_picked":["Inflame","Metallicize"],"picked":"Heavy Blade","floor":27},{"not_picked":["Warcry+1","Sentinel"],"picked":"Burning Pact+1","floor":29},{"not_picked":["Flex+1","Searing Blow"],"picked":"Thunderclap+1","floor":30},{"not_picked":["Brutality","Exhume"],"picked":"Fiend Fire","floor":33},{"not_picked":["Warcry","Anger"],"picked":"Metallicize","floor":35},{"not_picked":["Sword Boomerang","Headbutt+1","Iron Wave"],"picked":"SKIP","floor":37},{"not_picked":["Anger","True Grit"],"picked":"Sword Boomerang","floor":39},{"not_picked":["Intimidate","Power Through+1"],"picked":"Exhume","floor":40},{"not_picked":["Dropkick","Body Slam"],"picked":"Sword Boomerang+1","floor":45},{"not_picked":["Searing Blow","Thunderclap+1"],"picked":"Uppercut+1","floor":46},{"not_picked":["Sword Boomerang+1","Clash","Iron Wave"],"picked":"SKIP","floor":47},{"not_picked":["Sword Boomerang+1","Anger+1","Whirlwind"],"picked":"SKIP","floor":54}],"player_experience":282533,"relics_obtained":[{"floor":7,"key":"White Beast Statue"},{"floor":9,"key":"Ancient Tea Set"},{"floor":10,"key":"Mercury Hourglass"},{"floor":21,"key":"Red Mask"},{"floor":23,"key":"Vajra"},{"floor":26,"key":"Mummified Hand"},{"floor":27,"key":"Anchor"},{"floor":29,"key":"Art of War"},{"floor":40,"key":"Bottled Lightning"},{"floor":42,"key":"Pen Nib"},{"floor":47,"key":"HornCleat"},{"floor":54,"key":"Happy Flower"}],"event_choices":[{"cards_removed":["Strike_R"],"damage_healed":0,"gold_gain":0,"player_choice":"Card Removal","damage_taken":7,"max_hp_gain":0,"max_hp_loss":0,"event_name":"Golden Wing","floor":2,"gold_loss":0},{"damage_healed":0,"gold_gain":75,"player_choice":"Gather Gold","damage_taken":11,"max_hp_gain":0,"max_hp_loss":0,"event_name":"World of Goop","floor":4,"gold_loss":0},{"damage_healed":0,"gold_gain":0,"player_choice":"Entered Light","damage_taken":16,"max_hp_gain":0,"max_hp_loss":0,"event_name":"Shining Light","floor":5,"gold_loss":0,"cards_upgraded":["Strike_R","Cleave"]},{"damage_healed":0,"gold_gain":0,"player_choice":"Fought Bandits","damage_taken":0,"max_hp_gain":0,"max_hp_loss":0,"event_name":"Masked Bandits","floor":21,"gold_loss":0},{"damage_healed":0,"gold_gain":0,"player_choice":"Trade","damage_taken":0,"relics_obtained":["SsserpentHead"],"max_hp_gain":0,"max_hp_loss":0,"event_name":"FaceTrader","floor":31,"gold_loss":0},{"damage_healed":0,"gold_gain":222,"player_choice":"Wore Mask","damage_taken":0,"max_hp_gain":0,"max_hp_loss":0,"event_name":"Tomb of Lord Red Mask","floor":36,"gold_loss":0},{"damage_healed":0,"gold_gain":0,"player_choice":"Max HP","damage_taken":0,"max_hp_gain":0,"max_hp_loss":4,"event_name":"Winding Halls","floor":38,"gold_loss":0},{"damage_healed":0,"gold_gain":0,"player_choice":"Bought 2 Potions","damage_taken":0,"max_hp_gain":0,"max_hp_loss":0,"event_name":"The Woman in Blue","floor":48,"gold_loss":0}],"is_beta":false,"boss_relics":[{"not_picked":["Runic Cube","Pandora\u0027s Box"],"picked":"Snecko Eye"},{"not_picked":["SacredBark","Runic Dome"],"picked":"Empty Cage"}],"items_purged_floors":[41,53],"is_endless":false,"potions_floor_spawned":[1,8,10,11,14,16,18,19,20,21,22,23,24,27,29,30,33,35,37,39,40,45,46,47,54],"ascension_level":9}}