{"host":"q57ekfojy3i00x9o","time":1613933571,"event":{"mods":["Act Like it!","Arknights","Aspiration","BaseMod","Colored Map","Energized Spire","Hermit","Minty Spire (QoL Compilation)","Quick Restart","Ruina","Spicy Shops","Spikes Relics","StSLib","slay the spire mod where everything is the same but ironclad has a cowboy hat"],"gold_per_floor":[119,16,26,40,315,315,331,366,366,29,48,48,48,48,48,48,48],"floor_reached":16,"language":"RUS","playtime":233,"items_purged":["Regret"],"score":185,"play_id":"d6c6c0f9-3deb-4bd4-93ae-31791757109e","local_time":"20210221235251","is_ascension_mode":true,"campfire_choices":[{"data":"ats:Consecutive Shot Auto","floor":6,"key":"SMITH"},{"floor":13,"key":"REST"},{"data":"ats:Curse Doll","floor":15,"key":"SMITH"}],"circlet_count":0,"master_deck":["AscendersBane","ats:Strike C","ats:Strike G","ats:Strike S","ats:Strike V","ats:Armor Crushing Shot","ats:Defend","ats:Defend","ats:Defend","ats:Defend","ats:Emotion Absorption","ats:Consecutive Shot Auto+1","ats:Closed Bolt Burst Fire","ats:Powerful Strike","ats:Cat Scratch","ats:Poison Spread","ats:Consecutive Shot Auto","ats:Curse Doll+1"],"relics":["ats:Sanity","NeowsBlessing","ats:Originium","aspiration:FetidBarrel","Dream Catcher","ats:Snipe","Peace Pipe","Kunai"],"acts_visited":["Exordium"],"potions_floor_usage":[7,8,8],"damage_taken":[{"damage":0,"enemies":"Jaw Worm","floor":1,"turns":1},{"damage":0,"enemies":"Cultist","floor":3,"turns":1},{"damage":0,"enemies":"2 Louse","floor":4,"turns":1},{"damage":10,"enemies":"Large Slime","floor":7,"turns":4},{"damage":26,"enemies":"Gremlin Nob","floor":8,"turns":4},{"damage":10,"enemies":"Red Slaver","floor":11,"turns":2},{"damage":24,"enemies":"Hexaghost","floor":16,"turns":7}],"seed_played":"-8838819954569223515","potions_obtained":[{"floor":1,"key":"Weak Potion"},{"floor":3,"key":"ats:Burn Big Potion"},{"floor":7,"key":"ColorlessPotion"}],"is_trial":false,"path_per_floor":["M","$","M","M","?","R","M","E","T","$","M","?","R","?","R","B"],"character_chosen":"DOCTOR_CLASS","items_purchased":["ats:Closed Bolt Burst Fire","ats:Powerful Strike","ats:Consecutive Shot Auto","ats:Snipe","ats:Curse Doll"],"campfire_rested":1,"item_purchase_floors":[2,2,10,10,10],"current_hp_per_floor":[65,65,65,65,65,65,55,29,29,29,19,1,22,22,22,0,0],"gold":48,"neow_bonus":"THREE_ENEMY_KILL","is_daily":false,"chose_seed":false,"campfire_upgraded":2,"win_rate":0.0,"timestamp":1613933571,"path_taken":["M","$","M","M","?","R","?","E","T","$","M","?","R","?","R","BOSS"],"items_purchased_type":["Card","Card","Card","Relic","Card"],"build_version":"2020-12-22","purchased_purges":1,"victory":false,"max_hp_per_floor":[72,72,72,72,72,72,72,72,72,72,72,72,72,72,72,72,72],"card_choices":[{"not_picked":["ats:Leaping Hammer","ats:Literary Storm"],"picked":"ats:Consecutive Shot Auto","floor":1},{"not_picked":["ats:Ignite","ats:Steam Pump"],"picked":"ats:Cat Scratch","floor":3},{"not_picked":["ats:Revitalization","ats:Absolute Focus","ats:Very Hot Blade"],"picked":"SKIP","floor":4},{"not_picked":["ats:Guard Mode","ats:Burning Ground"],"picked":"ats:Poison Spread","floor":7},{"not_picked":["ats:Assault Order","ats:Curse Doll"],"picked":"ats:Sword Rain","floor":8},{"not_picked":["ats:Charging Defense","ats:Steam Pump","ats:Wolf Pack"],"picked":"SKIP","floor":11}],"player_experience":783991,"relics_obtained":[{"floor":8,"key":"ats:Originium"},{"floor":8,"key":"aspiration:FetidBarrel"},{"floor":9,"key":"Dream Catcher"}],"event_choices":[{"damage_healed":0,"gold_gain":275,"player_choice":"Desecrate","damage_taken":0,"max_hp_gain":0,"max_hp_loss":0,"event_name":"Golden Shrine","floor":5,"gold_loss":0,"cards_obtained":["Regret"]},{"damage_healed":0,"gold_gain":0,"player_choice":"Success","damage_taken":18,"relics_obtained":["Peace Pipe"],"max_hp_gain":0,"max_hp_loss":0,"event_name":"Scrap Ooze","floor":12,"gold_loss":0},{"cards_removed":["ats:Sword Rain"],"damage_healed":0,"gold_gain":0,"player_choice":"Gave Card","damage_taken":0,"relics_obtained":["Kunai"],"max_hp_gain":0,"max_hp_loss":0,"event_name":"WeMeetAgain","floor":14,"gold_loss":0}],"is_beta":false,"boss_relics":[],"items_purged_floors":[10],"is_endless":false,"potions_floor_spawned":[1,3,7],"killed_by":"Hexaghost","ascension_level":17}}