{"host":"vx9g5eyuglzorf3u","time":1613879782,"event":{"mods":["2.2 Compatiblity","BaseMod","DeckTracker","Keyboard Shortcuts","Minty Spire (QoL Compilation)","Relic Stats","StSLib","SuperFastMode","everything is the same but u backflip on backflip"],"gold_per_floor":[368,379,395,415,40,40,40,40],"floor_reached":7,"language":"KOR","playtime":160,"items_purged":["Strike_R"],"score":86,"play_id":"c32a76e7-3fae-492f-9cc8-15b58db64003","local_time":"20210221125622","is_ascension_mode":true,"campfire_choices":[{"data":"Body Slam","floor":6.0,"key":"SMITH"}],"circlet_count":0,"master_deck":["AscendersBane","Strike_R","Strike_R","Strike_R","Strike_R","Defend_R","Defend_R","Defend_R","Defend_R","Bash","Body Slam+1","Feed","Shrug It Off"],"relics":["Burning Blood","Membership Card","Torii"],"acts_visited":["Exordium"],"potions_floor_usage":[7],"damage_taken":[{"damage":9.0,"enemies":"2 Louse","floor":1.0,"turns":2.0},{"damage":7.0,"enemies":"Cultist","floor":2.0,"turns":4.0},{"damage":21.0,"enemies":"Jaw Worm","floor":3.0,"turns":6.0},{"damage":22.0,"enemies":"Exordium Wildlife","floor":4.0,"turns":5.0},{"damage":26,"enemies":"3 Sentries","floor":7,"turns":10}],"seed_played":"1316455472892700735","potions_obtained":[{"floor":4.0,"key":"SneckoOil"}],"is_trial":false,"path_per_floor":["M","M","M","M","$","R","E"],"character_chosen":"IRONCLAD","items_purchased":["Membership Card","Torii","Shrug It Off"],"campfire_rested":0,"item_purchase_floors":[5,5,5],"current_hp_per_floor":[65,64,49,33,33,33,7,7],"gold":40,"neow_bonus":"TWO_FIFTY_GOLD","is_daily":false,"chose_seed":false,"campfire_upgraded":1,"win_rate":0.0,"timestamp":1613879782,"path_taken":["M","M","M","M","$","R","E"],"items_purchased_type":["Relic","Relic","Card"],"build_version":"2020-12-22","purchased_purges":1,"victory":false,"max_hp_per_floor":[68,68,68,68,68,68,68,68],"relic_stats":{"Torii":21,"counters":[5,27],"obtain_stats":[{"Torii":5,"Membership Card":5,"Burning Blood":0},{"Torii":4,"Membership Card":4,"Burning Blood":0},{"Torii":17,"Membership Card":17,"Burning Blood":0}],"Burning Blood":24},"card_choices":[{"not_picked":["Warcry","Havoc","Heavy Blade"],"picked":"SKIP","floor":1.0},{"not_picked":["Inflame","Spot Weakness"],"picked":"Body Slam","floor":2.0},{"not_picked":["Combust","Body Slam","Spot Weakness"],"picked":"SKIP","floor":3.0},{"not_picked":["Uppercut","Thunderclap"],"picked":"Feed","floor":4.0}],"player_experience":1550278,"relics_obtained":[],"event_choices":[],"is_beta":false,"boss_relics":[],"items_purged_floors":[5],"is_endless":false,"potions_floor_spawned":[4],"killed_by":"3 Sentries","ascension_level":20}}