{"host":"b9sas8jv6tsy9swm","time":1613917072,"event":{"mods":["AchievementEnabler","BaseMod","Minty Spire (QoL Compilation)","Permanent Neow","Quick Restart","StSLib"],"gold_per_floor":[16,31,45,45,56,89,105,134,185,185,197,227,7,7,7,112,112,131,131,131,131,181,181,215,215,215,215,234,95,106,106,106,206,206,223,241,253,273,77,77,111,111,111,137,156,166,166,184,184,184,184,184,66,91,91,91],"floor_reached":55,"language":"ZHS","playtime":2893,"items_purged":["Defend_P","Defend_P","Defend_P"],"score":924,"play_id":"c07409f7-a9e2-4376-9a87-132833090324","local_time":"20210221221752","is_ascension_mode":true,"campfire_choices":[{"data":"Eruption","floor":10.0,"key":"SMITH"},{"floor":15.0,"key":"REST"},{"data":"Ghostly","floor":23.0,"key":"SMITH"},{"data":"Ghostly","floor":25.0,"key":"SMITH"},{"floor":27.0,"key":"RECALL"},{"data":"Fasting2","floor":32.0,"key":"SMITH"},{"data":"Ghostly","floor":40.0,"key":"SMITH"},{"data":"Vault","floor":42.0,"key":"SMITH"},{"data":"Tantrum","floor":49,"key":"SMITH"},{"data":"Indignation","floor":52,"key":"SMITH"}],"circlet_count":0,"master_deck":["Strike_P","Strike_P","Eruption+1","Vigilance","WheelKick+1","InnerPeace","Prostrate","EmptyBody","Indignation+1","Crescendo+1","FearNoEvil","Crescendo","Ghostly+1","Ghostly+1","Ghostly+1","Ghostly","Ghostly","Vengeance","ForeignInfluence+1","Fasting2+1","Vault+1","FlyingSleeves+1","FlurryOfBlows","Tantrum+1","FlurryOfBlows","Adaptation+1","EmptyMind","Collect+1"],"relics":["PureWater","Mercury Hourglass","Ginger","Anchor","Eternal Feather","Medical Kit","Runic Pyramid","PreservedInsect","Cursed Key","Vajra","The Courier","War Paint","Strawberry"],"acts_visited":["Exordium","TheCity","TheBeyond","TheEnding"],"potions_floor_usage":[48,55],"damage_taken":[{"damage":0.0,"enemies":"Cultist","floor":1.0,"turns":3.0},{"damage":2.0,"enemies":"Small Slimes","floor":2.0,"turns":2.0},{"damage":8.0,"enemies":"Jaw Worm","floor":3.0,"turns":4.0},{"damage":8.0,"enemies":"Blue Slaver","floor":5.0,"turns":3.0},{"damage":0.0,"enemies":"Gremlin Nob","floor":6.0,"turns":2.0},{"damage":0.0,"enemies":"2 Fungi Beasts","floor":7.0,"turns":2.0},{"damage":23.0,"enemies":"3 Sentries","floor":8.0,"turns":7.0},{"damage":0.0,"enemies":"3 Louse","floor":11.0,"turns":2.0},{"damage":11.0,"enemies":"Lagavulin","floor":12.0,"turns":4.0},{"damage":19.0,"enemies":"The Guardian","floor":16.0,"turns":10.0},{"damage":0.0,"enemies":"Chosen","floor":18.0,"turns":4.0},{"damage":2.0,"enemies":"Slavers","floor":24.0,"turns":4.0},{"damage":2.0,"enemies":"3 Byrds","floor":28.0,"turns":4.0},{"damage":2.0,"enemies":"3 Cultists","floor":30.0,"turns":4.0},{"damage":11.0,"enemies":"Champ","floor":33.0,"turns":10.0},{"damage":0.0,"enemies":"3 Shapes","floor":35.0,"turns":2.0},{"damage":0.0,"enemies":"Orb Walker","floor":36.0,"turns":4.0},{"damage":3.0,"enemies":"3 Darklings","floor":37.0,"turns":3.0},{"damage":1.0,"enemies":"Transient","floor":38.0,"turns":6.0},{"damage":0.0,"enemies":"Nemesis","floor":41.0,"turns":4.0},{"damage":0,"enemies":"Reptomancer","floor":44,"turns":3},{"damage":1,"enemies":"Writhing Mass","floor":45,"turns":3},{"damage":0,"enemies":"Jaw Worm Horde","floor":46,"turns":3},{"damage":1,"enemies":"Maw","floor":48,"turns":5},{"damage":4,"enemies":"Awakened One","floor":50,"turns":7},{"damage":0,"enemies":"Shield and Spear","floor":54,"turns":3},{"damage":43,"enemies":"The Heart","floor":55,"turns":7}],"seed_played":"-9035651907821826664","potions_obtained":[{"floor":1.0,"key":"SmokeBomb"},{"floor":2.0,"key":"SteroidPotion"},{"floor":11.0,"key":"Weak Potion"},{"floor":28.0,"key":"Block Potion"},{"floor":33.0,"key":"Energy Potion"},{"floor":38.0,"key":"AttackPotion"}],"is_trial":false,"path_per_floor":["M","M","M","?","M","E","M","E","T","R","M","E","$","?","R","B",null,"M","?","?","?","?","R","E","R","T","R","M","$","M","?","R","B",null,"M","M","M","M","$","R","E","R","T","E","M","M","?","M","R","B",null,"R","$","E","B"],"character_chosen":"WATCHER","items_purchased":["Medical Kit","Fasting2","Tantrum","War Paint"],"campfire_rested":1,"item_purchase_floors":[13,29,39,53],"current_hp_per_floor":[72,70,62,62,54,54,54,31,31,31,31,20,20,20,47,28,72,72,72,72,36,36,36,34,36,36,36,34,34,32,36,36,25,36,36,36,33,32,32,36,36,36,36,36,35,35,35,34,36,32,36,36,36,43,0,0],"gold":91,"neow_bonus":"TRANSFORM_TWO_CARDS","is_daily":false,"chose_seed":false,"campfire_upgraded":8,"win_rate":0.0,"timestamp":1613917072,"path_taken":["M","M","M","?","M","E","M","E","T","R","?","E","$","?","R","BOSS","M","?","?","?","?","R","E","R","T","R","?","?","M","?","R","BOSS","M","M","M","?","$","R","E","R","T","E","M","M","?","M","R","BOSS","R","$","E","BOSS"],"items_purchased_type":["Relic","Card","Card","Relic"],"build_version":"2020-12-22","purchased_purges":3,"victory":false,"max_hp_per_floor":[72,72,72,72,72,72,72,72,72,72,72,72,72,72,72,72,72,72,72,72,36,36,36,36,36,36,36,36,36,36,36,36,36,36,36,36,36,36,36,36,36,36,36,36,36,36,36,36,36,36,36,36,36,43,43,43],"card_choices":[{"not_picked":["Perseverance","Halt"],"picked":"WheelKick","floor":1.0},{"not_picked":["Conclude","ThirdEye"],"picked":"InnerPeace","floor":2.0},{"not_picked":["BowlingBash","SandsOfTime","ThirdEye"],"picked":"SKIP","floor":3.0},{"not_picked":["SignatureMove","WindmillStrike","ClearTheMind"],"picked":"SKIP","floor":5.0},{"not_picked":["WaveOfTheHand","Pray","Alpha"],"picked":"SKIP","floor":6.0},{"not_picked":["JustLucky","WreathOfFlame"],"picked":"Prostrate","floor":7.0},{"not_picked":["SandsOfTime","ClearTheMind"],"picked":"EmptyBody","floor":8.0},{"not_picked":["FlurryOfBlows","CutThroughFate"],"picked":"Indignation","floor":11.0},{"not_picked":["DeceiveReality","Study"],"picked":"FearNoEvil","floor":12.0},{"not_picked":["Judgement","Brilliance"],"picked":"Establishment","floor":16.0},{"not_picked":["Prostrate","ReachHeaven","SashWhip"],"picked":"SKIP","floor":18.0},{"not_picked":["CutThroughFate","FearNoEvil+1"],"picked":"Vengeance","floor":24.0},{"not_picked":["InnerPeace","EmptyBody"],"picked":"ForeignInfluence","floor":28.0},{"not_picked":["Crescendo+1","SashWhip"],"picked":"Fasting2","floor":30.0},{"not_picked":["ConjureBlade","Alpha"],"picked":"Vault","floor":33.0},{"not_picked":["EmptyFist","DeceiveReality","Nirvana+1"],"picked":"SKIP","floor":35.0},{"not_picked":["SandsOfTime+1","Meditate"],"picked":"FlyingSleeves+1","floor":36.0},{"not_picked":["Consecrate+1","FollowUp+1"],"picked":"FlurryOfBlows","floor":37.0},{"not_picked":["Sanctity","Meditate","DeusExMachina"],"picked":"SKIP","floor":38.0},{"not_picked":["FollowUp","EmptyFist+1"],"picked":"FlurryOfBlows","floor":41.0},{"not_picked":["FollowUp","Vengeance"],"picked":"Adaptation+1","floor":44},{"not_picked":["Halt","CarveReality+1"],"picked":"EmptyMind","floor":45},{"not_picked":["ReachHeaven","DeceiveReality","Collect+1"],"picked":"SKIP","floor":46},{"not_picked":["Crescendo","ThirdEye+1","Protect"],"picked":"SKIP","floor":48},{"not_picked":["JustLucky+1","BowlingBash"],"picked":"Collect+1","floor":54}],"player_experience":397869,"relics_obtained":[{"floor":6.0,"key":"Mercury Hourglass"},{"floor":8.0,"key":"Ginger"},{"floor":9.0,"key":"Anchor"},{"floor":12.0,"key":"Eternal Feather"},{"floor":24.0,"key":"PreservedInsect"},{"floor":41.0,"key":"Vajra"},{"floor":44,"key":"The Courier"},{"floor":54,"key":"Strawberry"}],"event_choices":[{"damage_healed":0.0,"max_hp_gain":0.0,"max_hp_loss":0.0,"gold_gain":0.0,"event_name":"Upgrade Shrine","player_choice":"Upgraded","floor":4.0,"gold_loss":0.0,"damage_taken":0.0,"cards_upgraded":["WheelKick"]},{"damage_healed":0.0,"max_hp_gain":0.0,"max_hp_loss":0.0,"gold_gain":0.0,"event_name":"Scrap Ooze","player_choice":"Fled","floor":14.0,"gold_loss":0.0,"damage_taken":0.0},{"damage_healed":0.0,"max_hp_gain":0.0,"max_hp_loss":0.0,"gold_gain":0.0,"event_name":"The Library","player_choice":"Read","floor":19.0,"gold_loss":0.0,"damage_taken":0.0,"cards_obtained":["Crescendo"]},{"damage_healed":0.0,"max_hp_gain":0.0,"max_hp_loss":0.0,"gold_gain":0.0,"cards_transformed":["Defend_P","Establishment"],"event_name":"Drug Dealer","player_choice":"Became Test Subject","floor":20.0,"gold_loss":0.0,"damage_taken":0.0,"cards_obtained":["FearNoEvil","Crescendo"]},{"damage_healed":0.0,"max_hp_gain":0.0,"max_hp_loss":36.0,"gold_gain":0.0,"event_name":"Ghosts","player_choice":"Became a Ghost","floor":21.0,"gold_loss":0.0,"damage_taken":0.0,"cards_obtained":["Ghostly","Ghostly","Ghostly","Ghostly","Ghostly"]},{"damage_healed":0.0,"max_hp_gain":0.0,"max_hp_loss":0.0,"gold_gain":100.0,"event_name":"The Joust","player_choice":"Bet on Murderer","floor":22.0,"gold_loss":50.0,"damage_taken":0.0},{"cards_removed":["Fasting2"],"damage_healed":4.0,"max_hp_gain":0.0,"max_hp_loss":0.0,"gold_gain":0.0,"event_name":"Bonfire Elementals","player_choice":"Offered Uncommon","floor":31.0,"gold_loss":0.0,"damage_taken":0.0},{"cards_removed":["FearNoEvil"],"damage_healed":0,"gold_gain":0,"player_choice":"Purged","damage_taken":0,"max_hp_gain":0,"max_hp_loss":0,"event_name":"Purifier","floor":47,"gold_loss":0}],"is_beta":false,"boss_relics":[{"not_picked":["Tiny House","Coffee Dripper"],"picked":"Runic Pyramid"},{"not_picked":["SlaversCollar","SacredBark"],"picked":"Cursed Key"}],"items_purged_floors":[13,29,39],"is_endless":false,"potions_floor_spawned":[1,2,11,28,33,38,41,45],"killed_by":"The Heart","ascension_level":2}}