{"host":"qp7xs8nuzfsyommi","time":1613945549,"event":{"mods":["2.2 Compatiblity","BaseMod","Colored Powertips","DeckTracker","Highlight Path","Minty Spire (QoL Compilation)","Permanent Neow","Quick Restart","StSLib","Weighted Paths"],"gold_per_floor":[118,138,213,138,152,152,152,152,152,23,39,39,54,73,73,147,147,158,176,176,38,57,74,74,74],"floor_reached":24,"language":"ENG","playtime":951,"items_purged":[],"score":380,"play_id":"1eaea3d0-58d4-415b-b51e-8d2cf69a579c","local_time":"20210221171229","is_ascension_mode":true,"campfire_choices":[{"data":"1","floor":6.0,"key":"LIFT"},{"data":"2","floor":8.0,"key":"LIFT"},{"floor":12.0,"key":"REST"},{"floor":15.0,"key":"REST"}],"circlet_count":0,"master_deck":["AscendersBane","Strike_B","Strike_B","Strike_B","Defend_B","Defend_B","Defend_B","Defend_B","Zap","Dualcast","Rip and Tear","Gash","Biased Cognition","Doom and Gloom","Genetic Algorithm","Conserve Battery","Coolheaded","Buffer","Fusion","Gash","Self Repair","Conserve Battery","Defragment+1","Creative AI"],"relics":["Cracked Core","Girya","Blood Vial","Matryoshka","Snecko Eye"],"acts_visited":["Exordium","TheCity"],"potions_floor_usage":[16,18],"damage_taken":[{"damage":5.0,"enemies":"2 Louse","floor":1.0,"turns":3.0},{"damage":15.0,"enemies":"Small Slimes","floor":2.0,"turns":3.0},{"damage":0.0,"enemies":"Cultist","floor":5.0,"turns":3.0},{"damage":22.0,"enemies":"Gremlin Gang","floor":11.0,"turns":3.0},{"damage":6.0,"enemies":"Lots of Slimes","floor":13.0,"turns":2.0},{"damage":16.0,"enemies":"3 Louse","floor":14.0,"turns":3.0},{"damage":31,"enemies":"The Guardian","floor":16,"turns":9},{"damage":8,"enemies":"Shell Parasite","floor":18,"turns":5},{"damage":0,"enemies":"Chosen","floor":19,"turns":5},{"damage":23,"enemies":"Snake Plant","floor":22,"turns":4},{"damage":34,"enemies":"Cultist and Chosen","floor":23,"turns":8},{"damage":21,"enemies":"Slavers","floor":24,"turns":1}],"seed_played":"7482464541739694425","potions_obtained":[{"floor":5.0,"key":"SpeedPotion"},{"floor":11.0,"key":"Ancient Potion"},{"floor":14.0,"key":"Energy Potion"}],"is_trial":false,"path_per_floor":["M","M","?","?","M","R","?","R","T","$","M","R","M","M","R","B",null,"M","M","?","$","M","M","E"],"character_chosen":"DEFECT","items_purchased":["Doom and Gloom","Genetic Algorithm","Self Repair","Conserve Battery"],"campfire_rested":2,"item_purchase_floors":[10,10,21,21],"current_hp_per_floor":[59,44,33,33,33,33,33,33,33,33,13,34,30,16,37,8,55,49,51,51,51,37,12,0,0],"gold":74,"neow_bonus":"ONE_RARE_RELIC","is_daily":false,"chose_seed":false,"campfire_upgraded":0,"win_rate":0.0,"timestamp":1613945549,"path_taken":["M","M","?","?","M","R","?","R","T","$","M","R","M","M","R","BOSS","M","M","?","$","M","?","E"],"items_purchased_type":["Card","Card","Card","Card"],"build_version":"2020-12-22","purchased_purges":0,"victory":false,"max_hp_per_floor":[71,71,71,71,71,71,71,71,71,71,71,71,71,71,71,71,71,71,71,71,71,71,71,71,71],"card_choices":[{"not_picked":["Compile Driver","Reinforced Body"],"picked":"Rip and Tear","floor":1.0},{"not_picked":["Barrage","Compile Driver"],"picked":"Gash","floor":2.0},{"not_picked":["Stack","Steam Power"],"picked":"Biased Cognition","floor":5.0},{"not_picked":["Compile Driver","Steam"],"picked":"Conserve Battery","floor":11.0},{"not_picked":["Turbo","Leap"],"picked":"Coolheaded","floor":13.0},{"not_picked":["Coolheaded","Redo","Rebound"],"picked":"SKIP","floor":14.0},{"not_picked":["Biased Cognition","Seek"],"picked":"Buffer","floor":16},{"not_picked":["Stack","Sweeping Beam"],"picked":"Fusion","floor":18},{"not_picked":["Darkness+1","Beam Cell"],"picked":"Gash","floor":19},{"not_picked":["Conserve Battery","Ball Lightning"],"picked":"Defragment+1","floor":22},{"not_picked":["Redo+1","Conserve Battery+1"],"picked":"Creative AI","floor":23}],"player_experience":1468943,"relics_obtained":[{"floor":9.0,"key":"Matryoshka"}],"event_choices":[{"damage_healed":0.0,"max_hp_gain":0.0,"max_hp_loss":0.0,"gold_gain":75.0,"event_name":"World of Goop","player_choice":"Gather Gold","floor":3.0,"gold_loss":0.0,"damage_taken":11.0},{"cards_removed":["Normality"],"damage_healed":0.0,"max_hp_gain":0.0,"max_hp_loss":0.0,"gold_gain":0.0,"event_name":"The Cleric","player_choice":"Card Removal","floor":4.0,"gold_loss":75.0,"damage_taken":0.0},{"damage_healed":0.0,"max_hp_gain":0.0,"max_hp_loss":0.0,"gold_gain":0.0,"event_name":"WeMeetAgain","player_choice":"Gave Potion","floor":7.0,"gold_loss":0.0,"damage_taken":0.0,"relics_obtained":["Blood Vial"]},{"cards_removed":["Strike_B"],"damage_healed":0,"gold_gain":0,"player_choice":"Purged","damage_taken":0,"max_hp_gain":0,"max_hp_loss":0,"event_name":"Purifier","floor":20,"gold_loss":0}],"is_beta":false,"boss_relics":[{"not_picked":["Cursed Key","FrozenCore"],"picked":"Snecko Eye"}],"items_purged_floors":[],"is_endless":false,"potions_floor_spawned":[5,11,14],"killed_by":"Slavers","ascension_level":20}}