{"host":"hf83sijwe64ts2lm","time":1613877429,"event":{"mods":["2.2 Compatiblity","BaseMod","Better Altar","Better Match","Better Note","Better Sensory Stone","Better Skull","Better Third Choice","Colored Map","Colored Powertips","Highlight Path","Hubris","Infinite Spire","Minty Spire (QoL Compilation)","Quick Restart","Rare Cards Sparkle","Relic Stats","Reliquary","Replay The Spire","Shop Mod","Spicy Shops","Spire Arcade","StSLib","Thieving Mod"],"gold_per_floor":[116,130,205,221,109,143,143,172,245,245,245,245,270,283,283,381,431,449,449,61,79,46,46,46,46],"floor_reached":24,"language":"ENG","playtime":554,"items_purged":[],"score":328,"play_id":"5822de41-d9bb-4c26-8102-42ad4aa73d1d","local_time":"20210220221709","is_ascension_mode":true,"campfire_choices":[{"floor":7,"key":"RECALL"},{"floor":10,"key":"REST"},{"data":"Demon Form","floor":15,"key":"SMITH"},{"floor":23,"key":"REST"}],"circlet_count":0,"master_deck":["Strike_R","Strike_R","Strike_R","Strike_R","Strike_R","Defend_R","Defend_R","Defend_R","Defend_R","Double Tap","Iron Wave","Metallicize+1","Wild Strike","ReplayTheSpireMod:Private Reserves","Headbutt","Demon Form+1","Replay:Undeath\u0027s Touch","Survivor","Neutralize","Sword Boomerang","Perfected Strike+1","Brutality","Pummel","Shrug It Off","Fire Breathing","Rampage","Shrug It Off","Shrug It Off"],"relics":["Quantum Egg","Sizzling Blood","infinitespire:Bottled Soul","Chameleon Ring","PureWater","Calipers","ReplayTheSpireMod:Ring of Collecting","Art of War","infinitespire:Chaos"],"acts_visited":["Exordium","TheCity"],"potions_floor_usage":[13,13,16,18,18,21,24],"damage_taken":[{"damage":7,"enemies":"Small Slimes","floor":1,"turns":3},{"damage":5,"enemies":"Cultist","floor":2,"turns":4},{"damage":7,"enemies":"2 Louse","floor":4,"turns":3},{"damage":21,"enemies":"Gremlin Nob","floor":6,"turns":4},{"damage":20,"enemies":"3 Sentries","floor":8,"turns":7},{"damage":3,"enemies":"Lagavulin","floor":13,"turns":4},{"damage":0,"enemies":"Blue Slaver","floor":14,"turns":2},{"damage":0,"enemies":"Fading Forest","floor":16,"turns":11},{"damage":28,"enemies":"Spheric Guardian","floor":18,"turns":4},{"damage":20,"enemies":"Shell Parasite","floor":21,"turns":6},{"damage":90,"enemies":"Slavers","floor":24,"turns":6}],"seed_played":"2519653897160146824","potions_obtained":[{"floor":4,"key":"SpeedPotion"},{"floor":8,"key":"Swift Potion"},{"floor":13,"key":"Explosive Potion"},{"floor":16,"key":"LiquidMemories"},{"floor":17,"key":"Regen Potion"},{"floor":18,"key":"BlessingOfTheForge"},{"floor":21,"key":"Venom Potion"}],"is_trial":false,"path_per_floor":["M","M","?","M","$","E","R","E","T","R","?","?","E","M","R","B",null,"M","?","$","M","$","R","E"],"character_chosen":"IRONCLAD","items_purchased":["ReplayTheSpireMod:Private Reserves","Headbutt","Bottled Flame","infinitespire:Chaos","Fire Breathing","Shrug It Off"],"campfire_rested":2,"item_purchase_floors":[5,5,20,20,20,22],"current_hp_per_floor":[79,80,72,71,71,56,56,42,42,66,66,66,69,75,75,80,85,63,63,67,51,51,77,0,0],"gold":46,"neow_bonus":"ONE_RANDOM_RARE_CARD","is_daily":false,"chose_seed":false,"campfire_upgraded":1,"win_rate":0.0,"timestamp":1613877429,"path_taken":["M","M","?","?","?","E","R","E","T","R","?","?","E","M","R","BOSS","M","?","$","M","$","R","E"],"items_purchased_type":["Card","Card","Relic","Relic","Card","Card"],"build_version":"2020-12-22","purchased_purges":0,"victory":false,"max_hp_per_floor":[80,80,80,80,80,80,80,80,80,80,80,80,80,80,80,80,85,85,85,89,89,89,89,89,89],"relic_stats":{"counters":[11,54],"Art of War":[1],"obtain_stats":[{"Tiny House":17,"Calipers":20,"Quantum Egg":20,"hubris:SphereOfDissonance":9,"infinitespire:EmptyRelic":20,"Sizzling Blood":20,"reliquary:WeakTea":13,"Burning Blood":0,"reliquary:HotPoker":6,"Bottled Flame":20,"hubris:Icosahedron":19,"Chameleon Ring":20,"infinitespire:Bottled Soul":20,"ReplayTheSpireMod:Ring of Collecting":20,"hubris:PeanutButter":8,"Art of War":20,"PureWater":20,"infinitespire:Chaos":20},{"Tiny House":8,"Calipers":9,"Quantum Egg":9,"hubris:SphereOfDissonance":5,"infinitespire:EmptyRelic":9,"Sizzling Blood":9,"reliquary:WeakTea":6,"Burning Blood":0,"reliquary:HotPoker":4,"Bottled Flame":9,"hubris:Icosahedron":9,"Chameleon Ring":9,"infinitespire:Bottled Soul":9,"ReplayTheSpireMod:Ring of Collecting":9,"hubris:PeanutButter":5,"Art of War":9,"PureWater":9,"infinitespire:Chaos":9},{"Tiny House":38,"Calipers":42,"Quantum Egg":42,"hubris:SphereOfDissonance":21,"infinitespire:EmptyRelic":42,"Sizzling Blood":42,"reliquary:WeakTea":25,"Burning Blood":0,"reliquary:HotPoker":14,"Bottled Flame":42,"hubris:Icosahedron":42,"Chameleon Ring":42,"infinitespire:Bottled Soul":42,"ReplayTheSpireMod:Ring of Collecting":42,"hubris:PeanutButter":21,"Art of War":42,"PureWater":42,"infinitespire:Chaos":42}]},"card_choices":[{"not_picked":["hubris:ReadiedAction","Havoc"],"picked":"Iron Wave","floor":1},{"not_picked":["Sword Boomerang","Pommel Strike"],"picked":"Metallicize","floor":2},{"not_picked":["Havoc","Anger"],"picked":"Wild Strike","floor":4},{"not_picked":["Headbutt","Twin Strike"],"picked":"Demon Form","floor":6},{"not_picked":["hubris:ReadiedAction","ReplayTheSpireMod:Stacked"],"picked":"Replay:Undeath\u0027s Touch","floor":8},{"not_picked":["Headbutt","Exhume"],"picked":"Sword Boomerang","floor":13},{"not_picked":["True Grit","Iron Wave"],"picked":"Perfected Strike","floor":14},{"not_picked":["Demonic Infusion","Offering"],"picked":"Brutality","floor":16},{"not_picked":["Havoc","Flex"],"picked":"Pummel","floor":17},{"not_picked":["Iron Wave","True Grit"],"picked":"Shrug It Off","floor":18},{"not_picked":["Dual Wield","Shrug It Off"],"picked":"Rampage","floor":21}],"player_experience":192340,"relics_obtained":[{"floor":6,"key":"reliquary:HotPoker"},{"floor":8,"key":"hubris:PeanutButter"},{"floor":9,"key":"hubris:SphereOfDissonance"},{"floor":13,"key":"reliquary:WeakTea"}],"event_choices":[{"damage_healed":0,"gold_gain":75,"player_choice":"Touch","damage_taken":8,"max_hp_gain":0,"max_hp_loss":0,"event_name":"FaceTrader","floor":3,"gold_loss":0}],"is_beta":false,"boss_relics":[{"not_picked":["infinitespire:Burning Sword","ReplayTheSpireMod:DimensionalGlitch"],"picked":"Tiny House"}],"items_purged_floors":[],"is_endless":false,"potions_floor_spawned":[4,8,13,16,18,21],"killed_by":"Slavers","ascension_level":5}}