{"host":"g907ck67u7c3hrs6","time":1613909205,"event":{"mods":["BaseMod","Colored Map","DeckTracker","Force Act Four","Highlight Path","Keyboard Shortcuts","Minty Spire (QoL Compilation)","Permanent Neow","Say the Spire","SuperFastMode"],"gold_per_floor":[110,122,134,154,166,192,192,227,250,275,288,322,352,411,411,486,486,497,510,538,314,264,290,290,318,318,350,350,377,411,450,450,524,524,544,544,766,789,469,494,529,569,578,609,638,638,671,696,696,696,696,696,696,126,152,152],"floor_reached":57,"language":"KOR","playtime":1319,"items_purged":["Sever Soul","Wild Strike","Second Wind","Second Wind"],"score":4595,"play_id":"451224f2-a07e-4f68-b6c9-1bc980ea0a07","local_time":"20210221210645","daily_mods":["SealedDeck","Heirloom","Time Dilation","Flight","DeadlyEvents","Elite Swarm"],"is_ascension_mode":true,"campfire_choices":[{"data":"Corruption","floor":7,"key":"SMITH"},{"data":"Barricade","floor":15,"key":"SMITH"},{"data":"Offering","floor":24,"key":"SMITH"},{"floor":32,"key":"DIG"},{"floor":49,"key":"RECALL"},{"floor":53,"key":"DIG"}],"circlet_count":0,"master_deck":["AscendersBane","Shrug It Off","Headbutt","Shockwave","Shrug It Off","Battle Trance","Wild Strike+1","Brutality","Body Slam+1","Corruption+1","Fiend Fire","Barricade+1","Offering+1","Impervious","Impervious","Shrug It Off","Offering","Impervious","Offering","Impervious","Impervious","Feel No Pain","Impervious","Offering","Shame","Thinking Ahead"],"relics":["Burning Blood","Charon\u0027s Ashes","Potion Belt","Whetstone","Smiling Mask","Pantograph","Bottled Lightning","Vajra","Regal Pillow","SacredBark","Red Mask","Prayer Wheel","Akabeko","Blue Candle","Shovel","CeramicFish","Incense Burner","White Beast Statue","Molten Egg 2","Cursed Key","Pear","Frozen Egg 2","Pocketwatch","Dream Catcher","Toy Ornithopter","Champion Belt","Meat on the Bone","Singing Bowl","Bottled Flame","ClockworkSouvenir","Happy Flower","Centennial Puzzle"],"acts_visited":["Exordium","TheCity","TheBeyond","TheEnding"],"potions_floor_usage":[45,56,56],"damage_taken":[{"damage":0,"enemies":"Small Slimes","floor":1,"turns":2},{"damage":7,"enemies":"Jaw Worm","floor":2,"turns":2},{"damage":0,"enemies":"2 Louse","floor":3,"turns":2},{"damage":0,"enemies":"Red Slaver","floor":4,"turns":2},{"damage":1,"enemies":"Looter","floor":5,"turns":2},{"damage":8,"enemies":"Lagavulin","floor":6,"turns":4},{"damage":5,"enemies":"Gremlin Nob","floor":8,"turns":3},{"damage":3,"enemies":"3 Sentries","floor":10,"turns":3},{"damage":9,"enemies":"2 Fungi Beasts","floor":11,"turns":3},{"damage":1,"enemies":"Lagavulin","floor":12,"turns":4},{"damage":7,"enemies":"3 Sentries","floor":13,"turns":3},{"damage":8,"enemies":"3 Sentries","floor":14,"turns":4},{"damage":39,"enemies":"Slime Boss","floor":16,"turns":5},{"damage":6,"enemies":"2 Thieves","floor":18,"turns":1},{"damage":6,"enemies":"Spheric Guardian","floor":19,"turns":1},{"damage":7,"enemies":"Masked Bandits","floor":20,"turns":2},{"damage":12,"enemies":"Gremlin Leader","floor":23,"turns":1},{"damage":13,"enemies":"Slavers","floor":25,"turns":2},{"damage":12,"enemies":"Gremlin Leader","floor":27,"turns":1},{"damage":13,"enemies":"Book of Stabbing","floor":29,"turns":2},{"damage":12,"enemies":"Gremlin Leader","floor":30,"turns":1},{"damage":13,"enemies":"Slavers","floor":31,"turns":2},{"damage":13,"enemies":"Champ","floor":33,"turns":1},{"damage":12,"enemies":"Orb Walker","floor":35,"turns":1},{"damage":6,"enemies":"3 Darklings","floor":38,"turns":3},{"damage":12,"enemies":"Reptomancer","floor":40,"turns":1},{"damage":18,"enemies":"Giant Head","floor":41,"turns":1},{"damage":12,"enemies":"Reptomancer","floor":42,"turns":2},{"damage":3,"enemies":"Nemesis","floor":44,"turns":1},{"damage":9,"enemies":"Giant Head","floor":45,"turns":5},{"damage":3,"enemies":"Nemesis","floor":47,"turns":1},{"damage":15,"enemies":"Giant Head","floor":48,"turns":3},{"damage":26,"enemies":"Donu and Deca","floor":50,"turns":2},{"damage":11,"enemies":"Time Eater","floor":51,"turns":2},{"damage":20,"enemies":"Shield and Spear","floor":55,"turns":2},{"damage":23,"enemies":"The Heart","floor":56,"turns":5}],"seed_played":"8333091986761293019","potions_obtained":[{"floor":2,"key":"Weak Potion"},{"floor":4,"key":"Dexterity Potion"},{"floor":6,"key":"Block Potion"},{"floor":8,"key":"FairyPotion"},{"floor":13,"key":"Block Potion"},{"floor":33,"key":"Regen Potion"},{"floor":35,"key":"PowerPotion"},{"floor":45,"key":"DuplicationPotion"},{"floor":55,"key":"PowerPotion"}],"is_trial":true,"path_per_floor":["M","M","M","M","M","E","R","E","T","E","M","E","E","?","R","B",null,"M","M","?","$","$","E","R","E","T","E","$","E","E","E","R","B",null,"M","?","?","M","$","E","E","E","T","E","E","$","E","E","R","B","B",null,"R","$","E","B",null],"character_chosen":"IRONCLAD","items_purchased":["Offering","Pear","Thinking Ahead","ClockworkSouvenir","Happy Flower"],"campfire_rested":0,"item_purchase_floors":[21,39,54,54,54],"current_hp_per_floor":[74,73,75,75,75,73,73,74,74,75,72,75,74,72,72,42,67,67,67,66,66,66,60,60,53,53,47,47,40,34,27,27,45,68,62,62,62,62,72,66,54,48,48,51,85,85,85,78,78,67,82,86,86,86,74,79],"gold":152,"neow_bonus":"","is_daily":false,"chose_seed":false,"campfire_upgraded":3,"win_rate":0.0,"timestamp":1613909205,"path_taken":["M","M","M","M","M","E","R","E","T","E","M","E","E","?","R","BOSS","M","M","?","$","$","E","R","E","T","E","$","E","E","E","R","BOSS","M","?","?","?","$","E","E","E","T","E","E","$","E","E","R","BOSS","BOSS","R","$","E","BOSS"],"items_purchased_type":["Card","Relic","Card","Relic","Relic"],"build_version":"2020-12-22","purchased_purges":4,"victory":true,"max_hp_per_floor":[75,75,75,75,75,75,75,75,75,75,75,75,75,75,75,75,75,75,75,75,75,75,75,75,75,75,75,75,75,75,75,75,75,75,75,75,75,75,85,85,85,85,85,85,85,85,85,87,87,87,87,87,87,87,89,89],"card_choices":[{"not_picked":["Rage","Dual Wield","Clothesline"],"picked":"SKIP","floor":1},{"not_picked":["Rage","Wild Strike","Pommel Strike"],"picked":"SKIP","floor":2},{"not_picked":["Warcry","Wild Strike","Heavy Blade"],"picked":"SKIP","floor":3},{"not_picked":["Burning Pact","Pommel Strike"],"picked":"Brutality","floor":4},{"not_picked":["Perfected Strike","Wild Strike","Body Slam"],"picked":"SKIP","floor":5},{"not_picked":["Perfected Strike","Wild Strike"],"picked":"Body Slam","floor":5},{"not_picked":["Fiend Fire","Exhume"],"picked":"Corruption","floor":6},{"not_picked":["Limit Break","Reaper"],"picked":"Fiend Fire","floor":8},{"not_picked":["Exhume","Impervious"],"picked":"Barricade","floor":10},{"not_picked":["Dropkick","Intimidate","Body Slam"],"picked":"SKIP","floor":11},{"not_picked":["Immolate","Bludgeon"],"picked":"Offering","floor":12},{"not_picked":["Demon Form","Juggernaut"],"picked":"Impervious","floor":13},{"not_picked":["Corruption","Limit Break"],"picked":"Impervious","floor":16},{"not_picked":["Infernal Blade","Headbutt","Perfected Strike"],"picked":"SKIP","floor":18},{"not_picked":["Clash","Dropkick"],"picked":"Shrug It Off","floor":19},{"not_picked":["Limit Break","Bludgeon"],"picked":"Impervious","floor":23},{"not_picked":["Juggernaut","Exhume"],"picked":"Offering","floor":25},{"not_picked":["Fiend Fire","Brutality"],"picked":"Impervious","floor":27},{"not_picked":["Brutality","Corruption","Barricade"],"picked":"SKIP","floor":29},{"not_picked":["Berserk","Exhume","Double Tap"],"picked":"SKIP","floor":30},{"not_picked":["Reaper","Barricade"],"picked":"Impervious","floor":31},{"not_picked":["Clash+1","Heavy Blade+1","Rupture"],"picked":"SKIP","floor":35},{"not_picked":["Shrug It Off","Infernal Blade+1","Havoc"],"picked":"SKIP","floor":35},{"not_picked":["Body Slam+1","Anger+1"],"picked":"Feel No Pain","floor":38},{"not_picked":["Pommel Strike+1","Anger+1","Metallicize"],"picked":"SKIP","floor":38},{"not_picked":["Exhume","Double Tap","Brutality+1"],"picked":"SKIP","floor":40},{"not_picked":["Brutality+1","Barricade+1"],"picked":"Impervious","floor":41},{"not_picked":["Reaper+1","Corruption+1"],"picked":"Offering","floor":42},{"not_picked":["Immolate+1","Fiend Fire+1","Juggernaut+1"],"picked":"SKIP","floor":44},{"not_picked":["Juggernaut+1","Corruption+1","Reaper+1"],"picked":"SKIP","floor":45},{"not_picked":["Brutality+1","Fiend Fire+1","Immolate+1"],"picked":"SKIP","floor":47},{"not_picked":["Berserk+1","Bludgeon+1","Immolate+1"],"picked":"Singing Bowl","floor":48},{"not_picked":["Feed+1","Immolate+1","Fiend Fire+1"],"picked":"Singing Bowl","floor":55}],"player_experience":337992,"relics_obtained":[{"floor":6,"key":"Potion Belt"},{"floor":8,"key":"Whetstone"},{"floor":9,"key":"Smiling Mask"},{"floor":10,"key":"Pantograph"},{"floor":12,"key":"Bottled Lightning"},{"floor":13,"key":"Vajra"},{"floor":14,"key":"Regal Pillow"},{"floor":20,"key":"Red Mask"},{"floor":23,"key":"Prayer Wheel"},{"floor":25,"key":"Akabeko"},{"floor":26,"key":"Blue Candle"},{"floor":27,"key":"Shovel"},{"floor":29,"key":"CeramicFish"},{"floor":30,"key":"Incense Burner"},{"floor":31,"key":"White Beast Statue"},{"floor":32,"key":"Molten Egg 2"},{"floor":40,"key":"Frozen Egg 2"},{"floor":41,"key":"Pocketwatch"},{"floor":42,"key":"Dream Catcher"},{"floor":44,"key":"Toy Ornithopter"},{"floor":45,"key":"Champion Belt"},{"floor":47,"key":"Meat on the Bone"},{"floor":48,"key":"Singing Bowl"},{"floor":53,"key":"Bottled Flame"},{"floor":55,"key":"Centennial Puzzle"}],"event_choices":[{"damage_healed":0,"gold_gain":30,"player_choice":"Searched \u00272\u0027 times","damage_taken":0,"max_hp_gain":0,"max_hp_loss":0,"event_name":"Dead Adventurer","floor":14,"gold_loss":0},{"damage_healed":0,"gold_gain":0,"player_choice":"Fought Bandits","damage_taken":0,"max_hp_gain":0,"max_hp_loss":0,"event_name":"Masked Bandits","floor":20,"gold_loss":0},{"damage_healed":0,"gold_gain":0,"player_choice":"Memory 1","damage_taken":0,"max_hp_gain":0,"max_hp_loss":0,"event_name":"SensoryStone","floor":36,"gold_loss":0},{"damage_healed":0,"gold_gain":222,"player_choice":"Wore Mask","damage_taken":0,"max_hp_gain":0,"max_hp_loss":0,"event_name":"Tomb of Lord Red Mask","floor":37,"gold_loss":0}],"is_beta":false,"boss_relics":[{"not_picked":["Fusion Hammer","Sozu"],"picked":"SacredBark"},{"not_picked":["Calling Bell","Empty Cage"],"picked":"Cursed Key"}],"items_purged_floors":[21,22,39,54],"is_endless":false,"potions_floor_spawned":[2,4,6,8,10,13,19,20,25,27,33,35,38,40,41,42,44,45,47,48,55],"ascension_level":20}}