{"host":"xo0glkmxta74xh34","time":1613936303,"event":{"mods":["BaseMod","Downfall","Minty Spire (QoL Compilation)","Reliquary","Replay The Spire","StSLib"],"gold_per_floor":[99,114,129,129,144,144,144,174,189,204,234,315,315,345,360,460,460,460,475,475,490,505,505,580,610,610,610,640,655,655,670,685,785,785,785,800,800,800,254,254,254,269,269,269,269,299,99,114,129,129],"floor_reached":51,"language":"ENG","playtime":1430,"items_purged":[],"score":1037,"play_id":"46d9543a-b098-413a-9799-3d6d2617780e","local_time":"20210221133823","daily_mods":["Heirloom","Hoarder","Elite Swarm"],"is_ascension_mode":false,"campfire_choices":[{"data":"champ:Taunt","floor":1.0,"key":"SMITH"},{"data":"champ:PerfectedStrike","floor":6.0,"key":"SMITH"},{"data":"champ:PerfectedStrike","floor":18.0,"key":"SMITH"},{"data":"champ:PerfectedStrike","floor":27.0,"key":"SMITH"},{"data":"champ:PerfectedStrike","floor":35.0,"key":"SMITH"},{"data":"champ:Devastate","floor":40,"key":"SMITH"},{"data":"Delirium","floor":45,"key":"PURGE"}],"circlet_count":0,"master_deck":["champ:Strike","champ:Strike","champ:Strike","champ:Strike","champ:Defend","champ:Defend","champ:Defend","champ:Defend","champ:Taunt+1","champ:PerfectedStrike+1","champ:PerfectedStrike+1","champ:PerfectedStrike+1","champ:CheapShot","champ:CheapShot","champ:CheapShot","champ:PerfectedStrike+1","champ:PerfectedStrike+1","champ:PerfectedStrike+1","champ:StrikeOfGenius","champ:StrikeOfGenius","champ:BladeFlurry","champ:BladeFlurry","champ:BladeFlurry","champ:Devastate+1","champ:Devastate","champ:FlashCut","champ:FlashCut","champ:FlashCut","champ:PerfectedStrike+1","champ:PerfectedStrike+1","champ:PerfectedStrike+1","champ:FlashCut+1","champ:FlashCut+1","champ:FlashCut+1","champ:BladeFlurry","champ:BladeFlurry","champ:BladeFlurry","Delirium","Delirium","champ:PerfectedStrike+1","champ:PerfectedStrike+1","champ:PerfectedStrike+1"],"relics":["champ:ChampionCrown","TungstenRod","champ:LiftRelic","Replay:Ringing Soul","Turnip","Lantern","PreservedInsect","Peace Pipe","expansioncontent:StudyCardRelic","Question Card","MealTicket","Durian","reliquary:TuningFork","sneckomod:SneckoTalon","ReplayTheSpireMod:Ring of Challenge","ReplayTheSpireMod:Ring of Addiction","Chameleon Ring","Toy Ornithopter","Replay:Bottled Eggs","reliquary:QuartzCube","Divine Protection","reliquary:HotPoker","reliquary:FeatherDuster","Vajra"],"acts_visited":["Exordium","TheCity","TheBeyond"],"potions_floor_usage":[42,46,50,50],"damage_taken":[{"damage":9.0,"enemies":"Small Slimes","floor":2.0,"turns":3.0},{"damage":0.0,"enemies":"2 Louse","floor":3.0,"turns":2.0},{"damage":9.0,"enemies":"Cultist","floor":5.0,"turns":2.0},{"damage":3.0,"enemies":"Replay:BlueRogue","floor":8.0,"turns":3.0},{"damage":5.0,"enemies":"3 Louse","floor":9.0,"turns":4.0},{"damage":3.0,"enemies":"Gremlin Gang","floor":10.0,"turns":4.0},{"damage":2.0,"enemies":"Gremlin Nob","floor":11.0,"turns":3.0},{"damage":0.0,"enemies":"Replay:BlueRogue","floor":14.0,"turns":1.0},{"damage":0.0,"enemies":"Looter","floor":15.0,"turns":1.0},{"damage":25.0,"enemies":"IC_STATUS_ARCHETYPE","floor":16.0,"turns":3.0},{"damage":2.0,"enemies":"3 Byrds","floor":19.0,"turns":4.0},{"damage":0.0,"enemies":"Spheric Guardian","floor":21.0,"turns":1.0},{"damage":0.0,"enemies":"Centurion and Healer","floor":22.0,"turns":2.0},{"damage":0.0,"enemies":"Book of Stabbing","floor":25.0,"turns":2.0},{"damage":0.0,"enemies":"downfall:FleeingMerchant","floor":26.0,"turns":4.0},{"damage":0.0,"enemies":"Replay:Snechameleon","floor":28.0,"turns":1.0},{"damage":9.0,"enemies":"Shelled Parasite and Fungi","floor":29.0,"turns":2.0},{"damage":0.0,"enemies":"Cultist and Chosen","floor":31.0,"turns":3.0},{"damage":7.0,"enemies":"Snake Plant","floor":32.0,"turns":3.0},{"damage":22.0,"enemies":"SI_MIRROR_ARCHETYPE","floor":33.0,"turns":5.0},{"damage":13.0,"enemies":"3 Shapes","floor":36.0,"turns":3.0},{"damage":0,"enemies":"3 Darklings","floor":42,"turns":3},{"damage":0,"enemies":"Nemesis","floor":46,"turns":1},{"damage":0,"enemies":"4 Shapes","floor":48,"turns":3},{"damage":0,"enemies":"Sphere and 2 Shapes","floor":49,"turns":3},{"damage":26,"enemies":"DF_ARCHETYPE_ORBS","floor":50,"turns":3}],"seed_played":"-7397021786818157212","potions_obtained":[{"floor":8.0,"key":"Explosive Potion"},{"floor":9.0,"key":"Milkshake"},{"floor":10.0,"key":"Dexterity Potion"},{"floor":11.0,"key":"Strength Potion"},{"floor":19.0,"key":"Swift Potion"},{"floor":28.0,"key":"SteroidPotion"},{"floor":29.0,"key":"Block Potion"},{"floor":37.0,"key":"Fire Potion"},{"floor":42,"key":"Languid Potion"},{"floor":48,"key":"bronze:BurnAndBuffPotion"}],"is_trial":false,"path_per_floor":["R","M","M","?","M","R","T","E","M","M","E","?","?","E","M","B",null,"R","M","?","M","M","?","T","E","$","R","E","M","?","M","M","B",null,"R","M","?","?","$","R","T","M","?","T","R","E","$","M","M","B",null],"character_chosen":"THE_CHAMP","items_purchased":["Durian","Replay:Bottled Eggs","champ:PerfectedStrike","reliquary:QuartzCube","Vajra","champ:CounterPotion"],"campfire_rested":0,"item_purchase_floors":[26,39,39,39,47,47],"current_hp_per_floor":[90,90,90,90,90,90,90,90,88,85,86,66,66,69,69,44,105,105,106,106,109,109,109,109,109,116,116,116,119,85,85,78,56,119,119,119,122,122,128,128,126,126,126,126,126,124,124,124,124,96],"gold":129,"neow_bonus":"","is_daily":true,"chose_seed":false,"campfire_upgraded":6,"win_rate":0.0,"timestamp":1613936303,"path_taken":["R","M","M","?","M","R","T","E","M","M","E","?","?","E","M","BOSS","R","M","?","M","M","?","T","E","$","R","E","M","?","?","M","BOSS","R","M","?","?","$","R","T","?","?","?","R","E","$","M","M","BOSS"],"items_purchased_type":["Relic","Relic","Card","Relic","Relic","Potion"],"build_version":"2020-12-22","purchased_purges":0,"victory":true,"max_hp_per_floor":[90,90,90,90,90,90,90,93,96,96,99,102,102,105,105,105,105,105,108,108,111,111,111,111,111,116,116,116,119,119,119,119,119,119,119,122,125,125,128,128,126,126,126,126,126,124,124,124,124,122],"card_choices":[{"not_picked":["champ:AdrenalArmor","champ:RageSigil"],"picked":"champ:PerfectedStrike","floor":2.0},{"not_picked":["champ:BringItOn","champ:GutPunch","champ:AdrenalArmor"],"picked":"SKIP","floor":3.0},{"not_picked":["champ:BringItOn","champ:CalledShot","champ:TornadoPunch"],"picked":"SKIP","floor":5.0},{"not_picked":["champ:VampiricStrike","champ:LastStand"],"picked":"champ:CheapShot","floor":8.0},{"not_picked":["champ:DefensiveShout","champ:BladeFlurry"],"picked":"champ:PerfectedStrike","floor":9.0},{"not_picked":["champ:ShieldSlam","champ:AdrenalArmor","champ:RapidStrikes"],"picked":"SKIP","floor":10.0},{"not_picked":["champ:EnchantCrown","champ:EnchantSword"],"picked":"champ:StrikeOfGenius","floor":11.0},{"not_picked":["champ:FalseCounter","champ:Haymaker"],"picked":"champ:BladeFlurry","floor":12.0},{"not_picked":["champ:SteelEdge","champ:IgnorePain"],"picked":"champ:Devastate","floor":14.0},{"not_picked":["champ:FocusedBerserking","champ:TornadoPunch","champ:FaceSlap"],"picked":"SKIP","floor":15.0},{"not_picked":["champ:DefensiveStyle+1","champ:FanOfKnives+1"],"picked":"champ:FlashCut","floor":19.0},{"not_picked":["champ:RapidStrikes+1","champ:Circumvent"],"picked":"champ:PerfectedStrike","floor":21.0},{"not_picked":["champ:BerserkersShout+1","champ:Backstep+1","champ:EnragedBash"],"picked":"SKIP","floor":22.0},{"not_picked":["champ:SwordThrow","champ:VampiricStrike","champ:UltimateStance","champ:DancingMaster"],"picked":"SKIP","floor":25.0},{"not_picked":["champ:BerserkerStyle","champ:Circumvent","champ:RecklessLeap+1","champ:Lariat+1"],"picked":"SKIP","floor":26.0},{"not_picked":["champ:IgnorePain","champ:Devastate","champ:EnchantShield","champ:HoldFirm"],"picked":"SKIP","floor":28.0},{"not_picked":["champ:StanceDance","champ:RapidStrikes","champ:DeathBlow"],"picked":"champ:FlashCut+1","floor":29.0},{"not_picked":["champ:PreciseThrust+1","champ:TornadoPunch","champ:Improvising","champ:FaceSlap+1"],"picked":"SKIP","floor":31.0},{"not_picked":["champ:DefensiveShout","champ:Endure","champ:Circumvent","champ:FalseCounter"],"picked":"SKIP","floor":32.0},{"not_picked":["champ:FalseCounter","champ:FocusedDefense+1","champ:EnGarde"],"picked":"champ:BladeFlurry","floor":36.0},{"not_picked":["champ:TornadoPunch+1","champ:ShieldSigil","champ:StanceDance+1","champ:LastStand"],"picked":"SKIP","floor":42},{"not_picked":["champ:SwordThrow","champ:HeavySlash","champ:VampiricStrike","champ:Improvising"],"picked":"SKIP","floor":46},{"not_picked":["champ:ShieldSigil","champ:Shatter","champ:IronFortress","champ:AdrenalArmor"],"picked":"SKIP","floor":48},{"not_picked":["champ:DefensiveShout","champ:CrownThrow","champ:Haymaker","champ:ShieldSigil+1"],"picked":"SKIP","floor":49}],"player_experience":526936,"relics_obtained":[{"floor":7.0,"key":"Replay:Ringing Soul"},{"floor":8.0,"key":"Turnip"},{"floor":11.0,"key":"Lantern"},{"floor":12.0,"key":"PreservedInsect"},{"floor":14.0,"key":"Peace Pipe"},{"floor":24.0,"key":"Question Card"},{"floor":25.0,"key":"MealTicket"},{"floor":28.0,"key":"reliquary:TuningFork"},{"floor":37.0,"key":"ReplayTheSpireMod:Ring of Challenge"},{"floor":37.0,"key":"ReplayTheSpireMod:Ring of Addiction"},{"floor":37.0,"key":"Chameleon Ring"},{"floor":37.0,"key":"Toy Ornithopter"},{"floor":41,"key":"Divine Protection"},{"floor":44,"key":"reliquary:HotPoker"},{"floor":46,"key":"reliquary:FeatherDuster"}],"event_choices":[{"damage_healed":0.0,"max_hp_gain":0.0,"max_hp_loss":0.0,"gold_gain":0.0,"event_name":"Living Wall","player_choice":"Grow","floor":13.0,"gold_loss":0.0,"damage_taken":0.0,"cards_upgraded":["champ:PerfectedStrike"]},{"damage_healed":0.0,"max_hp_gain":0.0,"max_hp_loss":0.0,"gold_gain":0.0,"event_name":"Ghosts","player_choice":"Ignored","floor":23.0,"gold_loss":0.0,"damage_taken":0.0}],"is_beta":false,"boss_relics":[{"not_picked":["Runic Dome","Calling Bell"],"picked":"expansioncontent:StudyCardRelic"},{"not_picked":["reliquary:WritOfMandamus","SlaversCollar"],"picked":"sneckomod:SneckoTalon"}],"items_purged_floors":[],"is_endless":false,"potions_floor_spawned":[8,9,10,11,19,28,29,32,42,48],"ascension_level":0}}