{"host":"yq854828l1wg20je","time":1613891221,"event":{"mods":["AchievementEnabler","BaseMod","Colored Powertips","Downfall","Hubris","Minty Spire (QoL Compilation)","Quick Restart","READ ME - Snecko Mod","Replay The Spire","StSLib","The Construct","The Cursed","The Disciple","The Senshi","The Servant 0.9.4"],"gold_per_floor":[112,112,37,52,67,67,94,108,108,108,128,153,4,15,15,15,15],"floor_reached":16,"language":"ENG","playtime":1274,"items_purged":["Strike_S"],"score":118,"play_id":"b054a978-eac0-4331-84c2-161cff0373f7","local_time":"20210221020701","is_ascension_mode":true,"campfire_choices":[{"data":"BestPractice","floor":6,"key":"SMITH"},{"data":"Strike_S","floor":15,"key":"PURGE"}],"circlet_count":0,"master_deck":["InstantArmor+1","Strike_S","Strike_S","Defend_S","Defend_S","Defend_S","Defend_S","KidneyShot","Exchange","Alleviate","BestPractice+1","Sabotage","Spin+1","Alleviate","Spin","ReturningBlade"],"relics":["Uniform","Dream Catcher","Golden Egg","MealTicket","Orichalcum"],"acts_visited":["Exordium"],"potions_floor_usage":[16,16,16],"damage_taken":[{"damage":0,"enemies":"Small Slimes","floor":1,"turns":2},{"damage":0,"enemies":"Cultist","floor":4,"turns":5},{"damage":0,"enemies":"2 Louse","floor":5,"turns":4},{"damage":16,"enemies":"Lagavulin","floor":7,"turns":11},{"damage":0,"enemies":"2 Fungi Beasts","floor":8,"turns":4},{"damage":0,"enemies":"3 Louse","floor":11,"turns":2},{"damage":19,"enemies":"3 Sentries","floor":12,"turns":7},{"damage":0,"enemies":"Blue Slaver","floor":14,"turns":3},{"damage":63,"enemies":"The Guardian","floor":16,"turns":11}],"seed_played":"-2622747943033845625","potions_obtained":[{"floor":5,"key":"sneckomod:MuddlingPotion"},{"floor":7,"key":"SteroidPotion"},{"floor":12,"key":"Swift Potion"}],"is_trial":false,"path_per_floor":["M","?","$","M","M","R","E","M","T","?","M","E","$","M","R","B"],"character_chosen":"THE_SERVANT","items_purchased":["Orichalcum"],"campfire_rested":0,"item_purchase_floors":[13],"current_hp_per_floor":[71,76,76,76,76,76,60,60,60,60,60,41,56,56,56,0,0],"gold":15,"neow_bonus":"TEN_PERCENT_HP_BONUS","is_daily":false,"chose_seed":false,"campfire_upgraded":1,"win_rate":0.0,"timestamp":1613891221,"path_taken":["M","?","$","M","M","R","E","M","T","?","?","E","$","M","R","BOSS"],"items_purchased_type":["Relic"],"build_version":"2020-12-22","purchased_purges":1,"victory":false,"max_hp_per_floor":[71,76,76,76,76,76,76,76,76,76,76,76,76,76,76,76,76],"card_choices":[{"not_picked":["Potential","Misdirection"],"picked":"Alleviate","floor":1},{"not_picked":["Revamp","Rearm"],"picked":"BestPractice","floor":4},{"not_picked":["BottledTime","Potential"],"picked":"Sabotage","floor":5},{"not_picked":["Potential","Luminosity","Unruled"],"picked":"SKIP","floor":7},{"not_picked":["Revamp","WasteNot"],"picked":"Spin","floor":8},{"not_picked":["Starlight","FastForward"],"picked":"Alleviate","floor":11},{"not_picked":["Deny","FastForward"],"picked":"Spin","floor":12},{"not_picked":["BottledTime","Starlight"],"picked":"ReturningBlade","floor":14}],"player_experience":49241,"relics_obtained":[{"floor":7,"key":"Dream Catcher"},{"floor":9,"key":"Golden Egg"},{"floor":12,"key":"MealTicket"}],"event_choices":[{"damage_healed":0,"gold_gain":0,"player_choice":"Donut","damage_taken":0,"max_hp_gain":5,"max_hp_loss":0,"event_name":"Big Fish","floor":2,"gold_loss":0},{"damage_healed":0,"gold_gain":0,"player_choice":"Upgraded","damage_taken":0,"max_hp_gain":0,"max_hp_loss":0,"event_name":"Upgrade Shrine","floor":10,"gold_loss":0,"cards_upgraded":["Spin"]}],"is_beta":false,"boss_relics":[],"items_purged_floors":[3],"is_endless":false,"potions_floor_spawned":[5,7,12],"killed_by":"The Guardian","ascension_level":1}}