{"host":"b9id4afcchnn1rfb","time":1613868591,"event":{"mods":["Act Like it!","BaseMod","Better Note","Colored Map","Colored Powertips","Hallownest","Hermit","Infinite Spire","Minty Spire (QoL Compilation)","StSLib","SuperFastMode","The Death Knight","The Necromancer"],"gold_per_floor":[119,119,44,59,73,99,99,49,49,78,6,6,6,33,33,33,33],"floor_reached":16,"language":"ENG","playtime":352,"items_purged":["Regret"],"score":199,"play_id":"29b896a0-e814-4cfb-af5c-4acd2f9718b9","local_time":"20210221014951","is_ascension_mode":true,"campfire_choices":[{"data":"Beam Cell","floor":7,"key":"SMITH"},{"data":"Go for the Eyes","floor":13,"key":"SMITH"},{"data":"Conserve Battery","floor":15,"key":"SMITH"}],"circlet_count":0,"master_deck":["AscendersBane","Strike_B","Strike_B","Strike_B","Defend_B","Defend_B","Defend_B","Defend_B","Zap","Dualcast","Cold Snap","Chill","Beam Cell+1","Core Surge","Go for the Eyes+1","Chill","Conserve Battery+1"],"relics":["Cracked Core","Pear","Prayer Wheel","PreservedInsect","Nunchaku","Unceasing Top"],"acts_visited":["Exordium"],"potions_floor_usage":[14],"damage_taken":[{"damage":0,"enemies":"Small Slimes","floor":1,"turns":3},{"damage":0,"enemies":"Jaw Worm","floor":4,"turns":4},{"damage":3,"enemies":"2 Louse","floor":5,"turns":2},{"damage":18,"enemies":"3 Sentries","floor":6,"turns":12},{"damage":12,"enemies":"Gremlin Nob","floor":10,"turns":3},{"damage":8,"enemies":"Lagavulin","floor":14,"turns":5},{"damage":47,"enemies":"Slime Boss","floor":16,"turns":15}],"seed_played":"-8380595103103442881","potions_obtained":[{"floor":4,"key":"SpeedPotion"},{"floor":6,"key":"BlessingOfTheForge"},{"floor":10,"key":"GamblersBrew"}],"is_trial":false,"path_per_floor":["M","?","$","M","M","E","R","?","T","E","$","T","R","E","R","B"],"character_chosen":"DEFECT","items_purchased":["Chill"],"campfire_rested":0,"item_purchase_floors":[11],"current_hp_per_floor":[75,85,85,85,82,64,64,64,64,52,52,52,52,44,44,0,0],"gold":33,"neow_bonus":"TEN_PERCENT_HP_BONUS","is_daily":false,"chose_seed":false,"campfire_upgraded":3,"win_rate":0.0,"timestamp":1613868591,"path_taken":["M","?","$","M","M","E","R","?","T","E","$","?","R","E","R","BOSS"],"items_purchased_type":["Card"],"build_version":"2020-12-22","purchased_purges":1,"victory":false,"max_hp_per_floor":[82,92,92,92,92,92,92,92,92,92,92,92,92,92,92,92,92],"card_choices":[{"not_picked":["Fusion","Steam Power"],"picked":"Cold Snap","floor":1},{"not_picked":["Glacier","Compile Driver"],"picked":"Chill","floor":4},{"not_picked":["Tempest","Conserve Battery"],"picked":"Beam Cell","floor":5},{"not_picked":["Multi-Cast","Cold Snap"],"picked":"Core Surge","floor":6},{"not_picked":["Aggregate","Steam Power"],"picked":"Go for the Eyes","floor":10},{"not_picked":["Compile Driver","Streamline"],"picked":"Conserve Battery","floor":14}],"player_experience":496918,"relics_obtained":[{"floor":6,"key":"Prayer Wheel"},{"floor":9,"key":"PreservedInsect"},{"floor":10,"key":"Nunchaku"},{"floor":14,"key":"Unceasing Top"}],"event_choices":[{"damage_healed":0,"gold_gain":0,"player_choice":"Box","damage_taken":0,"relics_obtained":["Pear"],"max_hp_gain":0,"max_hp_loss":0,"event_name":"Big Fish","floor":2,"gold_loss":0,"cards_obtained":["Regret"]},{"cards_removed":["Strike_B"],"damage_healed":0,"gold_gain":0,"player_choice":"Card Removal","damage_taken":0,"max_hp_gain":0,"max_hp_loss":0,"event_name":"The Cleric","floor":8,"gold_loss":50}],"is_beta":false,"boss_relics":[],"items_purged_floors":[3],"is_endless":false,"potions_floor_spawned":[4,6,10],"killed_by":"Slime Boss","ascension_level":10}}