{"host":"uhi6g4fgvyietct9","time":1613906386,"event":{"mods":["AchievementEnabler","BaseMod","Colored Map","Colored Powertips","Minty Spire (QoL Compilation)","StSLib","SuperFastMode"],"gold_per_floor":[116,216,8,8,21,53,72,22,49,49,49,75,105,122,122,220,220,240,259,31,31,44,71,71,84,110,110,110,10,10,22,22,22,22],"floor_reached":33,"language":"KOR","playtime":2038,"items_purged":["Strike_G","Strike_G"],"score":477,"play_id":"076c8701-a473-4349-a573-0812bdf1ffcd","local_time":"20210221201946","is_ascension_mode":true,"campfire_choices":[{"data":"Terror","floor":10.0,"key":"SMITH"},{"floor":15.0,"key":"REST"},{"floor":24,"key":"REST"},{"floor":27,"key":"REST"},{"floor":32,"key":"REST"}],"circlet_count":0,"master_deck":["AscendersBane","Strike_G","Strike_G+1","Defend_G","Defend_G","Defend_G","Defend_G","Defend_G","Survivor","Neutralize+1","Blade Dance+1","Prepared+1","Acrobatics","Terror+1","Cloak And Dagger+1","PiercingWail","Calculated Gamble","Tactician","Tools of the Trade","Cloak And Dagger","Slice","Endless Agony+1","After Image","Blade Dance","Adrenaline","Tactician"],"relics":["Ring of the Snake","Anchor","Juzu Bracelet","Art of War","War Paint","Odd Mushroom","Prayer Wheel","Black Star","Happy Flower","Whetstone","Potion Belt","Pantograph"],"acts_visited":["Exordium","TheCity"],"potions_floor_usage":[19,22,31],"damage_taken":[{"damage":2.0,"enemies":"Jaw Worm","floor":1.0,"turns":4.0},{"damage":0.0,"enemies":"Cultist","floor":5.0,"turns":4.0},{"damage":15.0,"enemies":"3 Sentries","floor":6.0,"turns":11.0},{"damage":0.0,"enemies":"2 Louse","floor":7.0,"turns":3.0},{"damage":15.0,"enemies":"The Mushroom Lair","floor":12.0,"turns":5.0},{"damage":0.0,"enemies":"Lagavulin","floor":13.0,"turns":3.0},{"damage":0.0,"enemies":"2 Fungi Beasts","floor":14.0,"turns":3.0},{"damage":24.0,"enemies":"Hexaghost","floor":16.0,"turns":13.0},{"damage":0,"enemies":"Chosen","floor":18,"turns":4},{"damage":12,"enemies":"2 Thieves","floor":19,"turns":4},{"damage":17,"enemies":"Snake Plant","floor":22,"turns":6},{"damage":27,"enemies":"Slavers","floor":23,"turns":10},{"damage":4,"enemies":"Shelled Parasite and Fungi","floor":25,"turns":5},{"damage":0,"enemies":"Chosen and Byrds","floor":31,"turns":7},{"damage":77,"enemies":"Collector","floor":33,"turns":8}],"seed_played":"2846963225305682082","potions_obtained":[{"floor":5.0,"key":"CunningPotion"},{"floor":7.0,"key":"Fruit Juice"},{"floor":12.0,"key":"EntropicBrew"},{"floor":14.0,"key":"CunningPotion"},{"floor":19,"key":"Swift Potion"},{"floor":25,"key":"GhostInAJar"}],"is_trial":false,"path_per_floor":["M","?","$","$","M","E","M","?","T","R","?","?","E","M","R","B",null,"M","M","$","?","M","E","R","M","T","R","?","$","?","M","R","B"],"character_chosen":"THE_SILENT","items_purchased":["Juzu Bracelet","Prepared","After Image"],"campfire_rested":4,"item_purchase_floors":[3,3,20],"current_hp_per_floor":[61,61,61,61,61,46,51,51,51,51,36,21,21,21,43,19,61,61,49,49,49,32,5,27,23,23,45,31,31,31,31,55,3,3],"gold":22,"neow_bonus":"RANDOM_COMMON_RELIC","is_daily":false,"chose_seed":false,"campfire_upgraded":1,"win_rate":0.0,"timestamp":1613906386,"path_taken":["M","?","?","$","M","E","M","?","T","R","?","?","E","M","R","BOSS","M","M","$","?","M","E","R","M","T","R","?","$","?","M","R","BOSS"],"items_purchased_type":["Relic","Card","Card"],"build_version":"2020-12-22","purchased_purges":2,"victory":false,"max_hp_per_floor":[70,70,70,70,70,70,75,75,75,75,75,75,75,75,75,75,75,75,75,75,75,75,75,75,75,75,75,80,80,80,80,80,80,80],"card_choices":[{"not_picked":["Dodge and Roll","Skewer"],"picked":"Blade Dance","floor":1.0},{"not_picked":["Heel Hook","Predator"],"picked":"Acrobatics","floor":5.0},{"not_picked":["Leg Sweep","Outmaneuver"],"picked":"Terror","floor":6.0},{"not_picked":["Backflip","Dodge and Roll"],"picked":"Cloak And Dagger","floor":7.0},{"not_picked":["Backstab","Deflect"],"picked":"PiercingWail","floor":13.0},{"not_picked":["Acrobatics","Dagger Spray"],"picked":"Calculated Gamble","floor":14.0},{"not_picked":["Deflect","Calculated Gamble"],"picked":"Tactician","floor":14.0},{"not_picked":["Unload","Grand Finale"],"picked":"Tools of the Trade","floor":16.0},{"not_picked":["Reflex","Poisoned Stab"],"picked":"Cloak And Dagger","floor":18},{"not_picked":["Blur","Flying Knee","Heel Hook"],"picked":"SKIP","floor":18},{"not_picked":["Prepared","Dodge and Roll"],"picked":"Slice","floor":19},{"not_picked":["Quick Slash","Dodge and Roll"],"picked":"Endless Agony","floor":19},{"not_picked":["Backflip","PiercingWail"],"picked":"Blade Dance","floor":22},{"not_picked":["Dagger Spray","Quick Slash","Calculated Gamble+1"],"picked":"SKIP","floor":22},{"not_picked":["Sucker Punch","Dagger Throw"],"picked":"Adrenaline","floor":23},{"not_picked":["Setup","Cloak And Dagger"],"picked":"Tactician","floor":25},{"not_picked":["Choke","Terror","Crippling Poison"],"picked":"SKIP","floor":25},{"not_picked":["Flying Knee","Caltrops","Deflect"],"picked":"SKIP","floor":31},{"not_picked":["Flying Knee","Dagger Spray","Quick Slash"],"picked":"SKIP","floor":31}],"player_experience":613835,"relics_obtained":[{"floor":6.0,"key":"Art of War"},{"floor":9.0,"key":"War Paint"},{"floor":12.0,"key":"Odd Mushroom"},{"floor":13.0,"key":"Prayer Wheel"},{"floor":23,"key":"Happy Flower"},{"floor":23,"key":"Whetstone"},{"floor":26,"key":"Potion Belt"}],"event_choices":[{"damage_healed":0.0,"max_hp_gain":0.0,"max_hp_loss":0.0,"gold_gain":100.0,"event_name":"Golden Shrine","player_choice":"Pray","floor":2.0,"gold_loss":0.0,"damage_taken":0.0},{"cards_removed":["Strike_G"],"damage_healed":0.0,"max_hp_gain":0.0,"max_hp_loss":0.0,"gold_gain":0.0,"event_name":"The Cleric","player_choice":"Card Removal","floor":8.0,"gold_loss":50.0,"damage_taken":0.0},{"damage_healed":0.0,"max_hp_gain":0.0,"max_hp_loss":0.0,"gold_gain":0.0,"event_name":"Shining Light","player_choice":"Entered Light","floor":11.0,"gold_loss":0.0,"damage_taken":15.0,"cards_upgraded":["Strike_G","Prepared"]},{"damage_healed":0.0,"max_hp_gain":0.0,"max_hp_loss":0.0,"gold_gain":0.0,"event_name":"Mushrooms","player_choice":"Fought Mushrooms","floor":12.0,"gold_loss":0.0,"damage_taken":0.0},{"damage_healed":0,"gold_gain":0,"player_choice":"Ignored","damage_taken":0,"max_hp_gain":0,"max_hp_loss":0,"event_name":"Ghosts","floor":21,"gold_loss":0},{"damage_healed":0,"gold_gain":0,"player_choice":"Shed Blood","damage_taken":19,"max_hp_gain":5,"max_hp_loss":0,"event_name":"Forgotten Altar","floor":28,"gold_loss":0},{"damage_healed":0,"gold_gain":0,"player_choice":"Opened","damage_taken":0,"relics_obtained":["Pantograph"],"max_hp_gain":0,"max_hp_loss":0,"event_name":"The Mausoleum","floor":30,"gold_loss":0}],"is_beta":false,"boss_relics":[{"not_picked":["SlaversCollar","Calling Bell"],"picked":"Black Star"}],"items_purged_floors":[20,29],"is_endless":false,"potions_floor_spawned":[5,7,12,14,19,25],"killed_by":"Collector","ascension_level":12}}