{"host":"bigao3g8q00k09zy","time":1613937078,"event":{"mods":["BaseMod","Downfall","Hermit","Marisa????????","Minty Spire (QoL Compilation)","StSLib","The Cursed"],"gold_per_floor":[111,286,305,305,118,147,166,166,244,177,177,218,218,239,239,358,358,384,384,80,110,140,160,208,208,234,271,283,340,352,168,168,288,288,322,395,411,37,92,145,145,192,192,192,192,38,63,83,83,102],"floor_reached":51,"language":"ENG","playtime":4432,"items_purged":["hermit:Defend_Hermit+1"],"score":781,"play_id":"913cbd7a-930b-4296-b9a6-72b417635f67","local_time":"20210221145118","is_ascension_mode":false,"campfire_choices":[{"data":"Mayhem","floor":8,"key":"SMITH"},{"data":"hermit:Showdown","floor":13,"key":"SMITH"},{"data":"hermit:Scavenge","floor":15,"key":"SMITH"},{"floor":25,"key":"REST"},{"data":"hermit:Maintenance","floor":30,"key":"SMITH"},{"floor":32,"key":"REST"},{"floor":41,"key":"REST"},{"floor":44,"key":"REST"},{"floor":49,"key":"REST"}],"circlet_count":0,"master_deck":["hermit:Strike_Hermit+1","hermit:Strike_Hermit+1","hermit:Strike_Hermit+1","hermit:Strike_Hermit+1","hermit:Defend_Hermit+1","hermit:Snapshot","hermit:Covet","hermit:Scavenge+1","hermit:Spite","Mayhem+1","hermit:Showdown+1","hermit:Dive","hermit:Scavenge+1","hermit:Enervate","hermit:Gambit","hermit:Shortfuse","hermit:Horror","hermit:Scavenge","hermit:Maintenance+1","hermit:RoundhouseKick","hermit:Showdown","downfall:Bewildered","hermit:BlackWind","Madness","Madness","hermit:Scavenge+1","hermit:Scavenge+1"],"relics":["hermit:Momento","NeowsBlessing","Centennial Puzzle","Mummified Hand","Lantern","Empty Cage","HandDrill","Nunchaku","Dream Catcher","MawBank","Red Mask","Bronze Scales","Cursed Key","CatCart","Bag of Marbles","Sling","Dead Branch","StoneCalendar","hermit:RyeStalk","Kunai","Lee\u0027s Waffle"],"acts_visited":["Exordium","TheCity","TheBeyond"],"potions_floor_usage":[12,16,24,29,33,39,40,40,42,48],"damage_taken":[{"damage":0,"enemies":"Cultist","floor":1,"turns":1},{"damage":0,"enemies":"Small Slimes","floor":3,"turns":1},{"damage":0,"enemies":"Gremlin Nob","floor":6,"turns":1},{"damage":10,"enemies":"2 Louse","floor":7,"turns":3},{"damage":0,"enemies":"3 Sentries","floor":12,"turns":8},{"damage":0,"enemies":"Looter","floor":14,"turns":3},{"damage":21,"enemies":"Slime Boss","floor":16,"turns":8},{"damage":0,"enemies":"Spheric Guardian","floor":18,"turns":3},{"damage":20,"enemies":"3 Byrds","floor":21,"turns":5},{"damage":5,"enemies":"Centurion and Healer","floor":22,"turns":5},{"damage":2,"enemies":"Shelled Parasite and Fungi","floor":23,"turns":2},{"damage":25,"enemies":"Gremlin Leader","floor":24,"turns":5},{"damage":2,"enemies":"Cultist and Chosen","floor":27,"turns":6},{"damage":4,"enemies":"Masked Bandits","floor":29,"turns":4},{"damage":40,"enemies":"Champ","floor":33,"turns":9},{"damage":2,"enemies":"3 Darklings","floor":35,"turns":5},{"damage":5,"enemies":"Orin","floor":36,"turns":9},{"damage":9,"enemies":"Orb Walker","floor":37,"turns":2},{"damage":43,"enemies":"2 Orb Walkers","floor":39,"turns":4},{"damage":30,"enemies":"Reptomancer","floor":40,"turns":6},{"damage":7,"enemies":"Giant Head","floor":42,"turns":7},{"damage":36,"enemies":"Maw","floor":47,"turns":9},{"damage":2,"enemies":"Writhing Mass","floor":48,"turns":5},{"damage":67,"enemies":"Donu and Deca","floor":50,"turns":11}],"seed_played":"-4000410089674846054","potions_obtained":[{"floor":1,"key":"FearPotion"},{"floor":6,"key":"SpeedPotion"},{"floor":7,"key":"GamblersBrew"},{"floor":22,"key":"AttackPotion"},{"floor":23,"key":"SteroidPotion"},{"floor":35,"key":"CultistPotion"},{"floor":36,"key":"BlessingOfTheForge"},{"floor":40,"key":"GamblersBrew"},{"floor":42,"key":"PowerPotion"}],"is_trial":false,"path_per_floor":["M","?","M","?","$","E","M","R","T","$","?","E","R","M","R","B",null,"M","?","$","M","M","M","E","R","T","M","$","?","R","$","R","B",null,"M","?","M","$","?","E","R","E","T","R","?","$","M","M","R","B",null],"character_chosen":"HERMIT","items_purchased":["Mayhem","hermit:Scavenge","HandDrill","Nunchaku","Bronze Scales","Explosive Potion","Bag of Marbles","Sling","Lee\u0027s Waffle"],"campfire_rested":5,"item_purchase_floors":[5,10,20,20,31,31,38,38,46],"current_hp_per_floor":[75,75,75,75,75,75,65,65,65,65,65,65,65,65,65,44,75,75,75,75,55,50,48,23,45,45,43,43,39,39,39,61,21,75,73,68,59,59,16,16,38,31,31,53,44,82,46,44,68,1],"gold":102,"neow_bonus":"THREE_ENEMY_KILL","is_daily":false,"chose_seed":false,"campfire_upgraded":4,"win_rate":0.0,"timestamp":1613937078,"path_taken":["M","?","M","?","$","E","M","R","T","$","?","E","R","M","R","BOSS","M","?","$","M","M","M","E","R","T","M","$","?","R","$","R","BOSS","M","?","M","$","?","E","R","E","T","R","?","$","M","M","R","BOSS"],"items_purchased_type":["Card","Card","Relic","Relic","Relic","Potion","Relic","Relic","Relic"],"build_version":"2020-12-22","purchased_purges":1,"victory":true,"max_hp_per_floor":[75,75,75,75,75,75,75,75,75,75,75,75,75,75,75,75,75,75,75,75,75,75,75,75,75,75,75,75,75,75,75,75,75,75,75,75,75,75,75,75,75,75,75,75,75,82,82,82,82,82],"card_choices":[{"not_picked":["hermit:Quickdraw","hermit:CalledShot"],"picked":"hermit:Scavenge","floor":1},{"not_picked":["hermit:Enervate","hermit:Brawl"],"picked":"hermit:Spite","floor":3},{"not_picked":["hermit:WideOpen","hermit:Glare"],"picked":"hermit:Showdown","floor":6},{"not_picked":["hermit:Combo","hermit:BodyArmor"],"picked":"hermit:Dive","floor":7},{"not_picked":["hermit:Coalescence","hermit:DeadMansHand","hermit:FatalDesire"],"picked":"SKIP","floor":12},{"not_picked":["hermit:Coalescence","hermit:DeadMansHand","hermit:FatalDesire"],"picked":"SKIP","floor":12},{"not_picked":["hermit:Ricochet","hermit:CalledShot"],"picked":"hermit:Enervate","floor":14},{"not_picked":["hermit:EternalForm","hermit:Roughhouse"],"picked":"hermit:Gambit","floor":16},{"not_picked":["hermit:TrackingShot","hermit:Determination"],"picked":"hermit:Shortfuse","floor":18},{"not_picked":["hermit:Coalescence","hermit:Snipe+1"],"picked":"hermit:Horror","floor":21},{"not_picked":["hermit:Grudge","hermit:Feint","hermit:TrackingShot+1"],"picked":"SKIP","floor":22},{"not_picked":["hermit:PistolWhip","hermit:Quickdraw","hermit:ItchyTrigger"],"picked":"SKIP","floor":23},{"not_picked":["hermit:TakeCover","hermit:Deadeye"],"picked":"hermit:Scavenge","floor":24},{"not_picked":["hermit:EyeOfTheStorm","hermit:Roulette","hermit:BodyArmor"],"picked":"SKIP","floor":27},{"not_picked":["hermit:LowProfile","hermit:Brawl"],"picked":"hermit:Maintenance","floor":29},{"not_picked":["hermit:EternalForm","hermit:HighNoon"],"picked":"hermit:RoundhouseKick","floor":33},{"not_picked":["hermit:ShadowCloak+1","hermit:LowProfile+1","hermit:Misfire"],"picked":"SKIP","floor":35},{"not_picked":["hermit:Snipe","hermit:BodyArmor","hermit:EyeOfTheStorm+1"],"picked":"SKIP","floor":37},{"not_picked":["hermit:OverwhelmingPower","hermit:Glare","hermit:HoleUp+1"],"picked":"SKIP","floor":40},{"not_picked":["hermit:Roulette+1","hermit:LowProfile+1"],"picked":"hermit:Showdown","floor":41},{"not_picked":["hermit:CalledShot","hermit:BodyArmor+1","hermit:HoleUp+1"],"picked":"SKIP","floor":42},{"not_picked":["hermit:HighCaliber+1","hermit:Spite+1"],"picked":"hermit:BlackWind","floor":44},{"not_picked":["hermit:ShadowCloak","hermit:ItchyTrigger+1"],"picked":"hermit:Scavenge+1","floor":47},{"not_picked":["hermit:Dive+1","hermit:BigShot+1"],"picked":"hermit:Scavenge+1","floor":48}],"player_experience":278439,"relics_obtained":[{"floor":6,"key":"Centennial Puzzle"},{"floor":9,"key":"Mummified Hand"},{"floor":12,"key":"Lantern"},{"floor":24,"key":"Dream Catcher"},{"floor":26,"key":"MawBank"},{"floor":29,"key":"Red Mask"},{"floor":36,"key":"CatCart"},{"floor":39,"key":"Dead Branch"},{"floor":40,"key":"StoneCalendar"},{"floor":42,"key":"hermit:RyeStalk"},{"floor":43,"key":"Kunai"}],"event_choices":[{"damage_healed":0,"gold_gain":175,"player_choice":"AGREE","damage_taken":0,"max_hp_gain":0,"max_hp_loss":0,"event_name":"Liars Game","floor":2,"gold_loss":0,"cards_obtained":["Doubt"]},{"damage_healed":0,"gold_gain":0,"player_choice":"Grow","damage_taken":0,"max_hp_gain":0,"max_hp_loss":0,"event_name":"Living Wall","floor":4,"gold_loss":0,"cards_upgraded":["hermit:Scavenge"]},{"cards_removed":["Doubt"],"damage_healed":0,"gold_gain":0,"player_choice":"Removed Curses","damage_taken":0,"max_hp_gain":0,"max_hp_loss":0,"event_name":"Fountain of Cleansing","floor":11,"gold_loss":0},{"damage_healed":0,"gold_gain":0,"player_choice":"Simplicity","damage_taken":0,"max_hp_gain":0,"max_hp_loss":0,"event_name":"Back to Basics","floor":19,"gold_loss":0,"cards_upgraded":["hermit:Strike_Hermit","hermit:Strike_Hermit","hermit:Strike_Hermit","hermit:Strike_Hermit","hermit:Defend_Hermit","hermit:Defend_Hermit"]},{"damage_healed":0,"gold_gain":0,"player_choice":"Fought Bandits","damage_taken":0,"max_hp_gain":0,"max_hp_loss":0,"event_name":"Masked Bandits","floor":29,"gold_loss":0},{"damage_healed":0,"gold_gain":0,"player_choice":"Fight","damage_taken":0,"max_hp_gain":0,"max_hp_loss":0,"event_name":"OrinTheCat","floor":36,"gold_loss":0},{"damage_healed":0,"gold_gain":0,"player_choice":"Fight","damage_taken":0,"max_hp_gain":0,"max_hp_loss":0,"event_name":"Mysterious Sphere","floor":39,"gold_loss":0},{"damage_healed":0,"gold_gain":0,"player_choice":"Embrace Madness","damage_taken":9,"max_hp_gain":0,"max_hp_loss":0,"event_name":"Winding Halls","floor":45,"gold_loss":0,"cards_obtained":["Madness","Madness"]}],"is_beta":false,"boss_relics":[{"not_picked":["Coffee Dripper","Ectoplasm"],"picked":"Empty Cage"},{"not_picked":["SacredBark","Black Star"],"picked":"Cursed Key"}],"items_purged_floors":[38],"is_endless":false,"potions_floor_spawned":[1,6,7,22,23,35,36,40,42],"ascension_level":0}}