{"host":"qfmqsclrfy207o1q","time":1613899185,"event":{"mods":["2.2 Compatiblity","AchievementEnabler","BaseMod","BetterRewards","Colored Map","Colored Powertips","Curses Come First","Dark Map","Downfall","Infinite Spire","Minty Spire (QoL Compilation)","Quick Restart","Rare Cards Sparkle","Relic Stats","Replay The Spire","StSLib"],"gold_per_floor":[115,130,130,130,130,140,155,155,166,166,166,166,166,184,195,221,221,319,319,319,319],"floor_reached":20,"language":"ENG","playtime":548,"items_purged":[],"score":164,"play_id":"ce96ae23-6e90-4ece-af37-254e19c88530","local_time":"20210221021945","is_ascension_mode":false,"campfire_choices":[{"data":"Static Discharge","floor":8,"key":"SMITH"},{"floor":10,"key":"REST"},{"data":"Auto Shields","floor":12,"key":"SMITH"},{"floor":17,"key":"REST"}],"circlet_count":0,"master_deck":["Strike_B","Strike_B","Strike_B","Strike_B","Defend_B","Defend_B","Defend_B","Defend_B","Zap+1","Dualcast","Sweeping Beam","Rebound","Auto Shields+1","Static Discharge+1","Beam Cell","infinitespire:UltimateForm","Fusion","ReplaySolidLightProjector","Thunder Strike"],"relics":["Cracked Core","NeowsBlessing","Mirror","Centennial Puzzle","SlaversCollar"],"acts_visited":["Exordium","TheCity"],"potions_floor_usage":[18],"damage_taken":[{"damage":0,"enemies":"infinitespire:Voidling","floor":1,"turns":1},{"damage":0,"enemies":"Jaw Worm","floor":2,"turns":1},{"damage":0,"enemies":"Small Slimes","floor":6,"turns":1},{"damage":7,"enemies":"Blue Slaver","floor":7,"turns":3},{"damage":5,"enemies":"Looter","floor":9,"turns":2},{"damage":1,"enemies":"3 Louse","floor":14,"turns":4},{"damage":17,"enemies":"Exordium Thugs","floor":15,"turns":4},{"damage":29,"enemies":"The Guardian","floor":18,"turns":13},{"damage":0,"enemies":"Chosen","floor":20,"turns":1}],"seed_played":"3814356451359827606","potions_obtained":[{"floor":6,"key":"Reflective Coating"},{"floor":7,"key":"EssenceOfDarkness"},{"floor":15,"key":"PotionOfCapacity"},{"floor":18,"key":"Milkshake"}],"is_trial":false,"path_per_floor":["M","M","?","PTL","PTL","M","M","R","M","R","T","R","?","M","M","T","R","B",null,"M"],"character_chosen":"DEFECT","items_purchased":[],"campfire_rested":2,"item_purchase_floors":[],"current_hp_per_floor":[75,75,75,75,75,75,68,68,63,75,75,75,57,56,39,39,61,32,75,75,75],"gold":319,"neow_bonus":"THREE_ENEMY_KILL","is_daily":false,"chose_seed":false,"campfire_upgraded":2,"win_rate":0.0,"timestamp":1613899185,"path_taken":["M","?","?","PTL","PTL","M","M","R","M","R","T","R","?","M","M","?","R","BOSS","M"],"items_purchased_type":[],"build_version":"2020-12-22","purchased_purges":0,"victory":false,"max_hp_per_floor":[75,75,75,75,75,75,75,75,75,75,75,75,75,75,75,75,75,75,75,75,75],"relic_stats":{"Centennial Puzzle":[3],"counters":[9,30],"obtain_stats":[{"SlaversCollar":19,"Centennial Puzzle":16,"NeowsBlessing":0,"Cracked Core":0,"Mirror":11},{"SlaversCollar":8,"Centennial Puzzle":7,"NeowsBlessing":0,"Cracked Core":0,"Mirror":5},{"SlaversCollar":29,"Centennial Puzzle":16,"NeowsBlessing":0,"Cracked Core":0,"Mirror":8}]},"card_choices":[{"not_picked":["Panic Button","Stack"],"picked":"Sweeping Beam","floor":1},{"not_picked":["Doom and Gloom","ReplayTheSpireMod:Reroute Power"],"picked":"Rebound","floor":2},{"not_picked":["Go for the Eyes","Compile Driver"],"picked":"Auto Shields","floor":6},{"not_picked":["BasicCrystalCard","Streamline"],"picked":"Static Discharge","floor":7},{"not_picked":["Heatsinks","Compile Driver"],"picked":"Beam Cell","floor":9},{"not_picked":["infinitespire:DeathsTouch","infinitespire:FinalStrike"],"picked":"infinitespire:UltimateForm","floor":13},{"not_picked":["Crystallizer","Panic Button"],"picked":"Fusion","floor":14},{"not_picked":["Steam","Barrage"],"picked":"ReplaySolidLightProjector","floor":15},{"not_picked":["Biased Cognition","ReplayTheSpireMod:Omega Cannon"],"picked":"Thunder Strike","floor":18}],"player_experience":11566,"relics_obtained":[{"floor":11,"key":"Mirror"},{"floor":16,"key":"Centennial Puzzle"}],"event_choices":[],"is_beta":false,"boss_relics":[{"not_picked":["Philosopher\u0027s Stone","Ectoplasm"],"picked":"SlaversCollar"}],"items_purged_floors":[],"is_endless":false,"potions_floor_spawned":[6,7,15,18],"killed_by":"Chosen","ascension_level":0}}