{"host":"ywif2ugnepgiw45s","time":1613868438,"event":{"mods":["Act Like it!","BaseMod","Better Skull","Bossed Relics","Downfall","GifTheSpireLib","Gremlin Mod","Hermit","Lobotomy","Mimic Mod","Minty Spire (QoL Compilation)","Quick Restart","READ ME - Guardian Mod","Replay The Spire","Shade Mod","Shapeshifter Mod","Shop Mod","StSLib","The Cursed","The Exalted","The Hierophant","The Jungle","The Necromancer","The Servant 0.9.4"],"gold_per_floor":[0,13,13,13,47,81,81,95,121,140,50,81,81,114,132,228,228,128,13,28,53,53,53,84,101,112,12,43,57,92,106,125,225,225,225,239,239,249,286,386,386,401,413,438,438,438,454,487,387,37,67,75,75,124,76,76,86,88],"floor_reached":59,"language":"ENG","playtime":3343,"items_purged":["downfall:Malfunctioning","Strike_W","Strike_W"],"score":1653,"play_id":"b687b891-c257-4593-a5b9-cae9ab81d009","local_time":"20210220194718","is_ascension_mode":true,"campfire_choices":[{"data":"Hellfire","floor":1,"key":"SMITH"},{"data":"Summon_Lich","floor":13,"key":"SMITH"},{"floor":18,"key":"RECALL"},{"data":"expansioncontent:StudyTheSpire","floor":23,"key":"SMITH"},{"data":"Summon_Vampire_Lady","floor":27,"key":"SMITH"},{"data":"Summon_Vampire_Lady","floor":35,"key":"SMITH"},{"data":"Siphon_Strength","floor":49,"key":"SMITH"},{"data":"Plague_Bolt","floor":56,"key":"SMITH"}],"circlet_count":0,"master_deck":["Strike_W+1","Strike_W","Defend_W","Defend_W","Defend_W+1","Defend_W+1","Negative_Energy_Arrows","Bone_Wall","Hellfire+1","Exploit","Plague_Bolt+1","Necrotic_Claws","Hellfire","Summon_Lich+1","Summon_Vampire_Lady+1","expansioncontent:StudyTheSpire+1","Stop_Heart","Summon_Undead","Summon_Vampire_Lady+1","Summon_Undead+1","Siphon_Strength+1","Stop_Heart","Secret Weapon"],"relics":["Vampire_Amulet","Oddly Smooth Stone","Bromod:ArcaneNullifier","Bromod:ArcaneTrickery","Bromod:ArcaneGuardian","Iron Hammer","Letter Opener","Replay:Grab Bag","Coffee Dripper","ChewingGum","Bromod:ArcaneEnergize","downfall:HeartBlessingGreen","Sundial","downfall:HeartBlessingRed","Ancient Tea Set","Happy Flower","Busted Crown","downfall:GremlinWheel","Replay:Ringing Soul","Vajra","Replay:Bandana","downfall:HeartBlessingBlue","Bromod:ArcaneTempo","Replay:Rubber Ducky","ReplayTheSpireMod:ShopPack","Bag of Preparation"],"acts_visited":["Exordium","Exordium","TheBeyond","TheEnding"],"potions_floor_usage":[6,9,21,21,33,57,58,58],"damage_taken":[{"damage":0,"enemies":"Small Slimes","floor":2,"turns":3},{"damage":4,"enemies":"Jaw Worm","floor":5,"turns":8},{"damage":3,"enemies":"Lagavulin","floor":6,"turns":5},{"damage":4,"enemies":"Jaw Worm","floor":8,"turns":4},{"damage":25,"enemies":"3 Sentries","floor":9,"turns":10},{"damage":0,"enemies":"2 Louse","floor":10,"turns":2},{"damage":1,"enemies":"downfall:FleeingMerchant","floor":11,"turns":4},{"damage":9,"enemies":"Lagavulin","floor":12,"turns":4},{"damage":8,"enemies":"Gremlin Nob","floor":14,"turns":4},{"damage":2,"enemies":"Lots of Slimes","floor":15,"turns":3},{"damage":25,"enemies":"DF_ARCHETYPE_STREAMLINE","floor":16,"turns":9},{"damage":5,"enemies":"downfall:FleeingMerchant","floor":19,"turns":4},{"damage":0,"enemies":"theJungle:GiantWrat","floor":20,"turns":3},{"damage":0,"enemies":"downfall:FleeingMerchant","floor":21,"turns":4},{"damage":10,"enemies":"theJungle:MUSHROOMGANG","floor":24,"turns":5},{"damage":1,"enemies":"theJungle:MUSHROOMGANG","floor":25,"turns":4},{"damage":36,"enemies":"theJungle:2_Flameangoes","floor":26,"turns":6},{"damage":3,"enemies":"theJungle:MamaSnecko","floor":28,"turns":4},{"damage":0,"enemies":"theJungle:JungleHuntersEncounter","floor":29,"turns":4},{"damage":3,"enemies":"theJungle:Cassacara","floor":30,"turns":5},{"damage":8,"enemies":"theJungle:SlimyTreeVines","floor":31,"turns":4},{"damage":22,"enemies":"theJungle:2_Snecko_Cultists","floor":32,"turns":4},{"damage":44,"enemies":"SI_MIRROR_ARCHETYPE","floor":33,"turns":10},{"damage":28,"enemies":"3 Darklings","floor":36,"turns":4},{"damage":5,"enemies":"3 Shapes","floor":38,"turns":4},{"damage":10,"enemies":"Spire Growth","floor":39,"turns":6},{"damage":12,"enemies":"Spire Growth","floor":40,"turns":4},{"damage":1,"enemies":"Spire Growth","floor":42,"turns":3},{"damage":26,"enemies":"Jaw Worm Horde","floor":43,"turns":3},{"damage":29,"enemies":"R_Hoarder","floor":44,"turns":7},{"damage":8,"enemies":"Sphere and 2 Shapes","floor":47,"turns":4},{"damage":18,"enemies":"Reptomancer","floor":48,"turns":4},{"damage":7,"enemies":"4 Shapes","floor":51,"turns":5},{"damage":35,"enemies":"IC_BLOCK_ARCHETYPE","floor":52,"turns":8},{"damage":38,"enemies":"downfall:CharBossMerchant","floor":54,"turns":6},{"damage":105,"enemies":"downfall:NeowBoss","floor":57,"turns":23},{"damage":100,"enemies":"downfall:NeowBossFinal","floor":58,"turns":10}],"seed_played":"-6195916069233877099","potions_obtained":[{"floor":2,"key":"CultistPotion"},{"floor":6,"key":"Elixir"},{"floor":8,"key":"Block Potion"},{"floor":14,"key":"AttackPotion"},{"floor":20,"key":"AttackPotion"},{"floor":25,"key":"bronze:BurnAndBuffPotion"},{"floor":29,"key":"Languid Potion"},{"floor":31,"key":"Regen Potion"},{"floor":33,"key":"Toxic Potion"}],"is_trial":false,"path_per_floor":["R","M","?","?","MIM","E","T","M","E","M","$","E","R","E","M","B",null,"R","$","M","$","?","R","MIM","M","M","R","E","M","E","M","M","B",null,"R","M","?","M","MIM","?","T","M","M","E","PTL","PTL","M","E","R","$","M","B",null,"E","$","R","B","B",null],"character_chosen":"NECROMANCER","items_purchased":["expansioncontent:StudyTheSpire","Replay:Rubber Ducky","Stop_Heart","ReplayTheSpireMod:ShopPack","Strength Potion"],"campfire_rested":0,"item_purchase_floors":[21,50,50,50,55],"current_hp_per_floor":[75,75,75,75,73,72,72,70,51,55,54,47,47,41,49,26,75,75,70,72,75,75,75,75,75,55,55,72,75,75,75,63,51,75,75,59,59,75,75,68,68,69,58,70,70,70,74,81,91,94,94,80,94,64,64,64,70,54],"gold":88,"neow_bonus":"THREE_RARE_CARDS","is_daily":false,"chose_seed":false,"campfire_upgraded":7,"win_rate":0.0,"timestamp":1613868438,"path_taken":["R","M","?","?","?","E","T","M","E","M","$","E","R","E","M","BOSS","R","$","M","$","?","R","MIM","?","M","R","E","M","E","?","M","BOSS","R","M","?","?","?","?","T","M","?","E","PTL","PTL","M","E","R","$","M","BOSS","E","$","R","BOSS","BOSS"],"items_purchased_type":["Card","Relic","Card","Relic","Potion"],"build_version":"2020-12-22","purchased_purges":3,"victory":true,"max_hp_per_floor":[75,75,75,75,75,75,75,75,75,75,75,75,75,75,75,75,75,75,75,75,75,75,75,75,75,75,75,75,75,75,75,75,75,75,75,75,75,75,75,75,75,75,75,78,78,78,81,81,91,94,94,94,94,94,94,94,94,94],"card_choices":[{"not_picked":["Negative_Energy_Bomb","Requiem"],"picked":"Hellfire","floor":0},{"not_picked":["Bone_Spikes","Bone_Armor"],"picked":"Exploit","floor":2},{"not_picked":["Bone_Armor","Shade_Step"],"picked":"Plague_Bolt","floor":5},{"not_picked":["Flesh_Made_Foul","Bone_Armor","Blood_Curse"],"picked":"SKIP","floor":6},{"not_picked":["Death_Coil","Finger_Of_Death","Death_March_Dance"],"picked":"SKIP","floor":8},{"not_picked":["Negative_Energy_Mist","Death_March_Dance"],"picked":"Necrotic_Claws","floor":9},{"not_picked":["Bone_Bullets","Uncharnel","Corrupt"],"picked":"SKIP","floor":10},{"not_picked":["Consume_Illness","Vampiric_Strike"],"picked":"Hellfire","floor":11},{"not_picked":["Blood_for_Blood","Toxic_Smoke_Screen"],"picked":"Summon_Lich","floor":12},{"not_picked":["Negative_Energy_Sphere","Negative_Energy_Mist","Blood_Wake"],"picked":"SKIP","floor":14},{"not_picked":["Whirlwind_of_Bones","Life_Tap","Blood_Whip"],"picked":"SKIP","floor":15},{"not_picked":["Requiem","Detonate_Bones"],"picked":"Summon_Vampire_Lady","floor":16},{"not_picked":["Scare","Bones_to_Steel","Spectral_Walk"],"picked":"SKIP","floor":19},{"not_picked":["Bone_Spikes","Spectral_Walk","Shackles_Of_Pain+1"],"picked":"SKIP","floor":20},{"not_picked":["Negative_Energy_Sphere","Vampiric_Strike","Summon_Lich"],"picked":"SKIP","floor":21},{"not_picked":["Negative_Energy_Mist","Blood_Whip","Blood_for_Blood+1"],"picked":"SKIP","floor":25},{"not_picked":["Negative_Energy_Javelin","Strike_from_Beyond","Consume_Illness+1"],"picked":"SKIP","floor":26},{"not_picked":["Whirlwind_of_Bones","Blood_Whip","Bone_Bullets"],"picked":"SKIP","floor":28},{"not_picked":["Negative_Energy_Javelin+1","Shackles_Of_Pain+1","Epidemic+1"],"picked":"SKIP","floor":29},{"not_picked":["Bone_Armor","Whirlwind_of_Bones"],"picked":"Stop_Heart","floor":30},{"not_picked":["Bone_Armory","Negative_Energy_Sphere","Reap_The_Weak"],"picked":"SKIP","floor":31},{"not_picked":["Scare+1","Life_Tap+1"],"picked":"Summon_Undead","floor":32},{"not_picked":["Blood_Magic","Requiem"],"picked":"Summon_Vampire_Lady","floor":33},{"not_picked":["Negative_Energy_Javelin+1"],"picked":"SKIP","floor":36},{"not_picked":["Negative_Energy_Burst"],"picked":"SKIP","floor":38},{"not_picked":["Summon_Lich+1"],"picked":"SKIP","floor":42},{"not_picked":["Death_March_Dance+1"],"picked":"SKIP","floor":43},{"not_picked":[],"picked":"Summon_Undead+1","floor":44},{"not_picked":[],"picked":"Siphon_Strength","floor":47},{"not_picked":["Consume_Illness+1"],"picked":"SKIP","floor":48},{"not_picked":[],"picked":"Secret Weapon","floor":50},{"not_picked":["Shackles_Of_Pain+1"],"picked":"SKIP","floor":51},{"not_picked":["Summon_Lich+1"],"picked":"SKIP","floor":54}],"player_experience":1826150,"relics_obtained":[{"floor":5,"key":"Oddly Smooth Stone"},{"floor":6,"key":"Bromod:ArcaneNullifier"},{"floor":7,"key":"Bromod:ArcaneTrickery"},{"floor":9,"key":"Bromod:ArcaneGuardian"},{"floor":12,"key":"Iron Hammer"},{"floor":14,"key":"Letter Opener"},{"floor":24,"key":"Sundial"},{"floor":28,"key":"Ancient Tea Set"},{"floor":30,"key":"Happy Flower"},{"floor":40,"key":"downfall:GremlinWheel"},{"floor":41,"key":"Replay:Ringing Soul"},{"floor":44,"key":"Vajra"},{"floor":48,"key":"Replay:Bandana"},{"floor":49,"key":"Bromod:ArcaneTempo"},{"floor":54,"key":"Bag of Preparation"}],"event_choices":[{"damage_healed":0,"gold_gain":0,"player_choice":"Relic","damage_taken":0,"max_hp_gain":0,"max_hp_loss":0,"event_name":"Wheel of Change","floor":49,"gold_loss":0}],"is_beta":false,"boss_relics":[{"not_picked":["Philosopher\u0027s Stone","Velvet Choker"],"picked":"Replay:Grab Bag"},{"not_picked":["ReplayTheSpireMod:DimensionalGlitch","Fusion Hammer"],"picked":"Coffee Dripper"},{"not_picked":["Replay:Wanted Poster","Cursed Key"],"picked":"ChewingGum"},{"not_picked":["Bromod:ArcaneGrace","Astrolabe"],"picked":"Bromod:ArcaneEnergize"},{"not_picked":["Replay:Drink Me","Replay:Ancient Bell"],"picked":"Busted Crown"}],"items_purged_floors":[11,19,21],"is_endless":false,"potions_floor_spawned":[2,6,8,14,20,25,29,30,31,32,33,40,42,44,51,54],"ascension_level":1}}