{"host":"ow66nzv2xecjoor3","time":1613896332,"event":{"mods":["BaseMod","Bestiary","Block Reminder","Colored Powertips","Curses Come First","Highlight Path","Keyboard Shortcuts","Minty Spire (QoL Compilation)","Permanent Neow","Relic Stats","StSLib","UnlockEverythingMod"],"gold_per_floor":[360,370,200,200,217,252,252,265,292,306,321,356,371,399,399,471,471,490,527,131,171,212,212,241,241,241,266,301,321,321,351,351,426,426,467,478,495,512,734,734,746,746,791,807,807,807],"floor_reached":45,"language":"ENG","playtime":2144,"items_purged":["Strike_P","Strike_P"],"score":1202,"play_id":"0cc7bf1e-910f-4c61-8341-c0dd6520ef9e","local_time":"20210221023212","is_ascension_mode":true,"campfire_choices":[{"data":"FlurryOfBlows","floor":7.0,"key":"SMITH"},{"data":"WaveOfTheHand","floor":15.0,"key":"SMITH"},{"data":"Wish","floor":23.0,"key":"SMITH"},{"data":"Blasphemy","floor":25.0,"key":"SMITH"},{"data":"MentalFortress","floor":32.0,"key":"SMITH"},{"data":"SandsOfTime","floor":40,"key":"SMITH"},{"data":"WheelKick","floor":42,"key":"SMITH"}],"circlet_count":0,"master_deck":["AscendersBane","Strike_P+1","Strike_P+1","Defend_P+1","Defend_P+1","Defend_P+1","Eruption","Vigilance","FearNoEvil","ThirdEye+1","MentalFortress+1","FlurryOfBlows+1","Crescendo","WaveOfTheHand+1","WheelKick+1","Crescendo+1","SandsOfTime+1","FlurryOfBlows","EmptyMind","Wish+1","Scrawl","Conclude","EmptyBody","Panache","Blasphemy+1","InnerPeace+1","Halt","Halt","Study+1","LessonLearned","WheelKick+1","Halt+1","CrushJoints+1","MentalFortress+1","Worship"],"relics":["HolyWater","Damaru","Bag of Preparation","Bronze Scales","Tiny Chest","Membership Card","Potion Belt","Toy Ornithopter","Frozen Egg 2","Red Mask","Unceasing Top","Juzu Bracelet","Velvet Choker","Vajra"],"acts_visited":["Exordium","TheCity","TheBeyond"],"potions_floor_usage":[36,44,45],"damage_taken":[{"damage":0.0,"enemies":"Small Slimes","floor":1.0,"turns":2.0},{"damage":0.0,"enemies":"2 Louse","floor":2.0,"turns":4.0},{"damage":0.0,"enemies":"Jaw Worm","floor":5.0,"turns":5.0},{"damage":3.0,"enemies":"Gremlin Nob","floor":6.0,"turns":3.0},{"damage":6.0,"enemies":"Red Slaver","floor":8.0,"turns":3.0},{"damage":3.0,"enemies":"Exordium Thugs","floor":10.0,"turns":4.0},{"damage":0.0,"enemies":"2 Fungi Beasts","floor":11.0,"turns":2.0},{"damage":0.0,"enemies":"Lagavulin","floor":12.0,"turns":4.0},{"damage":0.0,"enemies":"Looter","floor":13.0,"turns":3.0},{"damage":0.0,"enemies":"Gremlin Nob","floor":14.0,"turns":2.0},{"damage":8.0,"enemies":"Hexaghost","floor":16.0,"turns":6.0},{"damage":5.0,"enemies":"Shell Parasite","floor":18.0,"turns":2.0},{"damage":4.0,"enemies":"Chosen","floor":19.0,"turns":4.0},{"damage":5.0,"enemies":"Snecko","floor":21.0,"turns":7.0},{"damage":0.0,"enemies":"Shelled Parasite and Fungi","floor":22.0,"turns":3.0},{"damage":18.0,"enemies":"Slavers","floor":24.0,"turns":3.0},{"damage":0.0,"enemies":"Masked Bandits","floor":27.0,"turns":2.0},{"damage":5.0,"enemies":"Book of Stabbing","floor":28.0,"turns":3.0},{"damage":7.0,"enemies":"Snake Plant","floor":29.0,"turns":2.0},{"damage":0.0,"enemies":"Slavers","floor":31.0,"turns":2.0},{"damage":19.0,"enemies":"Automaton","floor":33.0,"turns":10.0},{"damage":0,"enemies":"Orb Walker","floor":35,"turns":4},{"damage":12,"enemies":"3 Darklings","floor":36,"turns":4},{"damage":0,"enemies":"Spire Growth","floor":37,"turns":3},{"damage":0,"enemies":"Jaw Worm Horde","floor":38,"turns":2},{"damage":15,"enemies":"4 Shapes","floor":41,"turns":3},{"damage":12,"enemies":"Maw","floor":44,"turns":5},{"damage":52,"enemies":"Giant Head","floor":45,"turns":5}],"seed_played":"2440477176402518217","potions_obtained":[{"floor":5.0,"key":"PowerPotion"},{"floor":8.0,"key":"Fruit Juice"},{"floor":11.0,"key":"EntropicBrew"},{"floor":13.0,"key":"StancePotion"},{"floor":21.0,"key":"BlessingOfTheForge"},{"floor":24.0,"key":"BottledMiracle"},{"floor":29.0,"key":"Regen Potion"},{"floor":33.0,"key":"Block Potion"},{"floor":38,"key":"AttackPotion"},{"floor":41,"key":"Block Potion"}],"is_trial":false,"path_per_floor":["M","M","$","?","M","E","R","M","T","M","M","E","M","E","R","B",null,"M","M","$","M","M","R","E","R","T","?","E","M","?","E","R","B",null,"M","M","M","M","?","R","M","R","T","M","E"],"character_chosen":"WATCHER","items_purchased":["MentalFortress","FlurryOfBlows","Membership Card","Potion Belt","EmptyBody","Panache"],"campfire_rested":0,"item_purchase_floors":[3,3,20,20,20,20],"current_hp_per_floor":[43,43,43,36,36,33,33,27,27,24,24,24,29,29,29,21,60,55,51,51,46,46,46,28,28,28,28,23,16,16,21,21,26,61,61,54,54,54,54,54,39,39,39,32,0,0],"gold":807,"neow_bonus":"TWO_FIFTY_GOLD","is_daily":false,"chose_seed":false,"campfire_upgraded":7,"win_rate":0.0,"timestamp":1613896332,"path_taken":["M","M","$","?","M","E","R","M","T","M","M","E","M","E","R","BOSS","M","M","$","M","M","R","E","R","T","?","E","M","?","E","R","BOSS","M","M","M","M","?","R","M","R","T","M","E"],"items_purchased_type":["Card","Card","Relic","Relic","Card","Card"],"build_version":"2020-12-22","purchased_purges":2,"victory":false,"max_hp_per_floor":[68,68,68,68,68,68,68,68,68,68,68,68,73,73,73,73,73,73,73,73,73,73,73,73,73,73,73,73,73,73,73,73,73,73,73,73,73,73,73,73,73,73,73,73,73,73],"relic_stats":{"counters":[28,102],"Bronze Scales":[204],"Tiny Chest":0,"Bag of Preparation":[46],"Juzu Bracelet":0,"obtain_stats":[{"Potion Belt":20,"Damaru":6,"Velvet Choker":34,"Vajra":43,"Bag of Preparation":9,"Juzu Bracelet":31,"Frozen Egg 2":26,"Bronze Scales":12,"HolyWater":17,"Tiny Chest":14,"Red Mask":27,"Membership Card":20,"PureWater":0,"Toy Ornithopter":24,"Unceasing Top":28},{"Potion Belt":13,"Damaru":4,"Velvet Choker":21,"Vajra":26,"Bag of Preparation":5,"Juzu Bracelet":20,"Frozen Egg 2":16,"Bronze Scales":8,"HolyWater":11,"Tiny Chest":10,"Red Mask":17,"Membership Card":13,"PureWater":0,"Toy Ornithopter":16,"Unceasing Top":18},{"Potion Belt":44,"Damaru":14,"Velvet Choker":76,"Vajra":92,"Bag of Preparation":17,"Juzu Bracelet":66,"Frozen Egg 2":57,"Bronze Scales":27,"HolyWater":38,"Tiny Chest":32,"Red Mask":59,"Membership Card":44,"PureWater":0,"Toy Ornithopter":57,"Unceasing Top":62}],"Toy Ornithopter":30,"Unceasing Top":[0]},"card_choices":[{"not_picked":["FlurryOfBlows","JustLucky"],"picked":"FearNoEvil","floor":1.0},{"not_picked":["Nirvana","Halt"],"picked":"ThirdEye","floor":2.0},{"not_picked":["InnerPeace","ClearTheMind"],"picked":"Crescendo","floor":5.0},{"not_picked":["LikeWater","Evaluate"],"picked":"WaveOfTheHand","floor":6.0},{"not_picked":["BattleHymn","FlurryOfBlows"],"picked":"WheelKick","floor":8.0},{"not_picked":["FollowUp","SashWhip"],"picked":"Crescendo","floor":10.0},{"not_picked":["EmptyFist","BowlingBash"],"picked":"SandsOfTime","floor":11.0},{"not_picked":["Collect","MentalFortress"],"picked":"FlurryOfBlows","floor":12.0},{"not_picked":["EmptyFist","FlurryOfBlows"],"picked":"EmptyMind","floor":13.0},{"not_picked":["JustLucky","Halt"],"picked":"Wish","floor":14.0},{"not_picked":["Judgement","ConjureBlade"],"picked":"Scrawl","floor":16.0},{"not_picked":["PathToVictory","Evaluate","SashWhip"],"picked":"SKIP","floor":18.0},{"not_picked":["Tantrum","CutThroughFate"],"picked":"Conclude","floor":19.0},{"not_picked":["FlyingSleeves","EmptyBody"],"picked":"Blasphemy","floor":21.0},{"not_picked":["Consecrate","JustLucky","SignatureMove"],"picked":"SKIP","floor":22.0},{"not_picked":["SashWhip","Blasphemy"],"picked":"InnerPeace+1","floor":24.0},{"not_picked":["WreathOfFlame+1","FollowUp"],"picked":"Halt","floor":27.0},{"not_picked":["FollowUp","ThirdEye"],"picked":"Halt","floor":28.0},{"not_picked":["EmptyBody","Evaluate","Brilliance"],"picked":"SKIP","floor":29.0},{"not_picked":["CutThroughFate","DeceiveReality"],"picked":"Study+1","floor":31.0},{"not_picked":["Scrawl","MasterReality+1"],"picked":"LessonLearned","floor":33.0},{"not_picked":["FearNoEvil","Collect"],"picked":"WheelKick+1","floor":35},{"not_picked":["ClearTheMind+1","EmptyBody"],"picked":"Halt+1","floor":36},{"not_picked":["Wireheading+1","LikeWater+1"],"picked":"CrushJoints+1","floor":37},{"not_picked":["FlurryOfBlows+1","Consecrate"],"picked":"MentalFortress+1","floor":38},{"not_picked":["SashWhip","CutThroughFate","SignatureMove"],"picked":"SKIP","floor":41},{"not_picked":["EmptyMind","Prostrate+1"],"picked":"Worship","floor":44}],"player_experience":2920433,"relics_obtained":[{"floor":6.0,"key":"Damaru"},{"floor":9.0,"key":"Bag of Preparation"},{"floor":12.0,"key":"Bronze Scales"},{"floor":14.0,"key":"Tiny Chest"},{"floor":24.0,"key":"Toy Ornithopter"},{"floor":26.0,"key":"Frozen Egg 2"},{"floor":27.0,"key":"Red Mask"},{"floor":28.0,"key":"Unceasing Top"},{"floor":31.0,"key":"Juzu Bracelet"},{"floor":43,"key":"Vajra"}],"event_choices":[{"cards_removed":["Defend_P"],"damage_healed":0.0,"max_hp_gain":0.0,"max_hp_loss":0.0,"gold_gain":0.0,"event_name":"Golden Wing","player_choice":"Card Removal","floor":4.0,"gold_loss":0.0,"damage_taken":7.0},{"damage_healed":0.0,"max_hp_gain":0.0,"max_hp_loss":0.0,"gold_gain":0.0,"event_name":"Masked Bandits","player_choice":"Fought Bandits","floor":27.0,"gold_loss":0.0,"damage_taken":0.0},{"damage_healed":0.0,"max_hp_gain":0.0,"max_hp_loss":0.0,"gold_gain":0.0,"event_name":"Back to Basics","player_choice":"Simplicity","floor":30.0,"gold_loss":0.0,"damage_taken":0.0,"cards_upgraded":["Strike_P","Strike_P","Defend_P","Defend_P","Defend_P"]},{"damage_healed":0,"gold_gain":222,"player_choice":"Wore Mask","damage_taken":0,"max_hp_gain":0,"max_hp_loss":0,"event_name":"Tomb of Lord Red Mask","floor":39,"gold_loss":0}],"is_beta":false,"boss_relics":[{"not_picked":["Calling Bell","Runic Dome"],"picked":"HolyWater"},{"not_picked":["Sozu","Astrolabe"],"picked":"Velvet Choker"}],"items_purged_floors":[3,20],"is_endless":false,"potions_floor_spawned":[5,8,11,13,14,21,24,29,33,38,41],"killed_by":"Giant Head","ascension_level":20}}