{"host":"2c84cb4cp1emursg","time":1613932037,"event":{"mods":["Act Like it!","BaseMod","Better Third Choice","Bossed Relics","Downfall","Hermit","Mimic Mod","Minty Spire (QoL Compilation)","Permanent Neow","Shapeshifter Mod","StSLib"],"gold_per_floor":[114,86,86,100,124,138,138,138,138],"floor_reached":8,"language":"ENG","playtime":331,"items_purged":[],"score":48,"play_id":"3bc3633c-3ea1-4c93-b91d-a90242f04b40","local_time":"20210221112717","is_ascension_mode":false,"campfire_choices":[{"data":"StSShapeShifter:ReplenishingNectar","floor":7,"key":"SMITH"}],"circlet_count":0,"master_deck":["StSShapeShifter:ShapeShifter_Strike","StSShapeShifter:ShapeShifter_Strike","StSShapeShifter:ShapeShifter_Strike","StSShapeShifter:ShapeShifter_Strike","StSShapeShifter:ShapeShifter_Strike","StSShapeShifter:ShapeShifter_Defend","StSShapeShifter:ShapeShifter_Defend","StSShapeShifter:ShapeShifter_Defend","StSShapeShifter:ShapeShifter_Defend","StSShapeShifter:ShapeShifter_Defend","StSShapeShifter:Tortoise_Form","StSShapeShifter:Lynx_Form","StSShapeShifter:ClimbTree","StSShapeShifter:ReplenishingNectar+1","StSShapeShifter:Sapling"],"relics":["StSShapeShifter:AnimalHeart","StSShapeShifter:TheShapeShiftersMagnolia","StoneCalendar","betterThird:SlimedRelic","Golden Idol"],"acts_visited":["Exordium"],"potions_floor_usage":[8],"damage_taken":[{"damage":3,"enemies":"Jaw Worm","floor":1,"turns":4},{"damage":2,"enemies":"Small Slimes","floor":4,"turns":4},{"damage":1,"enemies":"2 Louse","floor":5,"turns":4},{"damage":3,"enemies":"2 Fungi Beasts","floor":6,"turns":4},{"damage":59,"enemies":"Gremlin Nob","floor":8,"turns":6}],"seed_played":"-3760982045142203251","potions_obtained":[{"floor":4,"key":"FearPotion"}],"is_trial":false,"path_per_floor":["M","?","?","M","M","M","R","E"],"character_chosen":"SHAPESHIFTER","items_purchased":[],"campfire_rested":0,"item_purchase_floors":[],"current_hp_per_floor":[68,57,40,38,38,37,37,0,0],"gold":138,"neow_bonus":"ONE_RARE_RELIC","is_daily":false,"chose_seed":false,"campfire_upgraded":1,"win_rate":0.0,"timestamp":1613932037,"path_taken":["M","?","?","M","M","M","R","E"],"items_purchased_type":[],"build_version":"2020-12-22","purchased_purges":0,"victory":false,"max_hp_per_floor":[71,71,71,71,71,71,71,71,71],"card_choices":[{"not_picked":["StSShapeShifter:BarkSkin","StSShapeShifter:FesteringBite"],"picked":"StSShapeShifter:ClimbTree","floor":1},{"not_picked":["StSShapeShifter:FesteringBite","StSShapeShifter:FallingLeaves"],"picked":"StSShapeShifter:ReplenishingNectar","floor":4},{"not_picked":["StSShapeShifter:RockSlide","StSShapeShifter:BurstingSpore"],"picked":"StSShapeShifter:Sapling","floor":5},{"not_picked":["StSShapeShifter:FesteringBite","StSShapeShifter:PoisonIvy","StSShapeShifter:BloomingSlash"],"picked":"SKIP","floor":6}],"player_experience":687964,"relics_obtained":[],"event_choices":[{"damage_healed":0,"gold_gain":0,"player_choice":"Slimed","damage_taken":11,"max_hp_gain":0,"max_hp_loss":0,"event_name":"betterThird:BetterGoop","floor":2,"gold_loss":28},{"damage_healed":0,"gold_gain":0,"player_choice":"Take Damage","damage_taken":17,"relics_obtained":["Golden Idol"],"max_hp_gain":0,"max_hp_loss":0,"event_name":"Golden Idol","floor":3,"gold_loss":0}],"is_beta":false,"boss_relics":[],"items_purged_floors":[],"is_endless":false,"potions_floor_spawned":[4],"killed_by":"Gremlin Nob","ascension_level":0}}