{"host":"j37i0m9ltjmpbz2t","time":1613906385,"event":{"mods":["BaseMod","Minty Spire (QoL Compilation)","StSLib","WarShipGirlsR/’ΩΩ¢…Ÿ≈ÆR mod"],"gold_per_floor":[10018,10018,80,80,80,119,119,144,168,168,93,118,118,136,136,208,208,218,218,238,255,267,297,306,325,350,392,392,412,44,61,61,147,147,175,190,208,208,259,293,326,361,388,388,388,39,74,97,97,97,97,97,32,67,67],"floor_reached":56,"language":"ZHS","playtime":2378,"items_purged":["rmod:strick","rmod:defend"],"score":3033,"play_id":"e0a27871-155b-4b25-98d8-223cbe5f5c23","local_time":"20210221191944","is_ascension_mode":true,"campfire_choices":[{"data":"rmod:expedition+1","floor":7.0,"key":"SMITH"},{"data":"rmod:expedition+2","floor":10.0,"key":"SMITH"},{"floor":15.0,"key":"RECALL"},{"floor":24.0,"key":"REST"},{"data":"1","floor":32.0,"key":"LIFT"},{"data":"2","floor":44.0,"key":"LIFT"},{"data":"rmod:defend","floor":49.0,"key":"PURGE"},{"data":"rmod:strick+1","floor":52.0,"key":"PURGE"}],"circlet_count":1,"master_deck":["AscendersBane","rmod:defend+1","rmod:basicallowance+1","rmod:maingunfire+1","rmod:desperatesituation","rmod:tearstotiara+1","rmod:expedition+3","rmod:mineteam+1","rmod:royalracing+1","rmod:fuelsupply+1","rmod:lonelyqueen+1","rmod:advancebysurprise+1","rmod:supportescort+1","Flash of Steel+1","rmod:ridicule+1","rmod:wife+1","Deep Breath+1","rmod:royalracing+1","Purity+1"],"relics":["The Courier","HornCleat","Oddly Smooth Stone","Potion Belt","Turnip","Ginger","Pen Nib","Blood Vial","HandDrill","Unceasing Top","Omamori","Gambling Chip","Happy Flower","CeramicFish","Vajra","Meat on the Bone","Darkstone Periapt","Question Card","Boot","Nunchaku","Ice Cream","MealTicket","Orichalcum","rmod:extraamm","Whetstone","Du-Vu Doll","Gremlin Horn","Centennial Puzzle","Art of War","Pear","Thread and Needle","Toy Ornithopter","Tiny Chest","Frozen Egg 2","Bag of Preparation","Anchor","Lantern","TungstenRod","Girya","Incense Burner","Ancient Tea Set","Kunai","Shuriken","Juzu Bracelet","Calipers","Sundial","War Paint","Mummified Hand","Bronze Scales","Dream Catcher","Bag of Marbles","Mercury Hourglass","Molten Egg 2","Strawberry","Pantograph","PreservedInsect","Regal Pillow","Singing Bowl","Toxic Egg 2","Letter Opener","Lizard Tail","Blue Candle","Runic Pyramid","Eternal Feather","Ornamental Fan","rmod:equipmentrecovery","InkBottle","rmod:mogul","WingedGreaves","StoneCalendar","Prayer Wheel","Bird Faced Urn","FossilizedHelix","Mango","WarpedTongs","Peace Pipe","Torii","Circlet"],"acts_visited":["TheCity","TheBeyond","TheEnding"],"potions_floor_usage":[],"damage_taken":[{"damage":0.0,"enemies":"Cultist","floor":1.0,"turns":3.0},{"damage":0.0,"enemies":"Gremlin Nob","floor":6.0,"turns":1.0},{"damage":0.0,"enemies":"Lagavulin","floor":8.0,"turns":1.0},{"damage":0.0,"enemies":"Small Slimes","floor":12.0,"turns":1.0},{"damage":0.0,"enemies":"Jaw Worm","floor":14.0,"turns":1.0},{"damage":0.0,"enemies":"Slime Boss","floor":16.0,"turns":2.0},{"damage":0.0,"enemies":"Chosen","floor":18.0,"turns":2.0},{"damage":0.0,"enemies":"Shell Parasite","floor":20.0,"turns":1.0},{"damage":0.0,"enemies":"Snake Plant","floor":21.0,"turns":2.0},{"damage":0.0,"enemies":"Cultist and Chosen","floor":22.0,"turns":3.0},{"damage":0.0,"enemies":"Slavers","floor":23.0,"turns":1.0},{"damage":0.0,"enemies":"Centurion and Healer","floor":25.0,"turns":1.0},{"damage":0.0,"enemies":"Gremlin Leader","floor":27.0,"turns":2.0},{"damage":0.0,"enemies":"Chosen and Byrds","floor":29.0,"turns":1.0},{"damage":0.0,"enemies":"Snake Plant","floor":31.0,"turns":2.0},{"damage":0.0,"enemies":"Champ","floor":33.0,"turns":2.0},{"damage":0.0,"enemies":"3 Darklings","floor":35.0,"turns":1.0},{"damage":0.0,"enemies":"3 Shapes","floor":36.0,"turns":1.0},{"damage":0.0,"enemies":"3 Darklings","floor":37.0,"turns":1.0},{"damage":0.0,"enemies":"Reptomancer","floor":40.0,"turns":1.0},{"damage":0.0,"enemies":"Nemesis","floor":41.0,"turns":1.0},{"damage":0.0,"enemies":"Giant Head","floor":42.0,"turns":1.0},{"damage":0.0,"enemies":"Reptomancer","floor":47.0,"turns":1.0},{"damage":0.0,"enemies":"Spire Growth","floor":48.0,"turns":1.0},{"damage":0.0,"enemies":"Time Eater","floor":50.0,"turns":3.0},{"damage":0.0,"enemies":"Shield and Spear","floor":54.0,"turns":1.0},{"damage":0,"enemies":"The Heart","floor":55,"turns":3}],"seed_played":"6958559127770032128","potions_obtained":[{"floor":6.0,"key":"SneckoOil"},{"floor":8.0,"key":"AttackPotion"},{"floor":16.0,"key":"Energy Potion"},{"floor":18.0,"key":"DuplicationPotion"},{"floor":33.0,"key":"Fruit Juice"},{"floor":37.0,"key":"Weak Potion"},{"floor":41.0,"key":"ColorlessPotion"}],"is_trial":false,"path_per_floor":["M","?","$","?","?","E","R","E","T","R","?","M","T","M","R","B",null,"M","?","M","M","M","E","R","M","T","E","?","M","$","M","R","B",null,"M","M","M","?","T","E","E","E","T","R","?","$","E","M","R","B",null,"R","$","E","B",null],"character_chosen":"PRAEFECT","items_purchased":["HornCleat","Oddly Smooth Stone","Potion Belt","Turnip","Ginger","Pen Nib","Blood Vial","HandDrill","Unceasing Top","Omamori","Gambling Chip","Happy Flower","CeramicFish","Vajra","Meat on the Bone","Darkstone Periapt","Question Card","Boot","Nunchaku","Ice Cream","MealTicket","Orichalcum","rmod:extraamm","Whetstone","Du-Vu Doll","Gremlin Horn","Centennial Puzzle","Art of War","Pear","Thread and Needle","Toy Ornithopter","Tiny Chest","Frozen Egg 2","Bag of Preparation","Anchor","Lantern","TungstenRod","Girya","Incense Burner","Ancient Tea Set","Kunai","Shuriken","Juzu Bracelet","Calipers","Sundial","War Paint","Mummified Hand","Bronze Scales","Dream Catcher","Bag of Marbles","Mercury Hourglass","Molten Egg 2","Strawberry","Pantograph","PreservedInsect","Regal Pillow","Singing Bowl","Toxic Egg 2","Letter Opener","rmod:tearstotiara+1","rmod:expedition+1","rmod:mineteam+1","InkBottle","Flash of Steel+1","Peace Pipe","Deep Breath+1","Purity+1"],"campfire_rested":1,"item_purchase_floors":[3,3,3,3,3,3,3,3,3,3,3,3,3,3,3,3,3,3,3,3,3,3,3,3,3,3,3,3,3,3,3,3,3,3,3,3,3,3,3,3,3,3,3,3,3,3,3,3,3,3,3,3,3,3,3,3,3,3,3,3,3,3,30,30,46,46,53],"current_hp_per_floor":[63,63,80,80,85,87,87,91,91,91,91,93,93,96,96,98,98,100,100,100,102,104,106,106,108,108,108,108,110,110,112,112,112,112,112,114,121,121,121,123,125,127,141,141,141,141,143,145,145,145,145,145,145,147,147],"gold":67,"neow_bonus":"ONE_RANDOM_RARE_CARD","is_daily":false,"chose_seed":false,"campfire_upgraded":2,"win_rate":0.0,"timestamp":1613906384,"path_taken":["M","?","$","?","?","E","R","E","T","R","?","M","?","M","R","BOSS","M","?","M","M","M","E","R","M","T","E","?","M","$","M","R","BOSS","M","M","M","?","?","E","E","E","T","R","?","$","E","M","R","BOSS","R","$","E","BOSS"],"items_purchased_type":["Relic","Relic","Relic","Relic","Relic","Relic","Relic","Relic","Relic","Relic","Relic","Relic","Relic","Relic","Relic","Relic","Relic","Relic","Relic","Relic","Relic","Relic","Relic","Relic","Relic","Relic","Relic","Relic","Relic","Relic","Relic","Relic","Relic","Relic","Relic","Relic","Relic","Relic","Relic","Relic","Relic","Relic","Relic","Relic","Relic","Relic","Relic","Relic","Relic","Relic","Relic","Relic","Relic","Relic","Relic","Relic","Relic","Relic","Relic","Card","Card","Card","Relic","Card","Relic","Card","Card"],"build_version":"2020-12-22","purchased_purges":2,"victory":true,"max_hp_per_floor":[70,70,87,87,92,92,92,94,94,94,94,94,94,96,96,98,98,100,100,100,102,104,106,106,108,108,108,108,110,110,112,112,112,112,112,114,121,121,121,123,125,127,141,141,141,141,143,145,145,145,145,145,145,147,147],"card_choices":[{"not_picked":["rmod:ammunitionsupply","rmod:guardianhero","rmod:rockthrower"],"picked":"SKIP","floor":1.0},{"not_picked":["rmod:ring+1","rmod:supportaircraftcarrier+1","rmod:fletcherpendant+1"],"picked":"rmod:royalracing+1","floor":6.0},{"not_picked":["rmod:generalist+1","rmod:goodsister+1","rmod:u235+1","rmod:diamondstrike+1"],"picked":"Singing Bowl","floor":8.0},{"not_picked":["rmod:ring+1","rmod:circuitoustactics+1","rmod:royalracing+1"],"picked":"rmod:fuelsupply+1","floor":12.0},{"not_picked":["rmod:diamondstrike+1","rmod:aviationdawn+1","rmod:ammunitionsupply+1","rmod:steelsupply+1"],"picked":"Singing Bowl","floor":14.0},{"not_picked":["rmod:auspiciousomen+1","rmod:lastglory+1","rmod:supriseattacks+1","rmod:stealaluminum+1"],"picked":"Singing Bowl","floor":16.0},{"not_picked":["rmod:intelligenceanalysis+1","rmod:supportescort+1","rmod:diamondstrike+1","rmod:aviationdawn+1"],"picked":"Singing Bowl","floor":18.0},{"not_picked":["rmod:fuelsupply+1","rmod:maintain+1","rmod:gendarmerie+1"],"picked":"rmod:lonelyqueen+1","floor":20.0},{"not_picked":["rmod:mineteam+1","rmod:diamondstrike+1","rmod:supportescort+1","rmod:luckystar+1"],"picked":"Singing Bowl","floor":21.0},{"not_picked":["rmod:shuttlebombing+1","rmod:victimresponsibility+1","rmod:combined+1","rmod:firesupport+1"],"picked":"Singing Bowl","floor":22.0},{"not_picked":["rmod:saltedfish+1","rmod:aluminumsupply+1","rmod:stealaluminum+1","rmod:highspeedshooting+1"],"picked":"Singing Bowl","floor":23.0},{"not_picked":["rmod:launchingtorpedo+1","rmod:goodsister+1","rmod:guardianhero+1"],"picked":"rmod:advancebysurprise+1","floor":24.0},{"not_picked":["rmod:highspeedshooting+1","rmod:sl+1","rmod:tearstotiara+1","rmod:fuelsupply+1"],"picked":"Singing Bowl","floor":25.0},{"not_picked":["rmod:diamondstrike+1","rmod:lastglory+1","rmod:lonelyqueen+1"],"picked":"rmod:supportescort+1","floor":27.0},{"not_picked":["rmod:wolves+1","rmod:victimresponsibility+1","rmod:supportescort+1","rmod:ammunitionsupply+1"],"picked":"Singing Bowl","floor":29.0},{"not_picked":["rmod:selfconfidence+1","rmod:wolves+1","rmod:victimresponsibility+1","rmod:combined+1"],"picked":"Singing Bowl","floor":31.0},{"not_picked":["rmod:acesubmarine+1","rmod:supriseattacks+1","rmod:u235+1"],"picked":"rmod:ridicule+1","floor":33.0},{"not_picked":["rmod:generalist+1","rmod:combined+1","rmod:overbreakdown+1"],"picked":"rmod:wife+1","floor":35.0},{"not_picked":["rmod:combined+1","rmod:aviationdawn+1","rmod:aluminumsupply+1","rmod:diamondstrike+1"],"picked":"Singing Bowl","floor":36.0},{"not_picked":["rmod:rockthrower+1","rmod:selfconfidence+1","rmod:aluminumsupply+1","rmod:aviationdawn+1"],"picked":"Singing Bowl","floor":37.0},{"not_picked":["rmod:chargemoney+1","rmod:garrisonisland+1","rmod:desperatesituation+1","rmod:launchingtorpedo+1"],"picked":"Singing Bowl","floor":40.0},{"not_picked":["rmod:highspeedshooting+1","rmod:victimresponsibility+1","rmod:smokecover+1","rmod:wolves+1"],"picked":"Singing Bowl","floor":41.0},{"not_picked":["rmod:openingtorpedo+1","rmod:guardianhero+1","rmod:highspeedshooting+1","rmod:fletcherpendant+1"],"picked":"Singing Bowl","floor":42.0},{"not_picked":["rmod:luckystar+1","rmod:aluminumsupply+1","rmod:capitalist+1","rmod:expedition+1"],"picked":"Singing Bowl","floor":47.0},{"not_picked":["rmod:combined+1","rmod:expedition+1","rmod:maintain+1"],"picked":"rmod:royalracing+1","floor":48.0},{"not_picked":["rmod:supportescort+1","rmod:victimresponsibility+1","rmod:highspeedshooting+1","rmod:sl+1"],"picked":"Singing Bowl","floor":48.0},{"not_picked":["rmod:aviationdawn+1","rmod:diamondstrike+1","rmod:wife+1","rmod:lastglory+1"],"picked":"Singing Bowl","floor":54.0}],"player_experience":242123,"relics_obtained":[{"floor":8.0,"key":"Lizard Tail"},{"floor":13.0,"key":"Blue Candle"},{"floor":23.0,"key":"Eternal Feather"},{"floor":26.0,"key":"Ornamental Fan"},{"floor":27.0,"key":"rmod:equipmentrecovery"},{"floor":39.0,"key":"StoneCalendar"},{"floor":40.0,"key":"Prayer Wheel"},{"floor":41.0,"key":"Bird Faced Urn"},{"floor":42.0,"key":"FossilizedHelix"},{"floor":43.0,"key":"Mango"},{"floor":47.0,"key":"Torii"},{"floor":54.0,"key":"Circlet"}],"event_choices":[{"cards_removed":["rmod:strick"],"damage_healed":0.0,"max_hp_gain":0.0,"max_hp_loss":0.0,"gold_gain":0.0,"event_name":"Purifier","player_choice":"Purged","floor":2.0,"gold_loss":0.0,"damage_taken":0.0},{"damage_healed":0.0,"max_hp_gain":0.0,"max_hp_loss":0.0,"gold_gain":0.0,"event_name":"Scrap Ooze","player_choice":"Fled","floor":4.0,"gold_loss":0.0,"damage_taken":0.0},{"damage_healed":0.0,"max_hp_gain":5.0,"max_hp_loss":0.0,"gold_gain":0.0,"event_name":"Big Fish","player_choice":"Donut","floor":5.0,"gold_loss":0.0,"damage_taken":0.0},{"cards_removed":["rmod:strick"],"damage_healed":0.0,"max_hp_gain":0.0,"max_hp_loss":0.0,"gold_gain":0.0,"event_name":"The Cleric","player_choice":"Card Removal","floor":11.0,"gold_loss":75.0,"damage_taken":0.0},{"cards_removed":["rmod:defend"],"damage_healed":0.0,"max_hp_gain":0.0,"max_hp_loss":0.0,"gold_gain":0.0,"event_name":"Back to Basics","player_choice":"Elegance","floor":19.0,"gold_loss":0.0,"damage_taken":0.0},{"damage_healed":0.0,"max_hp_gain":0.0,"max_hp_loss":0.0,"gold_gain":0.0,"event_name":"Vampires","player_choice":"Ignored","floor":28.0,"gold_loss":0.0,"damage_taken":0.0},{"damage_healed":0.0,"max_hp_gain":0.0,"max_hp_loss":0.0,"gold_gain":0.0,"event_name":"WeMeetAgain","player_choice":"Gave Potion","floor":38.0,"gold_loss":0.0,"damage_taken":0.0,"relics_obtained":["WingedGreaves"]},{"damage_healed":0.0,"max_hp_gain":0.0,"max_hp_loss":0.0,"gold_gain":0.0,"event_name":"Accursed Blacksmith","player_choice":"Rummage","floor":45.0,"gold_loss":0.0,"damage_taken":0.0,"relics_obtained":["WarpedTongs"],"cards_obtained":["Pain"]}],"is_beta":false,"boss_relics":[{"not_picked":["Coffee Dripper","SacredBark"],"picked":"Runic Pyramid"},{"not_picked":["Tiny House","Snecko Eye"],"picked":"rmod:mogul"}],"items_purged_floors":[3,30],"is_endless":false,"potions_floor_spawned":[6,8,16,18,20,21,29,33,37,41,42,48],"ascension_level":16}}