{"host":"sw6p9u0oh417cx03","time":1613922105,"event":{"mods":["AchievementEnabler","Act Like it!","BaseMod","CapriCore","DeckTracker","Highlight Path","Minty Spire (QoL Compilation)","Quick Restart","StSLib"],"gold_per_floor":[114,114,114,125,50,50,63,88,88,122,184,259,329,346,346,451,451,461,361,374,289,289,289,308,308,308,308,183,183,195,45,45,147,197,211,225,275,275,286,286,303,314,314,349,360,374,374,116,116,116,116,116,1,33,33],"floor_reached":56,"language":"ZHS","playtime":2764,"items_purged":["Strike_G","Strike_G","Strike_G","Strike_G","Strike_G"],"score":1689,"play_id":"17335bb3-fc94-4eb8-932e-bb8d608b2511","local_time":"20210221234145","is_ascension_mode":true,"campfire_choices":[{"data":"Skewer","floor":6.0,"key":"SMITH"},{"floor":15.0,"key":"REST"},{"data":"Prepared","floor":23.0,"key":"SMITH"},{"data":"Concentrate","floor":27.0,"key":"SMITH"},{"data":"Terror","floor":29.0,"key":"SMITH"},{"data":"Eviscerate","floor":32.0,"key":"SMITH"},{"data":"Acrobatics","floor":40.0,"key":"SMITH"},{"floor":47.0,"key":"RECALL"},{"floor":49.0,"key":"REST"},{"data":"Secret Technique","floor":52,"key":"SMITH"}],"circlet_count":0,"master_deck":["AscendersBane","Defend_G","Defend_G","Defend_G+1","Defend_G","Defend_G","Survivor","Neutralize","Skewer+1","Prepared+1","Concentrate+1","Terror+1","Eviscerate+1","After Image","Acrobatics+1","Acrobatics+1","Secret Technique+1","Calculated Gamble","Acrobatics+1"],"relics":["Ring of the Snake","Torii","Darkstone Periapt","Pocketwatch","Bottled Flame","CaptainsWheel","Dream Catcher","Cursed Key","Regal Pillow","Tiny House","Du-Vu Doll","The Courier","Medical Kit","TheAbacus","Orichalcum"],"acts_visited":["Exordium","TheCity","TheBeyond","TheEnding"],"potions_floor_usage":[55],"damage_taken":[{"damage":8.0,"enemies":"Small Slimes","floor":1.0,"turns":7.0},{"damage":1.0,"enemies":"2 Louse","floor":4.0,"turns":3.0},{"damage":1.0,"enemies":"Jaw Worm","floor":7.0,"turns":5.0},{"damage":17.0,"enemies":"Gremlin Nob","floor":8.0,"turns":4.0},{"damage":16.0,"enemies":"Lagavulin","floor":10.0,"turns":5.0},{"damage":1.0,"enemies":"Gremlin Nob","floor":11.0,"turns":4.0},{"damage":1.0,"enemies":"2 Fungi Beasts","floor":14.0,"turns":4.0},{"damage":9.0,"enemies":"The Guardian","floor":16.0,"turns":6.0},{"damage":0.0,"enemies":"Shell Parasite","floor":18.0,"turns":1.0},{"damage":1.0,"enemies":"3 Byrds","floor":20.0,"turns":6.0},{"damage":9.0,"enemies":"Centurion and Healer","floor":24.0,"turns":4.0},{"damage":0.0,"enemies":"Snake Plant","floor":25.0,"turns":1.0},{"damage":1.0,"enemies":"3 Cultists","floor":30.0,"turns":6.0},{"damage":18.0,"enemies":"Collector","floor":33.0,"turns":4.0},{"damage":1.0,"enemies":"3 Shapes","floor":35.0,"turns":3.0},{"damage":1.0,"enemies":"3 Darklings","floor":36.0,"turns":4.0},{"damage":0.0,"enemies":"Mind Bloom Boss Battle","floor":37.0,"turns":6.0},{"damage":11.0,"enemies":"4 Shapes","floor":39.0,"turns":4.0},{"damage":0.0,"enemies":"Jaw Worm Horde","floor":41.0,"turns":3.0},{"damage":0.0,"enemies":"Maw","floor":42.0,"turns":4.0},{"damage":1.0,"enemies":"Giant Head","floor":44.0,"turns":5.0},{"damage":0.0,"enemies":"Transient","floor":45.0,"turns":5.0},{"damage":0.0,"enemies":"Sphere and 2 Shapes","floor":46.0,"turns":2.0},{"damage":57.0,"enemies":"Awakened One","floor":50.0,"turns":5.0},{"damage":0,"enemies":"Shield and Spear","floor":54,"turns":3},{"damage":29,"enemies":"The Heart","floor":55,"turns":5}],"seed_played":"-8812200231994590481","potions_obtained":[{"floor":7.0,"key":"DuplicationPotion"},{"floor":8.0,"key":"Fire Potion"},{"floor":10.0,"key":"SmokeBomb"},{"floor":11.0,"key":"SneckoOil"},{"floor":16.0,"key":"DuplicationPotion"},{"floor":33.0,"key":"CunningPotion"},{"floor":35.0,"key":"Swift Potion"},{"floor":46.0,"key":"Block Potion"}],"is_trial":false,"path_per_floor":["M","?","?","M","$","R","M","E","T","E","?","?","T","M","R","B",null,"M","$","M","?","?","R","M","M","T","R","$","R","M","$","R","B",null,"M","M","?","?","M","R","M","M","T","E","M","M","R","$","R","B",null,"R","$","E","B",null],"character_chosen":"THE_SILENT","items_purchased":["Medical Kit","TheAbacus"],"campfire_rested":2,"item_purchase_floors":[48,53],"current_hp_per_floor":[55,37,58,57,57,57,56,39,39,23,22,11,11,10,28,19,52,52,52,51,51,51,51,42,42,42,42,42,42,41,41,41,23,58,57,56,56,56,45,45,45,45,45,44,44,44,44,44,68,11,54,54,54,54,25],"gold":33,"neow_bonus":"ONE_RARE_RELIC","is_daily":false,"chose_seed":false,"campfire_upgraded":7,"win_rate":0.0,"timestamp":1613922105,"path_taken":["M","?","?","M","?","R","M","E","T","E","?","?","?","?","R","BOSS","M","$","M","?","?","R","?","?","T","R","$","R","M","$","R","BOSS","M","?","?","?","M","R","M","M","T","E","M","M","R","$","R","BOSS","R","$","E","BOSS"],"items_purchased_type":["Relic","Relic"],"build_version":"2020-12-22","purchased_purges":5,"victory":true,"max_hp_per_floor":[63,63,63,63,63,63,63,63,63,63,63,63,63,63,63,63,63,63,63,63,63,63,63,63,63,63,63,63,63,63,63,63,63,68,68,68,68,68,68,68,68,68,68,68,68,68,68,68,68,68,68,68,68,68,68],"card_choices":[{"not_picked":["Backflip","Deflect"],"picked":"Skewer","floor":1.0},{"not_picked":["Blur","Finisher","Outmaneuver"],"picked":"SKIP","floor":4.0},{"not_picked":["Finisher","Deflect"],"picked":"Prepared","floor":7.0},{"not_picked":["Bane","Endless Agony"],"picked":"Concentrate","floor":8.0},{"not_picked":["Blade Dance","Underhanded Strike"],"picked":"Terror","floor":10.0},{"not_picked":["Masterful Stab","Night Terror","Underhanded Strike"],"picked":"SKIP","floor":14.0},{"not_picked":["Prepared","Caltrops"],"picked":"Eviscerate","floor":15.0},{"not_picked":["Doppelganger","Malaise"],"picked":"After Image","floor":16.0},{"not_picked":["Accuracy","Cloak And Dagger","Deflect"],"picked":"SKIP","floor":18.0},{"not_picked":["Dagger Throw+1","Cloak And Dagger","Setup"],"picked":"SKIP","floor":20.0},{"not_picked":["Terror","Prepared","Concentrate"],"picked":"SKIP","floor":24.0},{"not_picked":["Crippling Poison+1","Flying Knee","Malaise"],"picked":"SKIP","floor":30.0},{"not_picked":["Sucker Punch","Bouncing Flask"],"picked":"Acrobatics","floor":34.0},{"not_picked":["Terror+1","Cloak And Dagger+1","Underhanded Strike"],"picked":"SKIP","floor":35.0},{"not_picked":["Escape Plan+1","Outmaneuver"],"picked":"Acrobatics+1","floor":36.0},{"not_picked":["Transmutation","PanicButton"],"picked":"Secret Technique","floor":38.0},{"not_picked":["Deadly Poison","Riddle With Holes","Blade Dance+1"],"picked":"SKIP","floor":39.0},{"not_picked":["Outmaneuver+1","Dodge and Roll"],"picked":"Calculated Gamble","floor":41.0},{"not_picked":["Flechettes+1","Dodge and Roll+1","Choke+1"],"picked":"SKIP","floor":42.0},{"not_picked":["Quick Slash","Leg Sweep+1","Finisher"],"picked":"SKIP","floor":44.0},{"not_picked":["Backflip","Underhanded Strike+1","Bullet Time"],"picked":"SKIP","floor":45.0},{"not_picked":["Sucker Punch+1","Flying Knee+1","PiercingWail"],"picked":"SKIP","floor":46.0},{"not_picked":["Noxious Fumes+1","Leg Sweep+1"],"picked":"Acrobatics+1","floor":49.0},{"not_picked":["Dagger Throw","Crippling Poison","Acrobatics+1"],"picked":"SKIP","floor":54}],"player_experience":308724,"relics_obtained":[{"floor":8.0,"key":"Pocketwatch"},{"floor":9.0,"key":"Bottled Flame"},{"floor":10.0,"key":"CaptainsWheel"},{"floor":11.0,"key":"Dream Catcher"},{"floor":37.0,"key":"Du-Vu Doll"},{"floor":44.0,"key":"The Courier"},{"floor":54,"key":"Orichalcum"}],"event_choices":[{"damage_healed":0.0,"max_hp_gain":0.0,"max_hp_loss":0.0,"gold_gain":0.0,"event_name":"Scrap Ooze","player_choice":"Success","floor":2.0,"gold_loss":0.0,"damage_taken":18.0,"relics_obtained":["Darkstone Periapt"]},{"damage_healed":21.0,"max_hp_gain":0.0,"max_hp_loss":0.0,"gold_gain":0.0,"event_name":"Big Fish","player_choice":"Banana","floor":3.0,"gold_loss":0.0,"damage_taken":0.0},{"damage_healed":0.0,"max_hp_gain":0.0,"max_hp_loss":0.0,"gold_gain":0.0,"event_name":"Dead Adventurer","player_choice":"Searched \u00271\u0027 times","floor":11.0,"gold_loss":0.0,"damage_taken":0.0},{"damage_healed":0.0,"max_hp_gain":0.0,"max_hp_loss":0.0,"gold_gain":75.0,"event_name":"World of Goop","player_choice":"Gather Gold","floor":12.0,"gold_loss":0.0,"damage_taken":11.0},{"damage_healed":0.0,"max_hp_gain":0.0,"max_hp_loss":0.0,"gold_gain":0.0,"event_name":"Addict","player_choice":"Obtained Relic","floor":21.0,"gold_loss":85.0,"damage_taken":0.0,"relics_obtained":["Regal Pillow"]},{"damage_healed":0.0,"max_hp_gain":0.0,"max_hp_loss":0.0,"gold_gain":0.0,"event_name":"The Woman in Blue","player_choice":"Bought 0 Potions","floor":22.0,"gold_loss":0.0,"damage_taken":0.0},{"damage_healed":0.0,"max_hp_gain":0.0,"max_hp_loss":0.0,"gold_gain":0.0,"event_name":"MindBloom","player_choice":"Fight","floor":37.0,"gold_loss":0.0,"damage_taken":0.0},{"damage_healed":0.0,"max_hp_gain":0.0,"max_hp_loss":0.0,"gold_gain":0.0,"event_name":"SensoryStone","player_choice":"Memory 1","floor":38.0,"gold_loss":0.0,"damage_taken":0.0}],"is_beta":false,"boss_relics":[{"not_picked":["Ectoplasm","Sozu"],"picked":"Cursed Key"},{"not_picked":["Fusion Hammer","Snecko Eye"],"picked":"Tiny House"}],"items_purged_floors":[5,19,28,31,48],"is_endless":false,"potions_floor_spawned":[7,8,10,11,16,20,25,33,35,37,44,46],"ascension_level":11}}