{"host":"pynofkhbweftzsaw","time":1613876856,"event":{"mods":["BaseMod","Colored Map","Marisa????????","Minty Spire (QoL Compilation)","StSLib","The Servant 0.9.4"],"gold_per_floor":[111,127,127,145,163,163,180,180,180,190,207,207,172,21,21,122,122,140,159,9,9,19,19,19,32,112,112,141,46,46,46],"floor_reached":30,"language":"ENG","playtime":1138,"items_purged":[],"score":266,"play_id":"6a2f1937-65d2-40ae-ac9f-dbdac2590cf5","local_time":"20210221110736","is_ascension_mode":true,"campfire_choices":[{"data":"Reprogram","floor":6,"key":"SMITH"},{"data":"Scrape","floor":8,"key":"SMITH"},{"data":"Go for the Eyes","floor":12,"key":"SMITH"},{"data":"Beam Cell","floor":15,"key":"SMITH"},{"data":"Recycle","floor":23,"key":"SMITH"},{"data":"Zap","floor":27,"key":"SMITH"}],"circlet_count":0,"master_deck":["Strike_B","Strike_B","Strike_B","Strike_B","Defend_B","Defend_B+1","Defend_B","Defend_B","Zap+1","Dualcast+1","Beam Cell+1","Reprogram+1","Streamline","Scrape+1","Streamline","Go for the Eyes+1","Machine Learning+1","Recycle+1","Purity"],"relics":["Cracked Core","NeowsBlessing","Orichalcum","Vajra","Busted Crown","Bag of Marbles","Frozen Egg 2","Art of War"],"acts_visited":["Exordium","TheCity"],"potions_floor_usage":[7,11,16,22,30],"damage_taken":[{"damage":0,"enemies":"Cultist","floor":1,"turns":1},{"damage":0,"enemies":"2 Louse","floor":2,"turns":1},{"damage":0,"enemies":"Small Slimes","floor":4,"turns":1},{"damage":4,"enemies":"Red Slaver","floor":5,"turns":4},{"damage":18,"enemies":"Exordium Thugs","floor":7,"turns":3},{"damage":0,"enemies":"2 Fungi Beasts","floor":10,"turns":2},{"damage":1,"enemies":"Gremlin Gang","floor":11,"turns":4},{"damage":19,"enemies":"The Guardian","floor":16,"turns":9},{"damage":23,"enemies":"Shell Parasite","floor":18,"turns":3},{"damage":4,"enemies":"Chosen","floor":19,"turns":3},{"damage":4,"enemies":"Centurion and Healer","floor":22,"turns":4},{"damage":4,"enemies":"3 Cultists","floor":25,"turns":4},{"damage":24,"enemies":"Gremlin Leader","floor":28,"turns":7},{"damage":18,"enemies":"Snake Plant","floor":30,"turns":2}],"seed_played":"7063186369691866400","potions_obtained":[{"floor":2,"key":"BlessingOfTheForge"},{"floor":4,"key":"GamblersBrew"},{"floor":10,"key":"LiquidMemories"},{"floor":16,"key":"Explosive Potion"},{"floor":18,"key":"Ancient Potion"},{"floor":25,"key":"EssenceOfSteel"},{"floor":28,"key":"Weak Potion"}],"is_trial":false,"path_per_floor":["M","M","?","M","M","R","M","R","T","M","M","R","?","$","R","B",null,"M","M","$","?","M","R","$","M","T","R","E","$","M"],"character_chosen":"DEFECT","items_purchased":["Vajra","Bag of Marbles","Purity"],"campfire_rested":0,"item_purchase_floors":[14,20,29],"current_hp_per_floor":[75,75,60,60,56,56,38,38,38,38,37,37,55,55,55,36,75,52,48,48,48,44,44,44,40,40,40,16,16,0,0],"gold":46,"neow_bonus":"THREE_ENEMY_KILL","is_daily":false,"chose_seed":false,"campfire_upgraded":6,"win_rate":0.0,"timestamp":1613876856,"path_taken":["M","M","?","M","M","R","M","R","T","M","M","R","?","$","R","BOSS","M","M","$","?","?","R","?","M","T","R","E","$","M"],"items_purchased_type":["Relic","Relic","Card"],"build_version":"2020-12-22","purchased_purges":0,"victory":false,"max_hp_per_floor":[75,75,75,75,75,75,75,75,75,75,75,75,75,75,75,75,75,75,75,75,75,75,75,75,75,75,75,75,75,75,75],"card_choices":[{"not_picked":["Stack","Redo"],"picked":"Beam Cell","floor":1},{"not_picked":["Reinforced Body","Sweeping Beam"],"picked":"Reprogram","floor":2},{"not_picked":["Rebound","Steam Power","Melter"],"picked":"SKIP","floor":4},{"not_picked":["Steam Power","Steam"],"picked":"Streamline","floor":5},{"not_picked":["Coolheaded","Sweeping Beam"],"picked":"Scrape","floor":7},{"not_picked":["Defragment","Sweeping Beam"],"picked":"Streamline","floor":10},{"not_picked":["Sunder","Conserve Battery"],"picked":"Go for the Eyes","floor":11},{"not_picked":["Fission","Echo Form"],"picked":"Machine Learning","floor":16},{"not_picked":[],"picked":"Recycle","floor":18},{"not_picked":["Cold Snap"],"picked":"SKIP","floor":19},{"not_picked":["Conserve Battery+1"],"picked":"SKIP","floor":22},{"not_picked":["Coolheaded"],"picked":"SKIP","floor":25},{"not_picked":["Tempest"],"picked":"SKIP","floor":28}],"player_experience":181670,"relics_obtained":[{"floor":9,"key":"Orichalcum"},{"floor":26,"key":"Frozen Egg 2"},{"floor":28,"key":"Art of War"}],"event_choices":[{"damage_healed":0,"gold_gain":0,"player_choice":"Entered Light","damage_taken":15,"max_hp_gain":0,"max_hp_loss":0,"event_name":"Shining Light","floor":3,"gold_loss":0,"cards_upgraded":["Dualcast","Defend_B"]},{"damage_healed":18,"gold_gain":0,"player_choice":"Healed","damage_taken":0,"max_hp_gain":0,"max_hp_loss":0,"event_name":"The Cleric","floor":13,"gold_loss":35},{"damage_healed":0,"gold_gain":0,"player_choice":"Forge","damage_taken":0,"max_hp_gain":0,"max_hp_loss":0,"event_name":"Accursed Blacksmith","floor":21,"gold_loss":0,"cards_upgraded":["Machine Learning"]}],"is_beta":false,"boss_relics":[{"not_picked":["Empty Cage","Calling Bell"],"picked":"Busted Crown"}],"items_purged_floors":[],"is_endless":false,"potions_floor_spawned":[2,4,10,16,18,25,28],"killed_by":"Snake Plant","ascension_level":2}}