{"host":"nug5xkek4sujf8as","time":1613898074,"event":{"mods":["Act Like it!","Aspiration","BaseMod","Booster Modes","CapriCore","Colored Powertips","Conspire","Energized Spire","Gensokyo","Minty Spire (QoL Compilation)","Permanent Neow","Quick Restart","Reimu£®≤©¿ˆ¡È√Œ£©","Replay The Spire","Shop Mod","Spicy Shops","StSLib","°æπ¶ƒ‹Mod°øªÏ„Á÷Æª∑–ﬁ∏¥≤π∂°","°æ“≈ŒÔø®≈∆°øREMEMod","ÛÙª÷∏ƒœ"],"gold_per_floor":[112,152,152,152,152,152,162,162,162],"floor_reached":8,"language":"ZHS","playtime":163,"items_purged":[],"score":88,"play_id":"eb96c028-1300-4181-a3c3-6acf06a439f4","local_time":"20210221170114","is_ascension_mode":true,"campfire_choices":[{"data":"Mountainwind:ReiMu","floor":6,"key":"SMITH"}],"circlet_count":0,"master_deck":["AscendersBane","Strike_R","Strike_R","Strike_R","Strike_R","Strike_R","Defend_R","Defend_R","Defend_R","Defend_R","Mountainwind:ReiMu+1","Whirlwind","Acrobatics","Burning Pact","Evolve"],"relics":["Burning Blood","REME_ComplimentaryCards","aspiration:Nostalgia","Replay:M_StaffOfTheSnake","aspiration:HummingbirdHeart","Ornamental Fan","Happy Flower"],"acts_visited":["Gensokyo:Gensokyo"],"potions_floor_usage":[],"damage_taken":[{"damage":3,"enemies":"Gensokyo:Python","floor":1,"turns":3},{"damage":3,"enemies":"Gensokyo:3_Fairies","floor":7,"turns":3},{"damage":20,"enemies":"Gensokyo:Aya","floor":8,"turns":6}],"seed_played":"-6061025631853835028","potions_obtained":[{"floor":7,"key":"EssenceOfSteel"}],"is_trial":false,"path_per_floor":["M","?","?","?","T","R","M","E"],"character_chosen":"IRONCLAD","items_purchased":[],"campfire_rested":0,"item_purchase_floors":[],"current_hp_per_floor":[71,47,29,29,29,29,32,12,12],"gold":162,"neow_bonus":"NOSTALGIA","is_daily":false,"chose_seed":false,"campfire_upgraded":1,"win_rate":0.0,"timestamp":1613898074,"path_taken":["M","?","?","?","?","R","M","E"],"items_purchased_type":[],"build_version":"2020-12-22","purchased_purges":0,"victory":false,"max_hp_per_floor":[75,75,75,75,75,75,75,75,75],"card_choices":[{"not_picked":["ReplayTheSpireMod:Limb From Limb","Disarm"],"picked":"Whirlwind","floor":1},{"not_picked":["SashWhip","Headbutt"],"picked":"Acrobatics","floor":2},{"not_picked":["Heavy Blade","JustLucky"],"picked":"Burning Pact","floor":2},{"not_picked":["Armaments","ClearTheMind"],"picked":"Evolve","floor":7}],"player_experience":977523,"relics_obtained":[{"floor":2,"key":"aspiration:HummingbirdHeart"}],"event_choices":[],"is_beta":false,"boss_relics":[],"items_purged_floors":[],"is_endless":false,"potions_floor_spawned":[7],"killed_by":"Gensokyo:Aya","ascension_level":20}}