{"host":"0utx1lcxgx5vu4k0","time":1613940987,"event":{"mods":["BaseMod","Colored Powertips","Minty Spire (QoL Compilation)","Permanent Neow","Relic Stats","StSLib"],"gold_per_floor":[113,123,73,89,99,131,131,56,110,110,135,145,158,183,195,310,622,647,225,241,267,267,295,295,295,295],"floor_reached":25,"language":"ENG","playtime":2017,"items_purged":["Strike_G","Strike_G"],"score":338,"play_id":"6f8e641f-1813-4f64-9d21-7df952261667","local_time":"20210221155627","is_ascension_mode":true,"campfire_choices":[{"data":"Predator","floor":7,"key":"SMITH"},{"data":"Leg Sweep","floor":15,"key":"SMITH"}],"circlet_count":0,"master_deck":["Strike_G","Strike_G","Defend_G","Defend_G","Defend_G","Defend_G","Defend_G","Survivor","Neutralize","Dash","Predator+1","Poisoned Stab","Bullet Time","Acrobatics","Leg Sweep+1","Footwork+1","Phantasmal Killer","CurseOfTheBell","Tactician+1","Footwork+1"],"relics":["Philosopher\u0027s Stone","Frozen Egg 2","Centennial Puzzle","Tiny Chest","MawBank","Calling Bell","Ancient Tea Set","Singing Bowl","Old Coin","Vajra","Nunchaku","Red Mask","Strawberry","Happy Flower"],"acts_visited":["Exordium","TheCity"],"potions_floor_usage":[6,11,12,13,14,23,25,25],"damage_taken":[{"damage":0,"enemies":"Cultist","floor":1,"turns":5},{"damage":0,"enemies":"2 Louse","floor":2,"turns":3},{"damage":0,"enemies":"Jaw Worm","floor":4,"turns":4},{"damage":8,"enemies":"Exordium Wildlife","floor":5,"turns":5},{"damage":5,"enemies":"Lagavulin","floor":6,"turns":5},{"damage":8,"enemies":"3 Sentries","floor":11,"turns":5},{"damage":2,"enemies":"Looter","floor":12,"turns":2},{"damage":0,"enemies":"Red Slaver","floor":13,"turns":5},{"damage":1,"enemies":"Gremlin Nob","floor":14,"turns":3},{"damage":2,"enemies":"The Guardian","floor":16,"turns":13},{"damage":5,"enemies":"Shell Parasite","floor":18,"turns":8},{"damage":14,"enemies":"3 Byrds","floor":20,"turns":6},{"damage":8,"enemies":"Masked Bandits","floor":21,"turns":6},{"damage":15,"enemies":"Slavers","floor":23,"turns":7},{"damage":49,"enemies":"Gremlin Leader","floor":25,"turns":7}],"seed_played":"1310857354003072486","potions_obtained":[{"floor":1,"key":"Poison Potion"},{"floor":5,"key":"FearPotion"},{"floor":10,"key":"DuplicationPotion"},{"floor":10,"key":"Explosive Potion"},{"floor":11,"key":"Fruit Juice"},{"floor":12,"key":"AttackPotion"},{"floor":16,"key":"Weak Potion"},{"floor":23,"key":"SpeedPotion"}],"is_trial":false,"path_per_floor":["M","M","?","M","M","E","R","$","T","?","E","M","M","E","R","B",null,"M","$","M","?","?","E","T","E"],"character_chosen":"THE_SILENT","items_purchased":["Vajra","Nunchaku","Footwork+1"],"campfire_rested":0,"item_purchase_floors":[19,19,19],"current_hp_per_floor":[63,63,63,63,55,50,50,50,50,50,42,45,45,44,44,42,67,62,62,50,44,44,38,38,0,0],"gold":295,"neow_bonus":"BOSS_RELIC","is_daily":false,"chose_seed":false,"campfire_upgraded":2,"win_rate":0.0,"timestamp":1613940987,"path_taken":["M","M","?","M","M","E","R","$","T","?","E","M","?","E","R","BOSS","M","$","M","?","?","E","?","E"],"items_purchased_type":["Relic","Relic","Card"],"build_version":"2020-12-22","purchased_purges":2,"victory":false,"max_hp_per_floor":[70,70,70,70,70,70,70,70,70,70,70,75,75,75,75,75,75,75,75,77,79,79,88,88,88,88],"relic_stats":{"Centennial Puzzle":[27],"Nunchaku":[4],"Singing Bowl":6,"Happy Flower":[2],"counters":[15,84],"Tiny Chest":1,"MawBank":60,"obtain_stats":[{"Singing Bowl":17,"Happy Flower":24,"Vajra":19,"Frozen Egg 2":6,"MawBank":14,"Ancient Tea Set":17,"Old Coin":17,"Calling Bell":17,"Centennial Puzzle":9,"Nunchaku":19,"Strawberry":23,"Philosopher\u0027s Stone":0,"Tiny Chest":11,"Red Mask":21,"Ring of the Snake":0},{"Singing Bowl":10,"Happy Flower":14,"Vajra":11,"Frozen Egg 2":5,"MawBank":9,"Ancient Tea Set":10,"Old Coin":10,"Calling Bell":10,"Centennial Puzzle":5,"Nunchaku":11,"Strawberry":14,"Philosopher\u0027s Stone":0,"Tiny Chest":6,"Red Mask":13,"Ring of the Snake":0},{"Singing Bowl":50,"Happy Flower":77,"Vajra":58,"Frozen Egg 2":22,"MawBank":37,"Ancient Tea Set":50,"Old Coin":50,"Calling Bell":50,"Centennial Puzzle":22,"Nunchaku":58,"Strawberry":77,"Philosopher\u0027s Stone":0,"Tiny Chest":27,"Red Mask":70,"Ring of the Snake":0}]},"card_choices":[{"not_picked":["Deflect","PiercingWail"],"picked":"Dash","floor":1},{"not_picked":["Concentrate","Dodge and Roll","Bane"],"picked":"SKIP","floor":2},{"not_picked":["Bane","Flying Knee"],"picked":"Predator","floor":4},{"not_picked":["PiercingWail","Outmaneuver"],"picked":"Poisoned Stab","floor":5},{"not_picked":["Acrobatics","Underhanded Strike"],"picked":"Bullet Time","floor":6},{"not_picked":["Heel Hook","Cloak And Dagger"],"picked":"Acrobatics","floor":11},{"not_picked":["Deflect","Concentrate"],"picked":"Leg Sweep","floor":12},{"not_picked":["Prepared","Flying Knee","Predator"],"picked":"SKIP","floor":13},{"not_picked":["Infinite Blades+1","Terror"],"picked":"Footwork+1","floor":14},{"not_picked":["Storm of Steel","A Thousand Cuts+1"],"picked":"Phantasmal Killer","floor":16},{"not_picked":["Dagger Spray","Underhanded Strike"],"picked":"Tactician+1","floor":18},{"not_picked":["Underhanded Strike","Acrobatics","Cloak And Dagger"],"picked":"Singing Bowl","floor":20},{"not_picked":["Flying Knee","Slice+1","Dagger Throw"],"picked":"Singing Bowl","floor":21},{"not_picked":["Poisoned Stab","Outmaneuver","Doppelganger"],"picked":"Singing Bowl","floor":23}],"player_experience":80773,"relics_obtained":[{"floor":6,"key":"Frozen Egg 2"},{"floor":9,"key":"Centennial Puzzle"},{"floor":11,"key":"Tiny Chest"},{"floor":14,"key":"MawBank"},{"floor":17,"key":"Ancient Tea Set"},{"floor":17,"key":"Singing Bowl"},{"floor":17,"key":"Old Coin"},{"floor":21,"key":"Red Mask"},{"floor":23,"key":"Strawberry"},{"floor":24,"key":"Happy Flower"}],"event_choices":[{"cards_removed":["Strike_G"],"damage_healed":0,"gold_gain":0,"player_choice":"Card Removal","damage_taken":0,"max_hp_gain":0,"max_hp_loss":0,"event_name":"The Cleric","floor":3,"gold_loss":50},{"damage_healed":0,"gold_gain":0,"player_choice":"Got Potions","damage_taken":0,"max_hp_gain":0,"max_hp_loss":0,"event_name":"Lab","floor":10,"gold_loss":0},{"damage_healed":0,"gold_gain":0,"player_choice":"Fought Bandits","damage_taken":0,"max_hp_gain":0,"max_hp_loss":0,"event_name":"Masked Bandits","floor":21,"gold_loss":0},{"damage_healed":0,"gold_gain":0,"player_choice":"Ignored","damage_taken":0,"max_hp_gain":0,"max_hp_loss":0,"event_name":"Ghosts","floor":22,"gold_loss":0}],"is_beta":false,"boss_relics":[{"not_picked":["Coffee Dripper","Cursed Key"],"picked":"Calling Bell"}],"items_purged_floors":[8,19],"is_endless":false,"potions_floor_spawned":[1,5,11,12,16,23],"killed_by":"Gremlin Leader","ascension_level":6}}