{"host":"jt67skv49snb75sm","time":1613947240,"event":{"mods":["BaseMod","Bestiary","Minty Spire (QoL Compilation)","Relic Stats"],"gold_per_floor":[114,75,89,89,60,60,95,15,38,52,77,77,107,124,124,197,197,209,227,35,85,95,95,120,67,67,67,67,85,111,111,111],"floor_reached":31,"language":"ENG","playtime":1384,"items_purged":[],"score":632,"play_id":"1ca8f125-df37-4e87-a694-ff2e59d8d01b","local_time":"20210221234040","is_ascension_mode":true,"campfire_choices":[{"data":"Neutralize","floor":6.0,"key":"SMITH"},{"floor":15.0,"key":"REST"},{"data":"After Image","floor":23.0,"key":"SMITH"},{"floor":27.0,"key":"REST"}],"circlet_count":0,"master_deck":["AscendersBane","Strike_G","Strike_G","Strike_G","Strike_G","Defend_G","Defend_G","Defend_G","Defend_G","Defend_G","Survivor+1","Neutralize+1","Heel Hook","Bouncing Flask","Blade Dance","Poisoned Stab","Cloak And Dagger+1","Footwork","Outmaneuver","Deadly Poison","Burst","Noxious Fumes","After Image+1","Dodge and Roll","Outmaneuver","Noxious Fumes+1","Deflect","Flying Knee+1","Bullet Time+1"],"relics":["Ring of the Snake","NeowsBlessing","InkBottle","Juzu Bracelet","War Paint","PreservedInsect","GremlinMask","Matryoshka","Runic Pyramid","Oddly Smooth Stone","Bronze Scales","Bag of Preparation","Shuriken","Toxic Egg 2"],"acts_visited":["Exordium","TheCity"],"potions_floor_usage":[31],"damage_taken":[{"damage":0.0,"enemies":"Cultist","floor":1.0,"turns":1.0},{"damage":0.0,"enemies":"Jaw Worm","floor":3.0,"turns":1.0},{"damage":0.0,"enemies":"Gremlin Nob","floor":7.0,"turns":1.0},{"damage":0.0,"enemies":"2 Louse","floor":10.0,"turns":3.0},{"damage":42.0,"enemies":"3 Sentries","floor":11.0,"turns":12.0},{"damage":4.0,"enemies":"Gremlin Nob","floor":13.0,"turns":3.0},{"damage":1.0,"enemies":"Exordium Thugs","floor":14.0,"turns":4.0},{"damage":28.0,"enemies":"The Guardian","floor":16.0,"turns":9.0},{"damage":2.0,"enemies":"Spheric Guardian","floor":18.0,"turns":5.0},{"damage":0.0,"enemies":"Chosen","floor":19.0,"turns":6.0},{"damage":0.0,"enemies":"Snecko","floor":22.0,"turns":5.0},{"damage":35.0,"enemies":"Slavers","floor":24.0,"turns":7.0},{"damage":21.0,"enemies":"Shelled Parasite and Fungi","floor":29.0,"turns":7.0},{"damage":1.0,"enemies":"Book of Stabbing","floor":30.0,"turns":5.0},{"damage":11,"enemies":"Chosen and Byrds","floor":31,"turns":3}],"seed_played":"5090627631061425315","potions_obtained":[{"floor":1.0,"key":"Fire Potion"},{"floor":11.0,"key":"CunningPotion"},{"floor":14.0,"key":"Dexterity Potion"},{"floor":22.0,"key":"Strength Potion"},{"floor":24.0,"key":"FearPotion"},{"floor":30.0,"key":"Poison Potion"}],"is_trial":false,"path_per_floor":["M","$","M","T","$","R","E","$","T","M","E","?","E","M","R","B",null,"M","M","$","?","M","R","E","$","T","R","?","M","E","M"],"character_chosen":"THE_SILENT","items_purchased":["Bouncing Flask","Poisoned Stab","Footwork","Dodge and Roll","Oddly Smooth Stone","Deflect"],"campfire_rested":2,"item_purchase_floors":[2,5,8,20,20,25],"current_hp_per_floor":[59,59,59,59,59,59,59,59,59,59,17,17,13,12,31,3,50,48,48,48,48,48,48,13,13,13,32,32,11,10,0,0],"gold":111,"neow_bonus":"THREE_ENEMY_KILL","is_daily":false,"chose_seed":false,"campfire_upgraded":2,"win_rate":0.0,"timestamp":1613947240,"path_taken":["M","$","?","?","$","R","E","?","T","M","E","?","E","M","R","BOSS","M","M","?","?","M","R","E","$","T","R","?","M","E","M"],"items_purchased_type":["Card","Card","Card","Card","Relic","Card"],"build_version":"2020-12-22","purchased_purges":0,"victory":false,"max_hp_per_floor":[66,66,66,66,66,66,66,66,66,66,66,66,66,66,66,66,66,66,66,66,66,66,66,66,66,66,66,66,66,66,66,66],"relic_stats":{"counters":[15,72],"Shuriken":[7],"Bronze Scales":[87],"PreservedInsect":105,"Juzu Bracelet":2,"Bag of Preparation":[6],"War Paint":["Cloak And Dagger","Survivor"],"obtain_stats":[{"NeowsBlessing":0,"Oddly Smooth Stone":20,"GremlinMask":12,"PreservedInsect":11,"Juzu Bracelet":7,"Bag of Preparation":26,"War Paint":9,"Matryoshka":13,"Shuriken":26,"Bronze Scales":24,"Toxic Egg 2":30,"InkBottle":4,"Ring of the Snake":0,"Runic Pyramid":17},{"NeowsBlessing":0,"Oddly Smooth Stone":10,"GremlinMask":5,"PreservedInsect":5,"Juzu Bracelet":3,"Bag of Preparation":12,"War Paint":3,"Matryoshka":6,"Shuriken":12,"Bronze Scales":12,"Toxic Egg 2":14,"InkBottle":2,"Ring of the Snake":0,"Runic Pyramid":8},{"NeowsBlessing":0,"Oddly Smooth Stone":45,"GremlinMask":18,"PreservedInsect":18,"Juzu Bracelet":3,"Bag of Preparation":57,"War Paint":3,"Matryoshka":21,"Shuriken":57,"Bronze Scales":57,"Toxic Egg 2":69,"InkBottle":2,"Ring of the Snake":0,"Runic Pyramid":34}],"InkBottle":[28],"Ring of the Snake":[30]},"card_choices":[{"not_picked":["Slice","Setup"],"picked":"Heel Hook","floor":1.0},{"not_picked":["PiercingWail","Endless Agony"],"picked":"Blade Dance","floor":3.0},{"not_picked":["Slice","Dagger Throw"],"picked":"Cloak And Dagger","floor":7.0},{"not_picked":["Cloak And Dagger","Expertise"],"picked":"Outmaneuver","floor":10.0},{"not_picked":["Blade Dance","Dagger Throw"],"picked":"Deadly Poison","floor":11.0},{"not_picked":["Die Die Die","Quick Slash"],"picked":"Burst","floor":13.0},{"not_picked":["Bane","Flechettes"],"picked":"Noxious Fumes","floor":14.0},{"not_picked":["Venomology","Tools of the Trade"],"picked":"After Image","floor":16.0},{"not_picked":["Deflect","Acrobatics+1","Blade Dance"],"picked":"SKIP","floor":18.0},{"not_picked":["Predator+1","Bane","Choke"],"picked":"SKIP","floor":19.0},{"not_picked":["Doppelganger","Quick Slash"],"picked":"Outmaneuver","floor":22.0},{"not_picked":["Quick Slash+1","Terror"],"picked":"Noxious Fumes+1","floor":24.0},{"not_picked":["Slice","Dodge and Roll"],"picked":"Flying Knee+1","floor":29.0},{"not_picked":["Underhanded Strike","Poisoned Stab+1"],"picked":"Bullet Time+1","floor":30.0}],"player_experience":866994,"relics_obtained":[{"floor":4.0,"key":"InkBottle"},{"floor":7.0,"key":"Juzu Bracelet"},{"floor":9.0,"key":"War Paint"},{"floor":11.0,"key":"PreservedInsect"},{"floor":13.0,"key":"Matryoshka"},{"floor":24.0,"key":"Bronze Scales"},{"floor":26.0,"key":"Bag of Preparation"},{"floor":26.0,"key":"Shuriken"},{"floor":30.0,"key":"Toxic Egg 2"}],"event_choices":[{"damage_healed":0.0,"max_hp_gain":0.0,"max_hp_loss":0.0,"gold_gain":0.0,"event_name":"FaceTrader","player_choice":"Trade","floor":12.0,"gold_loss":0.0,"damage_taken":0.0,"relics_obtained":["GremlinMask"]},{"damage_healed":0.0,"max_hp_gain":0.0,"max_hp_loss":0.0,"gold_gain":50.0,"event_name":"Golden Shrine","player_choice":"Pray","floor":21.0,"gold_loss":0.0,"damage_taken":0.0},{"cards_removed":["Strike_G"],"damage_healed":0.0,"max_hp_gain":0.0,"max_hp_loss":0.0,"gold_gain":0.0,"event_name":"Purifier","player_choice":"Purged","floor":28.0,"gold_loss":0.0,"damage_taken":0.0}],"is_beta":false,"boss_relics":[{"not_picked":["Tiny House","Black Star"],"picked":"Runic Pyramid"}],"items_purged_floors":[],"is_endless":false,"potions_floor_spawned":[1,11,14,22,24,30],"killed_by":"Chosen and Byrds","ascension_level":20}}