{"host":"bplbr8uekuotory4","time":1613883499,"event":{"mods":["Act Like it!","BaseMod","GungeonMod","Hermit","KinomotoSakuraMod(木之本樱)","Marisa（F雨　魔理沙）","Minty Spire (QoL Compilation)","Prisma Mod","Quick Restart","Reimu（博丽灵梦）","SOS（斯巴达之子）","Spicy Shops","StSLib","TestMod","The Blackbeard","The Cursed","The Mystic","The Saiyan","The Senshi","The Servant 0.9.4","Yuri Mod","[IsaacMod]以撒尖塔"],"gold_per_floor":[118,209,57,5,405,430,458,458,458,470,48,67,80,155,155,255,255,274,293,308,308,183,183,202,202,227,227,238,258,271,271,271,374,374,393,393,410,108,123,123,123,156,156,183,183,202,252,271,271,271,271,271,22,48,48],"floor_reached":56,"language":"ZHS","playtime":1299,"items_purged":["theSenshi:SailorBlock","theSenshi:SailorKick","theSenshi:SailorKick","theSenshi:SailorBlock","theSenshi:SailorBlock","theSenshi:SailorKick","theSenshi:SailorKick"],"score":2077,"play_id":"b76090fd-a867-4425-8bf2-b4d41879b00a","local_time":"20210221125819","is_ascension_mode":true,"campfire_choices":[{"floor":15,"key":"REST"},{"data":"theSenshi:MoonGorgeousMeditation","floor":23,"key":"SMITH"},{"data":"theSenshi:MoonPrincessHalation","floor":25,"key":"SMITH"},{"data":"theSenshi:MoonPrismPowerMakeUp","floor":27,"key":"SMITH"},{"data":"theSenshi:MoonEternalMakeUp","floor":32,"key":"SMITH"},{"data":"theSenshi:MoonEternalMakeUp","floor":40,"key":"SMITH"},{"floor":49,"key":"RECALL"},{"data":"theSenshi:IWillPunishYou","floor":52,"key":"SMITH"}],"circlet_count":0,"master_deck":["theSenshi:SailorBlock","theSenshi:RoseThrow","theSenshi:MoonPrismPowerMakeUp+1","theSenshi:MoonPrincessHalation+1","theSenshi:MoonGorgeousMeditation+1","theSenshi:IWillPunishYou+1","CurseOfTheBell","theSenshi:MoonEternalMakeUp+1","theSenshi:MoonEternalMakeUp+1"],"relics":["theSenshi:TransformationBroochRelic","HushsDoor","BookOfRevelations","testmod-PortableAltar","NeowsBlessing","RuthlessExorcism:ReiMu","Shuriken","WingedGreaves","DemoMod:Metronome","DemoMod:PinkGuonStone","Mummified Hand","Toolbox","Calling Bell","DemoMod:MonsterBlood","Pantograph","DemoMod:PartiallyEatenCheese","Anchor","theSenshi:EternalSailorFukuRelic","theSenshi:CosmicHeartCompactRelic","Mastiff:ReiMu","theSenshi:SailorFukuRelic","testmod-AssaultLearning","PureWhite:ReiMu","DemoMod:GlassGuonStoneRelic","Habit","GnawedLeaf"],"acts_visited":["Exordium","TheCity","TheBeyond","TheEnding"],"potions_floor_usage":[44,55,55,55,55],"damage_taken":[{"damage":1,"enemies":"Jaw Worm","floor":1,"turns":1},{"damage":0,"enemies":"Lagavulin","floor":6,"turns":1},{"damage":0,"enemies":"3 Sentries","floor":7,"turns":1},{"damage":2,"enemies":"Cultist","floor":10,"turns":4},{"damage":0,"enemies":"Small Slimes","floor":12,"turns":2},{"damage":1,"enemies":"Blue Slaver","floor":13,"turns":3},{"damage":0,"enemies":"The Guardian","floor":16,"turns":1},{"damage":0,"enemies":"Shell Parasite","floor":18,"turns":3},{"damage":0,"enemies":"2 Thieves","floor":19,"turns":1},{"damage":0,"enemies":"Snake Plant","floor":20,"turns":4},{"damage":0,"enemies":"3 Cultists","floor":24,"turns":3},{"damage":0,"enemies":"Shelled Parasite and Fungi","floor":28,"turns":2},{"damage":0,"enemies":"Snecko","floor":29,"turns":2},{"damage":0,"enemies":"3 Cultists","floor":30,"turns":3},{"damage":0,"enemies":"Automaton","floor":33,"turns":3},{"damage":0,"enemies":"Orb Walker","floor":35,"turns":1},{"damage":0,"enemies":"3 Shapes","floor":37,"turns":1},{"damage":0,"enemies":"Writhing Mass","floor":39,"turns":2},{"damage":0,"enemies":"Giant Head","floor":42,"turns":4},{"damage":0,"enemies":"Nemesis","floor":44,"turns":2},{"damage":0,"enemies":"Transient","floor":46,"turns":5},{"damage":0,"enemies":"2 Orb Walkers","floor":47,"turns":3},{"damage":3,"enemies":"Spire Growth","floor":48,"turns":3},{"damage":0,"enemies":"Time Eater","floor":50,"turns":5},{"damage":0,"enemies":"Shield and Spear","floor":54,"turns":2},{"damage":0,"enemies":"The Heart","floor":55,"turns":4}],"seed_played":"8754697156569894019","potions_obtained":[{"floor":7,"key":"Swift Potion"},{"floor":10,"key":"ZuzhouPotion:ReiMu"},{"floor":19,"key":"ColorlessPotion"},{"floor":46,"key":"FearPotion"}],"is_trial":false,"path_per_floor":["M","?","$","?","?","E","E","?","T","M","$","M","M","?","R","B",null,"M","M","M","?","$","R","M","R","T","R","M","M","M","?","R","B",null,"M","?","M","$","M","R","$","E","T","E","?","M","?","M","R","B",null,"R","$","E","B",null],"character_chosen":"THE_SENSHI","items_purchased":["RuthlessExorcism:ReiMu","Toolbox","ColorlessPotion","theSenshi:MoonEternalMakeUp","theSenshi:CosmicHeartCompactRelic","Habit"],"campfire_rested":1,"item_purchase_floors":[3,11,11,17,38,53],"current_hp_per_floor":[67,52,52,52,52,52,52,17,17,15,15,15,14,3,23,23,55,55,55,55,50,50,50,50,50,50,50,50,50,50,49,48,47,39,38,35,34,33,32,31,30,29,28,27,26,25,24,20,20,21,20,19,18,17,16],"gold":48,"neow_bonus":"THREE_ENEMY_KILL","is_daily":false,"chose_seed":false,"campfire_upgraded":6,"win_rate":0.0,"timestamp":1613883499,"path_taken":["M","?","$","?","?","E","E","?","T","M","$","?","M","?","R","BOSS","M","?","M","?","$","R","M","R","T","R","M","M","?","?","R","BOSS","M","?","M","$","M","R","?","E","T","E","?","M","?","?","R","BOSS","R","$","E","BOSS"],"items_purchased_type":["Relic","Relic","Potion","Card","Relic","Relic"],"build_version":"2020-12-22","purchased_purges":7,"victory":true,"max_hp_per_floor":[74,73,72,71,70,69,68,74,73,72,71,70,69,68,67,66,63,62,61,60,59,58,57,56,55,54,53,52,51,50,49,48,47,39,38,35,34,33,32,31,30,29,28,27,26,25,24,23,22,21,20,19,18,17,16],"card_choices":[{"not_picked":["theSenshi:OdangoHead","theSenshi:LateForSchool","theSenshi:SchoolBag"],"picked":"SKIP","floor":1},{"not_picked":["theSenshi:ChibiMoonsLove","theSenshi:TallSilhouette","theSenshi:SailorChibiMoonAssists"],"picked":"SKIP","floor":6},{"not_picked":["theSenshi:KlutzyLuck","theSenshi:SailorMercuryAssists","theSenshi:TallSilhouette"],"picked":"SKIP","floor":7},{"not_picked":["theSenshi:MoonlightKnight","theSenshi:MoonPrincessHalation"],"picked":"Bomb","floor":10},{"not_picked":["theSenshi:MoonsReflection","theSenshi:MoonlightKnight"],"picked":"theSenshi:MoonPrincessHalation","floor":12},{"not_picked":["Bomb","theSenshi:MoonKick"],"picked":"theSenshi:MoonGorgeousMeditation","floor":13},{"not_picked":["theSenshi:SailorStarHealerAssists","theSenshi:ChibiMoonsLove"],"picked":"theSenshi:IWillPunishYou","floor":16},{"not_picked":["theSenshi:LunaWiseMentor","theSenshi:SailorMarsAssists","theSenshi:SailorMercuryAssists"],"picked":"SKIP","floor":18},{"not_picked":["theSenshi:Sidestep","theSenshi:KlutzyLuck","theSenshi:SailorV"],"picked":"SKIP","floor":19},{"not_picked":["theSenshi:SailorStarMakerAssists","theSenshi:TuxedoSmokingBomber","theSenshi:MoonsReflection"],"picked":"SKIP","floor":20},{"not_picked":["theSenshi:DramaticEntrance+1","theSenshi:Sidestep+1","theSenshi:MoonKick"],"picked":"SKIP","floor":24},{"not_picked":["theSenshi:RainbowMoonHeartAche","theSenshi:LateForSchool","theSenshi:GatheringStrength"],"picked":"SKIP","floor":28},{"not_picked":["theSenshi:MoonTwilightFlash","theSenshi:YouCanTalk","theSenshi:SchoolBag+1"],"picked":"SKIP","floor":29},{"not_picked":["theSenshi:SailorMarsAssists","theSenshi:SaturnsMystery+1","theSenshi:TallSilhouette"],"picked":"SKIP","floor":30},{"not_picked":["theSenshi:SilverMoonCrystalPowerKiss","theSenshi:StarlightHoneymoonTherapyKiss"],"picked":"theSenshi:MoonEternalMakeUp","floor":33},{"not_picked":["theSenshi:MoonKick","theSenshi:MoonPunch+1","theSenshi:SchoolBag+1"],"picked":"SKIP","floor":35},{"not_picked":["theSenshi:SailorMercuryAssists+1","theSenshi:TuxedoSmokingBomber+1","theSenshi:SupersonicWaves+1"],"picked":"SKIP","floor":37},{"not_picked":["theSenshi:SailorCosmosAssists","theSenshi:MoonPrincessHalation+1","theSenshi:MoonTiaraMagic"],"picked":"SKIP","floor":39},{"not_picked":["theSenshi:SailorVenusAssists+1","theSenshi:MoonPunch+1","theSenshi:IWillPunishYou"],"picked":"SKIP","floor":42},{"not_picked":["theSenshi:SchoolBag+1","theSenshi:DramaticEntrance","theSenshi:MoonPrincessHalation+1"],"picked":"SKIP","floor":44},{"not_picked":["theSenshi:SchoolBag+1","theSenshi:Sidestep+1","theSenshi:LunasBite+1"],"picked":"SKIP","floor":46},{"not_picked":["theSenshi:EncouragingSpeech","theSenshi:PlutosSolemnity","theSenshi:MoonsReflection"],"picked":"SKIP","floor":48},{"not_picked":["theSenshi:InTheNameOfTheMoon","theSenshi:MercurysCunning","theSenshi:MoonSpiralHeartAttack+1"],"picked":"SKIP","floor":54}],"player_experience":1168933,"relics_obtained":[{"floor":6,"key":"WingedGreaves"},{"floor":7,"key":"DemoMod:Metronome"},{"floor":9,"key":"Mummified Hand"},{"floor":17,"key":"DemoMod:MonsterBlood"},{"floor":17,"key":"Pantograph"},{"floor":17,"key":"DemoMod:PartiallyEatenCheese"},{"floor":42,"key":"Mastiff:ReiMu"},{"floor":43,"key":"theSenshi:SailorFukuRelic"},{"floor":44,"key":"testmod-AssaultLearning"},{"floor":47,"key":"PureWhite:ReiMu"},{"floor":54,"key":"GnawedLeaf"}],"event_choices":[{"damage_healed":0,"gold_gain":0,"player_choice":"Paid Gold","damage_taken":0,"relics_obtained":["Shuriken"],"max_hp_gain":0,"max_hp_loss":0,"event_name":"WeMeetAgain","floor":4,"gold_loss":52},{"damage_healed":0,"gold_gain":400,"player_choice":"Sell","damage_taken":0,"max_hp_gain":0,"max_hp_loss":0,"event_name":"恩洛斯的盘子","floor":5,"relics_lost":["testmod-TestBox"],"gold_loss":0},{"damage_healed":0,"gold_gain":0,"player_choice":"Success","damage_taken":42,"relics_obtained":["DemoMod:PinkGuonStone"],"max_hp_gain":0,"max_hp_loss":0,"event_name":"Scrap Ooze","floor":8,"gold_loss":0},{"damage_healed":0,"gold_gain":75,"player_choice":"Gather Gold","damage_taken":11,"max_hp_gain":0,"max_hp_loss":0,"event_name":"World of Goop","floor":14,"gold_loss":0},{"damage_healed":0,"gold_gain":0,"player_choice":"Anchor","damage_taken":0,"relics_obtained":["Anchor"],"max_hp_gain":0,"max_hp_loss":0,"event_name":"blackbeard:ShipwreckEvent","floor":21,"gold_loss":0},{"damage_healed":0,"gold_gain":0,"player_choice":"Ignored","damage_taken":0,"max_hp_gain":0,"max_hp_loss":0,"event_name":"Vampires","floor":31,"gold_loss":0},{"damage_healed":0,"gold_gain":0,"player_choice":"Max HP","damage_taken":0,"max_hp_gain":0,"max_hp_loss":2,"event_name":"Winding Halls","floor":36,"gold_loss":0},{"damage_healed":0,"gold_gain":0,"player_choice":"Ignored","damage_taken":0,"max_hp_gain":0,"max_hp_loss":0,"event_name":"Tomb of Lord Red Mask","floor":45,"gold_loss":0},{"damage_healed":0,"gold_gain":0,"player_choice":"Fight","damage_taken":0,"max_hp_gain":0,"max_hp_loss":0,"event_name":"Mysterious Sphere","floor":47,"gold_loss":0}],"is_beta":false,"boss_relics":[{"not_picked":["testmod-NegativeEmotionEnhancer","RedLine:ReiMu"],"picked":"Calling Bell"},{"not_picked":[]},{"not_picked":["Velvet Choker","Coffee Dripper"],"picked":"theSenshi:EternalSailorFukuRelic"},{"not_picked":[]}],"items_purged_floors":[11,11,17,22,34,38,53],"is_endless":false,"potions_floor_spawned":[7,10,13,16,19,28,30,33,37,39,46,47,54],"ascension_level":7}}