{"host":"lnfs5t5iydkm2lft","time":1613937379,"event":{"mods":["AchievementEnabler","Aspiration","BaseMod","Better Third Choice","BetterRewards","Colored Powertips","Downfall","Hermit","Hubris","Infinite Spire","Marisa????????","Minty Spire (QoL Compilation)","Quick Restart","Reliquary","Replay The Spire","StSLib","The Runesmith","TheBandit","everything is the same but u backflip on backflip"],"gold_per_floor":[110,120,174,194,194,219,219,254,254,254,274,274,37,53,53,148,148,163,163,163,181,198,198,158,158,182,202,219,219,219],"floor_reached":29,"language":"ENG","playtime":2324,"items_purged":["Defend_G"],"score":493,"play_id":"8827fb94-7b2b-463e-8b9d-a822765855c2","local_time":"20210221135619","is_ascension_mode":true,"campfire_choices":[{"data":"Footwork","floor":7,"key":"SMITH"},{"floor":10,"key":"REST"},{"floor":12,"key":"REST"},{"floor":15,"key":"REST"},{"floor":23,"key":"REST"},{"data":"RitualDagger","floor":25,"key":"SMITH"}],"circlet_count":0,"master_deck":["Strike_G+1","Strike_G","Strike_G","Strike_G","Strike_G","Defend_G","Defend_G","Defend_G","Defend_G","Survivor","Neutralize","Footwork+1","Dagger Spray","Dodge and Roll","PiercingWail","Backflip","Calculated Gamble","PiercingWail","hubris:SlightOfHand","Quick Slash+1","RitualDagger+1","Caltrops+1","Prepared"],"relics":["Ring of the Snake","reliquary:IridiumChain","aspiration:DSix","Membership Card","Replay:Ringing Soul","hubris:MedicalManual","Replay:Bottled Steam","Letter Opener","Bottled Lightning","Guardian:PocketSentry","hubris:EmptyBottle","reliquary:ThirdArm","SacredBark","ReplayTheSpireMod:Lightbulb","Paper Crane"],"acts_visited":["Exordium","TheCity"],"potions_floor_usage":[6,6,8,11,16,16,27,29],"damage_taken":[{"damage":0,"enemies":"Jaw Worm","floor":1,"turns":6},{"damage":4,"enemies":"2 Louse","floor":2,"turns":5},{"damage":16,"enemies":"infinitespire:Voidling","floor":4,"turns":7},{"damage":9,"enemies":"Lagavulin","floor":6,"turns":10},{"damage":50,"enemies":"Gremlin Nob","floor":8,"turns":8},{"damage":10,"enemies":"Blue Slaver","floor":11,"turns":5},{"damage":5,"enemies":"3 Louse","floor":14,"turns":4},{"damage":16,"enemies":"The Guardian","floor":16,"turns":13},{"damage":24,"enemies":"3 Byrds","floor":18,"turns":9},{"damage":0,"enemies":"Chosen","floor":21,"turns":8},{"damage":15,"enemies":"3 Cultists","floor":22,"turns":5},{"damage":7,"enemies":"Snake Plant","floor":27,"turns":5},{"damage":24,"enemies":"Snecko","floor":28,"turns":9},{"damage":32,"enemies":"Slavers","floor":29,"turns":5}],"seed_played":"6068132131745437962","potions_obtained":[{"floor":4,"key":"Strength Potion"},{"floor":6,"key":"SpeedPotion"},{"floor":8,"key":"SkillPotion"},{"floor":14,"key":"Poison Potion"},{"floor":21,"key":"Elixir"}],"is_trial":false,"path_per_floor":["M","M","?","M","?","E","R","E","T","R","M","R","$","M","R","B",null,"M","AVR","?","M","M","R","?","R","T","M","M","E"],"character_chosen":"THE_SILENT","items_purchased":["reliquary:IridiumChain","Footwork","Dagger Spray","Membership Card","AttackPotion","Guardian:PocketSentry","hubris:SlightOfHand","Quick Slash","hubris:EmptyBottle"],"campfire_rested":4,"item_purchase_floors":[0,0,0,0,0,13,13,13,13],"current_hp_per_floor":[63,59,62,61,61,55,55,5,5,27,20,43,46,41,65,49,74,50,50,47,50,35,61,61,61,61,57,33,1,1],"gold":219,"neow_bonus":"","is_daily":false,"chose_seed":false,"campfire_upgraded":2,"win_rate":0.0,"timestamp":1613937379,"path_taken":["M","M","?","?","?","E","R","E","T","R","M","R","$","M","R","BOSS","M","AVR","?","M","M","R","?","R","T","?","M","E"],"items_purchased_type":["Relic","Card","Card","Relic","Potion","Relic","Card","Card","Relic"],"build_version":"2020-12-22","purchased_purges":1,"victory":false,"max_hp_per_floor":[70,70,73,73,73,76,76,76,76,76,79,79,82,82,82,82,82,82,82,85,88,88,88,88,88,88,91,91,91,91],"card_choices":[{"not_picked":["Slice","Underhanded Strike"],"picked":"Dodge and Roll","floor":1},{"not_picked":["Setup","Dagger Throw","Finisher"],"picked":"SKIP","floor":2},{"not_picked":["Draining Mist","Eviscerate"],"picked":"PiercingWail","floor":3},{"not_picked":["Hidden Blade","Tactician"],"picked":"Backflip","floor":3},{"not_picked":["Poisoned Stab","Dagger Throw","Dodge and Roll"],"picked":"SKIP","floor":4},{"not_picked":["Flechettes","Bouncing Flask"],"picked":"Calculated Gamble","floor":6},{"not_picked":["Acrobatics","Outmaneuver","Distraction"],"picked":"SKIP","floor":8},{"not_picked":["Cloak And Dagger","Flying Knee"],"picked":"PiercingWail","floor":11},{"not_picked":["Skewer","hubris:SlightOfHand","Cloak And Dagger"],"picked":"SKIP","floor":14},{"not_picked":["hubris:SlightOfHand+1","Reflex","Slice+1"],"picked":"SKIP","floor":18},{"not_picked":["PiercingWail","Calculated Gamble"],"picked":"Caltrops+1","floor":21},{"not_picked":["Cloak And Dagger","Reflex","ReplayTheSpireMod:Tripwire"],"picked":"SKIP","floor":22},{"not_picked":["Acrobatics+1","PiercingWail+1"],"picked":"Prepared","floor":27},{"not_picked":["Choke","Accuracy+1","ReplayTheSpireMod:Exploit Weakness+1"],"picked":"SKIP","floor":28}],"player_experience":407851,"relics_obtained":[{"floor":3,"key":"Replay:Ringing Soul"},{"floor":5,"key":"hubris:MedicalManual"},{"floor":6,"key":"Replay:Bottled Steam"},{"floor":8,"key":"Letter Opener"},{"floor":9,"key":"Bottled Lightning"},{"floor":26,"key":"Paper Crane"}],"event_choices":[{"damage_healed":0,"gold_gain":0,"player_choice":"Dagger","damage_taken":6,"max_hp_gain":0,"max_hp_loss":0,"event_name":"betterThird:BetterNest","floor":20,"gold_loss":0,"cards_obtained":["RitualDagger"]},{"damage_healed":0,"gold_gain":0,"player_choice":"Upgraded Two","damage_taken":0,"max_hp_gain":0,"max_hp_loss":0,"event_name":"Designer","floor":24,"gold_loss":40,"cards_upgraded":["Quick Slash","Strike_G"]}],"is_beta":false,"boss_relics":[{"not_picked":["Ring of Chaos","aspiration:RunicSpoon"],"picked":"reliquary:ThirdArm"}],"items_purged_floors":[13],"is_endless":false,"potions_floor_spawned":[4,6,8,14,21],"killed_by":"Slavers","ascension_level":6}}