{"host":"fwdkxxz7291ipt0p","time":1613917885,"event":{"mods":["Act Like it!","BaseMod","Downfall","Minty Spire (QoL Compilation)","Relic Filter Mod","Relic Stats","StSLib","The Administrix","Yakumo Yukari mod","Youmu£®ªÍ∆«—˝√Œ£©"],"gold_per_floor":[99,119,134,134,134,152,175,75,90,121,121,141,291,121,136,241,241,141,151,162,181,331,350,400,416,301,312,212,273,69,82,98,195,195,195,195,215,233,1,13,37,57,57,71,71,87,87,100,110,110,110,142,67,67,67,67,67],"floor_reached":55,"language":"ZHS","playtime":4577,"items_purged":["downfall:Icky","champ:Defend","champ:Strike","champ:Strike","champ:Defend"],"score":742,"play_id":"868323ae-aa8d-4374-be56-06c98689a5e9","local_time":"20210221223125","is_ascension_mode":true,"campfire_choices":[{"floor":1.0,"key":"RECALL"},{"data":"champ:Taunt","floor":8.0,"key":"SMITH"},{"data":"champ:FanOfKnives","floor":11.0,"key":"SMITH"},{"data":"champ:EnragedBash","floor":18.0,"key":"SMITH"},{"data":"champ:PreciseThrust","floor":28.0,"key":"SMITH"},{"data":"champ:FaceSlap","floor":35.0,"key":"SMITH"},{"data":"champ:LastStand","floor":47.0,"key":"SMITH"},{"data":"champ:Execute","floor":54.0,"key":"SMITH"}],"circlet_count":0,"master_deck":["champ:Defend","champ:Execute+1","champ:Taunt+1","champ:FanOfKnives+1","champ:FocusedBerserking","champ:SwordSigil+1","champ:DefensiveShout+1","champ:PreciseThrust+1","champ:EnragedBash+1","champ:LastStand+1","champ:Backstep+1","champ:HeavySlash+1","champ:FanOfKnives+1","champ:RageSigil+1","champ:RageSigil+1","champ:RageSigil+1","champ:ArenaPreparation+1","champ:FaceSlap+1","champ:EnragedBash+1","champ:Backstep+1","champ:AdrenalArmor+1","champ:Endure+1","champ:BerserkerStyle+1","champ:HoldFirm+1"],"relics":["champ:ChampionCrown","Akabeko","downfall:HeartBlessingRed","Toxic Egg 2","Astrolabe","downfall:HeartBlessingGreen","downfall:HeartBlessingBlue","DollysMirror","Coffee Dripper","Membership Card","champ:FightingForDummies","PreservedInsect"],"acts_visited":["Exordium","TheCity","TheBeyond","TheEnding"],"potions_floor_usage":[],"damage_taken":[{"damage":24.0,"enemies":"Jaw Worm","floor":2.0,"turns":3.0},{"damage":13.0,"enemies":"Small Slimes","floor":3.0,"turns":2.0},{"damage":33.0,"enemies":"Cultist","floor":6.0,"turns":5.0},{"damage":0.0,"enemies":"Lots of Slimes","floor":9.0,"turns":1.0},{"damage":47.0,"enemies":"Gremlin Nob","floor":10.0,"turns":4.0},{"damage":40.0,"enemies":"downfall:LooterAlt","floor":12.0,"turns":1.0},{"damage":47.0,"enemies":"downfall:FleeingMerchant","floor":14.0,"turns":4.0},{"damage":30.0,"enemies":"Red Slaver","floor":15.0,"turns":1.0},{"damage":86.0,"enemies":"SI_SHIV_ARCHETYPE","floor":16.0,"turns":5.0},{"damage":25.0,"enemies":"Spheric Guardian","floor":19.0,"turns":1.0},{"damage":51.0,"enemies":"Chosen","floor":20.0,"turns":3.0},{"damage":35.0,"enemies":"Snake Plant","floor":21.0,"turns":3.0},{"damage":35.0,"enemies":"Centurion and Healer","floor":23.0,"turns":2.0},{"damage":24.0,"enemies":"Snecko","floor":25.0,"turns":4.0},{"damage":45.0,"enemies":"downfall:FleeingMerchant","floor":26.0,"turns":4.0},{"damage":39.0,"enemies":"Cultist and Chosen","floor":27.0,"turns":3.0},{"damage":40.0,"enemies":"downfall:FleeingMerchant","floor":29.0,"turns":3.0},{"damage":35.0,"enemies":"Centurion and Healer","floor":31.0,"turns":2.0},{"damage":55.0,"enemies":"Snake Plant","floor":32.0,"turns":2.0},{"damage":117.0,"enemies":"IC_MUSHROOM_ARCHETYPE","floor":33.0,"turns":6.0},{"damage":14.0,"enemies":"Orb Walker","floor":37.0,"turns":2.0},{"damage":25.0,"enemies":"3 Darklings","floor":38.0,"turns":1.0},{"damage":66.0,"enemies":"Writhing Mass","floor":40.0,"turns":3.0},{"damage":80.0,"enemies":"4 Shapes","floor":42.0,"turns":5.0},{"damage":51.0,"enemies":"3 Darklings","floor":44.0,"turns":3.0},{"damage":55.0,"enemies":"Writhing Mass","floor":46.0,"turns":3.0},{"damage":26.0,"enemies":"Jaw Worm Horde","floor":48.0,"turns":2.0},{"damage":68.0,"enemies":"4 Shapes","floor":49.0,"turns":3.0},{"damage":145.0,"enemies":"DF_ARCHETYPE_ORBS","floor":50.0,"turns":6.0},{"damage":217.0,"enemies":"downfall:CharBossMerchant","floor":52.0,"turns":6.0},{"damage":124,"enemies":"downfall:NeowBoss","floor":55,"turns":9}],"seed_played":"-5523702732188775993","potions_obtained":[{"floor":2.0,"key":"SpeedPotion"},{"floor":3.0,"key":"Fire Potion"},{"floor":6.0,"key":"GamblersBrew"},{"floor":15.0,"key":"champ:OpenerPotion"},{"floor":16.0,"key":"AttackPotion"},{"floor":20.0,"key":"Energy Potion"},{"floor":31.0,"key":"Energy Potion"},{"floor":42.0,"key":"SteroidPotion"}],"is_trial":false,"path_per_floor":["R","M","M","?","?","M","T","R","M","E","R","M","?","$","M","B",null,"R","M","M","M","?","M","T","M","$","M","R","$","$","M","M","B",null,"R","$","M","M","$","M","T","M","?","M","?","M","R","M","M","B",null,"E","$","R","B"],"character_chosen":"THE_CHAMP","items_purchased":["champ:EnragedBash","DollysMirror","champ:Backstep+1","Membership Card","champ:HoldFirm+1"],"campfire_rested":0,"item_purchase_floors":[14,29,30,39,53],"current_hp_per_floor":[99,95,92,87,87,79,79,79,79,57,57,57,57,55,55,48,99,99,99,93,93,93,93,93,84,84,80,90,90,90,90,90,68,109,109,109,105,105,105,99,99,99,99,98,98,98,98,96,96,72,109,43,43,43,0,0,0],"gold":67,"neow_bonus":"TEN_PERCENT_HP_BONUS","is_daily":false,"chose_seed":false,"campfire_upgraded":7,"win_rate":0.0,"timestamp":1613917885,"path_taken":["R","M","M","?","?","M","T","R","M","E","R","M","?","$","M","BOSS","R","M","M","M","?","M","T","M","$","M","R","?","$","?","M","BOSS","R","$","M","M","$","M","T","M","?","?","?","?","R","M","M","BOSS","E","$","R","BOSS"],"items_purchased_type":["Card","Relic","Card","Relic","Card"],"build_version":"2020-12-22","purchased_purges":5,"victory":false,"max_hp_per_floor":[99,99,99,99,99,99,99,99,99,99,99,99,99,99,99,99,99,99,99,99,99,99,99,99,99,99,99,109,109,109,109,109,109,109,109,109,109,109,109,109,109,109,109,109,109,109,109,109,109,109,109,109,109,109,109,109,109],"relic_stats":{"counters":[31,102],"Astrolabe":["champ:Backstep","champ:HeavySlash","champ:FanOfKnives"],"PreservedInsect":0,"obtain_stats":[{"downfall:HeartBlessingRed":8,"Blue Candle":4,"Astrolabe":17,"champ:ChampionCrown":0,"downfall:HeartBlessingGreen":18,"PreservedInsect":52,"Akabeko":7,"downfall:HeartBlessingBlue":28,"DollysMirror":29,"Coffee Dripper":34,"Membership Card":39,"Toxic Egg 2":10,"champ:FightingForDummies":41},{"downfall:HeartBlessingRed":3,"Blue Candle":2,"Astrolabe":9,"champ:ChampionCrown":0,"downfall:HeartBlessingGreen":9,"PreservedInsect":30,"Akabeko":3,"downfall:HeartBlessingBlue":16,"DollysMirror":17,"Coffee Dripper":20,"Membership Card":22,"Toxic Egg 2":5,"champ:FightingForDummies":23},{"downfall:HeartBlessingRed":10,"Blue Candle":5,"Astrolabe":26,"champ:ChampionCrown":0,"downfall:HeartBlessingGreen":26,"PreservedInsect":93,"Akabeko":10,"downfall:HeartBlessingBlue":46,"DollysMirror":49,"Coffee Dripper":59,"Membership Card":62,"Toxic Egg 2":15,"champ:FightingForDummies":65}]},"card_choices":[{"not_picked":["champ:Backstep","champ:SwordSigil"],"picked":"champ:FanOfKnives","floor":2.0},{"not_picked":["champ:TornadoPunch","champ:GutPunch"],"picked":"champ:FocusedBerserking","floor":3.0},{"not_picked":["champ:BerserkerStyle","champ:CrownThrow","champ:CrookedStrike"],"picked":"SKIP","floor":6.0},{"not_picked":["champ:BladeFlurry","champ:TornadoPunch"],"picked":"champ:ArenaPreparation","floor":9.0},{"not_picked":["champ:DefensiveStyle","champ:HeartStrike"],"picked":"champ:SwordSigil+1","floor":10.0},{"not_picked":["champ:StanceDance+1","champ:GutPunch"],"picked":"champ:DefensiveShout+1","floor":12.0},{"not_picked":["champ:FocusedDefense+1","champ:ShieldWall"],"picked":"champ:PreciseThrust","floor":14.0},{"not_picked":["champ:PerfectedStrike","champ:DefensiveStyle"],"picked":"champ:Haymaker","floor":15.0},{"not_picked":["champ:DancingMaster","champ:SteelEdge"],"picked":"champ:LastStand","floor":16.0},{"not_picked":["champ:BerserkersShout+1","champ:ShieldSigil+1","champ:PreciseThrust"],"picked":"SKIP","floor":19.0},{"not_picked":["champ:BladeFlurry+1","champ:StanceDance+1","champ:BerserkerStyle"],"picked":"SKIP","floor":20.0},{"not_picked":["champ:StanceDance+1","champ:TornadoPunch+1"],"picked":"champ:RageSigil+1","floor":21.0},{"not_picked":["champ:Parry+1","champ:FanOfKnives","champ:FocusedBerserking+1"],"picked":"SKIP","floor":23.0},{"not_picked":["champ:CalledShot+1","champ:EnGarde+1"],"picked":"champ:RageSigil+1","floor":25.0},{"not_picked":["champ:Circumvent+1","champ:PerfectedStrike+1"],"picked":"champ:RageSigil+1","floor":26.0},{"not_picked":["champ:TripleStrike","champ:Shatter+1"],"picked":"champ:ArenaPreparation+1","floor":27.0},{"not_picked":["champ:PreemptiveStrike","champ:TornadoPunch"],"picked":"champ:FaceSlap","floor":29.0},{"not_picked":["champ:FlashCut+1","champ:PreciseThrust"],"picked":"champ:AdrenalArmor+1","floor":31.0},{"not_picked":["champ:BerserkerStyle","champ:SwordSigil+1","champ:FanOfKnives"],"picked":"SKIP","floor":32.0},{"not_picked":["champ:StanceDance+1","champ:FlashCut+1","champ:Circumvent+1"],"picked":"SKIP","floor":37.0},{"not_picked":["champ:SetATrap+1","champ:ShieldSigil+1","champ:Haymaker+1"],"picked":"SKIP","floor":38.0},{"not_picked":["champ:FocusedDefense+1","champ:PreciseThrust+1","champ:PreemptiveStrike+1"],"picked":"SKIP","floor":40.0},{"not_picked":["champ:AdrenalArmor+1","champ:StanceDance+1"],"picked":"champ:Endure+1","floor":42.0},{"not_picked":["champ:FanOfKnives+1","champ:RisingSlash+1","champ:Backstep+1"],"picked":"SKIP","floor":44.0},{"not_picked":["champ:ShieldSlam+1","champ:Shatter+1"],"picked":"champ:BerserkerStyle+1","floor":46.0},{"not_picked":["champ:Circumvent+1","champ:IronFortress+1","champ:TornadoPunch+1"],"picked":"SKIP","floor":48.0},{"not_picked":["champ:FocusedBerserking+1","champ:BringItOn+1","champ:Parry+1"],"picked":"SKIP","floor":49.0},{"not_picked":["champ:CrookedStrike","champ:BladeFlurry","champ:RecklessLeap"],"picked":"SKIP","floor":52.0}],"player_experience":594964,"relics_obtained":[{"floor":7.0,"key":"Akabeko"},{"floor":10.0,"key":"Toxic Egg 2"},{"floor":41.0,"key":"champ:FightingForDummies"},{"floor":52.0,"key":"PreservedInsect"}],"event_choices":[],"is_beta":false,"boss_relics":[{"not_picked":["SacredBark","Busted Crown"],"picked":"Astrolabe"},{"not_picked":["champ:ChampionCrownUpgraded","bronze:MakeshiftBattery"],"picked":"Coffee Dripper"}],"items_purged_floors":[14,26,29,30,39],"is_endless":false,"potions_floor_spawned":[2,3,6,15,16,20,21,31,33,42,49],"killed_by":"downfall:NeowBoss","ascension_level":2}}