{"host":"szkvl4ugkslb15zj","time":1613935480,"event":{"mods":["AchievementEnabler","BaseMod","Block Reminder","Card Forge","Colored Map","Colored Powertips","Duelist Mod","GifTheSpireLib","Googly Eyes","Hero for Fun","HololiveMod","Marisa????????","Minty Spire (QoL Compilation)","Quick Restart","Rare Cards Sparkle","StSLib","The Animator","The Bug Knight","The Cursed","The Exalted","The Gatherer","The Judge","The Mystic","The Poker Player","The Runesmith","The Senshi","The Servant 0.9.4"],"gold_per_floor":[217,25,36,211,19,46,46,66,114,140,68,87,98,114,114,209,209,209,209,209,209,209,209,209,209,209,209,209,61,61,61,61,61,61,61,61,61,61,61,61,61,61,61,61,61,61,61,61,61,61],"floor_reached":51,"language":"ENG","playtime":2836,"items_purged":["Doubt"],"score":825,"play_id":"0f7a8a40-7ae0-4622-af56-273fb1f50159","local_time":"20210221112440","is_ascension_mode":false,"campfire_choices":[{"data":"FairyDestructionRay","floor":7.0,"key":"SMITH"},{"data":"MasterSpark","floor":15.0,"key":"SMITH"},{"data":"PropBag","floor":23.0,"key":"SMITH"},{"floor":25.0,"key":"REST"},{"data":"MysteriousBeam","floor":30,"key":"SMITH"},{"floor":32,"key":"REST"},{"floor":40,"key":"REST"},{"floor":42,"key":"REST"},{"floor":49,"key":"REST"}],"circlet_count":0,"master_deck":["Strike_MRS+1","Strike_MRS+1","Strike_MRS+1","Defend_MRS+1","Defend_MRS+1","Defend_MRS+1","Defend_MRS+1","MasterSpark+1","UpSweep+1","Singularity+1","GrandCross+1","PowerUp+1","FairyDestructionRay+1","SporeBomb+1","MysteriousBeam+1","Parasite","Parasite","LuminesStrike+1","GalacticHalo+1","EnergyFlow+1","ShootingEcho+1","WitchLeyline+1","6A+1","BinaryStars+1","DC+1","AlicesGift+1","PropBag+1","MagicAbsorber+1","PowerUp+1","GasGiant+1","MysteriousBeam+1","MilkyWay+1","CasketOfStar+1","DeepEcoloBomb+1","Madness+1","Madness+1","AsteroidBelt+1","MeteoricShower+1","ManaConvection+1","IllusionStar+1","AsteroidBelt+1","DoubleSpark+1"],"relics":["BewitchedHakkero","Hammer of Thor","Seething Fire","Anvil of the Gods","Blood Vial","StoneCalendar","ShroomBag","Strawberry","Dream Catcher","Ectoplasm","Mercury Hourglass","Mango","theSenshi:SailorFukuRelic","Sling","Eternal Feather","TungstenRod","Bag of Marbles","Centennial Puzzle","Oddly Smooth Stone"],"acts_visited":["Exordium","TheCity","TheBeyond"],"potions_floor_usage":[33,38,44,50],"damage_taken":[{"damage":0.0,"enemies":"Cultist","floor":1.0,"turns":3.0},{"damage":0.0,"enemies":"Small Slimes","floor":3.0,"turns":2.0},{"damage":9.0,"enemies":"3 Sentries","floor":6.0,"turns":5.0},{"damage":0.0,"enemies":"The Mushroom Lair","floor":8.0,"turns":1.0},{"damage":21.0,"enemies":"Lagavulin","floor":10.0,"turns":5.0},{"damage":0.0,"enemies":"2 Louse","floor":12.0,"turns":2.0},{"damage":0.0,"enemies":"Exordium Thugs","floor":13.0,"turns":2.0},{"damage":0.0,"enemies":"Lots of Slimes","floor":14.0,"turns":1.0},{"damage":40.0,"enemies":"Hexaghost","floor":16.0,"turns":7.0},{"damage":8.0,"enemies":"Shell Parasite","floor":18.0,"turns":4.0},{"damage":0.0,"enemies":"Chosen","floor":20.0,"turns":2.0},{"damage":13.0,"enemies":"Shelled Parasite and Fungi","floor":22.0,"turns":3.0},{"damage":19.0,"enemies":"theDuelist:KaibaA2","floor":24.0,"turns":3.0},{"damage":24,"enemies":"HollowMod:Nosk","floor":27,"turns":4},{"damage":0,"enemies":"Snecko","floor":28,"turns":4},{"damage":2,"enemies":"Gremlin Leader","floor":31,"turns":2},{"damage":57,"enemies":"Automaton","floor":33,"turns":7},{"damage":0,"enemies":"3 Darklings","floor":35,"turns":4},{"damage":0,"enemies":"Orb Walker","floor":37,"turns":2},{"damage":45,"enemies":"2 Orb Walkers","floor":38,"turns":4},{"damage":0,"enemies":"Sphere and 2 Shapes","floor":39,"turns":3},{"damage":28,"enemies":"Writhing Mass","floor":41,"turns":4},{"damage":8,"enemies":"4 Shapes","floor":44,"turns":2},{"damage":9,"enemies":"Nemesis","floor":45,"turns":3},{"damage":0,"enemies":"Spire Growth","floor":46,"turns":4},{"damage":0,"enemies":"HollowMod:StalkingDevout","floor":47,"turns":4},{"damage":102,"enemies":"Time Eater","floor":50,"turns":10}],"seed_played":"-5235472684141871534","potions_obtained":[{"floor":3.0,"key":"SpeedPotion"},{"floor":10.0,"key":"Energy Potion"},{"floor":12.0,"key":"LiquidBronze"},{"floor":16.0,"key":"CultistPotion"},{"floor":20.0,"key":"FairyPotion"},{"floor":21.0,"key":"StarNLove"},{"floor":33,"key":"Regen Potion"},{"floor":41,"key":"Fire Potion"},{"floor":44,"key":"LiquidBronze"},{"floor":47,"key":"Energy Potion"}],"is_trial":false,"path_per_floor":["M","$","M","?","$","E","R","?","T","E","$","M","M","M","R","B",null,"M","?","M","?","M","R","E","R","T","E","M","$","R","E","R","B",null,"M","?","M","?","M","R","M","R","T","M","E","M","E","?","R","B",null],"character_chosen":"MARISA","items_purchased":["GrandCross","Blood Vial","FairyDestructionRay","SporeBomb","EnergyFlow","Sling"],"campfire_rested":5,"item_purchase_floors":[2,2,5,5,11,29],"current_hp_per_floor":[75,75,75,75,75,66,66,68,75,60,60,64,68,70,70,36,82,74,74,78,78,69,69,52,76,90,70,74,74,74,76,96,39,96,96,84,86,55,59,96,68,96,96,88,83,87,89,89,96,40],"gold":61,"neow_bonus":"HUNDRED_GOLD","is_daily":false,"chose_seed":false,"campfire_upgraded":4,"win_rate":0.0,"timestamp":1613935480,"path_taken":["M","$","?","?","$","E","R","?","T","E","$","M","M","M","R","BOSS","M","?","?","?","?","R","E","R","T","E","M","$","R","E","R","BOSS","M","?","M","?","?","R","M","R","T","M","E","M","E","?","R","BOSS"],"items_purchased_type":["Card","Relic","Card","Card","Card","Relic"],"build_version":"2020-12-22","purchased_purges":1,"victory":true,"max_hp_per_floor":[75,75,75,75,75,75,75,75,82,82,82,82,82,82,82,82,82,82,82,82,82,82,82,82,82,96,96,96,96,96,96,96,96,96,96,96,96,96,96,96,96,96,96,96,96,96,96,96,96,96],"card_choices":[{"not_picked":["IllusionStar","Acceleration"],"picked":"Singularity","floor":1.0},{"not_picked":["DoubleSpark","StarBarrage"],"picked":"PowerUp","floor":3.0},{"not_picked":["ChargingUp","ShootingEcho"],"picked":"MysteriousBeam","floor":6.0},{"not_picked":["ChargingUp","MilkyWay"],"picked":"LuminesStrike","floor":8.0},{"not_picked":["IllusionStar","SporeBomb"],"picked":"GalacticHalo","floor":10.0},{"not_picked":["DoubleSpark","PowerUp"],"picked":"ShootingEcho","floor":12.0},{"not_picked":["SporeBomb","GalacticHalo"],"picked":"WitchLeyline","floor":13.0},{"not_picked":["MeteoricShower","RefractionSpark"],"picked":"6A","floor":14.0},{"not_picked":["JA","MillisecondPulsars"],"picked":"BinaryStars","floor":16.0},{"not_picked":["6A","ManaConvection"],"picked":"DC+1","floor":18.0},{"not_picked":["6A+1","DoubleSpark+1"],"picked":"AlicesGift+1","floor":20.0},{"not_picked":["6A","SprinkleStarSeal"],"picked":"PropBag","floor":22.0},{"not_picked":["ShootTheMoon+1","DragonMeteor+1"],"picked":"MagicAbsorber","floor":24.0},{"not_picked":["EnergyRecoil","JA"],"picked":"PowerUp+1","floor":25.0},{"not_picked":["Occultation","GravityBeat"],"picked":"GasGiant+1","floor":27},{"not_picked":["MilkyWay","GravityBeat+1"],"picked":"MysteriousBeam","floor":28},{"not_picked":["UnstableBomb","MysteriousBeam","DC"],"picked":"SKIP","floor":31},{"not_picked":["NonDirectionalLaser","PropBag+1"],"picked":"MilkyWay+1","floor":32},{"not_picked":["MaximisePower","EscapeVelocity"],"picked":"CasketOfStar","floor":33},{"not_picked":["LuminesStrike+1","PropBag"],"picked":"DeepEcoloBomb+1","floor":35},{"not_picked":["StarlightTyphoon+1","ShootingEcho+1"],"picked":"AsteroidBelt","floor":37},{"not_picked":["StarlightTyphoon+1","DoubleSpark"],"picked":"MeteoricShower+1","floor":39},{"not_picked":["PowerUp","EventHorizon"],"picked":"ManaConvection+1","floor":40},{"not_picked":["BlazingStar","UnstableBomb"],"picked":"IllusionStar+1","floor":41},{"not_picked":["NonDirectionalLaser+1","DoubleSpark"],"picked":"AsteroidBelt+1","floor":42},{"not_picked":["EnergyRecoil+1","OpenUniverse","UltimateShortwave"],"picked":"SKIP","floor":44},{"not_picked":["ManaConvection+1","WitchLeyline+1","AsteroidBelt"],"picked":"SKIP","floor":45},{"not_picked":["WitchLeyline","MilkyWay","UnstableBomb"],"picked":"SKIP","floor":46},{"not_picked":["WitchOfGreed+1","ShootingEcho"],"picked":"DoubleSpark+1","floor":47}],"player_experience":346927,"relics_obtained":[{"floor":6.0,"key":"StoneCalendar"},{"floor":8.0,"key":"ShroomBag"},{"floor":9.0,"key":"Strawberry"},{"floor":10.0,"key":"Dream Catcher"},{"floor":24.0,"key":"Mercury Hourglass"},{"floor":26.0,"key":"Mango"},{"floor":27,"key":"theSenshi:SailorFukuRelic"},{"floor":31,"key":"Eternal Feather"},{"floor":38,"key":"TungstenRod"},{"floor":43,"key":"Bag of Marbles"},{"floor":45,"key":"Centennial Puzzle"},{"floor":47,"key":"Oddly Smooth Stone"}],"event_choices":[{"damage_healed":0.0,"max_hp_gain":0.0,"max_hp_loss":0.0,"gold_gain":175.0,"event_name":"Liars Game","player_choice":"AGREE","floor":4.0,"gold_loss":0.0,"damage_taken":0.0,"cards_obtained":["Doubt"]},{"damage_healed":0.0,"max_hp_gain":0.0,"max_hp_loss":0.0,"gold_gain":0.0,"event_name":"Mushrooms_MRS","player_choice":"Fought Mushrooms","floor":8.0,"gold_loss":0.0,"damage_taken":0.0},{"cards_removed":["Strike_MRS"],"damage_healed":0.0,"max_hp_gain":0.0,"max_hp_loss":0.0,"gold_gain":0.0,"event_name":"Bonfire Elementals","player_choice":"Offered Basic","floor":19.0,"gold_loss":0.0,"damage_taken":0.0},{"damage_healed":0.0,"max_hp_gain":0.0,"max_hp_loss":0.0,"gold_gain":0.0,"event_name":"Lab","player_choice":"Got Potions","floor":21.0,"gold_loss":0.0,"damage_taken":0.0},{"damage_healed":0,"gold_gain":0,"player_choice":"Embrace Madness","damage_taken":12,"max_hp_gain":0,"max_hp_loss":0,"event_name":"Winding Halls","floor":36,"gold_loss":0,"cards_obtained":["Madness","Madness"]},{"damage_healed":0,"gold_gain":0,"player_choice":"Fight","damage_taken":0,"max_hp_gain":0,"max_hp_loss":0,"event_name":"Mysterious Sphere","floor":38,"gold_loss":0},{"damage_healed":0,"gold_gain":0,"player_choice":"Bought 0 Potions","damage_taken":0,"max_hp_gain":0,"max_hp_loss":0,"event_name":"The Woman in Blue","floor":48,"gold_loss":0}],"is_beta":false,"boss_relics":[{"not_picked":["SlaversCollar","Busted Crown"],"picked":"Ectoplasm"},{"not_picked":["Runic Pyramid","Snecko Eye"],"picked":"BewitchedHakkero"}],"items_purged_floors":[5],"is_endless":false,"potions_floor_spawned":[3,10,12,16,20,24,27,33,35,41,44,46,47],"ascension_level":0}}