{"host":"3wgbc8rrx8r5g476","time":1613939887,"event":{"mods":["2.2 Compatiblity","Act Like it!","BaseMod","Better Note","Better Third Choice","Bossed Relics","Colored Powertips","Dota2Spire","Downfall","Evolution","Friendly Minions","Halation","Hubris","Infinite Spire","Minty Spire (QoL Compilation)","Ruin Mod","Shade Mod","Shapeshifter Mod","Shop Mod","StSLib","The Death Knight","The Dragonkin","The Druid","The Marked","TheFirefly","Trackpad","Uncapped","Wandering Minibosses"],"gold_per_floor":[116,116,116,132,143,143,169,169,169,199,199,213,179,199,199,304,304,319,335,335,346,363,393,412,412,464,525,567,567,110,110,110,240,240,257,301,301,312,352,352,352,386,386,386,233,282,412,427,427,558,558,558],"floor_reached":51,"language":"ENG","playtime":3318,"items_purged":[],"score":879,"play_id":"549fb8b0-acde-4ea1-a68c-c25ebe30ad45","local_time":"20210221213807","is_ascension_mode":false,"campfire_choices":[{"data":"theDragonkin:HolySmite","floor":6.0,"key":"SMITH"},{"data":"theDragonkin:BlazingBreath","floor":8.0,"key":"SMITH"},{"data":"theDragonkin:HallowedGround","floor":11.0,"key":"SMITH"},{"data":"theDragonkin:AkatirnsDecree","floor":15.0,"key":"SMITH"},{"data":"theDragonkin:DivineVision","floor":25.0,"key":"SMITH"},{"data":"theDragonkin:DivineBreath","floor":29.0,"key":"SMITH"},{"floor":32.0,"key":"RECALL"},{"data":"theDragonkin:DivineBreath","floor":40.0,"key":"SMITH"},{"data":"Panache","floor":49,"key":"SMITH"}],"circlet_count":0,"master_deck":["theDragonkin:Defend+1","theDragonkin:Defend+1","theDragonkin:HolySmite+1","theDragonkin:BlazingBreath+1","theDragonkin:DivineBreath+1","theDragonkin:Cauterize+1","theDragonkin:SandBreath+1","theDragonkin:HallowedGround+1","theDragonkin:AncestralSeance+1","theDragonkin:AkatirnsDecree+1","theDragonkin:FlashofLight+1","theDragonkin:HolyWordBarrier+1","theDragonkin:DivineVision+1","theDragonkin:DivineBreath+1","theDragonkin:AncestralSeance+1","infinitespire:Execution+1","theDragonkin:Ravage+1","theDragonkin:Detox+1","theDragonkin:DivineBreath+1","theDragonkin:AcidArmor","Bandage Up+1","Deep Breath+1","Panache+1","theDragonkin:DivineVision+1","theDragonkin:MagmaScales+1","Trip+1","theDragonkin:AshenArmor"],"relics":["theDragonkin:GarnetScale","EVO:Axolotl","Toxic Egg 2","Gambling Chip","infinitespire:Golems Mask","Juzu Bracelet","betterThird:SlimedRelic","theDragonkin:Sulfurian","Astrolabe","infinitespire:ShieldingShard","Incense Burner","Dota2Spire:HandOfMidas","trackpad:Compendium","Thread and Needle","MerchantsRug","trackpad:StolenKidneys","wanderingMiniBosses:CarrionFlame","theDragonkin:TilerasShield","Empty Cage","halation:BlackBeret","Mummified Hand","DollysMirror","trackpad:WindUpAutoDealer","Dota2Spire:Bloodstone"],"acts_visited":["Exordium","TheCity","TheBeyond","Exordium"],"potions_floor_usage":[50],"damage_taken":[{"damage":5.0,"enemies":"Jaw Worm","floor":1.0,"turns":5.0},{"damage":7.0,"enemies":"Small Slimes","floor":4.0,"turns":6.0},{"damage":1.0,"enemies":"Cultist","floor":5.0,"turns":3.0},{"damage":50.0,"enemies":"3 Sentries","floor":7.0,"turns":12.0},{"damage":5.0,"enemies":"Lagavulin","floor":10.0,"turns":9.0},{"damage":0.0,"enemies":"Looter","floor":12.0,"turns":3.0},{"damage":10.0,"enemies":"Blue Slaver","floor":14.0,"turns":5.0},{"damage":38.0,"enemies":"The Guardian","floor":16.0,"turns":13.0},{"damage":24.0,"enemies":"Chosen","floor":18.0,"turns":7.0},{"damage":0.0,"enemies":"3 Byrds","floor":19.0,"turns":7.0},{"damage":0.0,"enemies":"Snecko","floor":21.0,"turns":4.0},{"damage":0.0,"enemies":"Centurion and Healer","floor":22.0,"turns":9.0},{"damage":11.0,"enemies":"Slavers","floor":23.0,"turns":5.0},{"damage":0.0,"enemies":"Snake Plant","floor":24.0,"turns":4.0},{"damage":0.0,"enemies":"Nightmare","floor":27.0,"turns":7.0},{"damage":0.0,"enemies":"Chosen and Byrds","floor":28.0,"turns":6.0},{"damage":0.0,"enemies":"hubris:MusketHawk","floor":33.0,"turns":5.0},{"damage":0.0,"enemies":"Orb Walker","floor":35.0,"turns":3.0},{"damage":0.0,"enemies":"3 Shapes","floor":36.0,"turns":4.0},{"damage":0.0,"enemies":"3 Darklings","floor":38.0,"turns":2.0},{"damage":0.0,"enemies":"Maw","floor":39.0,"turns":5.0},{"damage":0.0,"enemies":"Reptomancer","floor":42.0,"turns":4.0},{"damage":0.0,"enemies":"4 Shapes","floor":46.0,"turns":2.0},{"damage":4.0,"enemies":"infinitespire:Three Voidlings","floor":47.0,"turns":2.0},{"damage":0.0,"enemies":"Nightmare_Alpha","floor":47.0,"turns":4.0},{"damage":0,"enemies":"Writhing Mass","floor":48,"turns":3},{"damage":10,"enemies":"TheAcolyte","floor":50,"turns":3}],"seed_played":"707337696857654811","potions_obtained":[{"floor":0.0,"key":"theDragonkin:DragonkinCommonPotion"},{"floor":0.0,"key":"SmokeBomb"},{"floor":0.0,"key":"Dexterity Potion"},{"floor":1.0,"key":"theDragonkin:DragonkinRarePotion"},{"floor":4.0,"key":"Dota2Spire:HealingSalve"},{"floor":14.0,"key":"Block Potion"},{"floor":18.0,"key":"EssenceOfSteel"},{"floor":24.0,"key":"EntropicBrew"},{"floor":28.0,"key":"theDragonkin:DragonkinUncommonPotion"},{"floor":48,"key":"SpeedPotion"}],"is_trial":false,"path_per_floor":["M","?","?","M","M","R","E","R","T","E","R","M","?","M","R","B",null,"M","M","AVR","M","M","E","M","R","T","NM","M","R","$","?","R","B",null,"M","M","AVR","M","M","R","?","E","T","?","$","M","?","M","R","B",null],"character_chosen":"THE_DRAGONKIN","items_purchased":["Thread and Needle","MerchantsRug","DollysMirror"],"campfire_rested":0,"item_purchase_floors":[30,30,45],"current_hp_per_floor":[80,77,77,70,84,84,49,49,49,59,59,74,63,77,77,54,85,72,85,85,85,85,84,84,84,84,84,85,85,85,85,85,85,85,85,85,88,88,88,88,62,80,83,73,76,82,112,112,112,108,115,115],"gold":558,"neow_bonus":"THREE_SMALL_POTIONS","is_daily":false,"chose_seed":false,"campfire_upgraded":8,"win_rate":0.0,"timestamp":1613939887,"path_taken":["M","?","?","M","?","R","E","R","T","E","R","M","?","M","R","BOSS","M","M","AVR","M","M","E","M","R","T","NM","M","R","$","?","R","BOSS","M","M","AVR","M","M","R","?","E","T","?","$","M","?","M","R","BOSS"],"items_purchased_type":["Relic","Relic","Relic"],"build_version":"2020-12-22","purchased_purges":0,"victory":false,"max_hp_per_floor":[85,85,85,85,85,85,85,85,85,85,85,85,85,85,85,85,85,85,85,85,85,85,85,85,85,85,85,85,85,85,85,85,85,85,85,85,88,88,88,88,88,91,94,94,97,97,112,112,112,112,115,115],"card_choices":[{"not_picked":["theDragonkin:AcidBreath","theDragonkin:DivinePrayer"],"picked":"theDragonkin:DivineBreath","floor":1.0},{"not_picked":["theDragonkin:ControlledBreath","theDragonkin:MagmaScales"],"picked":"theDragonkin:Cauterize+1","floor":4.0},{"not_picked":["theDragonkin:DivineFire","theDragonkin:HolyFlask+1","theDragonkin:BurningRage"],"picked":"SKIP","floor":5.0},{"not_picked":["theDragonkin:StormFront","theDragonkin:Subdue+1"],"picked":"theDragonkin:SandBreath+1","floor":7.0},{"not_picked":["theDragonkin:HolyWordBarrier+1","theDragonkin:ControlledBreath"],"picked":"theDragonkin:HallowedGround","floor":10.0},{"not_picked":["theDragonkin:FlameBreath","theDragonkin:Sizzle+1"],"picked":"theDragonkin:AncestralSeance+1","floor":12.0},{"not_picked":["theDragonkin:BurningRage","theDragonkin:Sizzle+1"],"picked":"theDragonkin:AkatirnsDecree","floor":14.0},{"not_picked":["theDragonkin:CinderStorm","theDragonkin:CrusaderForm"],"picked":"theDragonkin:FlashofLight+1","floor":16.0},{"not_picked":["theDragonkin:Flashpoint+1","theDragonkin:FlameWard+1","theDragonkin:CorrosiveBelch+1"],"picked":"SKIP","floor":18.0},{"not_picked":["theDragonkin:AcidBreath","theDragonkin:HolyShock"],"picked":"theDragonkin:HolyWordBarrier+1","floor":19.0},{"not_picked":["theDragonkin:EnduringAgony","theDragonkin:ControlledBreath"],"picked":"theDragonkin:DivineVision","floor":21.0},{"not_picked":["theDragonkin:Flashpoint+1","theDragonkin:AcidRain"],"picked":"theDragonkin:DivineBreath","floor":22.0},{"not_picked":["theDragonkin:FlameBreath","theDragonkin:AcidBreath"],"picked":"theDragonkin:AncestralSeance+1","floor":23.0},{"not_picked":["theDragonkin:AshBreath+1","theDragonkin:AcidBreath","theDragonkin:DivineFire"],"picked":"SKIP","floor":24.0},{"not_picked":["infinitespire:Menacing","infinitespire:SealOfDarkness+"],"picked":"infinitespire:Execution","floor":27.0},{"not_picked":["theDragonkin:SlowBurn+1","theDragonkin:EmberSwipe+1"],"picked":"theDragonkin:GoldenFlames","floor":27.0},{"not_picked":["theDragonkin:ControlledBreath+1","theDragonkin:DeepBreath+1","theDragonkin:VoiceofOrder+1"],"picked":"SKIP","floor":28.0},{"not_picked":["theDragonkin:CrusaderForm","theDragonkin:CinderStorm"],"picked":"theDragonkin:Detox+1","floor":33.0},{"not_picked":["theDragonkin:VoiceofOrder+1","theDragonkin:BurningRage+1","theDragonkin:DivineFire"],"picked":"SKIP","floor":35.0},{"not_picked":["theDragonkin:Sizzle+1","theDragonkin:AcidRain+1"],"picked":"theDragonkin:DivineBreath","floor":36.0},{"not_picked":["theDragonkin:GooGrip","theDragonkin:SlowBurn+1","theDragonkin:Flashpoint+1"],"picked":"SKIP","floor":38.0},{"not_picked":["theDragonkin:Sizzle+1","theDragonkin:CorrosiveBelch","theDragonkin:DeepBreath+1"],"picked":"SKIP","floor":39.0},{"not_picked":["theDragonkin:Flashpoint+1","theDragonkin:MagmaScales"],"picked":"theDragonkin:AcidArmor","floor":42.0},{"not_picked":["Magnetism","Discovery+1"],"picked":"Bandage Up+1","floor":44.0},{"not_picked":["Impatience+1","Bandage Up+1"],"picked":"Deep Breath+1","floor":44.0},{"not_picked":["Dramatic Entrance","Thinking Ahead+1"],"picked":"Panache","floor":44.0},{"not_picked":["theDragonkin:FlameWard+1","theDragonkin:EmberSwipe+1"],"picked":"theDragonkin:MagmaScales+1","floor":46.0},{"not_picked":["Panache","Enlightenment+1"],"picked":"Trip+1","floor":47},{"not_picked":["theDragonkin:ShieldGlare+1","theDragonkin:FlameClaw+1","theDragonkin:FlameWard+1"],"picked":"SKIP","floor":48},{"not_picked":["theDragonkin:Smaugs_Smog","theDragonkin:Condemnation+1"],"picked":"theDragonkin:AshenArmor","floor":50}],"player_experience":544857,"relics_obtained":[{"floor":7.0,"key":"Gambling Chip"},{"floor":9.0,"key":"infinitespire:Golems Mask"},{"floor":10.0,"key":"Juzu Bracelet"},{"floor":23.0,"key":"Incense Burner"},{"floor":26.0,"key":"Dota2Spire:HandOfMidas"},{"floor":27.0,"key":"trackpad:Compendium"},{"floor":36.0,"key":"wanderingMiniBosses:CarrionFlame"},{"floor":42.0,"key":"halation:BlackBeret"},{"floor":43.0,"key":"Mummified Hand"},{"floor":47,"key":"trackpad:WindUpAutoDealer"}],"event_choices":[{"damage_healed":0.0,"max_hp_gain":0.0,"max_hp_loss":0.0,"gold_gain":0.0,"event_name":"betterThird:BetterScrap","player_choice":"Relic ","floor":2.0,"gold_loss":0.0,"damage_taken":3.0,"cards_obtained":["WreathOfFlame"]},{"damage_healed":0.0,"max_hp_gain":0.0,"max_hp_loss":0.0,"gold_gain":0.0,"event_name":"Upgrade Shrine","player_choice":"Upgraded","floor":3.0,"gold_loss":0.0,"damage_taken":0.0,"cards_upgraded":["theDragonkin:DivineBreath"]},{"damage_healed":0.0,"max_hp_gain":0.0,"max_hp_loss":0.0,"gold_gain":0.0,"event_name":"betterThird:BetterGoop","player_choice":"Slimed","floor":13.0,"gold_loss":34.0,"damage_taken":11.0},{"damage_healed":0.0,"max_hp_gain":0.0,"max_hp_loss":0.0,"gold_gain":0.0,"cards_transformed":["theDragonkin:GoldenFlames"],"event_name":"Transmorgrifier","player_choice":"Transformed","floor":31.0,"gold_loss":0.0,"damage_taken":0.0,"cards_obtained":["theDragonkin:Ravage"]},{"damage_healed":0.0,"max_hp_gain":0.0,"max_hp_loss":0.0,"gold_gain":0.0,"event_name":"SensoryStone","player_choice":"Memory 3","floor":44.0,"gold_loss":0.0,"damage_taken":10.0},{"damage_healed":0,"gold_gain":0,"player_choice":"Memory 1","damage_taken":0,"max_hp_gain":0,"max_hp_loss":0,"event_name":"SensoryStone","floor":47,"gold_loss":0}],"is_beta":false,"boss_relics":[{"not_picked":["Busted Crown","hubris:TerracottaHorce"],"picked":"theDragonkin:Sulfurian"},{"not_picked":["hubris:BlackHole","Sozu"],"picked":"trackpad:StolenKidneys"},{"not_picked":["Coffee Dripper","halation:CatFaceCupcake"],"picked":"Dota2Spire:Bloodstone"}],"items_purged_floors":[],"is_endless":true,"potions_floor_spawned":[1,4,7,14,18,23,24,28,35,38,39,42,47,48],"ascension_level":0}}