{"host":"mu5qkq7030l6349q","time":1613898319,"event":{"mods":["AchievementEnabler","BaseMod","Colored Powertips","Downfall","Highlight Path","Minty Spire (QoL Compilation)","Permanent Neow","Rare Cards Sparkle","StSLib"],"gold_per_floor":[349,366,378,398,51,51,51,69,96,108,143,161,181,66,85,185,185,85,96,107,119,130,155,155,105,121,121,121,121],"floor_reached":27,"language":"ENG","playtime":2294,"items_purged":["Slimebound:Strike_Slimebound","Regret"],"score":315,"play_id":"f2b7e63e-57da-4a3d-8ec3-711210ecdc40","local_time":"20210221100519","is_ascension_mode":true,"campfire_choices":[{"data":"Slimebound:Split","floor":1.0,"key":"SMITH"},{"data":"Slimebound:SelfFormingGoo","floor":18,"key":"SMITH"}],"circlet_count":0,"master_deck":["Slimebound:Strike_Slimebound","Slimebound:Strike_Slimebound","Slimebound:Tackle","Slimebound:Defend_Slimebound","Slimebound:Defend_Slimebound","Slimebound:Defend_Slimebound","Slimebound:Defend_Slimebound","Slimebound:Split+1","Slimebound:CorrosiveSpit","Slimebound:Schlurp","Slimebound:LeechingTouch","Slimebound:ComboTackle","Slimebound:DivideAndConquer","Slimebound:Repurpose","Slimebound:SlimeTap","Slimebound:ItLooksTasty","Slimebound:Repurpose","Slimebound:MassRepurpose","Slimebound:Repurpose","Slimebound:SplitMire","Slimebound:Replication","Slimebound:Nibble","Slimebound:SelfFormingGoo+1","Slimebound:Replication","Slimebound:LevelUp","Slimebound:LeadByExample","Slimebound:ServeAndProtect"],"relics":["Slimebound:AbsorbEndCombat","Slimebound:AggressiveSlimeRelic","Toy Ornithopter","Mummified Hand","PreservedInsect","Coffee Dripper","downfall:HeartBlessingBlue","Strawberry","Bag of Preparation"],"acts_visited":["Exordium","TheCity"],"potions_floor_usage":[16,16],"damage_taken":[{"damage":0.0,"enemies":"Cultist","floor":2.0,"turns":4.0},{"damage":0.0,"enemies":"Small Slimes","floor":3.0,"turns":3.0},{"damage":1.0,"enemies":"2 Louse","floor":4.0,"turns":3.0},{"damage":0.0,"enemies":"downfall:FleeingMerchant","floor":5.0,"turns":4.0},{"damage":17.0,"enemies":"Exordium Thugs","floor":8.0,"turns":3.0},{"damage":17.0,"enemies":"Gremlin Nob","floor":9.0,"turns":4.0},{"damage":1.0,"enemies":"downfall:LooterAlt","floor":10.0,"turns":3.0},{"damage":2.0,"enemies":"Lagavulin","floor":11.0,"turns":5.0},{"damage":6.0,"enemies":"Blue Slaver","floor":12.0,"turns":3.0},{"damage":13.0,"enemies":"3 Louse","floor":13.0,"turns":2.0},{"damage":14.0,"enemies":"downfall:FleeingMerchant","floor":14.0,"turns":4.0},{"damage":13.0,"enemies":"Exordium Thugs","floor":15.0,"turns":3.0},{"damage":31,"enemies":"WA_ARCHETYPE_RETAIN","floor":16,"turns":6},{"damage":18,"enemies":"Shell Parasite","floor":19,"turns":4},{"damage":0,"enemies":"Spheric Guardian","floor":20,"turns":3},{"damage":15,"enemies":"Centurion and Healer","floor":21,"turns":6},{"damage":31,"enemies":"Snecko","floor":22,"turns":5},{"damage":43,"enemies":"Slavers","floor":23,"turns":4},{"damage":35,"enemies":"Chosen and Byrds","floor":26,"turns":8},{"damage":36,"enemies":"Shelled Parasite and Fungi","floor":27,"turns":4}],"seed_played":"-5920345758683027380","potions_obtained":[{"floor":3.0,"key":"CultistPotion"},{"floor":8.0,"key":"SkillPotion"},{"floor":10.0,"key":"BlessingOfTheForge"},{"floor":15.0,"key":"Slimebound:SlimedPotion"},{"floor":19,"key":"FairyPotion"},{"floor":23,"key":"LiquidBronze"},{"floor":26,"key":"SteroidPotion"}],"is_trial":false,"path_per_floor":["R","M","M","M","$","?","T","M","E","M","E","M","M","$","M","B",null,"R","M","M","M","M","E","T","?","M","M"],"character_chosen":"SLIMEBOUND","items_purchased":["Slimebound:Repurpose","Slimebound:AggressiveSlimeRelic","Slimebound:SlimeTap"],"campfire_rested":0,"item_purchase_floors":[5,5,5],"current_hp_per_floor":[47,55,59,62,65,65,65,50,44,47,47,43,30,24,15,2,65,75,63,69,62,39,31,31,62,31,0,0,0],"gold":121,"neow_bonus":"TWO_FIFTY_GOLD","is_daily":false,"chose_seed":false,"campfire_upgraded":2,"win_rate":0.0,"timestamp":1613898319,"path_taken":["R","M","M","?","$","?","T","M","E","M","E","M","M","$","M","BOSS","R","M","M","M","M","E","T","?","M","M"],"items_purchased_type":["Card","Relic","Card"],"build_version":"2020-12-22","purchased_purges":2,"victory":false,"max_hp_per_floor":[65,65,65,65,65,65,65,65,65,65,65,65,65,65,65,65,65,75,75,75,75,75,82,82,82,82,82,82,82],"card_choices":[{"not_picked":["Slimebound:HauntingLick","Slimebound:RollThrough"],"picked":"Slimebound:Schlurp","floor":2.0},{"not_picked":["Slimebound:GoopSpray","Slimebound:ComboTackle"],"picked":"Slimebound:LeechingTouch","floor":3.0},{"not_picked":["Slimebound:HauntingLick","Slimebound:SplitAcid"],"picked":"Slimebound:ComboTackle","floor":4.0},{"not_picked":["Slimebound:LevelUp","Slimebound:SplitLeeching"],"picked":"Slimebound:DivideAndConquer","floor":5.0},{"not_picked":["Slimebound:GoopTackle","Slimebound:LeechingTouch"],"picked":"Slimebound:ItLooksTasty","floor":8.0},{"not_picked":["Slimebound:SplitLeeching","Slimebound:Prepare"],"picked":"Slimebound:Repurpose","floor":9.0},{"not_picked":["Slimebound:SlimeBarrage","Slimebound:ForwardTackle"],"picked":"Slimebound:MassRepurpose","floor":10.0},{"not_picked":["Slimebound:DivideAndConquer","Slimebound:Replication"],"picked":"Slimebound:Repurpose","floor":11.0},{"not_picked":["Slimebound:ItLooksTasty","Slimebound:SplitAcid"],"picked":"Slimebound:SplitMire","floor":12.0},{"not_picked":["Slimebound:GoopSpray","Slimebound:SplitAcid"],"picked":"Slimebound:Replication","floor":13.0},{"not_picked":["Slimebound:FormOfPuddle","Slimebound:ComboTackle"],"picked":"Slimebound:Nibble","floor":14.0},{"not_picked":["Slimebound:SlimeSpikes","Slimebound:LeechingTouch","Slimebound:Chomp"],"picked":"SKIP","floor":15.0},{"not_picked":["Slimebound:TagTeam","Slimebound:CheckThePlaybook"],"picked":"Slimebound:SelfFormingGoo","floor":16},{"not_picked":["Slimebound:Gluttony","Slimebound:SplitLeeching"],"picked":"Slimebound:Replication","floor":19},{"not_picked":["Slimebound:SplitBruiser+1","Slimebound:ItLooksTasty"],"picked":"Slimebound:LevelUp","floor":20},{"not_picked":["Slimebound:SamplingLick","Slimebound:ForwardTackle","Slimebound:GrowthPunch"],"picked":"SKIP","floor":21},{"not_picked":["Slimebound:Schlurp","Slimebound:SplitLeeching"],"picked":"Slimebound:LeadByExample","floor":22},{"not_picked":["Slimebound:Repurpose","Slimebound:GrowthPunch"],"picked":"Slimebound:ServeAndProtect","floor":23},{"not_picked":["Slimebound:RollThrough","Slimebound:LevelUp+1","Slimebound:LeechEnergy"],"picked":"SKIP","floor":26}],"player_experience":62135,"relics_obtained":[{"floor":9.0,"key":"Mummified Hand"},{"floor":11.0,"key":"PreservedInsect"},{"floor":23,"key":"Strawberry"},{"floor":24,"key":"Bag of Preparation"}],"event_choices":[{"damage_healed":0.0,"max_hp_gain":0.0,"max_hp_loss":0.0,"gold_gain":0.0,"event_name":"Big Fish","player_choice":"Box","floor":6.0,"gold_loss":0.0,"damage_taken":0.0,"relics_obtained":["Toy Ornithopter"],"cards_obtained":["Regret"]}],"is_beta":false,"boss_relics":[{"not_picked":["Sozu","Cursed Key"],"picked":"Coffee Dripper"}],"items_purged_floors":[5,14],"is_endless":false,"potions_floor_spawned":[3,8,10,15,19,23,26],"killed_by":"Shelled Parasite and Fungi","ascension_level":1}}