{"host":"72n3jwtrlpjobydj","time":1613886239,"event":{"mods":["AchievementEnabler","BaseMod","CapriCore","DeckTracker","Hermit","Koishi","KomeijiMod","Lobotomy","Marisa£¨Ùöéë¡¡Øª×âÞÞ£©","Minty Spire (QoL Compilation)","Permanent Neow","StSLib","SuperFastMode","The Cursed","The Hierophant","The Immortal"],"gold_per_floor":[118,64,64,24,44,75,75,92,92,21,21,41,52,66,66,162,162,175,24,37,52,65,65,97,97,97],"floor_reached":25,"language":"KOR","playtime":702,"items_purged":[],"score":236,"play_id":"1e8a1143-f824-4a20-bdec-e0473fe8bf4e","local_time":"20210221144359","is_ascension_mode":true,"campfire_choices":[{"floor":7,"key":"REST"},{"floor":15,"key":"REST"},{"floor":23,"key":"REST"}],"circlet_count":0,"master_deck":["Strike_G","Strike_G","Strike_G","Strike_G","Strike_G","Defend_G","Defend_G","Defend_G","Defend_G","Defend_G","Survivor","Neutralize","Poisoned Stab+1","Backflip","Bouncing Flask","Poisoned Stab","Burst","Corpse Explosion","Noxious Fumes","Poisoned Stab","Deflect","Backflip"],"relics":["Ring of the Snake","Lantern","Paper Crane","White Beast Statue","Sozu","Blood Vial","HornCleat"],"acts_visited":["Exordium","TheCity"],"potions_floor_usage":[6,8,14,16,16,24],"damage_taken":[{"damage":0,"enemies":"Small Slimes","floor":1,"turns":3},{"damage":0,"enemies":"2 Louse","floor":5,"turns":2},{"damage":42,"enemies":"Gremlin Nob","floor":6,"turns":5},{"damage":0,"enemies":"Cultist","floor":8,"turns":3},{"damage":2,"enemies":"Looter","floor":12,"turns":3},{"damage":0,"enemies":"Gremlin Gang","floor":13,"turns":1},{"damage":11,"enemies":"Exordium Thugs","floor":14,"turns":4},{"damage":29,"enemies":"Hexaghost","floor":16,"turns":7},{"damage":1,"enemies":"Chosen","floor":18,"turns":4},{"damage":20,"enemies":"Spheric Guardian","floor":20,"turns":4},{"damage":8,"enemies":"3 Cultists","floor":21,"turns":3},{"damage":29,"enemies":"Sentry and Sphere","floor":22,"turns":5},{"damage":39,"enemies":"Slavers","floor":24,"turns":3},{"damage":7,"enemies":"Cultist and Chosen","floor":25,"turns":4}],"seed_played":"8605966933150364836","potions_obtained":[{"floor":4,"key":"RedTea"},{"floor":4,"key":"SmokeBomb"},{"floor":4,"key":"LiquidBronze"},{"floor":6,"key":"AttackPotion"},{"floor":12,"key":"Ancient Potion"},{"floor":13,"key":"Weak Potion"},{"floor":14,"key":"Fire Potion"},{"floor":16,"key":"UndeadPotion"}],"is_trial":false,"path_per_floor":["M","$","?","?","M","E","R","M","T","$","?","M","M","M","R","B",null,"M","$","M","M","M","R","E","M"],"character_chosen":"THE_SILENT","items_purchased":["Poisoned Stab","Burst","Blood Vial"],"campfire_rested":3,"item_purchase_floors":[2,10,19],"current_hp_per_floor":[70,70,70,70,70,28,49,49,49,49,49,47,47,36,57,28,70,69,69,50,44,17,38,1,0,0],"gold":97,"neow_bonus":"RANDOM_COMMON_RELIC","is_daily":false,"chose_seed":false,"campfire_upgraded":0,"win_rate":0.0,"timestamp":1613886239,"path_taken":["M","$","?","?","?","E","R","M","T","$","?","M","M","M","R","BOSS","M","$","M","?","M","R","E","M"],"items_purchased_type":["Card","Card","Relic"],"build_version":"2020-12-22","purchased_purges":0,"victory":false,"max_hp_per_floor":[70,70,70,70,70,70,70,70,70,70,70,70,70,70,70,70,70,70,70,70,70,70,70,60,60,60],"card_choices":[{"not_picked":["Quick Slash","Masterful Stab","Slice"],"picked":"SKIP","floor":1},{"not_picked":["Dodge and Roll","Acrobatics"],"picked":"Backflip","floor":5},{"not_picked":["Deadly Poison","Cloak And Dagger"],"picked":"Bouncing Flask","floor":6},{"not_picked":["Finisher","Cloak And Dagger"],"picked":"Poisoned Stab","floor":8},{"not_picked":["Prepared","Dagger Throw"],"picked":"Corpse Explosion","floor":12},{"not_picked":["Deflect","Deadly Poison"],"picked":"Noxious Fumes","floor":13},{"not_picked":["Masterful Stab","Backstab"],"picked":"Poisoned Stab","floor":14},{"not_picked":["Underhanded Strike","Backflip+1"],"picked":"Deflect","floor":18},{"not_picked":["Dagger Throw","Blade Dance+1","Quick Slash"],"picked":"SKIP","floor":20},{"not_picked":["Acrobatics","Sucker Punch+1","Deflect"],"picked":"SKIP","floor":21},{"not_picked":["Dagger Throw","Quick Slash","Riddle With Holes"],"picked":"SKIP","floor":22},{"not_picked":["Well Laid Plans","Accuracy"],"picked":"Backflip","floor":24}],"player_experience":108682,"relics_obtained":[{"floor":6,"key":"Paper Crane"},{"floor":24,"key":"HornCleat"}],"event_choices":[{"damage_healed":0,"gold_gain":0,"player_choice":"Grow","damage_taken":0,"max_hp_gain":0,"max_hp_loss":0,"event_name":"Living Wall","floor":3,"gold_loss":0,"cards_upgraded":["Poisoned Stab"]},{"damage_healed":0,"gold_gain":0,"player_choice":"Bought 3 Potions","damage_taken":0,"max_hp_gain":0,"max_hp_loss":0,"event_name":"The Woman in Blue","floor":4,"gold_loss":0},{"damage_healed":0,"gold_gain":0,"player_choice":"Gave Potion","damage_taken":0,"relics_obtained":["White Beast Statue"],"max_hp_gain":0,"max_hp_loss":0,"event_name":"WeMeetAgain","floor":11,"gold_loss":0}],"is_beta":false,"boss_relics":[{"not_picked":["WristBlade","Coffee Dripper"],"picked":"Sozu"}],"items_purged_floors":[],"is_endless":false,"potions_floor_spawned":[6,12,13,14,16,18,20,21,22,24],"killed_by":"Cultist and Chosen","ascension_level":1}}