{"host":"oe9gxypwgcivaf0h","time":1613891127,"event":{"mods":["2.2 Compatiblity","AchievementEnabler","Act Like it!","AlwaysNeverKeys","Aspiration","BaseMod","Better Altar","Better Match","Better Note","Better Sensory Stone","Better Skull","Better Third Choice","BetterRewards","Block Reminder","Bossed Relics","Colored Map","Colored Powertips","Conspire","Curses Come First","Dark Map","DeckTracker","Defuse TimeMaze Blight","Energized Spire","GifTheSpireLib","Halation","Highlight Path","Hubris","Infinite Spire","Marked Mod","Minty Spire (QoL Compilation)","Permanent Neow","Quick Restart","Random Character Button","Rare Cards Sparkle","RatMod","Relic Filter","Relic Sorter","Relic Stats","Reliquary","Replay The Spire","Reworked Bosses","Shop Mod","Spikes Relics","StSLib","Stuff the Spire","SuperFastMode","Synergy Search","The Blackbeard","The Blue Laboratory","The Cursed","The Disciple","The Jungle","The Runesmith","The Sage","Uncapped","Unceasing Turn Reminder","UnlockEverythingMod","Waifu the Spire"],"gold_per_floor":[114,133,83,95,95,95,124,124,124,137,68,68,81,35,35,137,137,156,166,166,166,166,166],"floor_reached":21,"language":"ENG","playtime":915,"items_purged":[],"score":179,"play_id":"26d66d94-56a3-49a2-967e-f94c7bef4cfd","local_time":"20210221020527","is_ascension_mode":false,"campfire_choices":[{"floor":6,"key":"REST"},{"floor":12,"key":"REST"},{"floor":15,"key":"DIG"}],"circlet_count":0,"master_deck":["blackbeard:BlackbeardStrike","blackbeard:BlackbeardStrike","blackbeard:BlackbeardStrike","blackbeard:IntimidatingStrike","blackbeard:BlackbeardDefend","blackbeard:BlackbeardDefend","blackbeard:BlackbeardDefend+1","blackbeard:BlackbeardDefend+1","blackbeard:Cutlass","blackbeard:Dagger","blackbeard:BeatUp","blackbeard:SwordDance","blackbeard:BrownPants","blackbeard:PowderKeg","blackbeard:CannonBarrage","blackbeard:CatONineTails","blackbeard:Dagger","blackbeard:Halberd","blackbeard:GoldenStrike","blackbeard:CloakAndCannonball","Replay:Fractal Strike"],"relics":["blackbeard:LoadTheCannons","aspiration:Nostalgia","Replay:M_SmolderingBlood","infinitespire:Eraser","Empty Cage","reliquary:RedPaperclip","reliquary:RosewoodLute"],"acts_visited":["Exordium","TheCity"],"potions_floor_usage":[7,16,16],"damage_taken":[{"damage":6,"enemies":"Jaw Worm","floor":1,"turns":3},{"damage":0,"enemies":"Cultist","floor":2,"turns":3},{"damage":3,"enemies":"Small Slimes","floor":4,"turns":3},{"damage":23,"enemies":"3 Sentries","floor":7,"turns":9},{"damage":25,"enemies":"Exordium Thugs","floor":10,"turns":4},{"damage":0,"enemies":"Large Slime","floor":13,"turns":4},{"damage":9,"enemies":"Slime Boss","floor":16,"turns":9},{"damage":16,"enemies":"conspire:FuzzyDice","floor":18,"turns":8},{"damage":23,"enemies":"Shell Parasite","floor":19,"turns":4},{"damage":46,"enemies":"Shelled Parasite and Fungi","floor":21,"turns":3}],"seed_played":"-7688194121899005963","potions_obtained":[{"floor":2,"key":"LifebloodPotion"},{"floor":4,"key":"Adrenaline Potion"},{"floor":13,"key":"blueLaboratory:PhilterOfMotion"}],"is_trial":false,"path_per_floor":["M","M","$","M","?","R","E","?","T","M","$","R","M","$","R_BF","B",null,"M","M","AVR","M"],"character_chosen":"BLACKBEARD_CLASS","items_purchased":["blackbeard:SwordDance","blackbeard:CannonBarrage","blackbeard:Dagger"],"campfire_rested":2,"item_purchase_floors":[3,11,14],"current_hp_per_floor":[69,69,69,66,66,75,52,52,52,27,27,49,49,49,49,40,75,59,36,36,0,0,0],"gold":166,"neow_bonus":"NOSTALGIA","is_daily":false,"chose_seed":false,"campfire_upgraded":0,"win_rate":0.0,"timestamp":1613891127,"path_taken":["M","M","$","M","?","R","E","?","T","?","$","R","M","$","R_BF","BOSS","M","M","AVR","M"],"items_purchased_type":["Card","Card","Card"],"build_version":"2020-12-22","purchased_purges":0,"victory":false,"max_hp_per_floor":[75,75,75,75,75,75,75,75,75,75,75,75,75,75,75,75,75,75,75,75,75,75,75],"relic_stats":{"counters":[10,50],"obtain_stats":[{"reliquary:RedPaperclip":20,"aspiration:Nostalgia":0,"Replay:M_SmolderingBlood":0,"blackbeard:LoadTheCannons":0,"War Paint":7,"infinitespire:Eraser":9,"reliquary:RosewoodLute":20,"halation:SelfBoilingWater":15,"Empty Cage":17},{"reliquary:RedPaperclip":9,"aspiration:Nostalgia":0,"Replay:M_SmolderingBlood":0,"blackbeard:LoadTheCannons":0,"War Paint":4,"infinitespire:Eraser":4,"reliquary:RosewoodLute":9,"halation:SelfBoilingWater":6,"Empty Cage":7},{"reliquary:RedPaperclip":47,"aspiration:Nostalgia":0,"Replay:M_SmolderingBlood":0,"blackbeard:LoadTheCannons":0,"War Paint":18,"infinitespire:Eraser":18,"reliquary:RosewoodLute":47,"halation:SelfBoilingWater":26,"Empty Cage":35}]},"card_choices":[{"not_picked":["blackbeard:DangerousBlow","blackbeard:Bandana"],"picked":"blackbeard:Dagger","floor":1},{"not_picked":["blackbeard:PiratesWill","blackbeard:BlindAttacks"],"picked":"blackbeard:BeatUp","floor":2},{"not_picked":["Halt","blackbeard:Shrapnel"],"picked":"blackbeard:BrownPants","floor":4},{"not_picked":["FollowUp","blackbeard:WoodenLeg"],"picked":"blackbeard:PowderKeg","floor":7},{"not_picked":["CrushJoints","Carnage"],"picked":"blackbeard:PirateEarring","floor":10},{"not_picked":["Crescendo","blackbeard:FishingNets"],"picked":"blackbeard:CatONineTails","floor":13},{"not_picked":["Bludgeon","Feed"],"picked":"blackbeard:Halberd","floor":16},{"not_picked":["blackbeard:GoldenDefense+1","blackbeard:FieryDefense"],"picked":"blackbeard:GoldenStrike","floor":18},{"not_picked":["blackbeard:PiratesWill","blackbeard:Spear"],"picked":"blackbeard:CloakAndCannonball","floor":19}],"player_experience":116868,"relics_obtained":[{"floor":7,"key":"War Paint"},{"floor":9,"key":"infinitespire:Eraser"},{"floor":15,"key":"halation:SelfBoilingWater"}],"event_choices":[{"damage_healed":0,"gold_gain":0,"player_choice":"Ignored","damage_taken":0,"max_hp_gain":0,"max_hp_loss":0,"event_name":"Golden Wing","floor":5,"gold_loss":0},{"damage_healed":0,"gold_gain":0,"player_choice":"Ignored","damage_taken":0,"max_hp_gain":0,"max_hp_loss":0,"event_name":"Purifier","floor":8,"gold_loss":0}],"is_beta":false,"boss_relics":[{"not_picked":["Kintsugi","Cursed Key"],"picked":"Empty Cage"}],"items_purged_floors":[],"is_endless":false,"potions_floor_spawned":[2,4,13],"killed_by":"Shelled Parasite and Fungi","ascension_level":0}}