{"host":"bakf0s4odzu8z5xt","time":1613877189,"event":{"mods":["2.2 Compatiblity","BaseMod","Downfall","Friendly Minions","Minty Spire (QoL Compilation)","StSLib"],"gold_per_floor":[199,218,230,244,308,308,308,308,308,342,15,27,44,55,75,75,75,75],"floor_reached":16,"language":"ENG","playtime":1113,"items_purged":["champ:Strike"],"score":125,"play_id":"229a9bae-b407-425d-997a-2f2226619e1b","local_time":"20210220211309","is_ascension_mode":true,"campfire_choices":[{"data":"champ:Taunt","floor":1,"key":"SMITH"},{"data":"champ:ShieldWall","floor":6,"key":"SMITH"},{"floor":9,"key":"REST"}],"circlet_count":0,"master_deck":["champ:Strike","champ:Strike","champ:Strike","champ:Defend","champ:Defend","champ:Defend","champ:Defend","champ:Execute","champ:Taunt+1","champ:PreemptiveStrike","champ:ShieldWall+1","champ:ShieldSigil","champ:FlashCut","champ:TripleStrike","champ:TornadoPunch","champ:SetATrap","champ:ArenaPreparation","champ:BringItOn","champ:FlashCut","champ:DefensiveShout"],"relics":["champ:ChampionCrown","Orichalcum","Bottled Tornado","Shuriken","Medical Kit"],"acts_visited":["Exordium"],"potions_floor_usage":[5],"damage_taken":[{"damage":20,"enemies":"Jaw Worm","floor":2,"turns":4},{"damage":20,"enemies":"Cultist","floor":3,"turns":4},{"damage":6,"enemies":"2 Louse","floor":4,"turns":4},{"damage":70,"enemies":"Gremlin Nob","floor":5,"turns":6},{"damage":33,"enemies":"Gremlin Nob","floor":10,"turns":5},{"damage":10,"enemies":"downfall:FleeingMerchant","floor":11,"turns":4},{"damage":17,"enemies":"Blue Slaver","floor":12,"turns":3},{"damage":12,"enemies":"2 Fungi Beasts","floor":13,"turns":3},{"damage":14,"enemies":"3 Louse","floor":14,"turns":2},{"damage":16,"enemies":"Exordium Thugs","floor":15,"turns":4},{"damage":19,"enemies":"IC_STATUS_ARCHETYPE","floor":16,"turns":2}],"seed_played":"-494683116734508414","potions_obtained":[{"floor":4,"key":"BlessingOfTheForge"},{"floor":14,"key":"champ:TechniquePotion"},{"floor":15,"key":"FearPotion"}],"is_trial":false,"path_per_floor":["R","M","M","M","?","R","T","?","R","E","$","M","M","M","M","B"],"character_chosen":"THE_CHAMP","items_purchased":["champ:TornadoPunch","champ:SetATrap","Medical Kit"],"campfire_rested":1,"item_purchase_floors":[11,11,11],"current_hp_per_floor":[90,90,90,84,34,34,34,34,61,38,38,31,24,20,19,0,0,0],"gold":75,"neow_bonus":"HUNDRED_GOLD","is_daily":false,"chose_seed":false,"campfire_upgraded":2,"win_rate":0.0,"timestamp":1613877189,"path_taken":["R","M","M","M","?","R","T","?","R","E","$","M","M","?","M","BOSS"],"items_purchased_type":["Card","Card","Relic"],"build_version":"2020-12-22","purchased_purges":1,"victory":false,"max_hp_per_floor":[90,90,90,90,90,90,90,90,90,90,90,90,90,90,90,90,90,90],"card_choices":[{"not_picked":["champ:GutPunch","champ:EnGarde"],"picked":"champ:PreemptiveStrike","floor":2},{"not_picked":["champ:GutPunch","champ:RecklessLeap"],"picked":"champ:ShieldWall","floor":3},{"not_picked":["champ:Haymaker","champ:AdrenalArmor","champ:CrownThrow"],"picked":"SKIP","floor":4},{"not_picked":["champ:Shatter","champ:Haymaker"],"picked":"champ:ShieldSigil","floor":5},{"not_picked":["champ:CrownThrow","champ:PreciseThrust"],"picked":"champ:FlashCut","floor":10},{"not_picked":["champ:RecklessLeap","champ:ShieldSlam"],"picked":"champ:TripleStrike","floor":11},{"not_picked":["champ:SkillfulDodge","champ:ViciousMockery"],"picked":"champ:ArenaPreparation","floor":12},{"not_picked":["champ:BladeFlurry","champ:BerserkerStyle"],"picked":"champ:BringItOn","floor":13},{"not_picked":["champ:AdrenalArmor","champ:FanOfKnives"],"picked":"champ:FlashCut","floor":14},{"not_picked":["champ:CrownThrow","champ:EnGarde"],"picked":"champ:DefensiveShout","floor":15}],"player_experience":2247081,"relics_obtained":[{"floor":7,"key":"Bottled Tornado"},{"floor":10,"key":"Shuriken"}],"event_choices":[],"is_beta":false,"boss_relics":[],"items_purged_floors":[11],"is_endless":false,"potions_floor_spawned":[4,14,15],"killed_by":"IC_STATUS_ARCHETYPE","ascension_level":4}}