{"host":"8vqkh0x3c7vpgzzm","time":1613945111,"event":{"mods":["AchievementEnabler","BaseMod","Colored Map","Colored Powertips","Curses Come First","DeckTracker","Highlight Path","Minty Spire (QoL Compilation)","Permanent Neow","Quick Restart","Random Character Mod","Rare Cards Sparkle","Relic Sorter","Relic Stats","StSLib","SuperFastMode","Unceasing Turn Reminder","egg","everything is the same but u backflip on backflip"],"gold_per_floor":[111,111,123,123,85,85,120,120,120,120,120,47,72,111,111,207,207,220,220,238,5,43,43,43,84,84,84,84,115,165,198,198,287,287,310,10,10,10,10,10,10,10,55,55,55,90,121,165,165,165,165,165,24,55,55],"floor_reached":56,"language":"ENG","playtime":2951,"items_purged":["Strike_G","Strike_G"],"score":2134,"play_id":"853919a9-e8a1-403d-ad64-a9cf328f2afc","local_time":"20210221230511","daily_mods":["Heirloom","Flight"],"is_ascension_mode":true,"campfire_choices":[{"data":"Neutralize","floor":6,"key":"SMITH"},{"data":"Spot Weakness","floor":8,"key":"SMITH"},{"data":"Predator","floor":10,"key":"SMITH"},{"data":"Quick Slash","floor":11,"key":"SMITH"},{"data":"Double Tap","floor":15,"key":"SMITH"},{"data":"Beam Cell","floor":23,"key":"SMITH"},{"data":"After Image","floor":24,"key":"SMITH"},{"data":"Adrenaline","floor":27,"key":"SMITH"},{"data":"Footwork","floor":28,"key":"SMITH"},{"data":"Heavy Blade","floor":32,"key":"SMITH"},{"data":"Envenom","floor":40,"key":"SMITH"},{"data":"Leg Sweep","floor":41,"key":"SMITH"},{"data":"Echo Form","floor":42,"key":"SMITH"},{"data":"Blur","floor":44,"key":"SMITH"},{"data":"Wireheading","floor":45,"key":"SMITH"},{"data":"Rage","floor":49,"key":"SMITH"},{"data":"Protect","floor":52,"key":"SMITH"}],"circlet_count":0,"master_deck":["AscendersBane","Strike_G+1","Defend_G","Defend_G","Defend_G","Defend_G","Defend_G","Survivor+1","Neutralize+1","Feel No Pain","Quick Slash+1","Predator+1","Spot Weakness+1","Footwork+1","Heavy Blade+1","Double Tap+1","Adrenaline+1","Escape Plan","Sucker Punch+1","After Image+1","Beam Cell+1","Wireheading+1","Echo Form+1","Envenom+1","Blur+1","Leg Sweep+1","Protect+1","Rage+1","ThirdEye+1","Footwork"],"relics":["Ring of the Snake","Incense Burner","PrismaticShard","Golden Idol","Lantern","Pear","TungstenRod","Coffee Dripper","Membership Card","Red Mask","Question Card","Eternal Feather","Vajra","Oddly Smooth Stone","Busted Crown","Strange Spoon","Bag of Preparation","Mango","Centennial Puzzle","StrikeDummy","Potion Belt","CaptainsWheel","Toy Ornithopter"],"acts_visited":["Exordium","TheCity","TheBeyond","TheEnding"],"potions_floor_usage":[7,16,22,55],"damage_taken":[{"damage":1,"enemies":"2 Louse","floor":1,"turns":3},{"damage":6,"enemies":"Cultist","floor":3,"turns":5},{"damage":11,"enemies":"3 Sentries","floor":7,"turns":8},{"damage":0,"enemies":"Jaw Worm","floor":13,"turns":3},{"damage":2,"enemies":"Lagavulin","floor":14,"turns":7},{"damage":18,"enemies":"The Guardian","floor":16,"turns":9},{"damage":0,"enemies":"2 Thieves","floor":18,"turns":3},{"damage":0,"enemies":"Chosen","floor":20,"turns":3},{"damage":3,"enemies":"Masked Bandits","floor":22,"turns":5},{"damage":1,"enemies":"Gremlin Leader","floor":25,"turns":5},{"damage":9,"enemies":"Book of Stabbing","floor":29,"turns":4},{"damage":2,"enemies":"Gremlin Leader","floor":31,"turns":5},{"damage":19,"enemies":"Collector","floor":33,"turns":8},{"damage":1,"enemies":"3 Darklings","floor":35,"turns":5},{"damage":0,"enemies":"Nemesis","floor":46,"turns":5},{"damage":1,"enemies":"Reptomancer","floor":47,"turns":7},{"damage":0,"enemies":"Nemesis","floor":48,"turns":7},{"damage":13,"enemies":"Time Eater","floor":50,"turns":8},{"damage":0,"enemies":"Shield and Spear","floor":54,"turns":7},{"damage":25,"enemies":"The Heart","floor":55,"turns":9}],"seed_played":"5525905015190915979","potions_obtained":[{"floor":3,"key":"Strength Potion"},{"floor":14,"key":"Dexterity Potion"},{"floor":20,"key":"FearPotion"},{"floor":25,"key":"Ancient Potion"},{"floor":33,"key":"EssenceOfSteel"},{"floor":35,"key":"PowerPotion"},{"floor":48,"key":"FearPotion"}],"is_trial":true,"path_per_floor":["M","?","M","?","$","R","E","R","T","R","R","$","M","E","R","B",null,"M","?","M","$","?","R","R","E","T","R","R","E","?","E","R","B",null,"M","$","?","?","?","R","R","R","T","R","R","E","E","E","R","B",null,"R","$","E","B",null],"character_chosen":"THE_SILENT","items_purchased":["Predator","Footwork","Membership Card","After Image","Envenom","Strange Spoon","Bag of Preparation","Blur","Leg Sweep","Footwork","FairyPotion"],"campfire_rested":0,"item_purchase_floors":[5,12,21,21,36,36,36,36,36,53,53],"current_hp_per_floor":[58,38,32,32,32,32,21,21,31,31,31,31,31,29,29,11,55,55,55,55,55,52,52,52,51,51,63,70,61,61,59,70,51,65,64,64,64,64,78,80,80,80,80,80,80,80,79,79,80,67,77,80,80,80,55],"gold":55,"neow_bonus":"","is_daily":false,"chose_seed":false,"campfire_upgraded":17,"win_rate":0.0,"timestamp":1613945111,"path_taken":["M","?","M","?","$","R","E","R","T","R","R","$","M","E","R","BOSS","M","?","?","$","?","R","R","E","T","R","R","E","?","E","R","BOSS","M","$","?","?","?","R","R","R","T","R","R","E","E","E","R","BOSS","R","$","E","BOSS"],"items_purchased_type":["Card","Card","Relic","Card","Card","Relic","Relic","Card","Card","Card","Potion"],"build_version":"2020-12-22","purchased_purges":2,"victory":true,"max_hp_per_floor":[66,66,66,60,60,60,60,60,70,70,70,70,70,70,70,70,70,70,70,70,70,70,70,70,70,70,70,70,70,70,70,70,70,70,70,70,66,66,80,80,80,80,80,80,80,80,80,80,80,80,80,80,80,80,80],"relic_stats":{"Strange Spoon":[10],"Centennial Puzzle":[9],"Busted Crown":10,"counters":[20,116],"Golden Idol":163,"Eternal Feather":36,"Bag of Preparation":[12],"Question Card":8,"obtain_stats":[{"Potion Belt":47,"Lantern":7,"Pear":9,"Golden Idol":4,"Vajra":29,"Oddly Smooth Stone":31,"Eternal Feather":26,"Mango":39,"Incense Burner":0,"Bag of Preparation":36,"PrismaticShard":0,"Question Card":25,"Strange Spoon":36,"Centennial Puzzle":43,"CaptainsWheel":48,"Busted Crown":34,"Coffee Dripper":17,"Red Mask":22,"Membership Card":21,"StrikeDummy":46,"TungstenRod":14,"Toy Ornithopter":54,"Ring of the Snake":0},{"Potion Belt":16,"Lantern":3,"Pear":3,"Golden Idol":2,"Vajra":11,"Oddly Smooth Stone":12,"Eternal Feather":10,"Mango":14,"Incense Burner":0,"Bag of Preparation":14,"PrismaticShard":0,"Question Card":10,"Strange Spoon":14,"Centennial Puzzle":14,"CaptainsWheel":17,"Busted Crown":13,"Coffee Dripper":6,"Red Mask":9,"Membership Card":8,"StrikeDummy":15,"TungstenRod":5,"Toy Ornithopter":19,"Ring of the Snake":0},{"Potion Belt":85,"Lantern":16,"Pear":16,"Golden Idol":8,"Vajra":55,"Oddly Smooth Stone":60,"Eternal Feather":51,"Mango":73,"Incense Burner":0,"Bag of Preparation":73,"PrismaticShard":0,"Question Card":51,"Strange Spoon":73,"Centennial Puzzle":73,"CaptainsWheel":92,"Busted Crown":68,"Coffee Dripper":35,"Red Mask":46,"Membership Card":41,"StrikeDummy":78,"TungstenRod":26,"Toy Ornithopter":107,"Ring of the Snake":0}],"TungstenRod":26,"Toy Ornithopter":0,"Ring of the Snake":[40]},"card_choices":[{"not_picked":["Clothesline","Go for the Eyes"],"picked":"Feel No Pain","floor":1},{"not_picked":["Poisoned Stab","Outmaneuver"],"picked":"Quick Slash","floor":3},{"not_picked":["MentalFortress","Blur"],"picked":"Spot Weakness","floor":7},{"not_picked":["Iron Wave","Lockon"],"picked":"Heavy Blade","floor":13},{"not_picked":["EmptyBody","Anger"],"picked":"Double Tap","floor":14},{"not_picked":["Bullet Time","Secret Technique"],"picked":"Adrenaline","floor":16},{"not_picked":["Anger","PathToVictory","Bouncing Flask"],"picked":"SKIP","floor":18},{"not_picked":["Deadly Poison","Perfected Strike"],"picked":"Sucker Punch+1","floor":20},{"not_picked":["Pommel Strike","Infinite Blades"],"picked":"Beam Cell","floor":22},{"not_picked":["Flying Knee","Iron Wave","Enlightenment"],"picked":"SKIP","floor":25},{"not_picked":["Crescendo","Forethought","Bane"],"picked":"Wireheading","floor":29},{"not_picked":["Warcry","SashWhip","EmptyBody","Twin Strike"],"picked":"SKIP","floor":31},{"not_picked":["Secret Weapon","Multi-Cast","Glass Knife"],"picked":"Echo Form","floor":33},{"not_picked":["Dagger Throw","Good Instincts"],"picked":"SKIP","floor":35},{"not_picked":["Compile Driver"],"picked":"Protect","floor":46},{"not_picked":["EmptyBody"],"picked":"Rage","floor":47},{"not_picked":["CrushJoints"],"picked":"ThirdEye+1","floor":48},{"not_picked":["Melter","Outmaneuver"],"picked":"SKIP","floor":54}],"player_experience":602121,"relics_obtained":[{"floor":7,"key":"Lantern"},{"floor":9,"key":"Pear"},{"floor":14,"key":"TungstenRod"},{"floor":22,"key":"Red Mask"},{"floor":25,"key":"Question Card"},{"floor":26,"key":"Eternal Feather"},{"floor":29,"key":"Vajra"},{"floor":31,"key":"Oddly Smooth Stone"},{"floor":43,"key":"Centennial Puzzle"},{"floor":46,"key":"StrikeDummy"},{"floor":47,"key":"Potion Belt"},{"floor":48,"key":"CaptainsWheel"},{"floor":54,"key":"Toy Ornithopter"}],"event_choices":[{"damage_healed":0,"gold_gain":0,"player_choice":"Entered Light","damage_taken":20,"max_hp_gain":0,"max_hp_loss":0,"event_name":"Shining Light","floor":2,"gold_loss":0,"cards_upgraded":["Strike_G","Survivor"]},{"damage_healed":0,"gold_gain":0,"player_choice":"Lose Max HP","damage_taken":0,"relics_obtained":["Golden Idol"],"max_hp_gain":0,"max_hp_loss":6,"event_name":"Golden Idol","floor":4,"gold_loss":0},{"damage_healed":0,"gold_gain":0,"cards_transformed":["Strike_G"],"player_choice":"Transformed","damage_taken":0,"max_hp_gain":0,"max_hp_loss":0,"event_name":"Transmorgrifier","floor":19,"gold_loss":0,"cards_obtained":["Escape Plan"]},{"damage_healed":0,"gold_gain":0,"player_choice":"Fought Bandits","damage_taken":0,"max_hp_gain":0,"max_hp_loss":0,"event_name":"Masked Bandits","floor":22,"gold_loss":0},{"damage_healed":0,"gold_gain":50,"player_choice":"Stole From Cult","damage_taken":0,"max_hp_gain":0,"max_hp_loss":0,"event_name":"Nest","floor":30,"gold_loss":0},{"damage_healed":0,"gold_gain":0,"player_choice":"Max HP","damage_taken":0,"max_hp_gain":0,"max_hp_loss":4,"event_name":"Winding Halls","floor":37,"gold_loss":0},{"cards_removed":["Strike_G"],"damage_healed":0,"gold_gain":0,"player_choice":"Removed Attack","damage_taken":0,"max_hp_gain":0,"max_hp_loss":0,"event_name":"Falling","floor":38,"gold_loss":0},{"damage_healed":0,"gold_gain":0,"player_choice":"Gave Potion","damage_taken":0,"relics_obtained":["Mango"],"max_hp_gain":0,"max_hp_loss":0,"event_name":"WeMeetAgain","floor":39,"gold_loss":0}],"is_beta":false,"boss_relics":[{"not_picked":["SacredBark","WristBlade"],"picked":"Coffee Dripper"},{"not_picked":["Fusion Hammer","Snecko Eye"],"picked":"Busted Crown"}],"items_purged_floors":[36,53],"is_endless":false,"potions_floor_spawned":[3,14,20,25,33,35,48],"ascension_level":15}}