{"host":"kw4o7b3ro2ktmmbe","time":1613909577,"event":{"mods":["100% Spire Juice","BaseMod","Bossed Relics","Energized Spire","Evolution","Minty Spire (QoL Compilation)","StSLib"],"gold_per_floor":[110,110,130,85,85,85,85,101,101,101,26,26,54,77,89,176,188,100,130,142,34,63,75,87,99,111,123,145,157,49,91,103,72,84,113,125,191,528,552,592,618,630,642,654,217,217,217,217,217,217],"floor_reached":51,"language":"ENG","playtime":3355,"items_purged":["Pain"],"score":1123,"play_id":"35cb371d-2bf3-4a36-ac9e-7a59e3bc55c1","local_time":"20210222011257","is_ascension_mode":true,"campfire_choices":[{"data":"Moonworks:CloudOfSeagulls","floor":6.0,"key":"SMITH"},{"floor":12.0,"key":"REST"},{"floor":15.0,"key":"REST"},{"data":"Moonworks:AnotherUltimateWeapon","floor":23.0,"key":"SMITH"},{"data":"Moonworks:Dinner","floor":25.0,"key":"SMITH"},{"data":"Moonworks:JonathanRush","floor":30.0,"key":"SMITH"},{"data":"Moonworks:MiracleWalker","floor":32.0,"key":"SMITH"},{"data":"Moonworks:Accelerator","floor":44,"key":"SMITH"},{"data":"Moonworks:RedAndBlue","floor":47,"key":"SMITH"},{"floor":49,"key":"REST"}],"circlet_count":0,"master_deck":["AscendersBane","Moonworks:Assault","Moonworks:Strike+1","Moonworks:Defend+1","Moonworks:Defend+1","Moonworks:Defend+1","Moonworks:Defend+1","Moonworks:Ambush","Moonworks:LongDistanceShot","Moonworks:CloudOfSeagulls+1","Moonworks:TreasureThief","Moonworks:JonathanRush+1","Moonworks:NicePresent","Moonworks:AnotherUltimateWeapon+1","Moonworks:Dinner+1","Moonworks:RedAndBlue+1","Moonworks:WindyEnchantment","Moonworks:MiracleWalker+1","Moonworks:RagingMadness+1","Moonworks:Accelerator+1","Moonworks:MiracleRedBeanIceCream","Moonworks:WindyEnchantment+1","Moonworks:ExtendedPhotonRifle+1","Moonworks:NicePresent","Moonworks:TacticalRetreat+1","Madness","Madness"],"relics":["Moonworks:BrokenBomb","Moonworks:Homemark","EVO:Axolotl","WarpedTongs","Incense Burner","Regal Pillow","MawBank","energizedSpire:RedRose","Orichalcum","Meat on the Bone","Art of War","energizedSpire:SpiderWeb","Gambling Chip","Old Coin","Smiling Mask","Prayer Wheel","Happy Flower","Unceasing Top","Question Card"],"acts_visited":["Exordium","TheCity","TheBeyond"],"potions_floor_usage":[33,39],"damage_taken":[{"damage":4.0,"enemies":"Jaw Worm","floor":1.0,"turns":5.0},{"damage":9.0,"enemies":"2 Louse","floor":3.0,"turns":2.0},{"damage":14.0,"enemies":"Small Slimes","floor":8.0,"turns":5.0},{"damage":2.0,"enemies":"Lagavulin","floor":13.0,"turns":7.0},{"damage":39.0,"enemies":"The Guardian","floor":16.0,"turns":9.0},{"damage":5.0,"enemies":"2 Thieves","floor":18.0,"turns":4.0},{"damage":7.0,"enemies":"3 Byrds","floor":19.0,"turns":5.0},{"damage":15.0,"enemies":"3 Cultists","floor":22.0,"turns":5.0},{"damage":5.0,"enemies":"Cultist and Chosen","floor":28.0,"turns":5.0},{"damage":9.0,"enemies":"Gremlin Leader","floor":31.0,"turns":5.0},{"damage":18,"enemies":"Collector","floor":33,"turns":6},{"damage":12,"enemies":"3 Darklings","floor":35,"turns":4},{"damage":31,"enemies":"2 Orb Walkers","floor":37,"turns":5},{"damage":27,"enemies":"Mind Bloom Boss Battle","floor":38,"turns":4},{"damage":12,"enemies":"Orb Walker","floor":39,"turns":5},{"damage":13,"enemies":"Reptomancer","floor":40,"turns":4},{"damage":12,"enemies":"Spire Growth","floor":41,"turns":3},{"damage":8,"enemies":"Time Eater","floor":50,"turns":6}],"seed_played":"-3961269223572695231","potions_obtained":[{"floor":3.0,"key":"ColorlessPotion"},{"floor":13.0,"key":"Ancient Potion"},{"floor":22.0,"key":"Dexterity Potion"},{"floor":33,"key":"FairyPotion"},{"floor":38,"key":"Block Potion"},{"floor":39,"key":"PowerPotion"}],"is_trial":false,"path_per_floor":["M","?","M","?","?","R","?","M","T","?","$","R","E","T","R","B",null,"M","M","$","T","M","R","?","R","T","$","M","$","R","E","R","B",null,"M","?","?","?","M","E","M","?","T","R","$","T","R","?","R","B",null],"character_chosen":"THE_STARBREAKER","items_purchased":["Happy Flower","Unceasing Top"],"campfire_rested":3,"item_purchase_floors":[45,45],"current_hp_per_floor":[56,61,52,41,34,34,34,20,20,6,6,27,25,25,61,22,59,54,53,53,53,45,45,45,45,45,45,50,50,50,50,50,39,63,58,58,39,31,40,36,41,32,32,32,32,32,32,32,68,65],"gold":217,"neow_bonus":"TEN_PERCENT_HP_BONUS","is_daily":false,"chose_seed":false,"campfire_upgraded":7,"win_rate":0.0,"timestamp":1613909577,"path_taken":["M","?","M","?","?","R","?","?","T","?","$","R","E","?","R","BOSS","M","?","$","?","M","R","?","R","T","?","?","$","R","E","R","BOSS","M","?","?","?","M","E","M","?","T","R","?","?","R","?","R","BOSS"],"items_purchased_type":["Relic","Relic"],"build_version":"2020-12-22","purchased_purges":1,"victory":true,"max_hp_per_floor":[66,71,71,71,71,71,71,71,71,71,71,71,71,71,71,71,71,71,71,71,71,71,71,71,71,71,71,71,71,71,71,71,71,71,71,71,71,71,71,71,71,71,71,71,71,71,71,71,71,71],"card_choices":[{"not_picked":["Moonworks:Bloodlust","Moonworks:Assault"],"picked":"Moonworks:CloudOfSeagulls","floor":1.0},{"not_picked":["Moonworks:SakisCookie","Moonworks:ForcedRevival"],"picked":"Moonworks:TreasureThief","floor":3.0},{"not_picked":["Moonworks:EvilSpyWorkPreparation","Moonworks:ReproductionOfRecords"],"picked":"Moonworks:JonathanRush","floor":8.0},{"not_picked":["Moonworks:ImOnFire","Moonworks:EvilSpyWorkPreparation"],"picked":"Moonworks:NicePresent","floor":13.0},{"not_picked":["Moonworks:FinalBattle","Moonworks:MeltingMemories"],"picked":"Moonworks:AnotherUltimateWeapon","floor":16.0},{"not_picked":["Moonworks:FullSpeedAlicianrone","Moonworks:ImmovableObject"],"picked":"Moonworks:Dinner","floor":18.0},{"not_picked":["Moonworks:IntelligenceOfficer","Moonworks:IndiscriminateFireSupport"],"picked":"Moonworks:RedAndBlue","floor":19.0},{"not_picked":["Moonworks:LuckyCharm","Moonworks:AwakeningOfTalent"],"picked":"Moonworks:WindyEnchantment","floor":22.0},{"not_picked":["Moonworks:Assault","Moonworks:IndiscriminateFireSupport"],"picked":"Moonworks:MiracleWalker","floor":28.0},{"not_picked":["Moonworks:BigMagnum","Moonworks:LuckyCharm"],"picked":"Moonworks:RagingMadness+1","floor":31.0},{"not_picked":["Moonworks:SinkOrSwim","Moonworks:GoAway"],"picked":"Moonworks:Accelerator","floor":33},{"not_picked":["Moonworks:BigMagnum+1","Moonworks:LulusLuckyEgg"],"picked":"Moonworks:MiracleRedBeanIceCream","floor":35},{"not_picked":["Moonworks:JonathanRush","Moonworks:BigMagnum"],"picked":"Moonworks:WindyEnchantment+1","floor":37},{"not_picked":["Moonworks:BigMagnum","Moonworks:ImOnFire"],"picked":"Moonworks:ExtendedPhotonRifle+1","floor":38},{"not_picked":["Moonworks:IndiscriminateFireSupport","Moonworks:BigMagnum","Moonworks:RocketCannon"],"picked":"SKIP","floor":39},{"not_picked":["Moonworks:DeployBits+1","Moonworks:AngelHand"],"picked":"Moonworks:NicePresent","floor":40},{"not_picked":["Moonworks:DeployBits","Moonworks:NicePresent"],"picked":"Moonworks:TacticalRetreat","floor":41}],"player_experience":1965163,"relics_obtained":[{"floor":9.0,"key":"Incense Burner"},{"floor":13.0,"key":"Regal Pillow"},{"floor":14.0,"key":"MawBank"},{"floor":21.0,"key":"Orichalcum"},{"floor":26.0,"key":"Meat on the Bone"},{"floor":31.0,"key":"Art of War"},{"floor":37,"key":"Gambling Chip"},{"floor":38,"key":"Old Coin"},{"floor":40,"key":"Smiling Mask"},{"floor":43,"key":"Prayer Wheel"},{"floor":46,"key":"Question Card"}],"event_choices":[{"damage_healed":0.0,"max_hp_gain":5.0,"max_hp_loss":0.0,"gold_gain":0.0,"event_name":"Big Fish","player_choice":"Donut","floor":2.0,"gold_loss":0.0,"damage_taken":0.0},{"damage_healed":0.0,"max_hp_gain":0.0,"max_hp_loss":0.0,"gold_gain":75.0,"event_name":"World of Goop","player_choice":"Gather Gold","floor":4.0,"gold_loss":0.0,"damage_taken":11.0},{"cards_removed":["Moonworks:Strike"],"damage_healed":0.0,"max_hp_gain":0.0,"max_hp_loss":0.0,"gold_gain":0.0,"event_name":"Golden Wing","player_choice":"Card Removal","floor":5.0,"gold_loss":0.0,"damage_taken":7.0},{"damage_healed":0.0,"max_hp_gain":0.0,"max_hp_loss":0.0,"gold_gain":0.0,"event_name":"Accursed Blacksmith","player_choice":"Rummage","floor":7.0,"gold_loss":0.0,"damage_taken":0.0,"relics_obtained":["WarpedTongs"],"cards_obtained":["Pain"]},{"damage_healed":0.0,"max_hp_gain":0.0,"max_hp_loss":0.0,"gold_gain":0.0,"event_name":"Shining Light","player_choice":"Entered Light","floor":10.0,"gold_loss":0.0,"damage_taken":14.0,"cards_upgraded":["Moonworks:Strike","Moonworks:Defend"]},{"damage_healed":0.0,"max_hp_gain":0.0,"max_hp_loss":0.0,"gold_gain":0.0,"event_name":"Back to Basics","player_choice":"Simplicity","floor":24.0,"gold_loss":0.0,"damage_taken":0.0,"cards_upgraded":["Moonworks:Defend","Moonworks:Defend","Moonworks:Defend"]},{"cards_removed":["Moonworks:Assault"],"damage_healed":0,"gold_gain":0,"player_choice":"Removed Attack","damage_taken":0,"max_hp_gain":0,"max_hp_loss":0,"event_name":"Falling","floor":36,"gold_loss":0},{"damage_healed":0,"gold_gain":0,"player_choice":"Fight","damage_taken":0,"max_hp_gain":0,"max_hp_loss":0,"event_name":"Mysterious Sphere","floor":37,"gold_loss":0},{"damage_healed":0,"gold_gain":0,"player_choice":"Fight","damage_taken":0,"max_hp_gain":0,"max_hp_loss":0,"event_name":"MindBloom","floor":38,"gold_loss":0},{"damage_healed":0,"gold_gain":0,"player_choice":"Embrace Madness","damage_taken":9,"max_hp_gain":0,"max_hp_loss":0,"event_name":"Winding Halls","floor":42,"gold_loss":0,"cards_obtained":["Madness","Madness"]},{"damage_healed":0,"gold_gain":0,"player_choice":"Upgraded","damage_taken":0,"max_hp_gain":0,"max_hp_loss":0,"event_name":"Upgrade Shrine","floor":48,"gold_loss":0,"cards_upgraded":["Moonworks:TacticalRetreat"]}],"is_beta":false,"boss_relics":[{"not_picked":["Velvet Choker","Black Star"],"picked":"energizedSpire:RedRose"},{"not_picked":["Sozu","energizedSpire:StickyHand"],"picked":"energizedSpire:SpiderWeb"}],"items_purged_floors":[11],"is_endless":false,"potions_floor_spawned":[3,13,22,28,33,37,38,39],"ascension_level":13}}