{"host":"w9457b8yvvshrcoh","time":1613929116,"event":{"mods":["AchievementEnabler","BaseMod","Colored Map","Colored Powertips","Minty Spire (QoL Compilation)","Uncapped"],"gold_per_floor":[113,35,35,46,46,73,148,173,173,192,192,192,192,49,49,152,152,169,187,167,187,197,197,207,218,270,289,289,204,204,238,238,340,340,360,373,373,373],"floor_reached":37,"language":"ENG","playtime":1787,"items_purged":[],"score":399,"play_id":"2e5d7a36-b18c-426e-863f-2b0489131bc2","local_time":"20210221113836","is_ascension_mode":false,"campfire_choices":[{"data":"Armaments","floor":11,"key":"SMITH"},{"data":"Inflame","floor":13,"key":"SMITH"},{"data":"Bash","floor":15,"key":"SMITH"},{"data":"Barricade","floor":23,"key":"SMITH"},{"data":"Heavy Blade","floor":28,"key":"SMITH"},{"floor":30,"key":"REST"},{"floor":32,"key":"REST"}],"circlet_count":0,"master_deck":["Strike_R","Strike_R","Strike_R","Strike_R","Strike_R","Defend_R+1","Defend_R","Defend_R","Defend_R+1","Bash+1","Blind","Cleave","Thunderclap","Armaments+1","Double Tap+1","Inflame+1","Perfected Strike","Barricade+1","Heavy Blade+1","Rampage+1","Iron Wave","Twin Strike","Dropkick+1","Twin Strike","Body Slam","Intimidate+1","Impervious+1","Iron Wave"],"relics":["Black Blood","Mercury Hourglass","Toxic Egg 2","FossilizedHelix","Bronze Scales","Bag of Marbles","SlaversCollar","Potion Belt","War Paint","Blood Vial"],"acts_visited":["Exordium","TheCity","TheBeyond"],"potions_floor_usage":[16,18,22,27,27,33,36,37],"damage_taken":[{"damage":4,"enemies":"2 Louse","floor":1,"turns":4},{"damage":0,"enemies":"Cultist","floor":4,"turns":3},{"damage":12,"enemies":"3 Sentries","floor":6,"turns":4},{"damage":22,"enemies":"Gremlin Nob","floor":8,"turns":4},{"damage":0,"enemies":"Jaw Worm","floor":10,"turns":3},{"damage":37,"enemies":"The Guardian","floor":16,"turns":7},{"damage":23,"enemies":"Shell Parasite","floor":18,"turns":6},{"damage":31,"enemies":"Spheric Guardian","floor":19,"turns":6},{"damage":10,"enemies":"3 Cultists","floor":21,"turns":4},{"damage":6,"enemies":"Snake Plant","floor":22,"turns":4},{"damage":12,"enemies":"Chosen and Byrds","floor":24,"turns":4},{"damage":10,"enemies":"Shelled Parasite and Fungi","floor":25,"turns":3},{"damage":0,"enemies":"Centurion and Healer","floor":27,"turns":5},{"damage":42,"enemies":"Slavers","floor":31,"turns":4},{"damage":28,"enemies":"Champ","floor":33,"turns":9},{"damage":26,"enemies":"3 Shapes","floor":35,"turns":6},{"damage":49,"enemies":"3 Darklings","floor":36,"turns":8},{"damage":53,"enemies":"2 Orb Walkers","floor":37,"turns":3}],"seed_played":"-664320365035528600","potions_obtained":[{"floor":1,"key":"FearPotion"},{"floor":6,"key":"CultistPotion"},{"floor":16,"key":"Dexterity Potion"},{"floor":20,"key":"HeartOfIron"},{"floor":21,"key":"SteroidPotion"},{"floor":24,"key":"Explosive Potion"},{"floor":25,"key":"Regen Potion"},{"floor":33,"key":"AttackPotion"},{"floor":35,"key":"FearPotion"}],"is_trial":false,"path_per_floor":["M","$","?","M","$","E","?","E","T","M","R","?","R","$","R","B",null,"M","M","?","M","M","R","M","M","T","M","R","?","R","E","R","B",null,"M","M","?"],"character_chosen":"IRONCLAD","items_purchased":["Thunderclap","Armaments","Bag of Marbles"],"campfire_rested":2,"item_purchase_floors":[2,2,14],"current_hp_per_floor":[80,80,80,80,80,74,63,47,47,53,53,79,79,79,79,48,80,63,38,38,34,34,34,28,24,24,44,44,44,68,32,56,36,80,66,31,0,0],"gold":373,"neow_bonus":"RANDOM_COLORLESS","is_daily":false,"chose_seed":false,"campfire_upgraded":5,"win_rate":0.0,"timestamp":1613929116,"path_taken":["M","$","?","M","?","E","?","E","T","M","R","?","R","?","R","BOSS","M","M","?","?","M","R","M","M","T","M","R","?","R","E","R","BOSS","M","M","?"],"items_purchased_type":["Card","Card","Relic"],"build_version":"2020-12-22","purchased_purges":0,"victory":false,"max_hp_per_floor":[80,80,80,80,80,80,80,80,80,80,80,80,80,80,80,80,80,80,80,80,80,80,80,80,80,80,80,80,80,80,80,80,80,80,80,80,80,80],"card_choices":[{"not_picked":["Good Instincts","Panacea"],"picked":"Blind","floor":0},{"not_picked":["Flex","True Grit"],"picked":"Cleave","floor":1},{"not_picked":["Whirlwind","Clash","Warcry"],"picked":"SKIP","floor":4},{"not_picked":["Sword Boomerang","Cleave"],"picked":"Double Tap+1","floor":6},{"not_picked":["Limit Break+1","Armaments+1"],"picked":"Inflame","floor":8},{"not_picked":["True Grit+1","Sword Boomerang"],"picked":"Perfected Strike","floor":10},{"not_picked":["Bludgeon","Feed"],"picked":"Barricade","floor":16},{"not_picked":["Clash+1","Fire Breathing+1"],"picked":"Heavy Blade","floor":18},{"not_picked":["Sword Boomerang","Heavy Blade+1"],"picked":"Rampage+1","floor":19},{"not_picked":["Battle Trance+1","Uppercut"],"picked":"Iron Wave","floor":21},{"not_picked":["Whirlwind","Bloodletting+1"],"picked":"Twin Strike","floor":22},{"not_picked":["Flex+1","Whirlwind"],"picked":"Dropkick+1","floor":24},{"not_picked":["Shockwave+1","Cleave+1"],"picked":"Twin Strike","floor":25},{"not_picked":["Cleave","Armaments+1"],"picked":"Body Slam","floor":27},{"not_picked":["Entrench+1","Bludgeon"],"picked":"Intimidate+1","floor":31},{"not_picked":["Offering+1","Limit Break+1"],"picked":"Impervious+1","floor":33},{"not_picked":["Armaments+1","Dark Embrace","Clothesline"],"picked":"SKIP","floor":35},{"not_picked":["Dual Wield+1","Sword Boomerang+1"],"picked":"Iron Wave","floor":36}],"player_experience":34427,"relics_obtained":[{"floor":6,"key":"Toxic Egg 2"},{"floor":8,"key":"FossilizedHelix"},{"floor":9,"key":"Bronze Scales"},{"floor":26,"key":"Potion Belt"},{"floor":31,"key":"Blood Vial"}],"event_choices":[{"damage_healed":0,"gold_gain":0,"player_choice":"Gave Potion","damage_taken":0,"relics_obtained":["Mercury Hourglass"],"max_hp_gain":0,"max_hp_loss":0,"event_name":"WeMeetAgain","floor":3,"gold_loss":0},{"damage_healed":0,"gold_gain":75,"player_choice":"Gather Gold","damage_taken":11,"max_hp_gain":0,"max_hp_loss":0,"event_name":"World of Goop","floor":7,"gold_loss":0},{"damage_healed":26,"gold_gain":0,"player_choice":"Banana","damage_taken":0,"max_hp_gain":0,"max_hp_loss":0,"event_name":"Big Fish","floor":12,"gold_loss":0},{"damage_healed":0,"gold_gain":0,"player_choice":"Bought 1 Potion","damage_taken":0,"max_hp_gain":0,"max_hp_loss":0,"event_name":"The Woman in Blue","floor":20,"gold_loss":0},{"damage_healed":0,"gold_gain":0,"player_choice":"Obtained Relic","damage_taken":0,"relics_obtained":["War Paint"],"max_hp_gain":0,"max_hp_loss":0,"event_name":"Addict","floor":29,"gold_loss":85},{"damage_healed":0,"gold_gain":0,"player_choice":"Fight","damage_taken":0,"max_hp_gain":0,"max_hp_loss":0,"event_name":"Mysterious Sphere","floor":37,"gold_loss":0}],"is_beta":false,"boss_relics":[{"not_picked":["Coffee Dripper","SacredBark"],"picked":"SlaversCollar"},{"not_picked":["Calling Bell","Philosopher\u0027s Stone"],"picked":"Black Blood"}],"items_purged_floors":[],"is_endless":false,"potions_floor_spawned":[1,6,16,21,24,25,33,35],"killed_by":"2 Orb Walkers","ascension_level":0}}