{"host":"m1hrbr0uwda4cktq","time":1613951388,"event":{"mods":["BaseMod","BetterRewards","Colored Map","Colored Powertips","Highlight Path","Minty Spire (QoL Compilation)","Shop Mod","SuperFastMode"],"gold_per_floor":[109,119,132,132,146,173,186,211,211,225,250,264,264,284,284,379,379,389,389,90,90,110,136,136,136,160,173,50,60,94,104,104,206,206,222,93,110,1109,819,819,850,850,850,850,850,862,882,542,542,542,542,542,89,115,115],"floor_reached":56,"language":"ENG","playtime":4203,"items_purged":["Defend_B","Defend_B","Normality","Normality","Defend_B"],"score":1592,"play_id":"bdaab84c-0a3f-4ff6-af2b-dd19382840ee","local_time":"20210221204948","is_ascension_mode":true,"campfire_choices":[{"data":"Defragment","floor":13.0,"key":"SMITH"},{"data":"Lockon","floor":15.0,"key":"SMITH"},{"data":"Defragment","floor":25.0,"key":"SMITH"},{"data":"Conserve Battery","floor":32.0,"key":"SMITH"},{"data":"Electrodynamics","floor":40.0,"key":"SMITH"},{"data":"Hologram","floor":42.0,"key":"SMITH"},{"floor":45.0,"key":"RECALL"},{"data":"Dualcast","floor":49,"key":"SMITH"},{"data":"Zap","floor":52,"key":"SMITH"}],"circlet_count":0,"master_deck":["Defend_B","Zap+1","Dualcast+1","Bandage Up","Genetic Algorithm","Conserve Battery+1","Lockon+1","Chill","Defragment+1","Compile Driver","Gash","Doom and Gloom","Ball Lightning","Hologram+1","Electrodynamics+1","Undo","Bite","Bite","Bite","Bite","Defragment+1","Ball Lightning","Steam+1","Genetic Algorithm+1","Loop+1","Cold Snap","Loop+1","Glacier","Echo Form+1","Compile Driver+1","Conserve Battery+1","Cold Snap","Capacitor+1","White Noise+1","Static Discharge+1","Panache+1","Heatsinks+1","Echo Form+1"],"relics":["FrozenCore","PreservedInsect","Membership Card","FossilizedHelix","Nunchaku","HornCleat","White Beast Statue","Bronze Scales","Bottled Tornado","Nilry\u0027s Codex","Blood Vial","Frozen Egg 2","Boot","Calipers","Sozu","Question Card","Centennial Puzzle","Gremlin Horn","Vajra","Shuriken","Strawberry","MealTicket","Runic Capacitor","Orichalcum","Bag of Marbles","Chemical X","Bird Faced Urn"],"acts_visited":["Exordium","TheCity","TheBeyond","TheEnding"],"potions_floor_usage":[55],"damage_taken":[{"damage":1.0,"enemies":"2 Louse","floor":1.0,"turns":3.0},{"damage":0.0,"enemies":"Cultist","floor":2.0,"turns":5.0},{"damage":4.0,"enemies":"Small Slimes","floor":3.0,"turns":4.0},{"damage":6.0,"enemies":"Blue Slaver","floor":5.0,"turns":2.0},{"damage":4.0,"enemies":"Lagavulin","floor":6.0,"turns":6.0},{"damage":0.0,"enemies":"3 Louse","floor":7.0,"turns":3.0},{"damage":13.0,"enemies":"3 Sentries","floor":8.0,"turns":6.0},{"damage":0.0,"enemies":"Exordium Wildlife","floor":10.0,"turns":5.0},{"damage":0.0,"enemies":"Lagavulin","floor":11.0,"turns":4.0},{"damage":0.0,"enemies":"Blue Slaver","floor":12.0,"turns":4.0},{"damage":0.0,"enemies":"Looter","floor":14.0,"turns":3.0},{"damage":15.0,"enemies":"The Guardian","floor":16.0,"turns":7.0},{"damage":11.0,"enemies":"2 Thieves","floor":18.0,"turns":4.0},{"damage":10.0,"enemies":"3 Byrds","floor":22.0,"turns":2.0},{"damage":0.0,"enemies":"Gremlin Leader","floor":23.0,"turns":5.0},{"damage":16.0,"enemies":"Snake Plant","floor":27.0,"turns":4.0},{"damage":0.0,"enemies":"Cultist and Chosen","floor":29.0,"turns":5.0},{"damage":21.0,"enemies":"Slavers","floor":30.0,"turns":2.0},{"damage":6.0,"enemies":"Chosen and Byrds","floor":31.0,"turns":5.0},{"damage":0.0,"enemies":"Collector","floor":33.0,"turns":8.0},{"damage":0.0,"enemies":"3 Shapes","floor":35.0,"turns":3.0},{"damage":0.0,"enemies":"Orb Walker","floor":37.0,"turns":4.0},{"damage":22.0,"enemies":"Giant Head","floor":41.0,"turns":8.0},{"damage":18.0,"enemies":"Maw","floor":46.0,"turns":6.0},{"damage":5.0,"enemies":"Writhing Mass","floor":47.0,"turns":6.0},{"damage":17,"enemies":"Awakened One","floor":50,"turns":9},{"damage":28,"enemies":"Shield and Spear","floor":54,"turns":5},{"damage":72,"enemies":"The Heart","floor":55,"turns":9}],"seed_played":"-4789152240216070305","potions_obtained":[{"floor":2.0,"key":"Ancient Potion"},{"floor":5.0,"key":"PotionOfCapacity"},{"floor":6.0,"key":"EssenceOfSteel"},{"floor":7.0,"key":"LiquidMemories"},{"floor":12.0,"key":"Dexterity Potion"},{"floor":14.0,"key":"DuplicationPotion"},{"floor":16.0,"key":"Explosive Potion"},{"floor":18.0,"key":"EssenceOfSteel"},{"floor":30.0,"key":"FairyPotion"}],"is_trial":false,"path_per_floor":["M","M","M","?","M","E","M","E","T","M","E","M","R","M","R","B",null,"M","?","$","?","M","E","T","R","T","M","$","M","E","M","R","B",null,"M","$","M","?","$","R","E","R","T","?","R","M","M","$","R","B",null,"R","$","E","B",null],"character_chosen":"DEFECT","items_purchased":["PreservedInsect","Membership Card","Bandage Up","Genetic Algorithm","Bronze Scales","Bottled Tornado","Defragment","Ball Lightning","Boot","Question Card","Centennial Puzzle","Gremlin Horn","Cold Snap","Strawberry","MealTicket","Runic Capacitor","Static Discharge+1","Orichalcum","Bag of Marbles","Chemical X","Panache+1","Heatsinks+1"],"campfire_rested":0,"item_purchase_floors":[0,0,0,0,20,20,20,20,28,36,39,39,39,48,48,48,48,53,53,53,53,53],"current_hp_per_floor":[75,75,71,71,69,69,73,60,60,64,68,72,72,75,75,64,75,68,52,52,36,30,36,36,36,36,30,30,38,23,29,29,47,52,52,52,52,52,52,52,32,32,32,32,32,22,29,36,36,39,59,59,59,31,57],"gold":115,"neow_bonus":"","is_daily":false,"chose_seed":false,"campfire_upgraded":8,"win_rate":0.0,"timestamp":1613951388,"path_taken":["M","M","M","?","M","E","M","E","T","M","E","?","R","M","R","BOSS","M","?","$","?","M","E","?","R","T","M","$","M","E","M","R","BOSS","M","$","M","?","$","R","E","R","T","?","R","M","M","?","R","BOSS","R","$","E","BOSS"],"items_purchased_type":["Relic","Relic","Card","Card","Relic","Relic","Card","Card","Relic","Relic","Relic","Relic","Card","Relic","Relic","Relic","Card","Relic","Relic","Relic","Card","Card"],"build_version":"2020-12-22","purchased_purges":5,"victory":true,"max_hp_per_floor":[75,75,75,75,75,75,75,75,75,75,75,75,75,75,75,75,75,75,52,52,52,52,52,52,52,52,52,52,52,52,52,52,52,52,52,52,52,52,52,52,52,52,52,52,52,52,52,59,59,59,59,59,59,59,59],"card_choices":[{"not_picked":["Hologram","Rebound"],"picked":"Conserve Battery","floor":1.0},{"not_picked":["Steam","Skim"],"picked":"Lockon","floor":2.0},{"not_picked":["Turbo","Hologram"],"picked":"Chill","floor":3.0},{"not_picked":["Amplify","Coolheaded"],"picked":"Defragment","floor":5.0},{"not_picked":["Recycle","Stack"],"picked":"Compile Driver","floor":6.0},{"not_picked":["Leap","Fission"],"picked":"Gash","floor":7.0},{"not_picked":["Steam Power","Fusion","Turbo"],"picked":"SKIP","floor":8.0},{"not_picked":["Turbo","Force Field"],"picked":"Doom and Gloom","floor":10.0},{"not_picked":["Barrage","Double Energy","Reprogram"],"picked":"SKIP","floor":11.0},{"not_picked":["Barrage","Double Energy","Reprogram"],"picked":"SKIP","floor":11.0},{"not_picked":["BootSequence","Leap"],"picked":"Ball Lightning","floor":12.0},{"not_picked":["Barrage","Reprogram"],"picked":"Hologram","floor":14.0},{"not_picked":["Rainbow","Reboot"],"picked":"Electrodynamics","floor":16.0},{"not_picked":["Turbo","Melter"],"picked":"Undo","floor":18.0},{"not_picked":["Hello World","Undo"],"picked":"Steam+1","floor":22.0},{"not_picked":["Ball Lightning","Stack"],"picked":"Genetic Algorithm+1","floor":23.0},{"not_picked":["Steam","Turbo"],"picked":"Loop+1","floor":27.0},{"not_picked":["Coolheaded","Leap+1"],"picked":"Cold Snap","floor":29.0},{"not_picked":["Sweeping Beam","Streamline"],"picked":"Loop+1","floor":30.0},{"not_picked":["Force Field","Undo"],"picked":"Glacier","floor":31.0},{"not_picked":["Rainbow","Creative AI+1"],"picked":"Echo Form+1","floor":33.0},{"not_picked":["Coolheaded+1","Hologram+1"],"picked":"Compile Driver+1","floor":35.0},{"not_picked":["BootSequence","Hello World+1","Sweeping Beam"],"picked":"Conserve Battery+1","floor":37.0},{"not_picked":["Streamline","Go for the Eyes+1","Self Repair+1"],"picked":"Capacitor+1","floor":41.0},{"not_picked":["Beam Cell+1","Compile Driver","Hologram+1"],"picked":"White Noise+1","floor":46.0},{"not_picked":["Glacier+1","White Noise","Go for the Eyes","Hello World+1"],"picked":"SKIP","floor":47.0},{"not_picked":["Barrage+1","Aggregate","Compile Driver"],"picked":"Echo Form+1","floor":54}],"player_experience":175129,"relics_obtained":[{"floor":6.0,"key":"FossilizedHelix"},{"floor":8.0,"key":"Nunchaku"},{"floor":9.0,"key":"HornCleat"},{"floor":11.0,"key":"White Beast Statue"},{"floor":21.0,"key":"Nilry\u0027s Codex"},{"floor":23.0,"key":"Blood Vial"},{"floor":24.0,"key":"Frozen Egg 2"},{"floor":30.0,"key":"Calipers"},{"floor":41.0,"key":"Vajra"},{"floor":43.0,"key":"Shuriken"},{"floor":54,"key":"Bird Faced Urn"}],"event_choices":[{"cards_removed":["Strike_B"],"damage_healed":0.0,"max_hp_gain":0.0,"max_hp_loss":0.0,"gold_gain":0.0,"event_name":"Purifier","player_choice":"Purged","floor":4.0,"gold_loss":0.0,"damage_taken":0.0},{"damage_healed":0.0,"max_hp_gain":0.0,"max_hp_loss":23.0,"gold_gain":0.0,"event_name":"Vampires","player_choice":"Became a vampire","floor":19.0,"gold_loss":0.0,"damage_taken":0.0,"cards_obtained":["Bite","Bite","Bite","Bite","Bite"]},{"damage_healed":0.0,"max_hp_gain":0.0,"max_hp_loss":0.0,"gold_gain":0.0,"event_name":"Cursed Tome","player_choice":"Obtained Book","floor":21.0,"gold_loss":0.0,"damage_taken":16.0},{"damage_healed":0.0,"max_hp_gain":0.0,"max_hp_loss":0.0,"gold_gain":999.0,"event_name":"MindBloom","player_choice":"Gold","floor":38.0,"gold_loss":0.0,"damage_taken":0.0,"cards_obtained":["Normality","Normality"]},{"cards_removed":["Bite"],"damage_healed":0.0,"max_hp_gain":0.0,"max_hp_loss":0.0,"gold_gain":0.0,"event_name":"Falling","player_choice":"Removed Attack","floor":44.0,"gold_loss":0.0,"damage_taken":0.0}],"is_beta":false,"boss_relics":[{"not_picked":["Philosopher\u0027s Stone","Velvet Choker"],"picked":"FrozenCore"},{"not_picked":["Runic Dome","Fusion Hammer"],"picked":"Sozu"}],"items_purged_floors":[20,28,39,48,53],"is_endless":false,"potions_floor_spawned":[2,5,6,7,8,12,14,16,18,22,23,27,29,30,31,33,35,37,41,46,47,54],"ascension_level":4}}