{"host":"dn6kke80v5f7isus","time":1613939767,"event":{"mods":["AchievementEnabler","Act Like it!","Astrologer","Bard","BaseMod","Colored Powertips","Custom Start","Defuse TimeMaze Blight","Energized Spire","Gremlin Skip","Highlight Path","Hubris","Infinite Spire","Marisa????????","Marked Mod","Minty Spire (QoL Compilation)","Quick Restart","Rare Cards Sparkle","Reliquary","Replay The Spire","StSLib","The Servant 0.9.4","Uncapped","Unceasing Turn Reminder"],"gold_per_floor":[109,161,161,175,350,350,376,376,403,429,429,459,32,63,63,161,161,178,178,34,34,34,34,34,34],"floor_reached":24,"language":"ENG","playtime":603,"items_purged":["Strike_B"],"score":253,"play_id":"1d44ddee-f580-4cbc-8456-6f61bd4d9c6f","local_time":"20210221153607","is_ascension_mode":true,"campfire_choices":[{"data":"Dualcast","floor":6.0,"key":"SMITH"},{"floor":15.0,"key":"REST"},{"data":"Amplify","floor":23.0,"key":"SMITH"}],"circlet_count":0,"master_deck":["Strike_B","Strike_B","Strike_B","Defend_B","Defend_B","Defend_B+1","Defend_B","Zap+1","ReplayGash","Beam Cell+1","Loop+1","Gash","Amplify+1","Heatsinks"],"relics":["Cracked Core","NeowsBlessing","Ancient Tea Set","hubris:Towel","Letter Opener","War Paint","reliquary:RoseTintedGlasses","Replay:Rubber Ducky","DataDisk","Strange Spoon","reliquary:PartyBalloon","Prayer Wheel","infinitespire:Freezer"],"acts_visited":["Exordium","TheCity"],"potions_floor_usage":[],"damage_taken":[{"damage":0.0,"enemies":"Cultist","floor":1.0,"turns":1.0},{"damage":0.0,"enemies":"2 Louse","floor":4.0,"turns":1.0},{"damage":0.0,"enemies":"Gremlin Nob","floor":7.0,"turns":1.0},{"damage":10.0,"enemies":"3 Sentries","floor":10.0,"turns":6.0},{"damage":28.0,"enemies":"Gremlin Nob","floor":12.0,"turns":4.0},{"damage":10.0,"enemies":"3 Sentries","floor":14.0,"turns":5.0},{"damage":10.0,"enemies":"Slime Boss","floor":16.0,"turns":7.0},{"damage":25.0,"enemies":"Shell Parasite","floor":18.0,"turns":7.0},{"damage":30,"enemies":"Gremlin Leader","floor":24,"turns":3}],"seed_played":"-188665783333792220","potions_obtained":[{"floor":2.0,"key":"LiquidMemories"},{"floor":7.0,"key":"Strength Potion"},{"floor":10.0,"key":"PowerPotion"},{"floor":14.0,"key":"Block Potion"},{"floor":18.0,"key":"Fruit Juice"}],"is_trial":false,"path_per_floor":["M","?","?","M","?","R","E","?","T","E","?","E","$","E","R","B",null,"M","?","$","?","?","R","E"],"character_chosen":"DEFECT","items_purchased":["Gash","DataDisk","Strange Spoon","infinitespire:Freezer"],"campfire_rested":1,"item_purchase_floors":[13,13,13,20],"current_hp_per_floor":[75,57,57,57,57,57,57,57,57,47,47,19,19,9,31,21,75,50,50,55,55,55,55,25,25],"gold":34,"neow_bonus":"THREE_ENEMY_KILL","is_daily":false,"chose_seed":false,"campfire_upgraded":2,"win_rate":0.0,"timestamp":1613939767,"path_taken":["M","?","?","M","?","R","E","?","T","E","?","E","$","E","R","BOSS","M","?","$","?","?","R","E"],"items_purchased_type":["Card","Relic","Relic","Relic"],"build_version":"2020-12-22","purchased_purges":1,"victory":false,"max_hp_per_floor":[75,75,75,75,75,75,75,75,75,75,75,75,75,75,75,75,75,75,75,80,80,80,80,80,80],"card_choices":[{"not_picked":["Redo","Steam","Aggregate"],"picked":"SKIP","floor":1.0},{"not_picked":["hubris:Ukulele","Streamline","FTL"],"picked":"SKIP","floor":4.0},{"not_picked":["ReplaySort","Ball Lightning"],"picked":"ReplayGash","floor":7.0},{"not_picked":["Go for the Eyes","Conserve Battery","Cold Snap"],"picked":"SKIP","floor":10.0},{"not_picked":["Time Bomb","Panic Button"],"picked":"Loop","floor":12.0},{"not_picked":["Consume","Compile Driver"],"picked":"Amplify","floor":14.0},{"not_picked":["Multi-Cast","Creative AI"],"picked":"ReplayTheSpireMod:Fabricate Wheel","floor":16.0},{"not_picked":["Steam+1","Beam Cell+1"],"picked":"Heatsinks","floor":18.0},{"not_picked":["Leap","Steam+1","Conserve Battery"],"picked":"SKIP","floor":18.0}],"player_experience":462870,"relics_obtained":[{"floor":2.0,"key":"Ancient Tea Set"},{"floor":7.0,"key":"Letter Opener"},{"floor":9.0,"key":"War Paint"},{"floor":10.0,"key":"reliquary:RoseTintedGlasses"},{"floor":12.0,"key":"Replay:Rubber Ducky"},{"floor":14.0,"key":"reliquary:PartyBalloon"}],"event_choices":[{"damage_healed":0.0,"max_hp_gain":0.0,"max_hp_loss":0.0,"gold_gain":175.0,"event_name":"Liars Game","player_choice":"AGREE","floor":5.0,"gold_loss":0.0,"damage_taken":0.0,"cards_obtained":["Doubt"]}],"is_beta":false,"boss_relics":[{"not_picked":["Snecko Eye","energizedSpire:StickyHand","energizedSpire:UnstableMolecules"]}],"items_purged_floors":[13],"is_endless":false,"potions_floor_spawned":[7,10,14,18],"killed_by":"Gremlin Leader","ascension_level":1}}