{"host":"rq7gz685gkaokql0","time":1613875876,"event":{"mods":["BaseMod","Infinite Spire","Minty Spire (QoL Compilation)","Replay The Spire","StSLib"],"gold_per_floor":[118,118,118,268,286,313,20,30,30,30,30],"floor_reached":10,"language":"ENG","playtime":521,"items_purged":["Regret"],"score":132,"play_id":"37819b06-1694-4e74-8897-a39080009e34","local_time":"20210220165116","is_ascension_mode":true,"campfire_choices":[],"circlet_count":0,"master_deck":["AscendersBane","Strike_P","Strike_P","Strike_P","Strike_P","Defend_P","Defend_P","Defend_P","Defend_P","Eruption","Vigilance","Defend_G","m_Survivalism","ReplayTheSpireMod:Brewmster+1","FollowUp","Doubt","FearNoEvil","EmptyBody","Poisoned Strike","Protect","ConjureBlade"],"relics":["PureWater","Replay:Bottled Flurry","Mango","Replay:Ringing Soul"],"acts_visited":["Exordium"],"potions_floor_usage":[1,5,6,6,6,8,8,10,10],"damage_taken":[{"damage":12,"enemies":"2 Louse","floor":1,"turns":5},{"damage":5,"enemies":"Jaw Worm","floor":5,"turns":6},{"damage":32,"enemies":"Replay:BlueRogue","floor":6,"turns":11},{"damage":1,"enemies":"Small Slimes","floor":8,"turns":7},{"damage":23,"enemies":"Gremlin Nob","floor":10,"turns":5}],"seed_played":"-4878780014514002220","potions_obtained":[],"is_trial":false,"path_per_floor":["M","?","?","?","M","E","$","M","T","E"],"character_chosen":"WATCHER","items_purchased":["Poisoned Strike","Protect"],"campfire_rested":0,"item_purchase_floors":[7,7],"current_hp_per_floor":[49,49,49,49,44,26,26,25,25,2,2],"gold":30,"neow_bonus":"RANDOM_COLORLESS_2","is_daily":false,"chose_seed":false,"campfire_upgraded":0,"win_rate":0.0,"timestamp":1613875876,"path_taken":["M","?","?","?","M","E","?","M","T","E"],"items_purchased_type":["Card","Card"],"build_version":"2020-12-22","purchased_purges":1,"victory":false,"max_hp_per_floor":[68,68,68,68,68,82,82,82,82,82,82],"card_choices":[{"not_picked":["Transmutation","Panache"],"picked":"ReplayTheSpireMod:Brewmster","floor":0},{"not_picked":["Replay:ManipulateFuture","FlyingSleeves"],"picked":"FollowUp","floor":1},{"not_picked":["EmptyBody","FollowUp"],"picked":"FearNoEvil","floor":5},{"not_picked":["FollowUp","CutThroughFate"],"picked":"EmptyBody","floor":6},{"not_picked":["Pray","BowlingBash"],"picked":"ConjureBlade","floor":8}],"player_experience":1318788,"relics_obtained":[{"floor":6,"key":"Mango"},{"floor":9,"key":"Replay:Ringing Soul"}],"event_choices":[{"damage_healed":0,"gold_gain":0,"player_choice":"Grow","damage_taken":0,"max_hp_gain":0,"max_hp_loss":0,"event_name":"Living Wall","floor":2,"gold_loss":0,"cards_upgraded":["ReplayTheSpireMod:Brewmster"]},{"damage_healed":0,"gold_gain":0,"player_choice":"Box","damage_taken":0,"relics_obtained":["Replay:Bottled Flurry"],"max_hp_gain":0,"max_hp_loss":0,"event_name":"Big Fish","floor":3,"gold_loss":0,"cards_obtained":["Regret"]},{"damage_healed":0,"gold_gain":150,"player_choice":"AGREE","damage_taken":0,"max_hp_gain":0,"max_hp_loss":0,"event_name":"Liars Game","floor":4,"gold_loss":0,"cards_obtained":["Doubt"]}],"is_beta":false,"boss_relics":[],"items_purged_floors":[7],"is_endless":false,"potions_floor_spawned":[5,8],"killed_by":"Gremlin Nob","ascension_level":20}}