{"host":"72n3jwtrlpjobydj","time":1613928566,"event":{"mods":["AchievementEnabler","Act Like it!","Arknights","BaseMod","CapriCore","DeckTracker","Hermit","Koishi","Lobotomy","Marisa£¨Ùöéë¡¡Øª×âÞÞ£©","Minty Spire (QoL Compilation)","Permanent Neow","StSLib","SuperFastMode","The Cursed","The Gatherer","The Hierophant","The Immortal"],"gold_per_floor":[117,67,67,87,87,118,118,148,148,148,179,179,212,225,225,321,321,334,59,59,78,93,93,8,8,8,8,8,8,8],"floor_reached":29,"language":"KOR","playtime":503,"items_purged":["Strike_G"],"score":286,"play_id":"bf10498e-9e07-4537-ac6a-8be4011e85fc","local_time":"20210222022926","is_ascension_mode":true,"campfire_choices":[{"floor":7,"key":"RECALL"},{"floor":10,"key":"REST"},{"floor":12,"key":"REST"},{"floor":15,"key":"REST"},{"floor":23,"key":"REST"},{"floor":25,"key":"REST"},{"data":"Catalyst","floor":28,"key":"SMITH"}],"circlet_count":0,"master_deck":["Strike_G","Strike_G","Strike_G","Strike_G","Defend_G","Defend_G","Defend_G","Defend_G","Survivor","Neutralize","PiercingWail","Deadly Poison","Deadly Poison","Bouncing Flask","Bouncing Flask","Burst","Dodge and Roll+1","Deadly Poison","Footwork","Catalyst+1"],"relics":["Ring of the Snake","NeowsBlessing","The Courier","Ginger","Akabeko","Dream Catcher","Calipers","Letter Opener","SacredBark","Oddly Smooth Stone","Omamori","Orichalcum","MutagenicStrength"],"acts_visited":["Exordium","TheCity"],"potions_floor_usage":[8,11,16,22],"damage_taken":[{"damage":0,"enemies":"Small Slimes","floor":1,"turns":1},{"damage":0,"enemies":"2 Louse","floor":4,"turns":1},{"damage":0,"enemies":"3 Sentries","floor":6,"turns":2},{"damage":20,"enemies":"Lagavulin","floor":8,"turns":8},{"damage":18,"enemies":"3 Sentries","floor":11,"turns":7},{"damage":25,"enemies":"Lagavulin","floor":13,"turns":5},{"damage":5,"enemies":"ats:Genji","floor":14,"turns":2},{"damage":16,"enemies":"The Guardian","floor":16,"turns":7},{"damage":21,"enemies":"Shell Parasite","floor":18,"turns":4},{"damage":0,"enemies":"Spheric Guardian","floor":21,"turns":3},{"damage":18,"enemies":"3 Cultists","floor":22,"turns":6},{"damage":78,"enemies":"Slavers","floor":29,"turns":4}],"seed_played":"-9183153660813463598","potions_obtained":[{"floor":4,"key":"PowerPotion"},{"floor":6,"key":"Explosive Potion"},{"floor":13,"key":"SpeedPotion"},{"floor":21,"key":"Explosive Potion"}],"is_trial":false,"path_per_floor":["M","?","$","M","?","E","R","E","T","R","E","R","E","M","R","B",null,"M","$","?","M","M","R","?","R","T","?","R","E"],"character_chosen":"THE_SILENT","items_purchased":["Deadly Poison","Footwork","Oddly Smooth Stone"],"campfire_rested":5,"item_purchase_floors":[19,19,19],"current_hp_per_floor":[70,70,70,70,67,67,67,47,47,68,50,70,45,40,61,45,70,49,49,49,49,31,52,52,70,70,70,70,0,0],"gold":8,"neow_bonus":"THREE_ENEMY_KILL","is_daily":false,"chose_seed":false,"campfire_upgraded":1,"win_rate":0.0,"timestamp":1613928566,"path_taken":["M","?","$","M","?","E","R","E","T","R","E","R","E","M","R","BOSS","M","$","?","M","M","R","?","R","T","?","R","E"],"items_purchased_type":["Card","Card","Relic"],"build_version":"2020-12-22","purchased_purges":1,"victory":false,"max_hp_per_floor":[70,70,70,70,70,70,70,70,70,70,70,70,70,70,70,70,70,70,70,70,70,70,70,70,70,70,70,70,70,70],"card_choices":[{"not_picked":["Dagger Spray","Setup"],"picked":"PiercingWail","floor":1},{"not_picked":["Reflex","Dagger Spray"],"picked":"Deadly Poison","floor":4},{"not_picked":["Quick Slash","Wraith Form v2","Flechettes"],"picked":"SKIP","floor":6},{"not_picked":["Flying Knee","Malaise"],"picked":"Deadly Poison","floor":8},{"not_picked":["Dagger Spray","Poisoned Stab"],"picked":"Bouncing Flask","floor":10},{"not_picked":["Acrobatics","Sucker Punch","Terror"],"picked":"SKIP","floor":11},{"not_picked":["Eviscerate","Deadly Poison"],"picked":"Bouncing Flask","floor":12},{"not_picked":["Endless Agony","Dagger Spray","Concentrate"],"picked":"SKIP","floor":13},{"not_picked":["Masterful Stab","Prepared","Bane"],"picked":"SKIP","floor":14},{"not_picked":["Glass Knife","A Thousand Cuts"],"picked":"Burst","floor":16},{"not_picked":["Sucker Punch","Dagger Throw"],"picked":"Dodge and Roll+1","floor":18},{"not_picked":["Flying Knee+1","Footwork+1","Bane"],"picked":"SKIP","floor":21},{"not_picked":["Dagger Throw","Eviscerate","Finisher"],"picked":"SKIP","floor":22},{"not_picked":["Prepared+1","PiercingWail"],"picked":"Catalyst","floor":25}],"player_experience":115000,"relics_obtained":[{"floor":6,"key":"Ginger"},{"floor":8,"key":"Akabeko"},{"floor":9,"key":"Dream Catcher"},{"floor":11,"key":"Calipers"},{"floor":13,"key":"Letter Opener"},{"floor":26,"key":"Orichalcum"}],"event_choices":[{"cards_removed":["Defend_G"],"damage_healed":0,"gold_gain":0,"player_choice":"Card Removal","damage_taken":0,"max_hp_gain":0,"max_hp_loss":0,"event_name":"The Cleric","floor":2,"gold_loss":50},{"damage_healed":0,"gold_gain":0,"player_choice":"Success","damage_taken":3,"relics_obtained":["The Courier"],"max_hp_gain":0,"max_hp_loss":0,"event_name":"Scrap Ooze","floor":5,"gold_loss":0},{"damage_healed":0,"gold_gain":0,"player_choice":"Ignored","damage_taken":0,"max_hp_gain":0,"max_hp_loss":0,"event_name":"Vampires","floor":20,"gold_loss":0},{"damage_healed":0,"gold_gain":0,"player_choice":"Obtained Relic","damage_taken":0,"relics_obtained":["Omamori"],"max_hp_gain":0,"max_hp_loss":0,"event_name":"Addict","floor":24,"gold_loss":85},{"damage_healed":0,"gold_gain":0,"player_choice":"Inject Mutagens","damage_taken":0,"relics_obtained":["MutagenicStrength"],"max_hp_gain":0,"max_hp_loss":0,"event_name":"Drug Dealer","floor":27,"gold_loss":0}],"is_beta":false,"boss_relics":[{"not_picked":["Busted Crown","Runic Dome"],"picked":"SacredBark"}],"items_purged_floors":[19],"is_endless":false,"potions_floor_spawned":[4,6,13,21],"killed_by":"Slavers","ascension_level":1}}