{"host":"ilo0sg5cl3zcnqwd","time":1613907639,"event":{"mods":["BaseMod","Downfall","Minty Spire (QoL Compilation)","StSLib"],"gold_per_floor":[99,199,211,41,53,71,98,108,135,135,162,175,175,189,200,304,304,304,315,335,349,366,377,458,492,510,521,537,537,537,564,581,679,679,679,729,746,756,766,331,379,379,398,398,428,301,301,318,329,329],"floor_reached":51,"language":"ENG","playtime":3160,"items_purged":["bronze:Strike","bronze:Strike"],"score":719,"play_id":"cd878dde-6fc0-4793-8326-2a9cfbdfdebd","local_time":"20210221114039","is_ascension_mode":false,"campfire_choices":[{"data":"bronze:Virus","floor":1.0,"key":"SMITH"},{"data":"bronze:GetLatest","floor":10.0,"key":"SMITH"},{"floor":13.0,"key":"REST"},{"data":"bronze:Repair","floor":18.0,"key":"SMITH"},{"floor":29.0,"key":"REST"},{"data":"bronze:Boost","floor":35.0,"key":"SMITH"},{"data":"1","floor":42,"key":"LIFT"},{"data":"2","floor":47,"key":"LIFT"}],"circlet_count":0,"master_deck":["bronze:Defend","bronze:Defend","bronze:Defend","bronze:Defend","bronze:Replicate","bronze:Goto","bronze:Virus+1","bronze:Flail","bronze:GetLatest+1","bronze:OilSpill","bronze:Mutator","bronze:Repair+1","bronze:FindAndReplace","bronze:Return","bronze:Boost+1","bronze:BronzeOrb+1","bronze:RecursiveStrike","bronze:BronzeOrb","bronze:BugBarrage+1","bronze:ForLoop+1","bronze:DigitalCarnage","bronze:Boost+1","bronze:ItsAFeature","bronze:DigitalCarnage"],"relics":["bronze:PlatinumCore","Lantern","Incense Burner","Pocketwatch","Empty Cage","Mummified Hand","Nunchaku","Happy Flower","Turnip","Girya","Vajra","Gambling Chip","Ice Cream"],"acts_visited":["Exordium","TheCity","TheBeyond"],"potions_floor_usage":[39],"damage_taken":[{"damage":0.0,"enemies":"Cultist","floor":3.0,"turns":3.0},{"damage":0.0,"enemies":"downfall:FleeingMerchant","floor":4.0,"turns":4.0},{"damage":6.0,"enemies":"Jaw Worm","floor":5.0,"turns":2.0},{"damage":0.0,"enemies":"Small Slimes","floor":6.0,"turns":2.0},{"damage":0.0,"enemies":"2 Fungi Beasts","floor":8.0,"turns":2.0},{"damage":22.0,"enemies":"3 Sentries","floor":9.0,"turns":5.0},{"damage":24.0,"enemies":"Gremlin Nob","floor":11.0,"turns":4.0},{"damage":10.0,"enemies":"3 Louse","floor":12.0,"turns":2.0},{"damage":0.0,"enemies":"Gremlin Gang","floor":14.0,"turns":1.0},{"damage":2.0,"enemies":"downfall:LooterAlt","floor":15.0,"turns":3.0},{"damage":29.0,"enemies":"WA_ARCHETYPE_RETAIN","floor":16.0,"turns":5.0},{"damage":10.0,"enemies":"downfall:LooterAlt2","floor":19.0,"turns":2.0},{"damage":0.0,"enemies":"Chosen","floor":20.0,"turns":3.0},{"damage":25.0,"enemies":"Sentry and Sphere","floor":21.0,"turns":4.0},{"damage":14.0,"enemies":"Cultist and Chosen","floor":22.0,"turns":7.0},{"damage":12.0,"enemies":"Centurion and Healer","floor":23.0,"turns":4.0},{"damage":42.0,"enemies":"Slavers","floor":25.0,"turns":5.0},{"damage":7.0,"enemies":"Snecko","floor":26.0,"turns":4.0},{"damage":1.0,"enemies":"3 Cultists","floor":27.0,"turns":3.0},{"damage":0.0,"enemies":"Centurion and Healer","floor":28.0,"turns":4.0},{"damage":24.0,"enemies":"Snake Plant","floor":32.0,"turns":4.0},{"damage":55.0,"enemies":"DF_ARCHETYPE_CLAW","floor":33.0,"turns":7.0},{"damage":4.0,"floor":36.0,"turns":5.0},{"damage":0.0,"enemies":"Orb Walker","floor":37.0,"turns":2.0},{"damage":20.0,"enemies":"3 Darklings","floor":38.0,"turns":3.0},{"damage":17,"enemies":"Writhing Mass","floor":39,"turns":5},{"damage":0,"enemies":"downfall:FleeingMerchant","floor":40,"turns":4},{"damage":0,"enemies":"Transient","floor":43,"turns":5},{"damage":41,"enemies":"Reptomancer","floor":45,"turns":6},{"damage":0,"enemies":"downfall:FleeingMerchant","floor":46,"turns":1},{"damage":19,"enemies":"Spire Growth","floor":48,"turns":4},{"damage":5,"enemies":"Sphere and 2 Shapes","floor":49,"turns":3},{"damage":13,"enemies":"IC_BLOCK_ARCHETYPE","floor":50,"turns":7}],"seed_played":"-1688573358821595722","potions_obtained":[{"floor":8.0,"key":"LiquidMemories"},{"floor":9.0,"key":"Block Potion"},{"floor":12.0,"key":"SteroidPotion"},{"floor":27.0,"key":"Block Potion"},{"floor":30.0,"key":"CultistPotion"},{"floor":33.0,"key":"PowerPotion"},{"floor":36.0,"key":"LiquidMemories"},{"floor":49,"key":"Fire Potion"}],"is_trial":false,"path_per_floor":["R","?","M","$","M","M","T","M","E","R","E","M","R","M","M","B",null,"R","M","M","M","M","M","T","E","M","M","M","R","?","T","M","B",null,"R","?","M","M","M","$","T","R","M","?","E","$","R","M","M","B",null],"character_chosen":"THE_AUTOMATON","items_purchased":["bronze:Flail","Girya","bronze:DigitalCarnage","Ice Cream","bronze:ItsAFeature","bronze:DigitalCarnage"],"campfire_rested":2,"item_purchase_floors":[4,40,40,46,46,46],"current_hp_per_floor":[70,70,70,70,64,64,64,64,42,42,18,15,36,36,41,12,70,70,70,70,55,51,49,49,17,20,29,39,60,60,60,46,1,70,70,70,70,60,53,63,63,63,70,70,39,49,49,40,35,32],"gold":329,"neow_bonus":"ONE_RANDOM_RARE_CARD","is_daily":false,"chose_seed":false,"campfire_upgraded":4,"win_rate":0.0,"timestamp":1613907639,"path_taken":["R","?","M","?","M","M","T","M","E","R","E","M","R","M","M","BOSS","R","M","?","M","M","M","T","E","M","M","M","R","?","?","M","BOSS","R","?","M","M","M","$","T","R","M","?","E","$","R","M","M","BOSS"],"items_purchased_type":["Card","Relic","Card","Relic","Card","Card"],"build_version":"2020-12-22","purchased_purges":2,"victory":true,"max_hp_per_floor":[70,70,70,70,70,70,70,70,70,70,70,70,70,70,70,70,70,70,70,70,70,70,70,70,70,70,70,70,70,70,70,70,70,70,70,70,70,70,70,70,70,70,70,70,70,70,70,70,70,70],"card_choices":[{"not_picked":["bronze:WildBeam","bronze:Shell","bronze:Backtrace"],"picked":"SKIP","floor":3.0},{"not_picked":["bronze:Terminator","bronze:Frontload","bronze:Branch"],"picked":"SKIP","floor":4.0},{"not_picked":["bronze:Turbo","bronze:Deprecate","bronze:FineTuning"],"picked":"SKIP","floor":5.0},{"not_picked":["bronze:Shell","bronze:Repulsor"],"picked":"bronze:GetLatest","floor":6.0},{"not_picked":["bronze:Invalidate","bronze:Frontload"],"picked":"bronze:OilSpill","floor":8.0},{"not_picked":["bronze:BugBarrage","bronze:CutThrough"],"picked":"bronze:Mutator","floor":9.0},{"not_picked":["bronze:MaxOutput","bronze:BronzeArmor"],"picked":"bronze:Repair","floor":11.0},{"not_picked":["bronze:Deprecate","bronze:Repulsor","bronze:BitShift"],"picked":"SKIP","floor":12.0},{"not_picked":["bronze:ItsAFeature","bronze:Constructor","bronze:DelayedSlice"],"picked":"SKIP","floor":14.0},{"not_picked":["bronze:Turbo","bronze:Frontload","bronze:Separator"],"picked":"SKIP","floor":15.0},{"not_picked":["bronze:HardenedForm","bronze:Assembly"],"picked":"bronze:FindAndReplace","floor":16.0},{"not_picked":["bronze:Deprecate+1","bronze:Optimize","bronze:WhirlingStrike"],"picked":"SKIP","floor":19.0},{"not_picked":["bronze:WhirlingStrike","bronze:BuggyMess","bronze:Backtrace"],"picked":"SKIP","floor":20.0},{"not_picked":["bronze:BuggyMess","bronze:ShipIt","bronze:FineTuning"],"picked":"SKIP","floor":21.0},{"not_picked":["bronze:WildBeam","bronze:BitShift","bronze:ForceShield"],"picked":"SKIP","floor":22.0},{"not_picked":["bronze:Terminator+1","bronze:BugBarrage"],"picked":"bronze:Return","floor":23.0},{"not_picked":["bronze:OilSpill","bronze:WhirlingStrike"],"picked":"bronze:Boost","floor":25.0},{"not_picked":["bronze:Philosophize","bronze:Safeguard","bronze:WildBeam"],"picked":"SKIP","floor":26.0},{"not_picked":["bronze:Terminator","bronze:Turbo+1","bronze:Allocate"],"picked":"SKIP","floor":27.0},{"not_picked":["bronze:Separator+1","bronze:DelayedGuard","bronze:DarkDash"],"picked":"SKIP","floor":28.0},{"not_picked":["bronze:Shield","bronze:Separator"],"picked":"bronze:BronzeOrb+1","floor":32.0},{"not_picked":["bronze:FindAndReplace","bronze:Assembly"],"picked":"bronze:RecursiveStrike","floor":33.0},{"not_picked":["bronze:DelayedGuard+1","bronze:Deprecate+1"],"picked":"bronze:BronzeOrb","floor":36.0},{"not_picked":["bronze:OilSpill","bronze:CutThrough+1","bronze:Constructor+1"],"picked":"SKIP","floor":37.0},{"not_picked":["bronze:Backtrace+1","bronze:BitShift+1","bronze:Safeguard"],"picked":"SKIP","floor":38},{"not_picked":["bronze:Terminator+1","bronze:DelayedSlice+1"],"picked":"bronze:BugBarrage+1","floor":39},{"not_picked":["bronze:ChildClass","bronze:OilSpill+1"],"picked":"bronze:ForLoop+1","floor":40},{"not_picked":["bronze:CleanCode","bronze:Invalidate+1","bronze:Deprecate"],"picked":"SKIP","floor":43},{"not_picked":["bronze:CloningBeam","bronze:Deprecate+1","bronze:Break"],"picked":"SKIP","floor":45},{"not_picked":["bronze:Shell","bronze:BitShift+1"],"picked":"bronze:Boost+1","floor":46},{"not_picked":["bronze:Safeguard+1","bronze:ItsAFeature+1","bronze:Branch"],"picked":"SKIP","floor":48},{"not_picked":["bronze:BronzeArmor+1","bronze:BitShift","bronze:ForceShield"],"picked":"SKIP","floor":49}],"player_experience":292909,"relics_obtained":[{"floor":7.0,"key":"Lantern"},{"floor":9.0,"key":"Incense Burner"},{"floor":11.0,"key":"Pocketwatch"},{"floor":24.0,"key":"Mummified Hand"},{"floor":25.0,"key":"Nunchaku"},{"floor":31.0,"key":"Happy Flower"},{"floor":36.0,"key":"Turnip"},{"floor":41,"key":"Vajra"},{"floor":45,"key":"Gambling Chip"}],"event_choices":[],"is_beta":false,"boss_relics":[{"not_picked":["Fusion Hammer","Busted Crown"],"picked":"Empty Cage"},{"not_picked":["Tiny House","Runic Pyramid"],"picked":"bronze:PlatinumCore"}],"items_purged_floors":[4,40],"is_endless":false,"potions_floor_spawned":[8,9,12,14,15,19,21,26,27,32,33,36,38,39,49],"ascension_level":0}}