{"host":"fy9bu8pyaeb8xhn1","time":1613916778,"event":{"mods":["BaseMod","Infinite Spire","Minty Spire (QoL Compilation)","StSLib"],"gold_per_floor":[113,129,146,146,159,159,190,207,207,105,125,145,145,160,160,255,255,269,284,297,24,36,52,52,52,52,52,52,52,62,62,62,62,62],"floor_reached":33,"language":"ENG","playtime":3171,"items_purged":["Strike_B"],"score":253,"play_id":"6f32364f-d663-46c4-9fbc-18364019a31f","local_time":"20210221151258","is_ascension_mode":false,"campfire_choices":[{"data":"Defragment","floor":6,"key":"SMITH"},{"floor":15,"key":"REST"},{"data":"Buffer","floor":24,"key":"SMITH"},{"floor":29,"key":"REST"},{"data":"RitualDagger","floor":32,"key":"SMITH"}],"circlet_count":0,"master_deck":["Strike_B","Strike_B","Defend_B","Defend_B","Defend_B","Defend_B","Zap","Dualcast","Thunder Strike","Static Discharge","Reinforced Body","Defragment+1","Multi-Cast","Reinforced Body","Go for the Eyes","Ball Lightning","Aggregate","Streamline","Iron Wave","Conserve Battery","Buffer+1","Streamline","Darkness+1","Hologram+1","Conserve Battery","Auto Shields+1","infinitespire:FutureSight","Genetic Algorithm","RitualDagger+1"],"relics":["Cracked Core","Centennial Puzzle","infinitespire:EmpoweringShard","Nuclear Battery","infinitespire:ShieldingShard","The Courier","Ornamental Fan","Black Star","Medical Kit"],"acts_visited":["Exordium","TheCity"],"potions_floor_usage":[7,14,18,19,30,33],"damage_taken":[{"damage":1,"enemies":"Cultist","floor":1,"turns":3},{"damage":7,"enemies":"Small Slimes","floor":2,"turns":3},{"damage":5,"enemies":"Jaw Worm","floor":3,"turns":5},{"damage":13,"enemies":"Large Slime","floor":5,"turns":5},{"damage":13,"enemies":"Lagavulin","floor":7,"turns":7},{"damage":2,"enemies":"3 Louse","floor":8,"turns":4},{"damage":6,"enemies":"2 Fungi Beasts","floor":11,"turns":3},{"damage":0,"enemies":"Looter","floor":12,"turns":3},{"damage":0,"enemies":"Exordium Wildlife","floor":14,"turns":4},{"damage":17,"enemies":"Slime Boss","floor":16,"turns":8},{"damage":7,"enemies":"Chosen","floor":18,"turns":5},{"damage":2,"enemies":"Shell Parasite","floor":19,"turns":4},{"damage":30,"enemies":"Sentry and Sphere","floor":20,"turns":5},{"damage":8,"enemies":"Snecko","floor":22,"turns":5},{"damage":5,"enemies":"Centurion and Healer","floor":23,"turns":7},{"damage":0,"enemies":"Shelled Parasite and Fungi","floor":30,"turns":8},{"damage":55,"enemies":"Automaton","floor":33,"turns":12}],"seed_played":"5751927345135637737","potions_obtained":[{"floor":2,"key":"Dexterity Potion"},{"floor":3,"key":"BlessingOfTheForge"},{"floor":11,"key":"Swift Potion"},{"floor":12,"key":"SpeedPotion"},{"floor":16,"key":"Swift Potion"},{"floor":18,"key":"BlessingOfTheForge"},{"floor":30,"key":"SteroidPotion"}],"is_trial":false,"path_per_floor":["M","M","M","?","M","R","E","M","T","$","M","M","?","M","R","B",null,"M","M","M","$","M","M","R","T","T","$","AVR","R","M","?","R","B"],"character_chosen":"DEFECT","items_purchased":["Ball Lightning","infinitespire:ShieldingShard","Conserve Battery"],"campfire_rested":2,"item_purchase_floors":[10,21,21],"current_hp_per_floor":[74,67,62,62,49,49,36,34,34,34,28,28,28,28,50,33,75,68,66,36,36,28,23,23,23,23,23,23,45,45,39,39,0,0],"gold":62,"neow_bonus":"ONE_RANDOM_RARE_CARD","is_daily":false,"chose_seed":false,"campfire_upgraded":3,"win_rate":0.0,"timestamp":1613916778,"path_taken":["M","M","M","?","M","R","E","M","T","$","?","M","?","M","R","BOSS","M","?","M","$","?","M","R","?","T","?","AVR","R","M","?","R","BOSS"],"items_purchased_type":["Card","Relic","Card"],"build_version":"2020-12-22","purchased_purges":1,"victory":false,"max_hp_per_floor":[75,75,75,75,75,75,75,75,75,75,75,75,75,75,75,75,75,75,75,75,75,75,75,75,75,75,75,75,75,75,75,75,75,75],"card_choices":[{"not_picked":["Sweeping Beam","Go for the Eyes"],"picked":"Static Discharge","floor":1},{"not_picked":["Hologram","Coolheaded"],"picked":"Reinforced Body","floor":2},{"not_picked":["Steam Power","Conserve Battery"],"picked":"Defragment","floor":3},{"not_picked":["Chill","Steam Power","Steam"],"picked":"SKIP","floor":5},{"not_picked":["Storm","Blizzard"],"picked":"Reinforced Body","floor":7},{"not_picked":["Sweeping Beam","Beam Cell"],"picked":"Go for the Eyes","floor":8},{"not_picked":["Go for the Eyes","Cold Snap"],"picked":"Aggregate","floor":11},{"not_picked":["Genetic Algorithm","Rebound"],"picked":"Streamline","floor":12},{"not_picked":["Stack","Doom and Gloom"],"picked":"Conserve Battery","floor":14},{"not_picked":["Amplify","Reboot"],"picked":"Buffer","floor":16},{"not_picked":["Compile Driver","Go for the Eyes"],"picked":"Streamline","floor":18},{"not_picked":["Capacitor+1","Hologram"],"picked":"Darkness+1","floor":19},{"not_picked":["Leap","Conserve Battery"],"picked":"Hologram+1","floor":20},{"not_picked":["Go for the Eyes","Ball Lightning","Fission"],"picked":"SKIP","floor":22},{"not_picked":["Barrage","Redo"],"picked":"Auto Shields+1","floor":23},{"not_picked":["Gash","FTL"],"picked":"Genetic Algorithm","floor":30}],"player_experience":489924,"relics_obtained":[{"floor":7,"key":"Centennial Puzzle"},{"floor":9,"key":"infinitespire:EmpoweringShard"},{"floor":25,"key":"The Courier"},{"floor":26,"key":"Ornamental Fan"}],"event_choices":[{"damage_healed":0,"gold_gain":0,"player_choice":"1 cards matched","damage_taken":0,"max_hp_gain":0,"max_hp_loss":0,"event_name":"Match and Keep!","floor":4,"gold_loss":0,"cards_obtained":["Multi-Cast"]},{"cards_removed":["Strike_B"],"damage_healed":0,"gold_gain":0,"player_choice":"Took Card","damage_taken":0,"max_hp_gain":0,"max_hp_loss":0,"event_name":"NoteForYourself","floor":13,"gold_loss":0,"cards_obtained":["Iron Wave"]},{"damage_healed":0,"gold_gain":0,"player_choice":"Joined the Cult","damage_taken":6,"max_hp_gain":0,"max_hp_loss":0,"event_name":"Nest","floor":31,"gold_loss":0,"cards_obtained":["RitualDagger"]}],"is_beta":false,"boss_relics":[{"not_picked":["SacredBark","Empty Cage"],"picked":"Nuclear Battery"}],"items_purged_floors":[10],"is_endless":false,"potions_floor_spawned":[2,3,11,12,16,18,30],"killed_by":"Automaton","ascension_level":0}}