{"host":"l2lylj0omvglf5x0","time":1613894786,"event":{"mods":["2.2 Compatiblity","BaseMod","Bestiary","Block Reminder","Colored Map","Colored Powertips","Curses Come First","Highlight Path","Keyboard Shortcuts","Minty Spire (QoL Compilation)","Relic Sorter","Relic Stats","Slay the Relics Exporter","StSLib","SuperFastMode"],"gold_per_floor":[114,114,114,129,140,173,173,19,319,330,349,378,378,412,412,412,412],"floor_reached":16,"language":"ENG","playtime":587,"items_purged":[],"score":192,"play_id":"bddae82b-7cc8-41fd-a3b6-19c6b3f89bf9","local_time":"20210221090626","is_ascension_mode":true,"campfire_choices":[{"data":"True Grit","floor":7,"key":"SMITH"},{"data":"Strike_R","floor":13,"key":"PURGE"},{"floor":15,"key":"REST"}],"circlet_count":0,"master_deck":["AscendersBane","Strike_R","Strike_R+1","Strike_R+1","Defend_R","Defend_R","Defend_R","Defend_R","Bash","Twin Strike","Immolate","Power Through","Headbutt","True Grit+1","Ghostly Armor","Battle Trance"],"relics":["Burning Blood","Champion Belt","Peace Pipe","Regal Pillow","Old Coin","Red Skull","CeramicFish"],"acts_visited":["Exordium"],"potions_floor_usage":[10],"damage_taken":[{"damage":8,"enemies":"Jaw Worm","floor":1,"turns":5},{"damage":3,"enemies":"Small Slimes","floor":4,"turns":2},{"damage":0,"enemies":"Cultist","floor":5,"turns":2},{"damage":20,"enemies":"3 Sentries","floor":6,"turns":3},{"damage":0,"enemies":"Looter","floor":10,"turns":3},{"damage":1,"enemies":"2 Fungi Beasts","floor":11,"turns":2},{"damage":23,"enemies":"Gremlin Nob","floor":12,"turns":5},{"damage":23,"enemies":"Lagavulin","floor":14,"turns":8},{"damage":64,"enemies":"Hexaghost","floor":16,"turns":11}],"seed_played":"-2936173852406631980","potions_obtained":[{"floor":1,"key":"Strength Potion"},{"floor":6,"key":"ColorlessPotion"},{"floor":10,"key":"LiquidBronze"}],"is_trial":false,"path_per_floor":["M","?","?","M","M","E","R","$","T","M","M","E","R","E","R","B"],"character_chosen":"IRONCLAD","items_purchased":["Regal Pillow"],"campfire_rested":1,"item_purchase_floors":[8],"current_hp_per_floor":[70,56,56,59,65,51,51,51,51,57,62,45,45,28,64,0,0],"gold":412,"neow_bonus":"ONE_RARE_RELIC","is_daily":false,"chose_seed":false,"campfire_upgraded":1,"win_rate":0.0,"timestamp":1613894786,"path_taken":["M","?","?","M","M","E","R","$","T","?","M","E","R","E","R","BOSS"],"items_purchased_type":["Relic"],"build_version":"2020-12-22","purchased_purges":0,"victory":false,"max_hp_per_floor":[72,72,72,72,72,72,72,72,72,72,72,72,72,72,72,72,72],"relic_stats":{"Peace Pipe":1,"Regal Pillow":15,"counters":[9,41],"CeramicFish":9,"Champion Belt":[8],"obtain_stats":[{"Peace Pipe":6,"Regal Pillow":8,"CeramicFish":14,"Champion Belt":0,"Burning Blood":0,"Red Skull":12,"Old Coin":9},{"Peace Pipe":4,"Regal Pillow":4,"CeramicFish":8,"Champion Belt":0,"Burning Blood":0,"Red Skull":7,"Old Coin":4},{"Peace Pipe":12,"Regal Pillow":12,"CeramicFish":30,"Champion Belt":0,"Burning Blood":0,"Red Skull":22,"Old Coin":12}],"Burning Blood":48},"card_choices":[{"not_picked":["Reckless Charge","Perfected Strike"],"picked":"Twin Strike","floor":1},{"not_picked":["Combust","Shrug It Off"],"picked":"Power Through","floor":4},{"not_picked":["Anger","Sword Boomerang"],"picked":"Headbutt","floor":5},{"not_picked":["Flame Barrier","Sword Boomerang"],"picked":"True Grit","floor":6},{"not_picked":["Fiend Fire","Havoc","Anger"],"picked":"SKIP","floor":10},{"not_picked":["Dropkick","Clothesline","True Grit"],"picked":"SKIP","floor":11},{"not_picked":["Disarm","Anger"],"picked":"Ghostly Armor","floor":12},{"not_picked":["Whirlwind","Heavy Blade"],"picked":"Battle Trance","floor":14}],"player_experience":1019996,"relics_obtained":[{"floor":6,"key":"Peace Pipe"},{"floor":9,"key":"Old Coin"},{"floor":12,"key":"Red Skull"},{"floor":14,"key":"CeramicFish"}],"event_choices":[{"damage_healed":0,"gold_gain":0,"player_choice":"Entered Light","damage_taken":14,"max_hp_gain":0,"max_hp_loss":0,"event_name":"Shining Light","floor":2,"gold_loss":0,"cards_upgraded":["Strike_R","Strike_R"]},{"damage_healed":0,"gold_gain":0,"cards_transformed":["Strike_R"],"player_choice":"Transformed","damage_taken":0,"max_hp_gain":0,"max_hp_loss":0,"event_name":"Transmorgrifier","floor":3,"gold_loss":0,"cards_obtained":["Immolate"]}],"is_beta":false,"boss_relics":[],"items_purged_floors":[],"is_endless":false,"potions_floor_spawned":[1,6,10,12],"killed_by":"Hexaghost","ascension_level":12}}