{"host":"dz37y7s0f4dytpbs","time":1613951437,"event":{"mods":["2.2 Compatiblity","AchievementEnabler","BaseMod","BetterRewards","Colored Map","Keyboard Shortcuts","Marisa£¨Ùöéë¡¡Øª×âÞÞ£©","Minty Spire (QoL Compilation)","Permanent Neow","StSLib","SuperFastMode","The Cursed","everything is the same but u backflip on backflip"],"gold_per_floor":[127,153,153,180,254,312,409,502,502,628,628,803,886,914,914,1146,1146,1241,707,807,807,898,1027,1027,1126,1126,1184,1184,1262,1385,1501,1501,1827,1827,2003,2080,2207,2207,1388,1388,1544,1697,1697,1844,1844,1844,1073,1172,1172,1252,1252,1252,89,132,192],"floor_reached":56,"language":"KOR","playtime":8832,"items_purged":["Strike_MRS","Strike_MRS","NonDirectionalLaser","Defend_MRS","WitchOfGreed"],"score":1611,"play_id":"c102fcb7-ddb9-4f99-85a2-c41c0a4e9da9","local_time":"20210222085037","is_ascension_mode":false,"campfire_choices":[{"data":"MillisecondPulsars","floor":15.0,"key":"SMITH"},{"data":"Strike_MRS","floor":28.0,"key":"PURGE"},{"data":"Defend_MRS","floor":32.0,"key":"PURGE"},{"data":"NonDirectionalLaser","floor":40.0,"key":"PURGE"},{"floor":46.0,"key":"RECALL"},{"data":"Defend_MRS","floor":49,"key":"PURGE"},{"data":"Defend_MRS","floor":52,"key":"PURGE"}],"circlet_count":0,"master_deck":["MasterSpark","UpSweep","Dramatic Entrance","MilkyWay+1","GravityBeat","WitchOfGreed","Robbery","GasGiant+1","MillisecondPulsars+1","TreasureHunter","EarthLightRay+1","UltimateShortwave+1","6A","AsteroidBelt+1","SporeBomb+1","ManaConvection+1","MagicChant+1","LuminesStrike","Ghostly+1","Ghostly+1","Ghostly+1","Ghostly+1","Ghostly+1","Orbital+1","DeepEcoloBomb","ShootTheMoon+1","DarkMatter+1","CasketOfStar","MaximisePower+1","PropBag+1","ShootingEcho+1","LuminesStrike+1","AsteroidBelt+1","Master of Strategy+1","Deep Breath+1","OortCloud","EnergyRecoil+1","Occultation+1","BlazeAway+1","EventHorizon+1","MagicAbsorber+1","Violence+1","ManaRampage+1"],"relics":["MiniHakkero","Ice Cream","Toxic Egg 2","ClockworkSouvenir","White Beast Statue","Matryoshka","Blue Candle","Anchor","Omamori","Ginger","Golden Idol","CaptainsWheel","SlaversCollar","SproutingBranch","Tiny Chest","Bag of Marbles","Bag of Preparation","Peace Pipe","Gremlin Horn","Akabeko","HandmadeGrimoire","Bird Faced Urn","Fusion Hammer","AmplifyWand","Happy Flower","Ancient Tea Set","Darkstone Periapt","Pear","Eternal Feather","Frozen Egg 2","Pen Nib","Sling","Medical Kit","Unceasing Top","Bronze Scales","Blood Vial"],"acts_visited":["Exordium","TheCity","TheBeyond","TheEnding"],"potions_floor_usage":[50,55,55],"damage_taken":[{"damage":3.0,"enemies":"Small Slimes","floor":1.0,"turns":3.0},{"damage":0.0,"enemies":"Jaw Worm","floor":2.0,"turns":3.0},{"damage":0.0,"enemies":"Cultist","floor":4.0,"turns":3.0},{"damage":22.0,"enemies":"Gremlin Nob","floor":6.0,"turns":4.0},{"damage":5.0,"enemies":"Looter","floor":7.0,"turns":3.0},{"damage":0.0,"enemies":"3 Sentries","floor":8.0,"turns":4.0},{"damage":5.0,"enemies":"Lagavulin","floor":10.0,"turns":6.0},{"damage":2.0,"enemies":"Exordium Thugs","floor":13.0,"turns":5.0},{"damage":0.0,"enemies":"2 Fungi Beasts","floor":14.0,"turns":1.0},{"damage":37.0,"enemies":"Hexaghost","floor":16.0,"turns":12.0},{"damage":0.0,"enemies":"Spheric Guardian","floor":18.0,"turns":5.0},{"damage":0.0,"enemies":"Chosen","floor":20.0,"turns":6.0},{"damage":0.0,"enemies":"Centurion and Healer","floor":22.0,"turns":7.0},{"damage":0.0,"enemies":"Book of Stabbing","floor":23.0,"turns":4.0},{"damage":0.0,"enemies":"Gremlin Leader","floor":25.0,"turns":7.0},{"damage":0.0,"enemies":"Snake Plant","floor":27.0,"turns":4.0},{"damage":0.0,"enemies":"3 Cultists","floor":29.0,"turns":4.0},{"damage":0.0,"enemies":"Snecko","floor":30.0,"turns":4.0},{"damage":0.0,"enemies":"Slavers","floor":31.0,"turns":5.0},{"damage":0.0,"enemies":"Champ","floor":33.0,"turns":10.0},{"damage":0.0,"enemies":"3 Darklings","floor":35.0,"turns":5.0},{"damage":0.0,"enemies":"3 Shapes","floor":36.0,"turns":3.0},{"damage":0.0,"enemies":"Sphere and 2 Shapes","floor":37.0,"turns":4.0},{"damage":0.0,"enemies":"Reptomancer","floor":41.0,"turns":3.0},{"damage":0.0,"enemies":"Maw","floor":42.0,"turns":4.0},{"damage":0.0,"enemies":"Spire Growth","floor":44.0,"turns":5.0},{"damage":0.0,"enemies":"4 Shapes","floor":48.0,"turns":3.0},{"damage":5,"enemies":"Time Eater","floor":50,"turns":8},{"damage":0,"enemies":"Shield and Spear","floor":54,"turns":1},{"damage":7,"enemies":"The Heart","floor":55,"turns":5}],"seed_played":"4668599544935203036","potions_obtained":[{"floor":1.0,"key":"SkillPotion"},{"floor":1.0,"key":"LiquidMemories"},{"floor":2.0,"key":"Strength Potion"},{"floor":4.0,"key":"BottledSpark"},{"floor":4.0,"key":"Regen Potion"},{"floor":6.0,"key":"Fire Potion"},{"floor":6.0,"key":"DuplicationPotion"},{"floor":6.0,"key":"PowerPotion"},{"floor":7.0,"key":"EntropicBrew"},{"floor":7.0,"key":"SkillPotion"},{"floor":8.0,"key":"CultistPotion"},{"floor":8.0,"key":"FairyPotion"},{"floor":10.0,"key":"Regen Potion"},{"floor":10.0,"key":"BlessingOfTheForge"},{"floor":10.0,"key":"SkillPotion"},{"floor":13.0,"key":"DistilledChaos"},{"floor":13.0,"key":"FearPotion"},{"floor":14.0,"key":"Swift Potion"},{"floor":16.0,"key":"Ancient Potion"},{"floor":16.0,"key":"Strength Potion"},{"floor":16.0,"key":"SteroidPotion"},{"floor":18.0,"key":"BlessingOfTheForge"},{"floor":18.0,"key":"EssenceOfSteel"},{"floor":18.0,"key":"Fire Potion"},{"floor":20.0,"key":"SpeedPotion"},{"floor":20.0,"key":"Regen Potion"},{"floor":20.0,"key":"EssenceOfSteel"},{"floor":22.0,"key":"Swift Potion"},{"floor":22.0,"key":"Dexterity Potion"},{"floor":23.0,"key":"BottledSpark"},{"floor":23.0,"key":"BlessingOfTheForge"},{"floor":23.0,"key":"SneckoOil"},{"floor":25.0,"key":"PowerPotion"},{"floor":25.0,"key":"ShroomBrew"},{"floor":25.0,"key":"LiquidBronze"},{"floor":27.0,"key":"SkillPotion"},{"floor":27.0,"key":"PowerPotion"},{"floor":29.0,"key":"PowerPotion"},{"floor":29.0,"key":"SkillPotion"},{"floor":29.0,"key":"StarNLove"},{"floor":30.0,"key":"DistilledChaos"},{"floor":30.0,"key":"StarNLove"},{"floor":31.0,"key":"AttackPotion"},{"floor":31.0,"key":"CultistPotion"},{"floor":31.0,"key":"LiquidMemories"},{"floor":33.0,"key":"EntropicBrew"},{"floor":35.0,"key":"FearPotion"},{"floor":35.0,"key":"Explosive Potion"},{"floor":36.0,"key":"SteroidPotion"},{"floor":36.0,"key":"SneckoOil"},{"floor":37.0,"key":"PowerPotion"},{"floor":37.0,"key":"Dexterity Potion"},{"floor":37.0,"key":"ColorlessPotion"},{"floor":38.0,"key":"SpeedPotion"},{"floor":38.0,"key":"Energy Potion"},{"floor":41.0,"key":"Swift Potion"},{"floor":41.0,"key":"Swift Potion"},{"floor":42.0,"key":"BlessingOfTheForge"},{"floor":44.0,"key":"CultistPotion"},{"floor":48.0,"key":"Strength Potion"}],"is_trial":false,"path_per_floor":["M","M","?","M","T","E","M","E","T","E","?","?","M","M","R","B",null,"M","$","M","?","M","E","?","E","T","M","R","M","M","E","R","B",null,"M","M","M","?","$","R","E","M","T","M","T","R","$","M","R","B",null,"R","$","E","B",null],"character_chosen":"MARISA","items_purchased":["Ice Cream","Toxic Egg 2","WitchOfGreed","ClockworkSouvenir","Dramatic Entrance","SproutingBranch","AsteroidBelt+1","AmplifyWand","Happy Flower","AsteroidBelt+1","Master of Strategy+1","Deep Breath+1","Frozen Egg 2","Pen Nib","Sling","Occultation+1","Medical Kit","Unceasing Top","Bronze Scales","EventHorizon+1","MagicAbsorber+1","GamblersBrew","Violence+1"],"campfire_rested":0,"item_purchase_floors":[0,0,0,0,0,19,19,39,39,39,39,39,47,47,47,47,53,53,53,53,53,53,53],"current_hp_per_floor":[72,72,72,72,72,55,50,50,50,45,27,27,39,39,39,8,75,75,75,75,75,75,75,37,37,37,37,37,37,37,37,37,37,37,37,37,37,37,37,37,37,37,47,47,47,47,47,47,47,47,47,47,47,47,42],"gold":192,"neow_bonus":"","is_daily":false,"chose_seed":false,"campfire_upgraded":1,"win_rate":0.0,"timestamp":1613951437,"path_taken":["M","M","?","M","?","E","M","E","T","E","?","?","M","M","R","BOSS","M","$","M","?","M","E","?","E","T","M","R","M","M","E","R","BOSS","M","M","M","?","$","R","E","M","T","?","?","R","$","M","R","BOSS","R","$","E","BOSS"],"items_purchased_type":["Relic","Relic","Card","Relic","Card","Relic","Card","Relic","Relic","Card","Card","Card","Relic","Relic","Relic","Card","Relic","Relic","Relic","Card","Card","Potion","Card"],"build_version":"2020-12-22","purchased_purges":5,"victory":true,"max_hp_per_floor":[75,75,75,75,75,75,75,75,75,75,75,75,75,75,75,75,75,75,75,75,75,75,75,37,37,37,37,37,37,37,37,37,37,37,37,37,37,37,37,37,37,37,47,47,47,47,47,47,47,47,47,47,47,47,47],"card_choices":[{"not_picked":["DoubleSpark","DC"],"picked":"MilkyWay+1","floor":1.0},{"not_picked":["SporeBomb+1","GrandCross"],"picked":"NonDirectionalLaser","floor":2.0},{"not_picked":["OrrerysSun","DeepEcoloBomb"],"picked":"WitchOfGreed","floor":4.0},{"not_picked":["DC","6A"],"picked":"Robbery","floor":6.0},{"not_picked":["UnstableBomb","StarBarrage"],"picked":"GasGiant+1","floor":7.0},{"not_picked":["CasketOfStar","EnergyRecoil+1"],"picked":"MillisecondPulsars","floor":8.0},{"not_picked":["OpenUniverse+1","FairyDestructionRay"],"picked":"TreasureHunter","floor":10.0},{"not_picked":["GravityBeat","FairyDestructionRay"],"picked":"EarthLightRay+1","floor":13.0},{"not_picked":["ShootingEcho","UnstableBomb"],"picked":"NonDirectionalLaser","floor":14.0},{"not_picked":["BinaryStars+1","MillisecondPulsars"],"picked":"UltimateShortwave+1","floor":16.0},{"not_picked":["WitchOfGreed","NonDirectionalLaser"],"picked":"6A","floor":18.0},{"not_picked":["GravityBeat","6A+1"],"picked":"SporeBomb+1","floor":20.0},{"not_picked":["GalacticHalo+1","DoubleSpark+1"],"picked":"MagicChant+1","floor":22.0},{"not_picked":["AlicesGift","DarkSpark"],"picked":"LuminesStrike","floor":23.0},{"not_picked":["MagicAbsorber+1","DC"],"picked":"Orbital+1","floor":25.0},{"not_picked":["DoubleSpark","WitchOfGreed"],"picked":"DeepEcoloBomb","floor":27.0},{"not_picked":["SporeBomb+1","CasketOfStar"],"picked":"ShootTheMoon+1","floor":29.0},{"not_picked":["WitchLeyline","LuminesStrike+1"],"picked":"DarkMatter+1","floor":30.0},{"not_picked":["GalacticHalo+1","BlazeAway+1"],"picked":"CasketOfStar","floor":31.0},{"not_picked":["FinalSpark","TreasureHunter"],"picked":"MaximisePower+1","floor":33.0},{"not_picked":["MachineGunSpark+1","DarkSpark+1"],"picked":"PropBag+1","floor":35.0},{"not_picked":["WitchLeyline+1","SuperPerseids+1"],"picked":"ShootingEcho+1","floor":36.0},{"not_picked":["WitchLeyline+1","DoubleSpark"],"picked":"LuminesStrike+1","floor":37.0},{"not_picked":["SuperNova","GrandCross"],"picked":"OortCloud","floor":41.0},{"not_picked":["AlicesGift","MachineGunSpark"],"picked":"EnergyRecoil+1","floor":42.0},{"not_picked":["OpenUniverse+1","ShootTheMoon+1","DoubleSpark"],"picked":"SKIP","floor":44.0},{"not_picked":["AsteroidBelt+1","OrrerysSun+1"],"picked":"BlazeAway+1","floor":48.0},{"not_picked":["SporeBomb+1","DeepEcoloBomb+1"],"picked":"ManaRampage+1","floor":54}],"player_experience":329289,"relics_obtained":[{"floor":5.0,"key":"White Beast Statue"},{"floor":6.0,"key":"Matryoshka"},{"floor":8.0,"key":"Blue Candle"},{"floor":9.0,"key":"Anchor"},{"floor":9.0,"key":"Omamori"},{"floor":10.0,"key":"Ginger"},{"floor":16.0,"key":"CaptainsWheel"},{"floor":23.0,"key":"Tiny Chest"},{"floor":23.0,"key":"Bag of Marbles"},{"floor":25.0,"key":"Bag of Preparation"},{"floor":25.0,"key":"Peace Pipe"},{"floor":26.0,"key":"Gremlin Horn"},{"floor":31.0,"key":"Akabeko"},{"floor":31.0,"key":"HandmadeGrimoire"},{"floor":33.0,"key":"Bird Faced Urn"},{"floor":41.0,"key":"Ancient Tea Set"},{"floor":41.0,"key":"Darkstone Periapt"},{"floor":43.0,"key":"Pear"},{"floor":45.0,"key":"Eternal Feather"},{"floor":54,"key":"Blood Vial"}],"event_choices":[{"damage_healed":0.0,"max_hp_gain":0.0,"max_hp_loss":0.0,"gold_gain":0.0,"cards_transformed":["Strike_MRS"],"event_name":"Living Wall","player_choice":"Change","floor":3.0,"gold_loss":0.0,"damage_taken":0.0,"cards_obtained":["GravityBeat"]},{"damage_healed":0.0,"max_hp_gain":0.0,"max_hp_loss":0.0,"gold_gain":0.0,"event_name":"Golden Idol","player_choice":"Take Damage","floor":11.0,"gold_loss":0.0,"damage_taken":18.0,"relics_obtained":["Golden Idol"]},{"damage_healed":0.0,"max_hp_gain":0.0,"max_hp_loss":0.0,"gold_gain":175.0,"event_name":"Liars Game","player_choice":"AGREE","floor":12.0,"gold_loss":0.0,"damage_taken":0.0,"cards_obtained":["Doubt"]},{"damage_healed":0.0,"max_hp_gain":0.0,"max_hp_loss":0.0,"gold_gain":0.0,"event_name":"The Library","player_choice":"Read","floor":21.0,"gold_loss":0.0,"damage_taken":0.0,"cards_obtained":["ManaConvection"]},{"damage_healed":0.0,"max_hp_gain":0.0,"max_hp_loss":38.0,"gold_gain":0.0,"event_name":"Ghosts","player_choice":"Became a Ghost","floor":24.0,"gold_loss":0.0,"damage_taken":0.0,"cards_obtained":["Ghostly","Ghostly","Ghostly","Ghostly","Ghostly"]},{"damage_healed":0.0,"max_hp_gain":0.0,"max_hp_loss":0.0,"gold_gain":0.0,"event_name":"Lab","player_choice":"Got Potions","floor":38.0,"gold_loss":0.0,"damage_taken":0.0}],"is_beta":false,"boss_relics":[{"not_picked":["Velvet Choker","Pandora\u0027s Box"],"picked":"SlaversCollar"},{"not_picked":["Tiny House","SacredBark"],"picked":"Fusion Hammer"}],"items_purged_floors":[0,19,39,47,53],"is_endless":false,"potions_floor_spawned":[1,4,6,7,8,10,13,14,16,18,20,22,23,25,27,29,30,31,33,35,36,37,41,42,44,48,54],"ascension_level":0}}