{"host":"va54hb6vb0xjmjwj","time":1613935401,"event":{"mods":["BaseMod","Highlight Path","Minty Spire (QoL Compilation)","Replay The Spire","StSLib"],"gold_per_floor":[117,130,53,53,70,97,29,29,29,39,39,39,39,39,39,144,144,117,117,117,136,136,136,164,164,189,201,248,278,309,352,364,376,376],"floor_reached":33,"language":"ENG","playtime":1838,"items_purged":[],"score":326,"play_id":"d73d86d0-4393-4372-83e8-04eaf1838db4","local_time":"20210221142321","is_ascension_mode":false,"campfire_choices":[{"data":"Noxious Fumes","floor":8,"key":"SMITH"},{"data":"Noxious Fumes","floor":8,"key":"SMITH"},{"data":"Bane","floor":11,"key":"SMITH"},{"data":"Catalyst","floor":11,"key":"SMITH"},{"floor":15,"key":"REST"},{"data":"Atom Bomb","floor":23,"key":"SMITH"},{"data":"Corpse Explosion","floor":23,"key":"SMITH"},{"data":"ReplayTheSpireMod:From All Sides","floor":25,"key":"SMITH"},{"data":"PiercingWail","floor":25,"key":"SMITH"},{"floor":27,"key":"REST"},{"floor":32,"key":"REST"}],"circlet_count":0,"master_deck":["Strike_G","Strike_G","Strike_G","Strike_G","Strike_G","Defend_G","Defend_G","Defend_G","Defend_G","Defend_G","Survivor","Neutralize","Dodge and Roll","Slice","Noxious Fumes+1","ReplayTheSpireMod:Uncanny Aura","PiercingWail+1","Catalyst+1","Corpse Explosion+1","Noxious Fumes+1","Bane+1","ReplayTheSpireMod:From All Sides+1","Dagger Throw+1","Noxious Fumes+1","Atom Bomb+1","Necronomicurse","Bane+1","Prepared+1","Skewer","Dagger Spray+1","Pot Of Greed","Pot Of Greed","Pot Of Greed","Fluid Movement+1"],"relics":["NeowsBlessing","Replay:Arrowhead","Bird Faced Urn","Sizzling Blood","Velvet Choker","Necronomicon","Boot","MawBank","White Beast Statue","Grinning Jar"],"acts_visited":["Exordium","TheCity"],"potions_floor_usage":[6,6,10,28,29,30,33,33],"damage_taken":[{"damage":0,"enemies":"Jaw Worm","floor":1,"turns":1},{"damage":0,"enemies":"Cultist","floor":2,"turns":1},{"damage":0,"enemies":"Small Slimes","floor":5,"turns":1},{"damage":44,"enemies":"3 Sentries","floor":6,"turns":7},{"damage":10,"enemies":"Gremlin Gang","floor":10,"turns":3},{"damage":63,"enemies":"Fading Forest","floor":16,"turns":11},{"damage":25,"enemies":"2 Thieves","floor":18,"turns":5},{"damage":10,"enemies":"Shell Parasite","floor":21,"turns":6},{"damage":2,"enemies":"Gremlin Leader","floor":24,"turns":4},{"damage":38,"enemies":"Slavers","floor":28,"turns":3},{"damage":0,"enemies":"Snecko","floor":29,"turns":2},{"damage":19,"enemies":"Centurion and Healer","floor":30,"turns":3},{"damage":0,"enemies":"Gremlin Leader","floor":31,"turns":1},{"damage":79,"enemies":"Champ","floor":33,"turns":5}],"seed_played":"4274805332660770882","potions_obtained":[{"floor":2,"key":"PowerPotion"},{"floor":5,"key":"ColorlessPotion"},{"floor":6,"key":"Fire Potion"},{"floor":18,"key":"GamblersBrew"},{"floor":28,"key":"Fire Potion"},{"floor":29,"key":"AttackPotion"},{"floor":30,"key":"Fire Potion"},{"floor":31,"key":"Explosive Potion"}],"is_trial":false,"path_per_floor":["M","M","$","?","M","E","$","R","T","M","R","$","?","$","R","B",null,"M","?","?","M","?","R","E","R","T","R","E","M","M","E","R","B"],"character_chosen":"THE_SILENT","items_purchased":["Noxious Fumes","Noxious Fumes"],"campfire_rested":3,"item_purchase_floors":[3,7],"current_hp_per_floor":[70,70,70,70,70,26,26,26,26,18,18,18,22,22,44,13,74,57,57,57,57,41,41,49,49,49,71,39,43,30,34,56,0,0],"gold":376,"neow_bonus":"THREE_ENEMY_KILL","is_daily":false,"chose_seed":false,"campfire_upgraded":8,"win_rate":0.0,"timestamp":1613935401,"path_taken":["M","M","$","?","?","E","$","R","T","M","R","?","?","$","R","BOSS","M","?","?","?","?","R","E","R","T","R","E","M","M","E","R","BOSS"],"items_purchased_type":["Card","Card"],"build_version":"2020-12-22","purchased_purges":0,"victory":false,"max_hp_per_floor":[70,70,70,70,70,70,70,70,70,70,70,70,74,74,74,74,74,74,74,74,74,74,74,74,74,74,74,74,74,74,74,74,74,74],"card_choices":[{"not_picked":["Draining Mist","Dagger Throw"],"picked":"Dodge and Roll","floor":1},{"not_picked":["Prepared","ReplayTheSpireMod:Exploit Weakness"],"picked":"Slice","floor":2},{"not_picked":["Dagger Throw","Dagger Spray"],"picked":"Catalyst","floor":5},{"not_picked":["Bane","Deflect"],"picked":"Corpse Explosion","floor":6},{"not_picked":["Underhanded Strike","Backflip"],"picked":"Bane","floor":10},{"not_picked":["Night Terror","After Image"],"picked":"ReplayTheSpireMod:From All Sides","floor":16},{"not_picked":["Blade Dance","Sucker Punch+1"],"picked":"Dagger Throw+1","floor":18},{"not_picked":["Cloak And Dagger","Expertise"],"picked":"Atom Bomb","floor":21},{"not_picked":["Dodge and Roll","Distraction"],"picked":"Bane+1","floor":24},{"not_picked":["Poisoned Stab","Riddle With Holes"],"picked":"Prepared+1","floor":28},{"not_picked":["Deflect","Acrobatics"],"picked":"Skewer","floor":29},{"not_picked":["Prepared","Backflip"],"picked":"Dagger Spray+1","floor":30},{"not_picked":["Finisher","Predator"],"picked":"Fluid Movement+1","floor":31}],"player_experience":226321,"relics_obtained":[{"floor":6,"key":"Replay:Arrowhead"},{"floor":9,"key":"Bird Faced Urn"},{"floor":22,"key":"Necronomicon"},{"floor":24,"key":"Boot"},{"floor":26,"key":"MawBank"},{"floor":28,"key":"White Beast Statue"},{"floor":31,"key":"Grinning Jar"}],"event_choices":[{"damage_healed":0,"gold_gain":0,"player_choice":"2 cards matched","damage_taken":0,"max_hp_gain":0,"max_hp_loss":0,"event_name":"Match and Keep!","floor":4,"gold_loss":0,"cards_obtained":["ReplayTheSpireMod:Uncanny Aura","PiercingWail"]},{"damage_healed":0,"gold_gain":0,"player_choice":"Read","damage_taken":0,"max_hp_gain":0,"max_hp_loss":0,"event_name":"The Library","floor":19,"gold_loss":0,"cards_obtained":["Noxious Fumes"]},{"damage_healed":0,"gold_gain":0,"player_choice":"Forge","damage_taken":0,"max_hp_gain":0,"max_hp_loss":0,"event_name":"Accursed Blacksmith","floor":20,"gold_loss":0,"cards_upgraded":["Noxious Fumes"]},{"damage_healed":0,"gold_gain":0,"player_choice":"Obtained Book","damage_taken":16,"max_hp_gain":0,"max_hp_loss":0,"event_name":"Cursed Tome","floor":22,"gold_loss":0}],"is_beta":false,"boss_relics":[{"not_picked":["Ring of Chaos","Coffee Dripper"],"picked":"Velvet Choker"}],"items_purged_floors":[],"is_endless":false,"potions_floor_spawned":[2,5,6,18,28,29,30,31],"killed_by":"Champ","ascension_level":0}}