{"host":"8is2j71l4wmybkoi","time":1613905969,"event":{"mods":["AchievementEnabler","BaseMod","Colored Map","DeckTracker","Minty Spire (QoL Compilation)","Rare Cards Sparkle","Relic Stats","StSLib","SuperFastMode"],"gold_per_floor":[110,110,35,35,60,60,91,104,104,148,148,192,206,219,219,310,310,325,375,375,24,24,24,63,63,63,103,116,132,132,173,173,269,269,292,311,330,330,354,388,400,412,424,436,469,122,145,20,20,20,20,20,20,51,51,51],"floor_reached":55,"language":"KOR","playtime":3835,"items_purged":["Defend_G","Strike_G","Strike_G"],"score":1424,"play_id":"1f9228cd-5ccc-4262-a234-8c31d075fc50","local_time":"20210221201249","is_ascension_mode":true,"campfire_choices":[{"data":"Neutralize","floor":6.0,"key":"SMITH"},{"data":"Venomology","floor":11.0,"key":"SMITH"},{"data":"Blade Dance","floor":15.0,"key":"SMITH"},{"data":"Acrobatics","floor":23.0,"key":"SMITH"},{"data":"Reflex","floor":25.0,"key":"SMITH"},{"data":"Prepared","floor":30.0,"key":"SMITH"},{"floor":32,"key":"REST"},{"data":"Tactician","floor":42,"key":"SMITH"},{"floor":49,"key":"RECALL"},{"data":"Calculated Gamble","floor":52,"key":"SMITH"}],"circlet_count":0,"master_deck":["AscendersBane","Strike_G","Defend_G","Defend_G","Defend_G","Survivor","Neutralize+1","Eviscerate","Dagger Throw","PiercingWail","Finisher","Venomology+1","Blade Dance+1","Reflex+1","Corpse Explosion","Backflip+1","Acrobatics+1","Well Laid Plans+1","Prepared+1","Blade Dance","Tactician+1","Adrenaline","Outmaneuver+1","Reflex","Calculated Gamble+1","Footwork+1"],"relics":["Ring of the Snake","NeowsBlessing","Golden Idol","Pocketwatch","Meat on the Bone","MealTicket","InkBottle","Black Star","Sundial","Frozen Egg 2","Orichalcum","Tiny Chest","Ornamental Fan","Matryoshka","Tingsha","Gremlin Horn","Question Card","WristBlade","MawBank","WingedGreaves","Nunchaku","White Beast Statue","Regal Pillow","Kunai","Bag of Preparation","Happy Flower","Shuriken"],"acts_visited":["Exordium","TheCity","TheBeyond","TheEnding"],"potions_floor_usage":[31,33,33,36,37,40,40,50,54,55,55],"damage_taken":[{"damage":0.0,"enemies":"Small Slimes","floor":1.0,"turns":1.0},{"damage":0.0,"enemies":"2 Louse","floor":5.0,"turns":1.0},{"damage":0.0,"enemies":"Gremlin Nob","floor":7.0,"turns":1.0},{"damage":1.0,"enemies":"Jaw Worm","floor":8.0,"turns":3.0},{"damage":14.0,"enemies":"3 Sentries","floor":10.0,"turns":8.0},{"damage":5.0,"enemies":"Gremlin Nob","floor":12.0,"turns":3.0},{"damage":0.0,"enemies":"2 Fungi Beasts","floor":13.0,"turns":2.0},{"damage":3.0,"enemies":"Large Slime","floor":14.0,"turns":5.0},{"damage":12.0,"enemies":"Hexaghost","floor":16.0,"turns":5.0},{"damage":0.0,"enemies":"3 Byrds","floor":18.0,"turns":3.0},{"damage":6.0,"enemies":"Slavers","floor":24.0,"turns":3.0},{"damage":46.0,"enemies":"Gremlin Leader","floor":27.0,"turns":9.0},{"damage":4.0,"enemies":"Shell Parasite","floor":28.0,"turns":3.0},{"damage":6.0,"enemies":"Shelled Parasite and Fungi","floor":29.0,"turns":4.0},{"damage":32,"enemies":"Book of Stabbing","floor":31,"turns":7},{"damage":22,"enemies":"Champ","floor":33,"turns":7},{"damage":0,"enemies":"3 Shapes","floor":35,"turns":2},{"damage":0,"enemies":"Orb Walker","floor":36,"turns":3},{"damage":0,"enemies":"Sphere and 2 Shapes","floor":37,"turns":3},{"damage":0,"enemies":"3 Darklings","floor":39,"turns":1},{"damage":32,"enemies":"Nemesis","floor":40,"turns":9},{"damage":4,"enemies":"Writhing Mass","floor":45,"turns":3},{"damage":17,"enemies":"Time Eater","floor":50,"turns":7},{"damage":29,"enemies":"Shield and Spear","floor":54,"turns":2},{"damage":45,"enemies":"The Heart","floor":55,"turns":2}],"seed_played":"-2748611367908620484","potions_obtained":[{"floor":1.0,"key":"FearPotion"},{"floor":7.0,"key":"EntropicBrew"},{"floor":14.0,"key":"Strength Potion"},{"floor":27.0,"key":"CunningPotion"},{"floor":28.0,"key":"SteroidPotion"},{"floor":31,"key":"Dexterity Potion"},{"floor":35,"key":"DuplicationPotion"},{"floor":45,"key":"Strength Potion"},{"floor":54,"key":"PowerPotion"}],"is_trial":false,"path_per_floor":["M","?","?","?","M","R","E","M","T","E","R","E","M","M","R","B",null,"M","?","?","$","T","R","E","R","T","E","M","M","R","E","R","B",null,"M","M","M","?","M","E","T","R","T","?","M","$","T","$","R","B",null,"R","$","E","B"],"character_chosen":"THE_SILENT","items_purchased":["Sundial","Acrobatics","Kunai"],"campfire_rested":1,"item_purchase_floors":[21,21,46],"current_hp_per_floor":[59,59,59,52,52,52,52,51,51,37,37,32,32,41,41,41,55,55,55,55,60,60,60,54,54,54,20,28,34,34,14,32,22,51,51,51,51,51,51,31,31,31,31,31,39,54,54,60,60,43,56,56,60,31,0,0],"gold":51,"neow_bonus":"THREE_ENEMY_KILL","is_daily":false,"chose_seed":false,"campfire_upgraded":8,"win_rate":0.0,"timestamp":1613905969,"path_taken":["M","?","?","?","?","R","E","M","T","E","R","E","M","M","R","BOSS","M","?","?","$","?","R","E","R","T","E","M","M","R","E","R","BOSS","M","?","M","?","?","E","?","R","T","?","?","?","?","$","R","BOSS","R","$","E","BOSS"],"items_purchased_type":["Relic","Card","Relic"],"build_version":"2020-12-22","purchased_purges":3,"victory":false,"max_hp_per_floor":[66,60,60,60,60,60,60,60,60,60,60,60,60,60,60,60,60,60,60,60,60,60,60,60,60,60,60,60,60,60,60,60,60,60,60,60,60,60,60,60,60,60,60,60,60,60,60,60,60,60,60,60,60,60,60,60],"relic_stats":{"Regal Pillow":0,"Gremlin Horn":[5,5],"Happy Flower":[0],"counters":[25,97],"Golden Idol":162,"Tingsha":[292],"Bag of Preparation":[6],"Orichalcum":[30],"Question Card":8,"MawBank":72,"Nunchaku":[7],"Sundial":[22],"Ornamental Fan":[288],"Shuriken":[3],"MealTicket":30,"Tiny Chest":2,"Black Star":5,"Kunai":[16],"obtain_stats":[{"Regal Pillow":43,"Gremlin Horn":31,"Bag of Preparation":47,"Nunchaku":41,"Matryoshka":27,"WristBlade":34,"Sundial":21,"MealTicket":10,"Tiny Chest":24,"WingedGreaves":40,"Kunai":46,"InkBottle":12,"Ring of the Snake":0,"NeowsBlessing":0,"Happy Flower":54,"Golden Idol":2,"Tingsha":27,"Frozen Egg 2":22,"Orichalcum":24,"Question Card":31,"MawBank":40,"White Beast Statue":41,"Ornamental Fan":26,"Shuriken":54,"Black Star":17,"Pocketwatch":7,"Meat on the Bone":9},{"Regal Pillow":21,"Gremlin Horn":15,"Bag of Preparation":22,"Nunchaku":21,"Matryoshka":12,"WristBlade":16,"Sundial":10,"MealTicket":5,"Tiny Chest":11,"WingedGreaves":21,"Kunai":22,"InkBottle":6,"Ring of the Snake":0,"NeowsBlessing":0,"Happy Flower":24,"Golden Idol":1,"Tingsha":12,"Frozen Egg 2":10,"Orichalcum":11,"Question Card":15,"MawBank":21,"White Beast Statue":21,"Ornamental Fan":11,"Shuriken":24,"Black Star":9,"Pocketwatch":3,"Meat on the Bone":4},{"Regal Pillow":83,"Gremlin Horn":58,"Bag of Preparation":86,"Nunchaku":83,"Matryoshka":44,"WristBlade":65,"Sundial":32,"MealTicket":14,"Tiny Chest":35,"WingedGreaves":83,"Kunai":86,"InkBottle":17,"Ring of the Snake":0,"NeowsBlessing":0,"Happy Flower":95,"Golden Idol":1,"Tingsha":44,"Frozen Egg 2":32,"Orichalcum":35,"Question Card":58,"MawBank":83,"White Beast Statue":83,"Ornamental Fan":35,"Shuriken":95,"Black Star":29,"Pocketwatch":3,"Meat on the Bone":6}],"InkBottle":[56],"Ring of the Snake":[50],"Pocketwatch":[57],"Meat on the Bone":108},"card_choices":[{"not_picked":["Dagger Spray","Dagger Throw"],"picked":"Eviscerate","floor":1.0},{"not_picked":["Catalyst","Prepared"],"picked":"Dagger Throw","floor":5.0},{"not_picked":["Infinite Blades","Deflect"],"picked":"PiercingWail","floor":7.0},{"not_picked":["Slice","Dagger Throw"],"picked":"Finisher","floor":8.0},{"not_picked":["Concentrate","Blur"],"picked":"Venomology","floor":10.0},{"not_picked":["Slice","Sucker Punch","Dagger Throw"],"picked":"SKIP","floor":12.0},{"not_picked":["Slice","Outmaneuver"],"picked":"Blade Dance","floor":13.0},{"not_picked":["Sucker Punch","Slice"],"picked":"Reflex","floor":14.0},{"not_picked":["Venomology","Malaise"],"picked":"Corpse Explosion","floor":16.0},{"not_picked":["Setup","Deadly Poison"],"picked":"Backflip+1","floor":18.0},{"not_picked":["Cloak And Dagger+1","All Out Attack"],"picked":"Well Laid Plans+1","floor":24.0},{"not_picked":["Crippling Poison","Dodge and Roll"],"picked":"Prepared","floor":27.0},{"not_picked":["Prepared","Deflect"],"picked":"Blade Dance","floor":28.0},{"not_picked":["Cloak And Dagger","Outmaneuver","Quick Slash"],"picked":"SKIP","floor":29.0},{"not_picked":["Backflip","Acrobatics"],"picked":"Tactician","floor":31},{"not_picked":["Doppelganger","Tools of the Trade+1","Grand Finale"],"picked":"Adrenaline","floor":33},{"not_picked":["Sucker Punch+1","Poisoned Stab+1","Dagger Spray+1","Prepared"],"picked":"SKIP","floor":35},{"not_picked":["Dodge and Roll+1","Caltrops+1","Slice"],"picked":"Outmaneuver+1","floor":36},{"not_picked":["Poisoned Stab","Flying Knee","Sucker Punch","Storm of Steel"],"picked":"SKIP","floor":37},{"not_picked":["Poisoned Stab","Flying Knee","Sucker Punch","Storm of Steel"],"picked":"SKIP","floor":37},{"not_picked":["Dodge and Roll+1","Distraction","PiercingWail","Flying Knee"],"picked":"SKIP","floor":39},{"not_picked":["Concentrate","Deflect+1","Eviscerate"],"picked":"Reflex","floor":40},{"not_picked":["Sucker Punch","Dagger Throw","Quick Slash"],"picked":"Footwork+1","floor":45},{"not_picked":["Acrobatics","Well Laid Plans+1","Grand Finale","Slice"],"picked":"SKIP","floor":54}],"player_experience":1278684,"relics_obtained":[{"floor":7.0,"key":"Pocketwatch"},{"floor":9.0,"key":"Meat on the Bone"},{"floor":10.0,"key":"MealTicket"},{"floor":12.0,"key":"InkBottle"},{"floor":22.0,"key":"Frozen Egg 2"},{"floor":24.0,"key":"Orichalcum"},{"floor":24.0,"key":"Tiny Chest"},{"floor":26.0,"key":"Ornamental Fan"},{"floor":27.0,"key":"Matryoshka"},{"floor":27.0,"key":"Tingsha"},{"floor":31,"key":"Gremlin Horn"},{"floor":31,"key":"Question Card"},{"floor":40,"key":"MawBank"},{"floor":40,"key":"WingedGreaves"},{"floor":41,"key":"Nunchaku"},{"floor":41,"key":"White Beast Statue"},{"floor":43,"key":"Regal Pillow"},{"floor":47,"key":"Bag of Preparation"},{"floor":54,"key":"Happy Flower"},{"floor":54,"key":"Shuriken"}],"event_choices":[{"damage_healed":0.0,"max_hp_gain":0.0,"max_hp_loss":6.0,"gold_gain":0.0,"event_name":"Golden Idol","player_choice":"Lose Max HP","floor":2.0,"gold_loss":0.0,"damage_taken":0.0,"relics_obtained":["Golden Idol"]},{"cards_removed":["Strike_G"],"damage_healed":0.0,"max_hp_gain":0.0,"max_hp_loss":0.0,"gold_gain":0.0,"event_name":"The Cleric","player_choice":"Card Removal","floor":3.0,"gold_loss":75.0,"damage_taken":0.0},{"cards_removed":["Defend_G"],"damage_healed":0.0,"max_hp_gain":0.0,"max_hp_loss":0.0,"gold_gain":0.0,"event_name":"Golden Wing","player_choice":"Card Removal","floor":4.0,"gold_loss":0.0,"damage_taken":7.0},{"damage_healed":0.0,"max_hp_gain":0.0,"max_hp_loss":0.0,"gold_gain":50.0,"event_name":"Nest","player_choice":"Stole From Cult","floor":19.0,"gold_loss":0.0,"damage_taken":0.0},{"damage_healed":0.0,"max_hp_gain":0.0,"max_hp_loss":0.0,"gold_gain":0.0,"event_name":"Vampires","player_choice":"Ignored","floor":20.0,"gold_loss":0.0,"damage_taken":0.0},{"cards_removed":["Strike_G"],"damage_healed":0,"gold_gain":0,"player_choice":"Purged","damage_taken":0,"max_hp_gain":0,"max_hp_loss":0,"event_name":"Purifier","floor":38,"gold_loss":0},{"damage_healed":0,"gold_gain":0,"player_choice":"1 cards matched","damage_taken":0,"max_hp_gain":0,"max_hp_loss":0,"event_name":"Match and Keep!","floor":44,"gold_loss":0,"cards_obtained":["Calculated Gamble"]}],"is_beta":false,"boss_relics":[{"not_picked":["Tiny House","Busted Crown"],"picked":"Black Star"},{"not_picked":["Coffee Dripper","Snecko Eye"],"picked":"WristBlade"}],"items_purged_floors":[21,46,48],"is_endless":false,"potions_floor_spawned":[1,7,10,14,18,27,28,31,35,45,54],"killed_by":"The Heart","ascension_level":15}}