{"host":"cgwysqtmt736mr58","time":1613906414,"event":{"mods":["2.2 Compatiblity","Aspiration","BaseMod","Beaked The Cultist","BetterRewards","Colored Map","Colored Powertips","Downfall","Duelist Mod","GifTheSpireLib","Googly Eyes","Halation","Hermit","Hubris","Infinite Spire","Lobotomy","LobotomyExtend","Minty Spire (QoL Compilation)","Relic Stats","Replay The Spire","Shade Mod","Shop Mod","StSLib","The Construct","The Cursed","The Disciple","The Exalted","The Necromancer","The Runesmith","Waifu the Spire","Yuri Mod"],"gold_per_floor":[99,111,111,127,140,40,92,92,41,41,58,43,43,57,69,148,148,148,40,53,53,73,73,125,144,144,160,160,187,187,187,187,187,197,274,274,274,287,300,300,300,315,315,315,315,315,315,93,93,107,125,125,125,125],"floor_reached":52,"language":"ENG","playtime":2048,"items_purged":["SwitchConfidence"],"score":762,"play_id":"1a361739-c271-48a9-91d5-8142e5a21e77","local_time":"20210221222014","is_ascension_mode":true,"campfire_choices":[{"floor":1,"key":"RECALL"},{"floor":6,"key":"REST"},{"data":"bronze:ChosenStrike","floor":8,"key":"SMITH"},{"data":"bronze:DigitalCarnage","floor":10,"key":"SMITH"},{"data":"bronze:SpaghettiCode","floor":18,"key":"SMITH"},{"floor":28,"key":"REST"},{"floor":32,"key":"REST"},{"floor":37,"key":"REST"},{"floor":44,"key":"REST"},{"floor":47,"key":"REST"},{"data":"hubris:Fate","floor":49,"key":"SMITH"}],"circlet_count":0,"master_deck":["AscendersBane","bronze:Strike","bronze:Strike","bronze:Strike","bronze:Defend","bronze:Defend","bronze:Defend","bronze:Replicate","bronze:Goto","bronze:ChosenStrike+1","bronze:WhirlingStrike","bronze:DigitalCarnage+1","bronze:CutThrough","bronze:Boost","bronze:Repair","bronze:OilSpill","bronze:SpaghettiCode+1","bronze:InfiniteLoop","bronze:WhirlingStrike","expansioncontent:QuickStudy","bronze:Boost","Pride","bronze:DelayedSlice","bronze:Flail","bronze:Boost","CurseOfTheBell","bronze:InfiniteBeams","expansioncontent:Chronoboost","theDuelist:DuelistAscender","hubris:Fate+1","bronze:ClassDefault+1"],"relics":["bronze:BronzeCore","LetterFromLob","downfall:HeartBlessingRed","aspiration:EmptySkull","PreservedInsect","aspiration:SeaSaltIceCream","hubris:Towel","aspiration:VileToxins","Replay:Mystery Machine","hubris:Icosahedron","Calling Bell","halation:KoshaPiece","hubris:Metronome","halation:QuantumPhysicsTextbook","Gremlin Horn","halation:Jellyphish","halation:SwordOfLegend"],"acts_visited":["Exordium","TheCity","TheBeyond"],"potions_floor_usage":[19,19,29,34,51,52],"damage_taken":[{"damage":1,"enemies":"Cultist","floor":2,"turns":4},{"damage":13,"enemies":"Small Slimes","floor":4,"turns":3},{"damage":7,"enemies":"Jaw Worm","floor":5,"turns":2},{"damage":5,"enemies":"downfall:FleeingMerchant","floor":9,"turns":4},{"damage":8,"enemies":"Large Slime","floor":11,"turns":2},{"damage":10,"enemies":"downfall:FleeingMerchant","floor":12,"turns":4},{"damage":0,"enemies":"Blue Slaver","floor":14,"turns":2},{"damage":6,"enemies":"3 Louse","floor":15,"turns":3},{"damage":53,"enemies":"DF_ARCHETYPE_STREAMLINE","floor":16,"turns":7},{"damage":5,"enemies":"downfall:FleeingMerchant","floor":19,"turns":4},{"damage":3,"enemies":"Shell Parasite","floor":20,"turns":3},{"damage":0,"enemies":"Spheric Guardian","floor":22,"turns":2},{"damage":4,"enemies":"Chosen and Byrds","floor":25,"turns":4},{"damage":7,"enemies":"Cultist and Chosen","floor":27,"turns":4},{"damage":24,"enemies":"Book of Stabbing","floor":29,"turns":2},{"damage":19,"enemies":"Snake Plant","floor":34,"turns":3},{"damage":59,"enemies":"SI_MIRROR_ARCHETYPE","floor":35,"turns":12},{"damage":21,"enemies":"3 Darklings","floor":38,"turns":3},{"damage":0,"enemies":"3 Shapes","floor":39,"turns":3},{"damage":26,"enemies":"Transient","floor":42,"turns":5},{"damage":19,"enemies":"Jaw Worm Horde","floor":50,"turns":2},{"damage":18,"enemies":"Spire Growth","floor":51,"turns":3},{"damage":91,"enemies":"WA_ARCHETYPE_DIVINITY","floor":52,"turns":9}],"seed_played":"-2625943453198376568","potions_obtained":[{"floor":2,"key":"Swift Potion"},{"floor":5,"key":"bronze:CleanCodePotion"},{"floor":25,"key":"Fire Potion"},{"floor":29,"key":"BlessingOfTheForge"},{"floor":42,"key":"Regen Potion"},{"floor":50,"key":"Guardian:BlockOnCardUsePotion"}],"is_trial":false,"path_per_floor":["R","M","?","M","M","R","T","R","$","R","M","$","M","M","M","B",null,"R","$","M","?","M","?","T","M","$","M","R","E","PTL","PTL","R","?","M","B",null,"R","M","M","?","?","M","T","R","?","?","R","$","R","M","M","B"],"character_chosen":"THE_AUTOMATON","items_purchased":["bronze:Boost","PreservedInsect","expansioncontent:QuickStudy","Fruit Juice","halation:Jellyphish"],"campfire_rested":6,"item_purchase_floors":[9,19,19,19,48],"current_hp_per_floor":[70,69,69,56,49,72,72,72,67,67,59,56,77,77,71,18,62,62,69,66,78,78,78,78,74,74,67,82,58,58,58,82,82,73,21,67,82,61,61,61,61,42,42,66,66,66,82,82,82,63,54,0,0,0],"gold":125,"neow_bonus":"TEN_PERCENT_HP_BONUS","is_daily":false,"chose_seed":false,"campfire_upgraded":4,"win_rate":0.0,"timestamp":1613906414,"path_taken":["R","M","?","?","M","R","T","R","?","R","M","$","M","M","M","BOSS","R","$","M","?","M","?","T","M","$","M","R","E","PTL","PTL","R","?","M","BOSS","R","M","M","?","?","M","T","R","?","?","R","$","R","M","M","BOSS"],"items_purchased_type":["Card","Relic","Card","Potion","Relic"],"build_version":"2020-12-22","purchased_purges":1,"victory":false,"max_hp_per_floor":[77,77,77,77,77,77,77,77,77,77,77,77,77,77,77,77,77,77,82,82,82,82,82,82,82,82,82,82,82,82,82,82,82,82,82,82,82,82,82,82,82,82,82,82,82,82,82,82,82,82,82,82,82,82],"relic_stats":{"Gremlin Horn":[2,2],"counters":[23,90],"PreservedInsect":43,"obtain_stats":[{"aspiration:VileToxins":24,"hubris:Metronome":36,"bronze:BronzeCore":0,"downfall:HeartBlessingRed":6,"halation:QuantumPhysicsTextbook":36,"Gremlin Horn":43,"PreservedInsect":19,"aspiration:SeaSaltIceCream":23,"hubris:Towel":23,"Replay:Mystery Machine":29,"aspiration:StickyExplosives_weak":51,"Calling Bell":36,"Centennial Puzzle":50,"halation:SwordOfLegend":52,"aspiration:EmptySkull":7,"hubris:Icosahedron":33,"halation:Jellyphish":48,"LetterFromLob":2,"halation:KoshaPiece":36},{"aspiration:VileToxins":12,"hubris:Metronome":17,"bronze:BronzeCore":0,"downfall:HeartBlessingRed":3,"halation:QuantumPhysicsTextbook":17,"Gremlin Horn":20,"PreservedInsect":10,"aspiration:SeaSaltIceCream":12,"hubris:Towel":12,"Replay:Mystery Machine":15,"aspiration:StickyExplosives_weak":21,"Calling Bell":17,"Centennial Puzzle":20,"halation:SwordOfLegend":22,"aspiration:EmptySkull":3,"hubris:Icosahedron":15,"halation:Jellyphish":20,"LetterFromLob":1,"halation:KoshaPiece":17},{"aspiration:VileToxins":40,"hubris:Metronome":65,"bronze:BronzeCore":0,"downfall:HeartBlessingRed":9,"halation:QuantumPhysicsTextbook":65,"Gremlin Horn":76,"PreservedInsect":35,"aspiration:SeaSaltIceCream":40,"hubris:Towel":40,"Replay:Mystery Machine":50,"aspiration:StickyExplosives_weak":78,"Calling Bell":65,"Centennial Puzzle":76,"halation:SwordOfLegend":81,"aspiration:EmptySkull":9,"hubris:Icosahedron":50,"halation:Jellyphish":76,"LetterFromLob":4,"halation:KoshaPiece":65}]},"card_choices":[{"not_picked":["bronze:DarkDash","bronze:Invalidate"],"picked":"bronze:ChosenStrike","floor":2},{"not_picked":["bronze:Fortify","bronze:FineTuning"],"picked":"bronze:WhirlingStrike","floor":4},{"not_picked":["bronze:Separator","bronze:OilSpill"],"picked":"bronze:DigitalCarnage","floor":5},{"not_picked":["bronze:DelayedGuard","bronze:Allocate"],"picked":"bronze:CutThrough","floor":9},{"not_picked":["bronze:CutThrough","bronze:Iterate"],"picked":"bronze:Repair","floor":11},{"not_picked":["bronze:Backtrace","bronze:DelayedSlice"],"picked":"bronze:OilSpill","floor":12},{"not_picked":["bronze:CutThrough","bronze:Separator"],"picked":"bronze:Overheat","floor":14},{"not_picked":["bronze:WhirlingStrike","bronze:Allocate"],"picked":"bronze:SpaghettiCode","floor":15},{"not_picked":["bronze:RecursiveStrike","bronze:Verify"],"picked":"bronze:InfiniteLoop","floor":16},{"not_picked":["bronze:DarkDash","bronze:Shield+1"],"picked":"bronze:WhirlingStrike","floor":19},{"not_picked":["bronze:BuggyMess","bronze:BugBarrage","bronze:DelayedGuard"],"picked":"SKIP","floor":20},{"not_picked":["bronze:Deprecate","bronze:Optimize"],"picked":"bronze:Boost","floor":22},{"not_picked":["bronze:Overheat","bronze:Terminator+1"],"picked":"bronze:DelayedSlice","floor":25},{"not_picked":["bronze:CutThrough","bronze:Deprecate","bronze:Safeguard"],"picked":"SKIP","floor":27},{"not_picked":["bronze:Shield","bronze:Backtrace"],"picked":"bronze:Flail","floor":29},{"not_picked":["bronze:Terminator","bronze:BuggyMess"],"picked":"bronze:Boost","floor":34},{"not_picked":["bronze:Frontload","bronze:CutThrough","bronze:Philosophize"],"picked":"SKIP","floor":38},{"not_picked":["bronze:Constructor","bronze:Branch"],"picked":"bronze:InfiniteBeams","floor":39},{"not_picked":["bronze:DarkDash+1","bronze:Turbo","bronze:Frontload"],"picked":"SKIP","floor":42},{"not_picked":["expansioncontent:Hexaburn","expansioncontent:PolyBeam"],"picked":"expansioncontent:Chronoboost","floor":45},{"not_picked":["infinitespire:Execution","infinitespire:TheBestDefense"],"picked":"hubris:Fate","floor":46},{"not_picked":["bronze:ForceShield+1","bronze:Safeguard+1"],"picked":"bronze:ClassDefault+1","floor":50},{"not_picked":["bronze:GetLatest","bronze:Optimize","bronze:BuggyMess"],"picked":"SKIP","floor":51}],"player_experience":1117460,"relics_obtained":[{"floor":2,"key":"LetterFromLob"},{"floor":7,"key":"aspiration:EmptySkull"},{"floor":24,"key":"aspiration:VileToxins"},{"floor":29,"key":"Replay:Mystery Machine"},{"floor":36,"key":"halation:KoshaPiece"},{"floor":36,"key":"hubris:Metronome"},{"floor":36,"key":"halation:QuantumPhysicsTextbook"},{"floor":43,"key":"Gremlin Horn"}],"event_choices":[{"damage_healed":0,"gold_gain":0,"player_choice":"Stole Relic","damage_taken":0,"relics_obtained":["aspiration:SeaSaltIceCream"],"max_hp_gain":0,"max_hp_loss":0,"event_name":"Addict","floor":23,"gold_loss":0,"cards_obtained":["Pride"]},{"damage_healed":0,"gold_gain":0,"player_choice":"Ignored","damage_taken":0,"max_hp_gain":0,"max_hp_loss":0,"event_name":"Mysterious Sphere","floor":40,"gold_loss":0},{"cards_removed":["bronze:Overheat"],"damage_healed":0,"gold_gain":0,"player_choice":"Removed Attack","damage_taken":0,"max_hp_gain":0,"max_hp_loss":0,"event_name":"Falling","floor":41,"gold_loss":0}],"is_beta":false,"boss_relics":[{"not_picked":["Snecko Eye","beaked:MawFillet","Fusion Hammer"]},{"not_picked":["aspiration:PoetsPen_weak","Philosopher\u0027s Stone"],"picked":"Calling Bell"}],"items_purged_floors":[48],"is_endless":false,"potions_floor_spawned":[2,5,11,16,25,27,29,42,50],"killed_by":"WA_ARCHETYPE_DIVINITY","ascension_level":13}}