{"host":"yfi73559mxreacvo","time":1613875563,"event":{"mods":["AchievementEnabler","Act Like it!","Aspiration","BaseMod","Better Third Choice","BetterRewards","Colored Map","Conspire","Evolution","GifTheSpireLib","Halation","HexUI Lib","Highlight Path","Hubris","Minty Spire (QoL Compilation)","Prisma Mod","Railgun Mod","Reliquary","Replay The Spire","StSLib","Stuff the Spire","Wandering Minibosses"],"gold_per_floor":[119,131,151,151,163,163,193,212,237,237,256,256,256,283,283,381,381,341,341,341,355,1163,1195,702,734,734,734,392,392,422,142,142,239,289,299,2,2,2,2,2,2,2,33,33,102,102,117,137,137,172,172,172,172,172,172,207,207],"floor_reached":58,"language":"ENG","playtime":2660,"items_purged":["PrismaMod:ChloeCommonDefend","PrismaMod:ChloeCommonAOEAttack","PrismaMod:ChloeCommonDefend","PrismaMod:ChloeCommonAOEAttack"],"score":1560,"play_id":"3a1d55e6-a7b8-41be-aaba-f31cdd85d6cd","local_time":"20210220214603","is_ascension_mode":true,"campfire_choices":[{"data":"PrismaMod:ChloeRitsuka","floor":6,"key":"SMITH"},{"data":"PrismaMod:ChloeChristmas","floor":13,"key":"SMITH"},{"data":"PrismaMod:ChloeCheapDefend","floor":15,"key":"SMITH"},{"floor":29,"key":"RECALL"},{"data":"PrismaMod:ChloeCheapDefend","floor":32,"key":"SMITH"},{"data":"PrismaMod:ChloeAnyRareTrace","floor":40,"key":"SMITH"},{"data":"PrismaMod:ChloeDemonicTutor","floor":49,"key":"SMITH"},{"data":"PrismaMod:ChloeCheapDefend","floor":51,"key":"SMITH"},{"data":"PrismaMod:ChloeAnyPowerTrace","floor":54,"key":"SMITH"}],"circlet_count":0,"master_deck":["PrismaMod:ChloeCommonDefend","PrismaMod:ChloeCheapAttack","PrismaMod:ChloeMordred+1","PrismaMod:ChloeChristmas+1","PrismaMod:ChloeRitsuka+1","PrismaMod:ChloeCheapDefend+1","PrismaMod:ChloeChristmas+1","PrismaMod:ChloeCheapDefend+1","PrismaMod:ChloeCheapDefend+1","PrismaMod:ChloeCheapAttack+1","PrismaMod:ChloeCarnivalAttack","PrismaMod:ChloeCheapDefendTwo+1","PrismaMod:ChloeDemonicTutor+1","PrismaMod:ChloeCheapAttack+1","PrismaMod:ChloeCheapDefendTwo+1","PrismaMod:ChloeAnyPowerTrace+1","PrismaMod:ChloeAnyRareTrace+1","PrismaMod:ChloeCheapAttack","PrismaMod:ChloeCheapDefend+1","PrismaMod:ChloeCaladbolg+1"],"relics":["PrismaMod:PrismaTraceOnUpgrade","EVO:Axolotl","aspiration:Nostalgia","PrismaMod:PrismaSapphire","Meat on the Bone","StuffTheSpire:Mouthbags","reliquary:Boomerang","wanderingMiniBosses:MasterThiefsPresence","StuffTheSpire:Rhapsscallions","Snack Pack","StuffTheSpire:Expresso","aspiration:SeaSaltIceCream","PrismaMod:PrismaTraceOn","conspire:DecoderRing","StrikeDummy","Replay:Baseball","Tiny House","Anchor","hubris:Icosahedron","Replay:Towering Pillar of Hats","ReplayTheSpireMod:Shallot","halation:PrussianBluePaint","aspiration:HatOfInfinitePower"],"acts_visited":["Exordium","TheCity","TheBeyond","TheEnding"],"potions_floor_usage":[5,5,14,14,23,35,57,57,57],"damage_taken":[{"damage":0,"enemies":"Cultist","floor":1,"turns":5},{"damage":0,"enemies":"2 Louse","floor":2,"turns":3},{"damage":0,"enemies":"Small Slimes","floor":3,"turns":4},{"damage":5,"enemies":"Exordium Thugs","floor":5,"turns":4},{"damage":17,"enemies":"3 Sentries","floor":7,"turns":9},{"damage":4,"enemies":"Blue Slaver","floor":8,"turns":5},{"damage":3,"enemies":"Looter","floor":11,"turns":4},{"damage":13,"enemies":"Gremlin Nob","floor":14,"turns":4},{"damage":24,"enemies":"Hexaghost","floor":16,"turns":9},{"damage":2,"enemies":"3 Byrds","floor":18,"turns":7},{"damage":0,"enemies":"Chosen","floor":21,"turns":3},{"damage":30,"enemies":"Centurion and Healer","floor":22,"turns":5},{"damage":11,"enemies":"Slavers","floor":23,"turns":5},{"damage":0,"enemies":"conspire:SneckoGhost","floor":25,"turns":5},{"damage":0,"enemies":"conspire:Head Lice","floor":30,"turns":4},{"damage":0,"enemies":"conspire:MysteriousRune","floor":33,"turns":4},{"damage":0,"enemies":"Orb Walker","floor":35,"turns":2},{"damage":0,"enemies":"Giant Head","floor":43,"turns":1},{"damage":0,"enemies":"3 Shapes","floor":47,"turns":3},{"damage":0,"enemies":"3 Darklings","floor":48,"turns":2},{"damage":0,"enemies":"Nemesis","floor":50,"turns":3},{"damage":29,"enemies":"Time Eater","floor":52,"turns":6},{"damage":16,"enemies":"Shield and Spear","floor":56,"turns":5},{"damage":61,"enemies":"The Heart","floor":57,"turns":7}],"seed_played":"5407984699157578297","potions_obtained":[{"floor":1,"key":"PowerPotion"},{"floor":3,"key":"Flashbang"},{"floor":7,"key":"Explosive Potion"},{"floor":8,"key":"Toxic Potion"},{"floor":16,"key":"SpeedPotion"},{"floor":22,"key":"Swift Potion"},{"floor":30,"key":"ColorlessPotion"},{"floor":33,"key":"LiquidMemories"},{"floor":34,"key":"PowerPotion"},{"floor":35,"key":"DuplicationPotion"}],"is_trial":false,"path_per_floor":["M","M","M","?","M","R","E","M","T","?","M","?","R","E","R","B",null,"M","?","?","M","M","E","$","E","T","T","$","R","E","$","R","B",null,"M","$","?","$","?","R","PTL","PTL","E","?","T","?","M","M","R","E","R_BF","B",null,"R","$","E","B",null],"character_chosen":"CHLOE","items_purchased":["PrismaMod:ChloeAnyPowerTrace","Snack Pack","conspire:DecoderRing","Replay:Baseball","Anchor"],"campfire_rested":0,"item_purchase_floors":[24,24,28,31,36],"current_hp_per_floor":[75,75,75,75,70,70,53,49,49,42,39,44,44,43,43,31,75,73,73,73,73,43,47,47,55,55,55,55,55,61,61,61,67,83,83,83,83,83,83,83,83,83,83,83,83,83,83,83,83,83,83,63,86,86,86,86,51],"gold":207,"neow_bonus":"NOSTALGIA","is_daily":false,"chose_seed":false,"campfire_upgraded":8,"win_rate":0.0,"timestamp":1613875563,"path_taken":["M","M","M","?","M","R","E","M","T","?","M","?","R","E","R","BOSS","M","?","?","?","M","E","$","E","T","?","?","R","E","$","R","BOSS","M","$","?","$","?","R","PTL","PTL","E","?","T","?","M","M","R","E","R_BF","BOSS","R","$","E","BOSS"],"items_purchased_type":["Card","Relic","Relic","Relic","Relic"],"build_version":"2020-12-22","purchased_purges":4,"victory":true,"max_hp_per_floor":[75,75,75,75,75,75,75,75,75,75,75,75,75,75,75,75,75,75,75,75,75,75,78,78,78,78,78,78,78,78,78,78,78,83,83,83,83,83,83,83,83,83,83,83,83,83,83,83,83,83,83,86,86,86,86,86,86],"card_choices":[{"not_picked":["PrismaMod:ChloeCheapDefend","PrismaMod:ChloeRuleBreaker"],"picked":"PrismaMod:ChloeMordred","floor":1},{"not_picked":["PrismaMod:ChloeCheapDefend","PrismaMod:ChloeUncommonAOEAttack"],"picked":"PrismaMod:ChloeChristmas","floor":2},{"not_picked":["PrismaMod:ChloeExhaustOne","PrismaMod:ChloeDiscardRecovery","PrismaMod:ChloeCommonAOEAttack"],"picked":"SKIP","floor":3},{"not_picked":["PrismaMod:ChloeCheapDefendTwo","PrismaMod:ChloeCheapDefend"],"picked":"PrismaMod:ChloeRitsuka","floor":5},{"not_picked":["PrismaMod:ChloeExhaustOne","PrismaMod:ChloeExhaustThree"],"picked":"PrismaMod:ChloeCheapDefend","floor":7},{"not_picked":["PrismaMod:ChloeCheapAttackTwo","PrismaMod:ChloeUncommonAOEAttack"],"picked":"PrismaMod:ChloeChristmas","floor":8},{"not_picked":["PrismaMod:ChloeUncommonAOEAttack","PrismaMod:ChloeDiscardRecovery"],"picked":"PrismaMod:ChloeCheapDefend","floor":11},{"not_picked":["PrismaMod:ChloeCommonAOEAttack","PrismaMod:ChloeCheapDefendTwo"],"picked":"PrismaMod:ChloeCheapAttack","floor":14},{"not_picked":["PrismaMod:ChloeHalloween","PrismaMod:ChloeGreatTracePools"],"picked":"PrismaMod:ChloeCarnivalAttack","floor":16},{"not_picked":["PrismaMod:ChloeUncommonAttack+1","PrismaMod:ChloeMaid"],"picked":"PrismaMod:ChloeCheapDefendTwo+1","floor":18},{"not_picked":["PrismaMod:ChloeCheapDefendTwo","PrismaMod:ChloeExhaustOne+1"],"picked":"PrismaMod:ChloeDemonicTutor","floor":21},{"not_picked":["PrismaMod:ChloeUncommonAttack","PrismaMod:ChloeChristmas"],"picked":"PrismaMod:ChloeCheapAttack+1","floor":22},{"not_picked":["PrismaMod:ChloeExhaustOne","PrismaMod:ChloeRhongomyniad"],"picked":"PrismaMod:ChloeCheapDefendTwo+1","floor":23},{"not_picked":["PrismaMod:ChloeExhaustThree","PrismaMod:ChloeCheapDefendTwo+1","PrismaMod:ChloeCommonAOEAttack"],"picked":"SKIP","floor":25},{"not_picked":["PrismaMod:ChloeUncommonDefend+1","PrismaMod:ChloeGreatTracePools","PrismaMod:ChloeCheapDefendTwo"],"picked":"SKIP","floor":30},{"not_picked":["PrismaMod:ChloeAnyAttackTrace","PrismaMod:ChloeDevil"],"picked":"PrismaMod:ChloeAnyRareTrace","floor":33},{"not_picked":["PrismaMod:ChloeDiscardRecovery","PrismaMod:ChloeUncommonDefend"],"picked":"PrismaMod:ChloeCheapAttack","floor":34},{"not_picked":["PrismaMod:ChloeCheapDefend","PrismaMod:ChloeCheapAttackTwo+1","PrismaMod:ChloeAnyRareTrace"],"picked":"SKIP","floor":35},{"not_picked":["PrismaMod:ChloeCheapAttack+1","PrismaMod:ChloeCarnivalAOEAttack"],"picked":"PrismaMod:ChloeCheapDefend+1","floor":43},{"not_picked":["PrismaMod:ChloeCheapAttack","PrismaMod:ChloeCommonAOEAttack+1","PrismaMod:ChloeDiscardRecovery+1"],"picked":"SKIP","floor":47},{"not_picked":["PrismaMod:ChloeCommonAOEAttack","PrismaMod:ChloeCheapAttack+1"],"picked":"PrismaMod:ChloeCaladbolg+1","floor":48},{"not_picked":["PrismaMod:ChloeCheapDefend+1","PrismaMod:ChloeDiscardRecovery+1","PrismaMod:ChloeAnyPowerTrace"],"picked":"SKIP","floor":50},{"not_picked":["PrismaMod:ChloeCommonAOEAttack","PrismaMod:ChloeBetterTracePools+1","PrismaMod:ChloeRitsuka+1"],"picked":"SKIP","floor":56}],"player_experience":532058,"relics_obtained":[{"floor":7,"key":"Meat on the Bone"},{"floor":9,"key":"StuffTheSpire:Mouthbags"},{"floor":14,"key":"reliquary:Boomerang"},{"floor":22,"key":"wanderingMiniBosses:MasterThiefsPresence"},{"floor":23,"key":"StuffTheSpire:Rhapsscallions"},{"floor":25,"key":"StuffTheSpire:Expresso"},{"floor":26,"key":"aspiration:SeaSaltIceCream"},{"floor":30,"key":"StrikeDummy"},{"floor":43,"key":"Replay:Towering Pillar of Hats"},{"floor":45,"key":"ReplayTheSpireMod:Shallot"},{"floor":50,"key":"halation:PrussianBluePaint"},{"floor":56,"key":"aspiration:HatOfInfinitePower"}],"event_choices":[{"cards_removed":["PrismaMod:ChloeCommonDefend"],"damage_healed":0,"gold_gain":0,"player_choice":"Card Removal","damage_taken":7,"max_hp_gain":0,"max_hp_loss":0,"event_name":"Golden Wing","floor":10,"gold_loss":0},{"cards_removed":["PrismaMod:ChloeCommonAOEAttack"],"damage_healed":5,"gold_gain":0,"player_choice":"Offered Common","damage_taken":0,"max_hp_gain":0,"max_hp_loss":0,"event_name":"Bonfire Elementals","floor":12,"gold_loss":0},{"cards_removed":["PrismaMod:ChloeCommonAOEAttack"],"damage_healed":5,"gold_gain":0,"player_choice":"Offered Special","damage_taken":0,"max_hp_gain":0,"max_hp_loss":0,"event_name":"Bonfire Elementals","floor":12,"gold_loss":0},{"damage_healed":0,"gold_gain":0,"player_choice":"Ignored","damage_taken":0,"max_hp_gain":0,"max_hp_loss":0,"event_name":"Ghosts","floor":19,"gold_loss":0},{"damage_healed":0,"gold_gain":0,"player_choice":"Upgraded","damage_taken":0,"max_hp_gain":0,"max_hp_loss":0,"event_name":"Upgrade Shrine","floor":20,"gold_loss":0,"cards_upgraded":["PrismaMod:ChloeChristmas"]},{"damage_healed":0,"gold_gain":0,"player_choice":"Leave","damage_taken":0,"max_hp_gain":0,"max_hp_loss":0,"event_name":"conspire:Investor","floor":39,"gold_loss":0},{"cards_removed":["PrismaMod:ChloeCommonAOEAttack"],"damage_healed":0,"gold_gain":0,"player_choice":"Removed Attack","damage_taken":0,"max_hp_gain":0,"max_hp_loss":0,"event_name":"Falling","floor":44,"gold_loss":0},{"damage_healed":0,"gold_gain":0,"player_choice":"Memory 1","damage_taken":0,"max_hp_gain":0,"max_hp_loss":0,"event_name":"SensoryStone","floor":46,"gold_loss":0}],"is_beta":false,"boss_relics":[{"not_picked":["Replay:Bronze Core","reliquary:Ember"],"picked":"PrismaMod:PrismaTraceOnUpgrade"},{"not_picked":["Snecko Eye","conspire:SeveredTorchhead"],"picked":"Tiny House"}],"items_purged_floors":[24,28,31,36],"is_endless":false,"potions_floor_spawned":[1,3,7,8,16,22,30,33,35,43],"ascension_level":1}}