{"host":"g5ocrzbvbwpvypv7","time":1613888348,"event":{"mods":["AchievementEnabler","BaseMod","Colored Map","Custom Start","DeckTracker","KOR Keyword Fix","Minty Spire (QoL Compilation)","Rare Cards Sparkle","StSLib","SuperFastMode","everything is the same but u backflip on backflip"],"gold_per_floor":[119,194,211,223,148,179,195,195,219,219,239,239,267,287,287,386,386,402,413,83,83,83,83],"floor_reached":22,"language":"KOR","playtime":554,"items_purged":["Strike_B","Strike_B"],"score":274,"play_id":"c2791cd6-2ec8-444e-bbdd-62535bbd4964","local_time":"20210221151908","is_ascension_mode":true,"campfire_choices":[{"floor":10.0,"key":"REST"},{"floor":12.0,"key":"REST"},{"floor":15.0,"key":"REST"}],"circlet_count":0,"master_deck":["Strike_B","Defend_B","Defend_B","Defend_B","Zap","Dualcast","Ball Lightning","Sweeping Beam","Turbo","Streamline","Biased Cognition","Hologram","Go for the Eyes","Leap"],"relics":["Cracked Core","Omamori","Smiling Mask","Ancient Tea Set","Unceasing Top","Sozu","Singing Bowl","FaceOfCleric"],"acts_visited":["Exordium","TheCity"],"potions_floor_usage":[19,19],"damage_taken":[{"damage":7.0,"enemies":"Small Slimes","floor":1.0,"turns":3.0},{"damage":0.0,"enemies":"Cultist","floor":3.0,"turns":2.0},{"damage":2.0,"enemies":"Jaw Worm","floor":4.0,"turns":3.0},{"damage":14.0,"enemies":"Gremlin Nob","floor":6.0,"turns":3.0},{"damage":4.0,"enemies":"3 Louse","floor":7.0,"turns":3.0},{"damage":11.0,"enemies":"Gremlin Gang","floor":11.0,"turns":3.0},{"damage":15.0,"enemies":"3 Sentries","floor":13.0,"turns":6.0},{"damage":9.0,"enemies":"Exordium Thugs","floor":14.0,"turns":4.0},{"damage":31.0,"enemies":"Hexaghost","floor":16.0,"turns":9.0},{"damage":20.0,"enemies":"Spheric Guardian","floor":18.0,"turns":4.0},{"damage":21,"enemies":"2 Thieves","floor":19,"turns":4},{"damage":21,"enemies":"Snake Plant","floor":22,"turns":1}],"seed_played":"-652420621700320225","potions_obtained":[{"floor":3.0,"key":"EssenceOfSteel"},{"floor":4.0,"key":"EntropicBrew"},{"floor":11.0,"key":"SpeedPotion"},{"floor":13.0,"key":"LiquidMemories"},{"floor":14.0,"key":"SteroidPotion"},{"floor":16.0,"key":"BlessingOfTheForge"}],"is_trial":false,"path_per_floor":["M","?","M","M","$","E","M","?","T","R","M","R","E","M","R","B",null,"M","M","$","?","M"],"character_chosen":"DEFECT","items_purchased":["Leap","Singing Bowl"],"campfire_rested":3,"item_purchase_floors":[20,20],"current_hp_per_floor":[43,32,32,30,30,16,12,12,12,34,23,45,30,21,43,12,59,39,18,18,18,0,0],"gold":83,"neow_bonus":"REMOVE_TWO","is_daily":false,"chose_seed":false,"campfire_upgraded":0,"win_rate":0.0,"timestamp":1613888348,"path_taken":["M","?","M","M","$","E","M","?","T","R","M","R","E","M","R","BOSS","M","M","$","?","M"],"items_purchased_type":["Card","Relic"],"build_version":"2020-12-22","purchased_purges":2,"victory":false,"max_hp_per_floor":[75,75,75,75,75,75,75,75,75,75,75,75,75,75,75,75,75,75,75,75,75,75,75],"card_choices":[{"not_picked":["Turbo","Barrage"],"picked":"Ball Lightning","floor":1.0},{"not_picked":["Storm","Turbo"],"picked":"Sweeping Beam","floor":3.0},{"not_picked":["Static Discharge","Recycle"],"picked":"Turbo","floor":4.0},{"not_picked":["Static Discharge","Sweeping Beam","Heatsinks"],"picked":"SKIP","floor":6.0},{"not_picked":["Redo","Meteor Strike","Fusion"],"picked":"SKIP","floor":7.0},{"not_picked":["Turbo","Chaos"],"picked":"Streamline","floor":11.0},{"not_picked":["Go for the Eyes","Reboot","Chaos"],"picked":"SKIP","floor":13.0},{"not_picked":["Turbo","Gash","Barrage"],"picked":"SKIP","floor":14.0},{"not_picked":["Meteor Strike","Machine Learning"],"picked":"Biased Cognition","floor":16.0},{"not_picked":["Rip and Tear","Barrage"],"picked":"Hologram","floor":18.0},{"not_picked":["Redo","Fusion+1"],"picked":"Go for the Eyes","floor":19}],"player_experience":361497,"relics_obtained":[{"floor":6.0,"key":"Omamori"},{"floor":9.0,"key":"Ancient Tea Set"},{"floor":13.0,"key":"Unceasing Top"}],"event_choices":[{"damage_healed":0.0,"max_hp_gain":0.0,"max_hp_loss":0.0,"gold_gain":75.0,"event_name":"World of Goop","player_choice":"Gather Gold","floor":2.0,"gold_loss":0.0,"damage_taken":11.0},{"damage_healed":0.0,"max_hp_gain":0.0,"max_hp_loss":0.0,"gold_gain":0.0,"event_name":"WeMeetAgain","player_choice":"Gave Potion","floor":8.0,"gold_loss":0.0,"damage_taken":0.0,"relics_obtained":["Smiling Mask"]},{"damage_healed":0,"gold_gain":0,"player_choice":"Trade","damage_taken":0,"relics_obtained":["FaceOfCleric"],"max_hp_gain":0,"max_hp_loss":0,"event_name":"FaceTrader","floor":21,"gold_loss":0}],"is_beta":false,"boss_relics":[{"not_picked":["Black Star","Velvet Choker"],"picked":"Sozu"}],"items_purged_floors":[5,20],"is_endless":false,"potions_floor_spawned":[3,4,11,13,14,16,18,19],"killed_by":"Snake Plant","ascension_level":8}}