{"host":"oj1wqp41zfsetb5p","time":1613902755,"event":{"mods":["AchievementEnabler","BaseMod","Colored Map","Minty Spire (QoL Compilation)","Relic Stats","StSLib"],"gold_per_floor":[116,135,154,40,54,86,86,100,100,100,118,118,151,151,151,249,249,235,39,59,105,105,138,138,164,164,164,104,104,104],"floor_reached":29,"language":"ENG","playtime":2509,"items_purged":["Strike_G","Well Laid Plans"],"score":312,"play_id":"3067c645-4b65-48ee-8cee-1c69939f246d","local_time":"20210221211915","is_ascension_mode":true,"campfire_choices":[{"data":"Flechettes","floor":7,"key":"SMITH"},{"floor":12,"key":"REST"},{"data":"Neutralize","floor":15,"key":"SMITH"},{"floor":24,"key":"REST"},{"floor":27,"key":"REST"}],"circlet_count":0,"master_deck":["Survivor","Neutralize+1","Dagger Throw","Flechettes+1","Prepared","Noxious Fumes+1","Crippling Poison","Envenom","All Out Attack","Storm of Steel","Footwork","Backstab","Accuracy","Unload","Prepared","Terror","Underhanded Strike+1","Poisoned Stab+1","Tools of the Trade"],"relics":["Runic Pyramid","Strawberry","The Courier","Bird Faced Urn","Pandora\u0027s Box","Sling","Omamori","Molten Egg 2","Potion Belt","Darkstone Periapt"],"acts_visited":["Exordium","TheCity"],"potions_floor_usage":[6,13,16,25,25,25],"damage_taken":[{"damage":2,"enemies":"Cultist","floor":1,"turns":5},{"damage":2,"enemies":"2 Louse","floor":2,"turns":3},{"damage":4,"enemies":"Small Slimes","floor":3,"turns":3},{"damage":1,"enemies":"Looter","floor":5,"turns":4},{"damage":12,"enemies":"Lagavulin","floor":6,"turns":7},{"damage":5,"enemies":"Exordium Thugs","floor":8,"turns":4},{"damage":7,"enemies":"2 Fungi Beasts","floor":11,"turns":4},{"damage":11,"enemies":"3 Sentries","floor":13,"turns":6},{"damage":31,"enemies":"Slime Boss","floor":16,"turns":8},{"damage":34,"enemies":"2 Thieves","floor":18,"turns":4},{"damage":12,"enemies":"Chosen","floor":20,"turns":4},{"damage":35,"enemies":"Book of Stabbing","floor":23,"turns":4},{"damage":32,"enemies":"Slavers","floor":25,"turns":4},{"damage":30,"enemies":"Centurion and Healer","floor":29,"turns":2}],"seed_played":"-7657850466349286540","potions_obtained":[{"floor":3,"key":"Fire Potion"},{"floor":6,"key":"CunningPotion"},{"floor":13,"key":"ColorlessPotion"},{"floor":16,"key":"Ancient Potion"},{"floor":18,"key":"Fire Potion"},{"floor":23,"key":"Dexterity Potion"},{"floor":25,"key":"SpeedPotion"}],"is_trial":false,"path_per_floor":["M","M","M","$","M","E","R","M","T","?","M","R","E","?","R","B",null,"M","$","M","T","?","E","R","E","T","R","?","M"],"character_chosen":"THE_SILENT","items_purchased":["Noxious Fumes","Sling"],"campfire_rested":3,"item_purchase_floors":[4,19],"current_hp_per_floor":[68,66,62,62,61,56,56,51,51,44,37,60,49,49,49,22,77,45,45,41,41,41,8,31,1,1,24,24,0,0],"gold":104,"neow_bonus":"BOSS_RELIC","is_daily":false,"chose_seed":false,"campfire_upgraded":2,"win_rate":0.0,"timestamp":1613902755,"path_taken":["M","?","M","$","M","E","R","M","T","?","M","R","E","?","R","BOSS","M","$","M","?","?","E","R","E","T","R","?","M"],"items_purchased_type":["Card","Relic"],"build_version":"2020-12-22","purchased_purges":2,"victory":false,"max_hp_per_floor":[70,70,70,70,70,77,77,77,77,77,77,77,77,77,77,77,77,77,77,77,77,77,77,77,77,77,77,77,77,77],"relic_stats":{"Darkstone Periapt":0,"counters":[14,62],"Bird Faced Urn":[20],"Pandora\u0027s Box":["Footwork","Backstab","Accuracy","Unload","Well Laid Plans","Bane","Noxious Fumes","Prepared"],"obtain_stats":[{"Potion Belt":25,"Darkstone Periapt":26,"Strawberry":6,"Bird Faced Urn":13,"Pandora\u0027s Box":17,"Molten Egg 2":23,"The Courier":9,"Omamori":21,"Sling":19,"Ring of the Snake":0,"Runic Pyramid":0},{"Potion Belt":13,"Darkstone Periapt":13,"Strawberry":5,"Bird Faced Urn":8,"Pandora\u0027s Box":9,"Molten Egg 2":12,"The Courier":6,"Omamori":11,"Sling":10,"Ring of the Snake":0,"Runic Pyramid":0},{"Potion Belt":60,"Darkstone Periapt":60,"Strawberry":22,"Bird Faced Urn":36,"Pandora\u0027s Box":44,"Molten Egg 2":56,"The Courier":26,"Omamori":52,"Sling":48,"Ring of the Snake":0,"Runic Pyramid":0}]},"card_choices":[{"not_picked":["Cloak And Dagger","Infinite Blades"],"picked":"Dagger Throw","floor":1},{"not_picked":["Dash","Crippling Poison"],"picked":"Flechettes","floor":2},{"not_picked":["Quick Slash","Backflip"],"picked":"Prepared","floor":3},{"not_picked":["Expertise","Choke","Blade Dance"],"picked":"SKIP","floor":5},{"not_picked":["All Out Attack","Blur"],"picked":"Crippling Poison","floor":6},{"not_picked":["Bane","Blade Dance"],"picked":"Envenom","floor":8},{"not_picked":["Slice","Prepared","Backflip"],"picked":"SKIP","floor":11},{"not_picked":["Blur","Accuracy"],"picked":"All Out Attack","floor":13},{"not_picked":["Phantasmal Killer","Die Die Die"],"picked":"Storm of Steel","floor":16},{"not_picked":["Deadly Poison","Bane"],"picked":"Terror","floor":18},{"not_picked":["Flying Knee","Deflect","Backflip"],"picked":"SKIP","floor":20},{"not_picked":["Backflip","Dagger Throw+1"],"picked":"Underhanded Strike+1","floor":23},{"not_picked":["Expertise","Predator+1","Accuracy"],"picked":"SKIP","floor":25}],"player_experience":194639,"relics_obtained":[{"floor":6,"key":"Strawberry"},{"floor":9,"key":"The Courier"},{"floor":13,"key":"Bird Faced Urn"},{"floor":21,"key":"Omamori"},{"floor":23,"key":"Molten Egg 2"},{"floor":25,"key":"Potion Belt"},{"floor":26,"key":"Darkstone Periapt"}],"event_choices":[{"cards_removed":["Strike_G"],"damage_healed":0,"gold_gain":0,"player_choice":"Card Removal","damage_taken":7,"max_hp_gain":0,"max_hp_loss":0,"event_name":"Golden Wing","floor":10,"gold_loss":0},{"damage_healed":0,"gold_gain":0,"player_choice":"Upgraded","damage_taken":0,"max_hp_gain":0,"max_hp_loss":0,"event_name":"Upgrade Shrine","floor":14,"gold_loss":0,"cards_upgraded":["Noxious Fumes"]},{"damage_healed":0,"gold_gain":0,"player_choice":"Ignored","damage_taken":0,"max_hp_gain":0,"max_hp_loss":0,"event_name":"Vampires","floor":22,"gold_loss":0},{"damage_healed":0,"gold_gain":0,"cards_transformed":["Noxious Fumes","Bane"],"player_choice":"Transformed Cards","damage_taken":0,"max_hp_gain":0,"max_hp_loss":0,"event_name":"Designer","floor":28,"gold_loss":60,"cards_obtained":["Poisoned Stab","Tools of the Trade"]}],"is_beta":false,"boss_relics":[{"not_picked":["Velvet Choker","Empty Cage"],"picked":"Pandora\u0027s Box"}],"items_purged_floors":[4,19],"is_endless":false,"potions_floor_spawned":[3,6,13,16,18,23,25],"killed_by":"Centurion and Healer","ascension_level":3}}