{"host":"3gs8qmxwk42q8db2","time":1613937348,"event":{"mods":["2.2 Compatiblity","AchievementEnabler","Act Like it!","BaseMod","Better Note","Better Third Choice","Colored Map","Colored Powertips","Defuse TimeMaze Blight","Downfall","Friendly Minions","GifTheSpireLib","Gold Saver","Highlight Path","Hubris","Infinite Spire","Jedi Mod","Marisa????????","Minty Spire (QoL Compilation)","Permanent Neow","Replay The Spire","Shop Mod","Spikes Relics","StSLib","Stuff the Spire","The Animator","The Blackbeard","The Disciple","The Dragon Tamer","yUi"],"gold_per_floor":[1560,1582,1162,1162,1182,1213,1260,1260,1260,1060,1079,1108,1108,1283,1300,1474,1499,1499,1515,1535,1535,1560,1560,1631,1643,1753,1790,1267,1294,1219,1230,1250,1331,1331],"floor_reached":33,"language":"ENG","playtime":2464,"items_purged":["animator:Strike+1"],"score":282,"play_id":"44b91ee8-82ad-41b8-8e2c-cc04cc26317a","local_time":"20210221205548","is_ascension_mode":false,"campfire_choices":[{"floor":1,"key":"RECALL"},{"data":"animator:CowGirl","floor":10,"key":"SMITH"},{"data":"animator:Rider","floor":18,"key":"SMITH"},{"data":"animator:RoryMercury","floor":23,"key":"SMITH"},{"floor":30,"key":"REST"}],"circlet_count":0,"master_deck":["hexamod:SixthSeal","animator:Strike_GATE","animator:Defend_GATE+1","animator:Strike","animator:Strike+1","animator:Defend+1","animator:Defend+1","animator:Defend","animator:TukaLunaMarceau+1","animator:Kuribayashi+1","animator:Lancer+1","animator:Yoichi","animator:CowGirl+1","animator:Mitsuba+1","animator:Kazuma+1","animator:Yoichi","animator:Berserker+1","animator:YaoHaDucy","Hallucinations","animator:Mitsuba","animator:Rider+1","Doubt","animator:Gilgamesh+13","animator:RoryMercury+1","animator:Verdia","animator:Lancer+1","animator:TukaLunaMarceau","animator:PandorasActor","animator:Chris+1","animator:Berserker","animator:Entoma","animator:Mitsuba","animator:FeridBathory"],"relics":["animator:VividPicture","animator:TheMissingPiece","animator:PurgingStone","Shuriken","ReplayTheSpireMod:Ring of Challenge","Ring of Fury","downfall:HeartBlessingRed","downfall:HeartBlessingBlue","Nloth\u0027s Gift","StuffTheSpire:RubySignet","downfall:RedIOU","Membership Card","StuffTheSpire:Expresso","MerchantsRug","downfall:HeartBlessingGreen"],"acts_visited":["Exordium","TheCity"],"potions_floor_usage":[16,16,20,26,26,32,33],"damage_taken":[{"damage":7,"enemies":"Cultist","floor":2,"turns":5},{"damage":2,"enemies":"downfall:FleeingMerchant","floor":3,"turns":4},{"damage":0,"enemies":"Jaw Worm","floor":5,"turns":5},{"damage":2,"enemies":"Small Slimes","floor":6,"turns":4},{"damage":0,"enemies":"Exordium Thugs","floor":11,"turns":3},{"damage":5,"enemies":"2 Fungi Beasts","floor":12,"turns":2},{"damage":0,"enemies":"Large Slime","floor":15,"turns":4},{"damage":30,"enemies":"DF_ARCHETYPE_STREAMLINE","floor":16,"turns":7},{"damage":10,"enemies":"Spheric Guardian","floor":19,"turns":4},{"damage":3,"enemies":"Chosen","floor":20,"turns":3},{"damage":57,"enemies":"Book of Stabbing","floor":26,"turns":7},{"damage":15,"enemies":"downfall:FleeingMerchant","floor":28,"turns":4},{"damage":6,"enemies":"Shelled Parasite and Fungi","floor":29,"turns":4},{"damage":20,"enemies":"Centurion and Healer","floor":31,"turns":4},{"damage":0,"enemies":"Cultist and Chosen","floor":32,"turns":4},{"damage":8,"enemies":"WA_ARCHETYPE_CALM","floor":33,"turns":5}],"seed_played":"6408493099744799008","potions_obtained":[{"floor":2,"key":"animator:FalseLifePotion"},{"floor":5,"key":"AttackPotion"},{"floor":16,"key":"Dexterity Potion"},{"floor":19,"key":"Adrenaline Potion"},{"floor":20,"key":"Guardian:BlockOnCardUsePotion"},{"floor":29,"key":"Dexterity Potion"},{"floor":31,"key":"Explosive Potion"}],"is_trial":false,"path_per_floor":["R","M","$","?","M","M","T","?","?","R","M","M","?","?","M","B",null,"R","M","M","?","?","R","T","?","E","?","$","M","R","M","M","B"],"character_chosen":"THE_ANIMATOR","items_purchased":["Shuriken","animator:CowGirl","animator:Mitsuba","animator:Kazuma+1","Membership Card","StuffTheSpire:Expresso","MerchantsRug","animator:PandorasActor","animator:Chris","animator:Berserker"],"campfire_rested":1,"item_purchase_floors":[3,3,3,3,28,28,28,28,28,28],"current_hp_per_floor":[66,59,57,57,58,56,56,56,56,66,66,61,61,61,62,32,78,78,69,66,79,79,79,79,79,22,22,7,3,26,6,6,0,0],"gold":1331,"neow_bonus":"RANDOM_COMMON_RELIC","is_daily":false,"chose_seed":false,"campfire_upgraded":3,"win_rate":0.0,"timestamp":1613937348,"path_taken":["R","M","$","?","?","?","T","?","?","R","M","?","?","?","M","BOSS","R","M","M","?","?","R","T","?","E","?","$","M","R","?","M","BOSS"],"items_purchased_type":["Relic","Card","Card","Card","Relic","Relic","Relic","Card","Card","Card"],"build_version":"2020-12-22","purchased_purges":1,"victory":false,"max_hp_per_floor":[66,66,66,66,67,67,67,67,67,77,77,77,77,77,78,78,78,78,79,79,79,79,79,79,79,79,79,79,79,79,79,79,79,79],"card_choices":[{"not_picked":["animator:Assassin","animator:SilverFang"],"picked":"animator:Lancer","floor":2},{"not_picked":["animator:CowGirl","animator:Elsword"],"picked":"animator:Yoichi","floor":3},{"not_picked":["animator:Mitsuba","animator:TukaLunaMarceau"],"picked":"animator:Berserker","floor":5},{"not_picked":["animator:Arpeggio","animator:TukaLunaMarceau"],"picked":"animator:YaoHaDucy","floor":6},{"not_picked":["animator:Layla","animator:CrowleyEusford"],"picked":"animator:Mitsuba","floor":11},{"not_picked":["animator:Tyuule","animator:Mitsuba"],"picked":"animator:Rider","floor":12},{"not_picked":["animator:Entoma","animator:AcuraAkari"],"picked":"animator:Gilgamesh","floor":15},{"not_picked":["animator:Hans","animator:Wiz"],"picked":"animator:Gilgamesh","floor":16},{"not_picked":["animator:TukaLunaMarceau","animator:YaoHaDucy"],"picked":"animator:RoryMercury","floor":19},{"not_picked":["animator:YaoHaDucy","animator:Ciel"],"picked":"animator:Verdia","floor":20},{"not_picked":["animator:Spearman+1","animator:Guy"],"picked":"animator:Lancer+1","floor":26},{"not_picked":["animator:AcuraAkari+1","animator:RoryMercury"],"picked":"animator:TukaLunaMarceau","floor":28},{"not_picked":["animator:Sebas","animator:Ainz"],"picked":"animator:Entoma","floor":29},{"not_picked":["animator:Shinoa","animator:CowGirl"],"picked":"animator:Mitsuba","floor":31},{"not_picked":["animator:DwarfShaman","animator:Spearman+1"],"picked":"animator:FeridBathory","floor":32}],"player_experience":149316,"relics_obtained":[{"floor":8,"key":"ReplayTheSpireMod:Ring of Challenge"},{"floor":8,"key":"Ring of Fury"},{"floor":24,"key":"MawBank"},{"floor":26,"key":"StuffTheSpire:RubySignet"}],"event_choices":[{"damage_healed":13,"gold_gain":0,"player_choice":"Full Heal","damage_taken":0,"max_hp_gain":0,"max_hp_loss":0,"event_name":"Wheel of Change","floor":21,"gold_loss":0},{"cards_removed":["Hallucinations"],"damage_healed":0,"gold_gain":0,"player_choice":"Give","damage_taken":0,"max_hp_gain":0,"max_hp_loss":0,"event_name":"betterNote:BetterNote","floor":25,"gold_loss":0,"cards_obtained":["hubris:Greed"]}],"is_beta":false,"boss_relics":[{"not_picked":["Replay:Bronze Core","Coffee Dripper"],"picked":"animator:VividPicture"}],"items_purged_floors":[28],"is_endless":false,"potions_floor_spawned":[2,5,16,19,20,29,31],"killed_by":"WA_ARCHETYPE_CALM","ascension_level":0}}