{"host":"4cz9gr89nglr7k8k","time":1613933392,"event":{"mods":["BaseMod","Minty Spire (QoL Compilation)","Relic Stats","Slay-I"],"gold_per_floor":[111,111,76,351,363,363,376,376,376,402,418,418,443,456,456,456,456],"floor_reached":16,"language":"DEU","playtime":333,"items_purged":[],"score":220,"play_id":"9c0bc963-d862-4f17-bba5-c07e3d4bff5b","local_time":"20210221194952","is_ascension_mode":true,"campfire_choices":[{"data":"Bludgeon","floor":6,"key":"SMITH"},{"floor":8,"key":"REST"},{"data":"Clothesline","floor":12,"key":"SMITH"},{"floor":15,"key":"REST"}],"circlet_count":0,"master_deck":["AscendersBane","Strike_R","Strike_R","Strike_R","Strike_R","Strike_R","Defend_R","Defend_R","Defend_R","Defend_R","Bash","Bludgeon+1","Cleave","Regret","Clothesline+1","Flex","Ghostly Armor","Clash","Anger","Berserk"],"relics":["Burning Blood","Unceasing Top","Anchor","PreservedInsect","Toy Ornithopter"],"acts_visited":["Exordium"],"potions_floor_usage":[11,16,16],"damage_taken":[{"damage":7,"enemies":"2 Louse","floor":1,"turns":4},{"damage":9,"enemies":"Jaw Worm","floor":5,"turns":2},{"damage":4,"enemies":"Small Slimes","floor":7,"turns":3},{"damage":12,"enemies":"3 Sentries","floor":10,"turns":5},{"damage":0,"enemies":"Gremlin Gang","floor":11,"turns":2},{"damage":44,"enemies":"Lagavulin","floor":13,"turns":5},{"damage":12,"enemies":"Exordium Wildlife","floor":14,"turns":3},{"damage":62,"enemies":"Hexaghost","floor":16,"turns":7}],"seed_played":"3687070941869809578","potions_obtained":[{"floor":7,"key":"AttackPotion"},{"floor":10,"key":"Dexterity Potion"},{"floor":13,"key":"Strength Potion"}],"is_trial":false,"path_per_floor":["M","?","?","?","M","R","M","R","T","E","M","R","E","M","R","B"],"character_chosen":"IRONCLAD","items_purchased":[],"campfire_rested":2,"item_purchase_floors":[],"current_hp_per_floor":[49,31,49,49,46,46,48,70,70,64,70,70,32,26,48,0,0],"gold":456,"neow_bonus":"THREE_RARE_CARDS","is_daily":false,"chose_seed":false,"campfire_upgraded":2,"win_rate":0.0,"timestamp":1613933392,"path_taken":["M","?","?","?","M","R","?","R","T","E","?","R","E","M","R","BOSS"],"items_purchased_type":[],"build_version":"2020-12-22","purchased_purges":0,"victory":false,"max_hp_per_floor":[75,75,75,75,75,75,75,75,75,75,75,75,75,75,75,75,75],"relic_stats":{"counters":[8,31],"PreservedInsect":29,"obtain_stats":[{"Anchor":9,"PreservedInsect":10,"Burning Blood":0,"Unceasing Top":2,"Toy Ornithopter":13},{"Anchor":3,"PreservedInsect":4,"Burning Blood":0,"Unceasing Top":1,"Toy Ornithopter":6},{"Anchor":9,"PreservedInsect":14,"Burning Blood":0,"Unceasing Top":4,"Toy Ornithopter":21}],"Burning Blood":42,"Unceasing Top":[0],"Toy Ornithopter":10},"card_choices":[{"not_picked":["Exhume","Double Tap"],"picked":"Bludgeon","floor":0},{"not_picked":["Clothesline","Shrug It Off"],"picked":"Cleave","floor":1},{"not_picked":["Battle Trance","Pommel Strike"],"picked":"Clothesline","floor":5},{"not_picked":["Anger","Dual Wield"],"picked":"Flex","floor":7},{"not_picked":["Uppercut","Shrug It Off"],"picked":"Ghostly Armor","floor":10},{"not_picked":["Thunderclap","Power Through"],"picked":"Clash","floor":11},{"not_picked":["Infernal Blade","Rage"],"picked":"Anger","floor":13},{"not_picked":["Thunderclap","Iron Wave"],"picked":"Berserk","floor":14}],"player_experience":1559771,"relics_obtained":[{"floor":9,"key":"Anchor"},{"floor":10,"key":"PreservedInsect"},{"floor":13,"key":"Toy Ornithopter"}],"event_choices":[{"damage_healed":0,"gold_gain":0,"player_choice":"Success","damage_taken":18,"relics_obtained":["Unceasing Top"],"max_hp_gain":0,"max_hp_loss":0,"event_name":"Scrap Ooze","floor":2,"gold_loss":0},{"damage_healed":18,"gold_gain":0,"player_choice":"Healed","damage_taken":0,"max_hp_gain":0,"max_hp_loss":0,"event_name":"The Cleric","floor":3,"gold_loss":35},{"damage_healed":0,"gold_gain":275,"player_choice":"Desecrate","damage_taken":0,"max_hp_gain":0,"max_hp_loss":0,"event_name":"Golden Shrine","floor":4,"gold_loss":0,"cards_obtained":["Regret"]}],"is_beta":false,"boss_relics":[],"items_purged_floors":[],"is_endless":false,"potions_floor_spawned":[7,10,13],"killed_by":"Hexaghost","ascension_level":20}}