{"host":"6fh0uvaoh3e0g6do","time":1613945944,"event":{"mods":["AchievementEnabler","BaseMod","BetterRewards","Colored Map","Colored Powertips","Highlight Path","Hubris","Infinite Spire","Minty Spire (QoL Compilation)","Quick Restart","Replay The Spire","StSLib"],"gold_per_floor":[110,285,285,295,295,308,335,348,371,270,286,321,17,92,92,196,196,206,206,656,331,344,372,372,372],"floor_reached":24,"language":"ENG","playtime":6667,"items_purged":["Regret","Doubt","Overencumbered"],"score":399,"play_id":"657ab127-c913-462e-95ec-15bd1cbfd28c","local_time":"20210221151904","is_ascension_mode":false,"campfire_choices":[],"circlet_count":0,"master_deck":["Strike_G","Strike_G","Strike_G","Strike_G","Defend_G","Defend_G","Defend_G","Defend_G","Survivor","Neutralize","Footwork","Fluid Movement","Poisoned Stab","Noxious Fumes","Poisoned Stab","Dagger Spray","Dash","Footwork","Bandage Up","hubris:EnhanceAbility","Night Terror","AbeCurse","Outmaneuver+1","hubris:DuctTapeCard","Bandage Up","Prepared+1","Flying Knee"],"relics":["Ring of the Snake","Thread and Needle","hubris:TinFlute","NlothsMask","Incense Burner","hubris:TenFootPole","ReplayTheSpireMod:ShopPack","Abe\u0027s Treasure","Replay:Blank Codex","ReplayTheSpireMod:CursedCoin","hubris:DuctTape","infinitespire:Lucky Rock"],"acts_visited":["Exordium","TheCity"],"potions_floor_usage":[12,12,16,18,24],"damage_taken":[{"damage":0,"enemies":"Jaw Worm","floor":1,"turns":6},{"damage":2,"enemies":"Small Slimes","floor":4,"turns":4},{"damage":0,"enemies":"2 Louse","floor":6,"turns":2},{"damage":18,"enemies":"Lagavulin","floor":7,"turns":7},{"damage":8,"enemies":"Gremlin Gang","floor":8,"turns":9},{"damage":0,"enemies":"Large Slime","floor":11,"turns":6},{"damage":9,"enemies":"3 Sentries","floor":12,"turns":6},{"damage":0,"enemies":"Hexaghost","floor":16,"turns":9},{"damage":17,"enemies":"Spheric Guardian","floor":18,"turns":5},{"damage":19,"enemies":"Chosen","floor":22,"turns":6},{"damage":38,"enemies":"Book of Stabbing","floor":23,"turns":7},{"damage":20,"enemies":"Snake Plant","floor":24,"turns":3}],"seed_played":"7869696233641053353","potions_obtained":[{"floor":7,"key":"Strength Potion"},{"floor":11,"key":"FearPotion"},{"floor":12,"key":"DuplicationPotion"},{"floor":16,"key":"Poison Potion"},{"floor":23,"key":"DuplicationPotion"}],"is_trial":false,"path_per_floor":["M","?","?","M","?","M","E","M","T","$","M","E","$","?","R_BF","B",null,"M","?","?","$","M","E","M"],"character_chosen":"THE_SILENT","items_purchased":["Thread and Needle","Footwork","Poisoned Stab","Footwork","ReplayTheSpireMod:ShopPack","ReplayTheSpireMod:CursedCoin","hubris:DuctTape","Bandage Up"],"campfire_rested":0,"item_purchase_floors":[0,0,10,13,13,21,21,21],"current_hp_per_floor":[70,70,70,68,68,68,50,42,42,42,42,33,33,33,54,58,70,57,50,28,28,29,11,0,0],"gold":372,"neow_bonus":"","is_daily":false,"chose_seed":false,"campfire_upgraded":0,"win_rate":0.0,"timestamp":1613945944,"path_taken":["M","?","?","M","?","?","E","M","T","$","?","E","$","?","R_BF","BOSS","M","?","?","$","?","E","M"],"items_purchased_type":["Relic","Card","Card","Card","Relic","Relic","Relic","Card"],"build_version":"2020-12-22","purchased_purges":3,"victory":false,"max_hp_per_floor":[70,70,70,70,70,70,70,70,70,70,70,70,70,70,70,70,70,70,70,70,70,70,70,70,70],"card_choices":[{"not_picked":["Poisoned Stab","PiercingWail"],"picked":"Deadly Poison","floor":1},{"not_picked":["ReplayTheSpireMod:The Works","Backflip"],"picked":"Poisoned Stab","floor":4},{"not_picked":["Masterful Stab","Tactician","hubris:Sniper"],"picked":"SKIP","floor":6},{"not_picked":["Underhanded Strike","Choke","Masterful Stab"],"picked":"SKIP","floor":7},{"not_picked":["Backflip","Hidden Blade"],"picked":"Noxious Fumes","floor":8},{"not_picked":["Expertise","Glass Knife"],"picked":"Dagger Spray","floor":11},{"not_picked":["Prepared","ReplayTheSpireMod:Exploit Weakness"],"picked":"Dash","floor":12},{"not_picked":["Metamorphosis","Secret Technique"],"picked":"Poisoned Strike","floor":13},{"not_picked":["Deep Breath","Panache"],"picked":"Bandage Up","floor":13},{"not_picked":["Dark Shackles","Replay:Dark Deal"],"picked":"hubris:EnhanceAbility","floor":13},{"not_picked":["Atom Bomb","Glass Knife"],"picked":"Night Terror","floor":16},{"not_picked":["Sucker Punch","Blade Dance"],"picked":"Outmaneuver+1","floor":18},{"not_picked":["Flechettes","Heel Hook"],"picked":"Prepared+1","floor":22},{"not_picked":["Flechettes+1","ReplayTheSpireMod:Scrap Shanks"],"picked":"Flying Knee","floor":23}],"player_experience":39016,"relics_obtained":[{"floor":7,"key":"Incense Burner"},{"floor":12,"key":"hubris:TenFootPole"},{"floor":19,"key":"Replay:Blank Codex"},{"floor":23,"key":"infinitespire:Lucky Rock"}],"event_choices":[{"damage_healed":0,"gold_gain":175,"player_choice":"AGREE","damage_taken":0,"max_hp_gain":0,"max_hp_loss":0,"event_name":"Liars Game","floor":2,"gold_loss":0,"cards_obtained":["Doubt"]},{"damage_healed":0,"gold_gain":0,"player_choice":"Box","damage_taken":0,"relics_obtained":["hubris:TinFlute"],"max_hp_gain":0,"max_hp_loss":0,"event_name":"Big Fish","floor":3,"gold_loss":0,"cards_obtained":["Regret"]},{"damage_healed":0,"gold_gain":0,"player_choice":"Trade","damage_taken":0,"relics_obtained":["NlothsMask"],"max_hp_gain":0,"max_hp_loss":0,"event_name":"FaceTrader","floor":5,"gold_loss":0},{"damage_healed":0,"gold_gain":75,"player_choice":"Gained Gold","damage_taken":0,"max_hp_gain":0,"max_hp_loss":0,"event_name":"Golden Wing","floor":14,"gold_loss":0},{"damage_healed":0,"gold_gain":0,"player_choice":"Obtained Book","damage_taken":16,"max_hp_gain":0,"max_hp_loss":0,"event_name":"Cursed Tome","floor":19,"gold_loss":0},{"damage_healed":0,"gold_gain":450,"player_choice":"GOLD GOLD GOLD GOLD GOLD ","damage_taken":46,"max_hp_gain":0,"max_hp_loss":0,"event_name":"Knowing Skull","floor":20,"potions_obtained":[],"gold_loss":0,"cards_obtained":[]}],"is_beta":false,"boss_relics":[{"not_picked":["Calling Bell","hubris:BlackHole"],"picked":"Abe\u0027s Treasure"}],"items_purged_floors":[10,13,21],"is_endless":false,"potions_floor_spawned":[7,11,12,16,23],"killed_by":"Snake Plant","ascension_level":0}}