{"host":"f5n4tidiz2n5sooh","time":1613889158,"event":{"mods":["BaseMod","Colored Map","Minty Spire (QoL Compilation)","Relic Stats","StSLib"],"gold_per_floor":[119,138,63,63,82,82,116,116,116,139,64,64,79,114,114,193,193,205,205,224,224,224],"floor_reached":21,"language":"ENG","playtime":1092,"items_purged":["Strike_B"],"score":374,"play_id":"85bfc8f0-c10d-4546-ae22-de207721e9c7","local_time":"20210221003238","is_ascension_mode":true,"campfire_choices":[{"data":"Streamline","floor":6,"key":"SMITH"},{"data":"Coolheaded","floor":8,"key":"SMITH"},{"data":"Zap","floor":12,"key":"SMITH"},{"data":"Consume","floor":15,"key":"SMITH"}],"circlet_count":0,"master_deck":["AscendersBane","Strike_B","Strike_B","Strike_B","Defend_B","Defend_B","Defend_B","Zap+1","Dualcast","Secret Weapon","Reinforced Body","Gash","Streamline+1","Coolheaded+1","Gash","Gash","Consume+1","All For One","Turbo","Ball Lightning"],"relics":["Cracked Core","Frozen Egg 2","Pantograph","Oddly Smooth Stone","PreservedInsect","Black Star"],"acts_visited":["Exordium","TheCity"],"potions_floor_usage":[16],"damage_taken":[{"damage":12,"enemies":"2 Louse","floor":1,"turns":2},{"damage":1,"enemies":"Cultist","floor":2,"turns":3},{"damage":4,"enemies":"Jaw Worm","floor":5,"turns":3},{"damage":29,"enemies":"Lagavulin","floor":7,"turns":8},{"damage":4,"enemies":"2 Fungi Beasts","floor":13,"turns":3},{"damage":8,"enemies":"Gremlin Nob","floor":14,"turns":3},{"damage":18,"enemies":"The Guardian","floor":16,"turns":10},{"damage":16,"enemies":"3 Byrds","floor":18,"turns":4},{"damage":14,"enemies":"2 Thieves","floor":20,"turns":3},{"damage":40,"enemies":"Cultist and Chosen","floor":21,"turns":5}],"seed_played":"-8138921434980059322","potions_obtained":[{"floor":7,"key":"PotionOfCapacity"},{"floor":14,"key":"GamblersBrew"}],"is_trial":false,"path_per_floor":["M","M","?","?","M","R","E","R","T","T","$","R","M","E","R","B",null,"M","?","M","M"],"character_chosen":"DEFECT","items_purchased":[],"campfire_rested":0,"item_purchase_floors":[],"current_hp_per_floor":[52,51,51,51,47,47,18,18,18,18,18,18,14,6,6,13,51,35,48,34,0,0],"gold":224,"neow_bonus":"RANDOM_COLORLESS_2","is_daily":false,"chose_seed":false,"campfire_upgraded":4,"win_rate":0.0,"timestamp":1613889158,"path_taken":["M","M","?","?","?","R","E","R","T","?","$","R","M","E","R","BOSS","M","?","M","M"],"items_purchased_type":[],"build_version":"2020-12-22","purchased_purges":1,"victory":false,"max_hp_per_floor":[64,64,64,64,64,64,64,64,64,64,64,64,64,64,64,64,64,64,64,64,64,64],"relic_stats":{"counters":[10,44],"Pantograph":25,"PreservedInsect":0,"Black Star":0,"obtain_stats":[{"Pantograph":9,"Oddly Smooth Stone":10,"PreservedInsect":14,"Black Star":17,"Frozen Egg 2":7,"Cracked Core":0},{"Pantograph":4,"Oddly Smooth Stone":4,"PreservedInsect":6,"Black Star":7,"Frozen Egg 2":4,"Cracked Core":0},{"Pantograph":16,"Oddly Smooth Stone":16,"PreservedInsect":22,"Black Star":32,"Frozen Egg 2":16,"Cracked Core":0}]},"card_choices":[{"not_picked":["Panache","Mayhem"],"picked":"Secret Weapon","floor":0},{"not_picked":["Redo","Fusion"],"picked":"Reinforced Body","floor":1},{"not_picked":["Chaos","Skim"],"picked":"Gash","floor":2},{"not_picked":["Force Field","Turbo"],"picked":"Coolheaded","floor":5},{"not_picked":["Conserve Battery","Go for the Eyes"],"picked":"Gash","floor":7},{"not_picked":["Conserve Battery","Rebound"],"picked":"Gash","floor":13},{"not_picked":["Seek","Beam Cell"],"picked":"Consume","floor":14},{"not_picked":["Thunder Strike","Multi-Cast"],"picked":"All For One","floor":16},{"not_picked":["White Noise","Beam Cell"],"picked":"Turbo","floor":18},{"not_picked":["Redo","Skim"],"picked":"Ball Lightning","floor":20}],"player_experience":2068578,"relics_obtained":[{"floor":7,"key":"Frozen Egg 2"},{"floor":9,"key":"Pantograph"},{"floor":10,"key":"Oddly Smooth Stone"},{"floor":14,"key":"PreservedInsect"}],"event_choices":[{"cards_removed":["Defend_B"],"damage_healed":0,"gold_gain":0,"player_choice":"Card Removal","damage_taken":0,"max_hp_gain":0,"max_hp_loss":0,"event_name":"The Cleric","floor":3,"gold_loss":75},{"damage_healed":0,"gold_gain":0,"player_choice":"1 cards matched","damage_taken":0,"max_hp_gain":0,"max_hp_loss":0,"event_name":"Match and Keep!","floor":4,"gold_loss":0,"cards_obtained":["Streamline"]},{"damage_healed":13,"gold_gain":0,"player_choice":"Heal","damage_taken":0,"max_hp_gain":0,"max_hp_loss":0,"event_name":"The Library","floor":19,"gold_loss":0}],"is_beta":false,"boss_relics":[{"not_picked":["Runic Dome","FrozenCore"],"picked":"Black Star"}],"items_purged_floors":[11],"is_endless":false,"potions_floor_spawned":[7,14],"killed_by":"Cultist and Chosen","ascension_level":20}}