{"host":"k5t0mjadqheapa3b","time":1613917475,"event":{"mods":["BaseMod","Colored Map","Downfall","Marisa£®ÏF”Í°°ƒß¿Ì…≥£©","Minty Spire (QoL Compilation)","Prisma Mod","Quick Restart","Remilia£®¿Ÿ√◊¿Ú—«£©","Shop Mod","Spicy Shops","StSLib","The Alterego","The Gatherer","The Marked","The Servant 0.9.4","Youmu£®ªÍ∆«—˝√Œ£©","Yuri Mod"],"gold_per_floor":[119,60,70,70,70,70,105,105,154,154,154,189,43,53,53,156,156,167,167,184,184,99,99,134,134,134],"floor_reached":25,"language":"ZHS","playtime":1096,"items_purged":[],"score":250,"play_id":"d2b0a1a8-9a7c-44b2-8a18-c748325df5c9","local_time":"20210221222435","is_ascension_mode":false,"campfire_choices":[{"data":"alterego_mod:Impale","floor":6.0,"key":"SMITH"},{"data":"alterego_mod:ChallengeComplete","floor":8.0,"key":"SMITH"},{"data":"alterego_mod:BrynhildrsRune","floor":11.0,"key":"SMITH"},{"data":"alterego_mod:Antipathy","floor":15.0,"key":"SMITH"},{"data":"alterego_mod:TrickOrTreatment","floor":23.0,"key":"SMITH"}],"circlet_count":0,"master_deck":["alterego_mod:Strike","alterego_mod:Strike","alterego_mod:Strike","alterego_mod:Defend","alterego_mod:Defend","alterego_mod:Defend","alterego_mod:Defend","alterego_mod:Impale+1","alterego_mod:BigMeatyClaws","alterego_mod:BrynhildrsRune+1","alterego_mod:Cushion+1","alterego_mod:MaintainEyeContact+1","alterego_mod:BeGentle+1","alterego_mod:ChallengeComplete+1","alterego_mod:Antipathy+1","alterego_mod:Birthday","alterego_mod:TrickOrTreatment+1","alterego_mod:TrashNCrash","alterego_mod:Swimsuit+1","alterego_mod:Belts"],"relics":["alterego_mod:MasochisticConstitution","NeowsBlessing","Nunchaku","Toy Ornithopter","Orichalcum","Dream Catcher","War Paint","Philosopher\u0027s Stone","MutagenicStrength","Lantern","Smiling Mask"],"acts_visited":["Exordium","TheCity"],"potions_floor_usage":[],"damage_taken":[{"damage":0.0,"enemies":"2 Louse","floor":1.0,"turns":2.0},{"damage":0.0,"enemies":"Cultist","floor":3.0,"turns":1.0},{"damage":0.0,"enemies":"Gremlin Nob","floor":7.0,"turns":1.0},{"damage":5.0,"enemies":"3 Sentries","floor":12.0,"turns":9.0},{"damage":2.0,"enemies":"Small Slimes","floor":14.0,"turns":6.0},{"damage":27.0,"enemies":"Slime Boss","floor":16.0,"turns":13.0},{"damage":11.0,"enemies":"Spheric Guardian","floor":18.0,"turns":5.0},{"damage":4.0,"enemies":"Shell Parasite","floor":20.0,"turns":6.0},{"damage":25.0,"enemies":"Gremlin Leader","floor":24.0,"turns":10.0},{"damage":47,"enemies":"Sentry and Sphere","floor":25,"turns":6}],"seed_played":"-6368595424999667410","potions_obtained":[{"floor":3.0,"key":"Weak Potion"},{"floor":7.0,"key":"champ:CounterPotion"},{"floor":12.0,"key":"Fire Potion"},{"floor":14.0,"key":"Dexterity Potion"},{"floor":24.0,"key":"Weak Potion"}],"is_trial":false,"path_per_floor":["M","?","M","?","$","R","E","R","T","?","R","E","$","M","R","B",null,"M","?","M","?","?","R","E","M"],"character_chosen":"The_Alterego","items_purchased":["War Paint"],"campfire_rested":0,"item_purchase_floors":[13],"current_hp_per_floor":[70,70,70,70,70,70,70,70,70,70,70,71,71,70,70,52,73,63,63,69,69,69,69,68,38,38],"gold":134,"neow_bonus":"THREE_ENEMY_KILL","is_daily":false,"chose_seed":false,"campfire_upgraded":5,"win_rate":0.0,"timestamp":1613917475,"path_taken":["M","?","?","?","?","R","E","R","T","?","R","E","?","M","R","BOSS","M","?","M","?","?","R","E","M"],"items_purchased_type":["Relic"],"build_version":"2020-12-22","purchased_purges":0,"victory":false,"max_hp_per_floor":[70,70,70,70,70,70,70,70,70,70,70,71,71,72,72,73,73,74,74,75,75,75,75,76,76,76],"card_choices":[{"not_picked":["alterego_mod:DeftHands","alterego_mod:Crossover"],"picked":"alterego_mod:Cushion","floor":1.0},{"not_picked":["alterego_mod:Jiggle","alterego_mod:DiscoLights"],"picked":"alterego_mod:MaintainEyeContact","floor":3.0},{"not_picked":["alterego_mod:Jiggle","alterego_mod:BiFurious"],"picked":"alterego_mod:ChallengeComplete","floor":7.0},{"not_picked":["alterego_mod:DeftHands","alterego_mod:Complex"],"picked":"alterego_mod:Antipathy","floor":12.0},{"not_picked":["alterego_mod:Cooking","alterego_mod:TrashNCrash"],"picked":"alterego_mod:Birthday","floor":14.0},{"not_picked":["alterego_mod:PainIsPleasure","alterego_mod:InsideBaseball"],"picked":"alterego_mod:TrickOrTreatment","floor":16.0},{"not_picked":["alterego_mod:MaintainEyeContact+1","alterego_mod:GoddessCore"],"picked":"alterego_mod:TrashNCrash","floor":18.0},{"not_picked":["alterego_mod:Undulate","alterego_mod:HighServant+1"],"picked":"alterego_mod:Swimsuit+1","floor":20.0},{"not_picked":["alterego_mod:Maid","alterego_mod:Bunnysuit"],"picked":"alterego_mod:Belts","floor":24.0}],"player_experience":48929,"relics_obtained":[{"floor":7.0,"key":"Toy Ornithopter"},{"floor":9.0,"key":"Orichalcum"},{"floor":12.0,"key":"Dream Catcher"},{"floor":24.0,"key":"Smiling Mask"}],"event_choices":[{"damage_healed":0.0,"max_hp_gain":0.0,"max_hp_loss":0.0,"gold_gain":0.0,"event_name":"WeMeetAgain","player_choice":"Paid Gold","floor":2.0,"gold_loss":59.0,"damage_taken":0.0,"relics_obtained":["Nunchaku"]},{"damage_healed":0.0,"max_hp_gain":0.0,"max_hp_loss":0.0,"gold_gain":0.0,"cards_transformed":["alterego_mod:Strike"],"event_name":"Transmorgrifier","player_choice":"Transformed","floor":4.0,"gold_loss":0.0,"damage_taken":0.0,"cards_obtained":["alterego_mod:BeGentle"]},{"damage_healed":0.0,"max_hp_gain":0.0,"max_hp_loss":0.0,"gold_gain":0.0,"event_name":"Living Wall","player_choice":"Grow","floor":10.0,"gold_loss":0.0,"damage_taken":0.0,"cards_upgraded":["alterego_mod:Cushion"]},{"damage_healed":0.0,"max_hp_gain":0.0,"max_hp_loss":0.0,"gold_gain":0.0,"event_name":"Drug Dealer","player_choice":"Inject Mutagens","floor":19.0,"gold_loss":0.0,"damage_taken":0.0,"relics_obtained":["MutagenicStrength"]},{"damage_healed":0.0,"max_hp_gain":0.0,"max_hp_loss":0.0,"gold_gain":0.0,"event_name":"Vampires","player_choice":"Ignored","floor":21.0,"gold_loss":0.0,"damage_taken":0.0},{"damage_healed":0.0,"max_hp_gain":0.0,"max_hp_loss":0.0,"gold_gain":0.0,"event_name":"Addict","player_choice":"Obtained Relic","floor":22.0,"gold_loss":85.0,"damage_taken":0.0,"relics_obtained":["Lantern"]}],"is_beta":false,"boss_relics":[{"not_picked":["SacredBark","Pandora\u0027s Box"],"picked":"Philosopher\u0027s Stone"}],"items_purged_floors":[],"is_endless":false,"potions_floor_spawned":[3,7,12,14,24],"killed_by":"Sentry and Sphere","ascension_level":0}}