{"host":"5jyeqch4fosnsiz2","time":1613876631,"event":{"mods":["BaseMod","Bestiary","Colored Map","Colored Powertips","Filter the Spire","Minty Spire (QoL Compilation)","Relic Stats","StSLib","Waifu the Spire","ojb\u0027s Better Paths Mod","ojb\u0027s Info Mod"],"gold_per_floor":[118,138,138,153,164,164,21,21,21,21,52,75,110,125,125,226,526,542,902,915,927,943,974,974,984,1011,1011,1011],"floor_reached":27,"language":"ENG","playtime":1064,"items_purged":[],"score":270,"play_id":"6945f85a-85b8-49ae-aa1c-2f9b51b20f55","local_time":"20210220220351","is_ascension_mode":false,"campfire_choices":[{"data":"Zap","floor":6,"key":"SMITH"},{"data":"White Noise","floor":15,"key":"SMITH"},{"data":"Defragment","floor":24,"key":"SMITH"}],"circlet_count":0,"master_deck":["Strike_B","Strike_B","Strike_B","Defend_B","Defend_B","Defend_B","Defend_B","Zap+1","Dualcast","Rebound","Seek+1","FTL","Cold Snap","White Noise+1","Rip and Tear","Defragment+1","Electrodynamics","CurseOfTheBell","Hologram","Glacier+1","Conserve Battery+1","Creative AI","Tempest+1","Genetic Algorithm+1"],"relics":["Cracked Core","NeowsBlessing","OrangePellets","Letter Opener","Sundial","Strawberry","Eternal Feather","Calling Bell","Orichalcum","Gremlin Horn","Old Coin","War Paint","Anchor"],"acts_visited":["Exordium","TheCity"],"potions_floor_usage":[13,21,21,23],"damage_taken":[{"damage":0,"enemies":"Jaw Worm","floor":1,"turns":1},{"damage":0,"enemies":"Cultist","floor":2,"turns":1},{"damage":0,"enemies":"2 Louse","floor":4,"turns":1},{"damage":1,"enemies":"Exordium Wildlife","floor":5,"turns":3},{"damage":15,"enemies":"Gremlin Nob","floor":11,"turns":4},{"damage":2,"enemies":"3 Sentries","floor":13,"turns":5},{"damage":10,"enemies":"3 Louse","floor":14,"turns":2},{"damage":24,"enemies":"Hexaghost","floor":16,"turns":8},{"damage":2,"enemies":"Spheric Guardian","floor":18,"turns":3},{"damage":0,"enemies":"3 Byrds","floor":20,"turns":2},{"damage":15,"enemies":"Centurion and Healer","floor":21,"turns":15},{"damage":9,"enemies":"Chosen and Byrds","floor":22,"turns":6},{"damage":13,"enemies":"Gremlin Leader","floor":23,"turns":6},{"damage":14,"enemies":"Shelled Parasite and Fungi","floor":25,"turns":6},{"damage":10,"enemies":"Book of Stabbing","floor":27,"turns":2}],"seed_played":"7766279864170983860","potions_obtained":[{"floor":1,"key":"FearPotion"},{"floor":5,"key":"Energy Potion"},{"floor":13,"key":"Dexterity Potion"},{"floor":16,"key":"Explosive Potion"},{"floor":18,"key":"DistilledChaos"},{"floor":22,"key":"Ancient Potion"}],"is_trial":false,"path_per_floor":["M","M","?","M","M","R","$","?","T","?","E","T","E","M","R","B",null,"M","?","M","M","M","E","R","M","T","E"],"character_chosen":"DEFECT","items_purchased":["OrangePellets"],"campfire_rested":0,"item_purchase_floors":[7],"current_hp_per_floor":[75,75,75,75,74,74,74,79,79,72,57,64,62,52,61,37,87,85,49,49,34,25,12,24,10,10,0,0],"gold":1011,"neow_bonus":"THREE_ENEMY_KILL","is_daily":false,"chose_seed":false,"campfire_upgraded":3,"win_rate":0.0,"timestamp":1613876631,"path_taken":["M","M","?","?","?","R","$","?","T","?","E","?","E","?","R","BOSS","M","?","?","M","M","E","R","M","T","E"],"items_purchased_type":["Relic"],"build_version":"2020-12-22","purchased_purges":0,"victory":false,"max_hp_per_floor":[75,75,75,75,75,75,75,80,80,80,80,87,87,87,87,87,87,87,87,87,87,87,87,87,87,87,87,87],"relic_stats":{"OrangePellets":[3],"Gremlin Horn":[9,9],"counters":[15,65],"Sundial":[8],"Eternal Feather":21,"Letter Opener":[116],"Orichalcum":[42],"War Paint":["Conserve Battery","Glacier"],"obtain_stats":[{"NeowsBlessing":0,"Gremlin Horn":17,"Eternal Feather":13,"Letter Opener":9,"Orichalcum":17,"War Paint":23,"Old Coin":17,"Calling Bell":17,"OrangePellets":7,"Anchor":26,"Sundial":11,"Strawberry":12,"Cracked Core":0},{"NeowsBlessing":0,"Gremlin Horn":8,"Eternal Feather":6,"Letter Opener":4,"Orichalcum":8,"War Paint":13,"Old Coin":8,"Calling Bell":8,"OrangePellets":4,"Anchor":14,"Sundial":5,"Strawberry":5,"Cracked Core":0},{"NeowsBlessing":0,"Gremlin Horn":25,"Eternal Feather":15,"Letter Opener":6,"Orichalcum":25,"War Paint":57,"Old Coin":25,"Calling Bell":25,"OrangePellets":6,"Anchor":63,"Sundial":10,"Strawberry":10,"Cracked Core":0}]},"card_choices":[{"not_picked":["Barrage","Compile Driver"],"picked":"Rebound","floor":1},{"not_picked":["Self Repair","Glacier"],"picked":"Seek","floor":2},{"not_picked":["Heatsinks","Redo"],"picked":"FTL","floor":4},{"not_picked":["Stack","Compile Driver"],"picked":"Cold Snap","floor":5},{"not_picked":["Rainbow","Turbo"],"picked":"White Noise","floor":11},{"not_picked":["Thunder Strike","Sweeping Beam"],"picked":"Rip and Tear","floor":13},{"not_picked":["BootSequence","Compile Driver"],"picked":"Defragment","floor":14},{"not_picked":["Creative AI","Rainbow"],"picked":"Electrodynamics","floor":16},{"not_picked":["Ball Lightning","Stack+1"],"picked":"Hologram","floor":18},{"not_picked":["Capacitor","Go for the Eyes"],"picked":"Glacier","floor":20},{"not_picked":["Defragment","Barrage"],"picked":"Conserve Battery","floor":21},{"not_picked":["Stack+1","Sweeping Beam"],"picked":"Creative AI","floor":22},{"not_picked":["Amplify","Static Discharge"],"picked":"Tempest+1","floor":23},{"not_picked":["Reinforced Body","Steam"],"picked":"Genetic Algorithm+1","floor":25}],"player_experience":403144,"relics_obtained":[{"floor":9,"key":"Letter Opener"},{"floor":11,"key":"Sundial"},{"floor":12,"key":"Strawberry"},{"floor":13,"key":"Eternal Feather"},{"floor":17,"key":"Orichalcum"},{"floor":17,"key":"Gremlin Horn"},{"floor":17,"key":"Old Coin"},{"floor":23,"key":"War Paint"},{"floor":26,"key":"Anchor"}],"event_choices":[{"damage_healed":0,"gold_gain":0,"player_choice":"Upgraded","damage_taken":0,"max_hp_gain":0,"max_hp_loss":0,"event_name":"Upgrade Shrine","floor":3,"gold_loss":0,"cards_upgraded":["Seek"]},{"damage_healed":0,"gold_gain":0,"player_choice":"Donut","damage_taken":0,"max_hp_gain":5,"max_hp_loss":0,"event_name":"Big Fish","floor":8,"gold_loss":0},{"cards_removed":["Strike_B"],"damage_healed":0,"gold_gain":0,"player_choice":"Card Removal","damage_taken":7,"max_hp_gain":0,"max_hp_loss":0,"event_name":"Golden Wing","floor":10,"gold_loss":0},{"damage_healed":0,"gold_gain":360,"player_choice":"GOLD GOLD GOLD GOLD ","damage_taken":36,"max_hp_gain":0,"max_hp_loss":0,"event_name":"Knowing Skull","floor":19,"potions_obtained":[],"gold_loss":0,"cards_obtained":[]}],"is_beta":false,"boss_relics":[{"not_picked":["Ectoplasm","Fusion Hammer"],"picked":"Calling Bell"}],"items_purged_floors":[],"is_endless":false,"potions_floor_spawned":[1,5,13,16,18,22],"killed_by":"Book of Stabbing","ascension_level":0}}