{"host":"insagfzijja1377g","time":1613927154,"event":{"mods":["BaseMod","Bestiary","Highlight Path","Minty Spire (QoL Compilation)","Relic Stats","Slay the Relics Exporter"],"gold_per_floor":[111,111,128,128,145,170,170,196,270,288,303,335,351,17,17,92,92,107,32,32,48,96,96,127,143,143,175,175,192,203,218,218,291,291,304,304,322,359,30,84,84,84,108,108,161,68,0,35,35,75,75,75,75,19,49,49,49],"floor_reached":56,"language":"ENG","playtime":4355,"items_purged":["Strike_B","Strike_B+1"],"score":1909,"play_id":"cba87884-eb36-443e-9ae9-66239ce17ff5","local_time":"20210221110554","is_ascension_mode":true,"campfire_choices":[{"floor":7,"key":"REST"},{"data":"Barrage","floor":15,"key":"SMITH"},{"data":"Biased Cognition","floor":23,"key":"SMITH"},{"data":"Defragment","floor":28,"key":"SMITH"},{"data":"Capacitor","floor":32,"key":"SMITH"},{"data":"Strike_B","floor":42,"key":"PURGE"},{"floor":49,"key":"RECALL"},{"data":"Defragment","floor":53,"key":"SMITH"}],"circlet_count":0,"master_deck":["AscendersBane","Defend_B","Defend_B","Defend_B","Zap","Dualcast","Glacier","Beam Cell","Rebound","Reboot","Barrage+1","Cold Snap","Ball Lightning","Compile Driver+1","Go for the Eyes","Steam","Biased Cognition+1","Barrage+1","Capacitor+1","Genetic Algorithm","Defragment+1","Force Field+1","Glacier","Echo Form","Beam Cell+1","Go for the Eyes","Electrodynamics","Barrage+1","HandOfGreed","Good Instincts","Coolheaded","Conserve Battery+1","Hologram+1","Coolheaded","Defragment+1"],"relics":["Cracked Core","NeowsBlessing","Peace Pipe","Nunchaku","Emotion Chip","Pear","Gremlin Horn","Eternal Feather","Velvet Choker","Whetstone","Dream Catcher","Mercury Hourglass","Mummified Hand","Runic Pyramid","Membership Card","Anchor","Girya","Pantograph","Red Mask"],"acts_visited":["Exordium","TheCity","TheBeyond","TheEnding"],"potions_floor_usage":[6,10,16,16,27,40,51,56,56],"damage_taken":[{"damage":0,"enemies":"Jaw Worm","floor":1,"turns":1},{"damage":0,"enemies":"2 Louse","floor":3,"turns":1},{"damage":0,"enemies":"Cultist","floor":5,"turns":1},{"damage":27,"enemies":"Gremlin Nob","floor":6,"turns":4},{"damage":35,"enemies":"3 Sentries","floor":8,"turns":11},{"damage":0,"enemies":"Gremlin Gang","floor":10,"turns":2},{"damage":0,"enemies":"Lots of Slimes","floor":11,"turns":4},{"damage":9,"enemies":"Lagavulin","floor":12,"turns":6},{"damage":1,"enemies":"2 Fungi Beasts","floor":13,"turns":2},{"damage":10,"enemies":"The Guardian","floor":16,"turns":9},{"damage":1,"enemies":"Chosen","floor":18,"turns":4},{"damage":0,"enemies":"Spheric Guardian","floor":21,"turns":3},{"damage":2,"enemies":"Book of Stabbing","floor":24,"turns":5},{"damage":3,"enemies":"Snecko","floor":25,"turns":5},{"damage":2,"enemies":"Gremlin Leader","floor":27,"turns":4},{"damage":13,"enemies":"Snake Plant","floor":29,"turns":4},{"damage":0,"enemies":"Centurion and Healer","floor":30,"turns":5},{"damage":10,"enemies":"Cultist and Chosen","floor":31,"turns":5},{"damage":9,"enemies":"Champ","floor":33,"turns":9},{"damage":23,"enemies":"3 Shapes","floor":35,"turns":6},{"damage":12,"enemies":"Orb Walker","floor":37,"turns":2},{"damage":5,"enemies":"Writhing Mass","floor":38,"turns":10},{"damage":10,"enemies":"Giant Head","floor":40,"turns":11},{"damage":2,"enemies":"Reptomancer","floor":45,"turns":6},{"damage":0,"enemies":"Maw","floor":48,"turns":8},{"damage":17,"enemies":"Awakened One","floor":50,"turns":15},{"damage":25,"enemies":"Time Eater","floor":51,"turns":13},{"damage":43,"enemies":"Shield and Spear","floor":55,"turns":6},{"damage":59,"enemies":"The Heart","floor":56,"turns":5}],"seed_played":"8883551122128306210","potions_obtained":[{"floor":1,"key":"SneckoOil"},{"floor":8,"key":"Explosive Potion"},{"floor":11,"key":"Explosive Potion"},{"floor":12,"key":"LiquidBronze"},{"floor":13,"key":"PotionOfCapacity"},{"floor":24,"key":"SkillPotion"},{"floor":25,"key":"Ancient Potion"},{"floor":31,"key":"Energy Potion"},{"floor":38,"key":"ColorlessPotion"},{"floor":40,"key":"SteroidPotion"},{"floor":45,"key":"Swift Potion"}],"is_trial":false,"path_per_floor":["M","?","M","?","M","E","R","E","T","M","M","E","M","$","R","B",null,"M","?","?","M","T","R","E","M","T","E","R","M","M","M","R","B",null,"M","?","M","M","$","E","?","R","T","?","E","$","?","M","R","B","B",null,"R","$","E","B"],"character_chosen":"DEFECT","items_purchased":["Eternal Feather","Steam","Membership Card","Anchor","Regen Potion","Defragment","CultistPotion"],"campfire_rested":1,"item_purchase_floors":[14,14,39,39,39,46,54],"current_hp_per_floor":[64,57,57,57,57,30,51,16,26,26,26,17,16,16,28,18,65,64,64,64,64,64,76,74,71,71,69,81,68,68,58,73,64,77,54,44,32,27,27,32,32,53,53,53,51,51,51,51,72,60,52,71,77,77,34,0,0],"gold":49,"neow_bonus":"THREE_ENEMY_KILL","is_daily":false,"chose_seed":false,"campfire_upgraded":5,"win_rate":0.0,"timestamp":1613927154,"path_taken":["M","?","M","?","?","E","R","E","T","M","?","E","M","?","R","BOSS","M","?","?","M","?","R","E","?","T","E","R","M","M","M","R","BOSS","M","?","M","M","$","E","?","R","T","?","E","$","?","M","R","BOSS","BOSS","R","$","E","BOSS"],"items_purchased_type":["Relic","Card","Relic","Relic","Potion","Card","Potion"],"build_version":"2020-12-22","purchased_purges":2,"victory":false,"max_hp_per_floor":[71,71,71,71,71,71,71,71,81,81,81,81,81,81,81,81,81,81,81,81,81,81,81,81,81,81,81,81,81,81,81,81,81,81,81,81,81,81,81,81,81,81,81,77,77,77,77,77,77,77,77,77,77,77,77,77,77],"relic_stats":{"Peace Pipe":1,"Nunchaku":[33],"Emotion Chip":[99,36,63,0,0],"Dream Catcher":0,"Gremlin Horn":[17,19],"counters":[29,167],"Mummified Hand":[77],"Pantograph":47,"Eternal Feather":99,"Whetstone":["Compile Driver","Strike_B"],"obtain_stats":[{"Girya":40,"Pear":9,"NeowsBlessing":0,"Gremlin Horn":12,"Velvet Choker":17,"Eternal Feather":14,"Whetstone":22,"Mercury Hourglass":26,"Peace Pipe":4,"Nunchaku":6,"Emotion Chip":8,"Dream Catcher":24,"Anchor":39,"Mummified Hand":27,"Pantograph":45,"Red Mask":47,"Membership Card":39,"Cracked Core":0,"Runic Pyramid":34},{"Girya":23,"Pear":5,"NeowsBlessing":0,"Gremlin Horn":8,"Velvet Choker":10,"Eternal Feather":9,"Whetstone":12,"Mercury Hourglass":14,"Peace Pipe":2,"Nunchaku":4,"Emotion Chip":5,"Dream Catcher":13,"Anchor":22,"Mummified Hand":15,"Pantograph":24,"Red Mask":24,"Membership Card":22,"Cracked Core":0,"Runic Pyramid":19},{"Girya":114,"Pear":18,"NeowsBlessing":0,"Gremlin Horn":30,"Velvet Choker":41,"Eternal Feather":32,"Whetstone":48,"Mercury Hourglass":58,"Peace Pipe":2,"Nunchaku":7,"Emotion Chip":18,"Dream Catcher":53,"Anchor":103,"Mummified Hand":62,"Pantograph":120,"Red Mask":120,"Membership Card":103,"Cracked Core":0,"Runic Pyramid":85}],"Mercury Hourglass":[386]},"card_choices":[{"not_picked":["Darkness","Beam Cell"],"picked":"Glacier","floor":1},{"not_picked":["Conserve Battery","Hologram"],"picked":"Beam Cell","floor":3},{"not_picked":["Barrage","Leap"],"picked":"Rebound","floor":5},{"not_picked":["Heatsinks","Fusion"],"picked":"Reboot","floor":6},{"not_picked":["Lockon","White Noise"],"picked":"Barrage","floor":8},{"not_picked":["Barrage","Steam"],"picked":"Cold Snap","floor":10},{"not_picked":["Conserve Battery","Rebound"],"picked":"Ball Lightning","floor":11},{"not_picked":["Reboot","Double Energy"],"picked":"Compile Driver","floor":12},{"not_picked":["Barrage","Hologram"],"picked":"Go for the Eyes","floor":13},{"not_picked":["Multi-Cast","Creative AI"],"picked":"Biased Cognition","floor":16},{"not_picked":["Reprogram","Leap"],"picked":"Barrage+1","floor":18},{"not_picked":["Coolheaded","Leap"],"picked":"Genetic Algorithm","floor":21},{"not_picked":["Compile Driver","Steam"],"picked":"Defragment","floor":24},{"not_picked":["Coolheaded","Steam"],"picked":"Force Field+1","floor":25},{"not_picked":["Rip and Tear","Sweeping Beam+1"],"picked":"Glacier","floor":27},{"not_picked":["Compile Driver","Doom and Gloom"],"picked":"Echo Form","floor":29},{"not_picked":["Rebound","Lockon"],"picked":"Beam Cell+1","floor":30},{"not_picked":["Gash","Auto Shields"],"picked":"Go for the Eyes","floor":31},{"not_picked":["Reboot","Amplify"],"picked":"Electrodynamics","floor":33},{"not_picked":["Redo","Sweeping Beam"],"picked":"Barrage+1","floor":35},{"not_picked":["Trip","Good Instincts"],"picked":"HandOfGreed","floor":36},{"not_picked":["Secret Technique","Mind Blast"],"picked":"Good Instincts","floor":36},{"not_picked":["Ball Lightning","Barrage"],"picked":"Coolheaded","floor":37},{"not_picked":["Cold Snap","Rebound"],"picked":"Conserve Battery+1","floor":38},{"not_picked":["Gash","Stack+1"],"picked":"Hologram+1","floor":40},{"not_picked":["Compile Driver","Cold Snap"],"picked":"Coolheaded","floor":45},{"not_picked":["Steam","Streamline","Heatsinks"],"picked":"SKIP","floor":48},{"not_picked":["Coolheaded","Beam Cell+1","Barrage"],"picked":"SKIP","floor":55}],"player_experience":2185632,"relics_obtained":[{"floor":4,"key":"Peace Pipe"},{"floor":6,"key":"Nunchaku"},{"floor":8,"key":"Emotion Chip"},{"floor":9,"key":"Pear"},{"floor":12,"key":"Gremlin Horn"},{"floor":22,"key":"Whetstone"},{"floor":24,"key":"Dream Catcher"},{"floor":26,"key":"Mercury Hourglass"},{"floor":27,"key":"Mummified Hand"},{"floor":40,"key":"Girya"},{"floor":45,"key":"Pantograph"}],"event_choices":[{"cards_removed":["Defend_B"],"damage_healed":0,"gold_gain":0,"player_choice":"Card Removal","damage_taken":7,"max_hp_gain":0,"max_hp_loss":0,"event_name":"Golden Wing","floor":2,"gold_loss":0},{"damage_healed":0,"gold_gain":0,"player_choice":"Relic","damage_taken":0,"max_hp_gain":0,"max_hp_loss":0,"event_name":"Wheel of Change","floor":4,"gold_loss":0},{"cards_removed":["Strike_B"],"damage_healed":0,"gold_gain":0,"player_choice":"Gave Gold","damage_taken":0,"max_hp_gain":0,"max_hp_loss":0,"event_name":"Beggar","floor":19,"gold_loss":75},{"damage_healed":0,"gold_gain":0,"player_choice":"Read","damage_taken":0,"max_hp_gain":0,"max_hp_loss":0,"event_name":"The Library","floor":20,"gold_loss":0,"cards_obtained":["Capacitor"]},{"damage_healed":0,"gold_gain":0,"player_choice":"Memory 3","damage_taken":10,"max_hp_gain":0,"max_hp_loss":0,"event_name":"SensoryStone","floor":36,"gold_loss":0},{"damage_healed":0,"gold_gain":0,"player_choice":"Ignored","damage_taken":0,"max_hp_gain":0,"max_hp_loss":0,"event_name":"The Moai Head","floor":41,"gold_loss":0},{"damage_healed":0,"gold_gain":0,"player_choice":"Max HP","damage_taken":0,"max_hp_gain":0,"max_hp_loss":4,"event_name":"Winding Halls","floor":44,"gold_loss":0},{"damage_healed":0,"gold_gain":0,"player_choice":"Paid","damage_taken":0,"relics_obtained":["Red Mask"],"max_hp_gain":0,"max_hp_loss":0,"event_name":"Tomb of Lord Red Mask","floor":47,"gold_loss":68}],"is_beta":false,"boss_relics":[{"not_picked":["Fusion Hammer","Calling Bell"],"picked":"Velvet Choker"},{"not_picked":["Coffee Dripper","Philosopher\u0027s Stone"],"picked":"Runic Pyramid"}],"items_purged_floors":[39,46],"is_endless":false,"potions_floor_spawned":[1,8,11,12,13,24,25,31,33,38,40,45,48,55],"killed_by":"The Heart","ascension_level":20}}