{"host":"zdcz0a6aak4rnx0s","time":1613881152,"event":{"mods":["AchievementEnabler","BaseMod","Colored Map","Colored Powertips","Minty Spire (QoL Compilation)","StSLib"],"gold_per_floor":[110,110,19,36,36,71,71,84,110,141,211,227,287,307,307,383,383,395,42,56,71,121,121,136,97,120,120,138,158,158,177,177,253,253,273,292,342,406,419,419,419],"floor_reached":40,"language":"ENG","playtime":3850,"items_purged":["Strike_R"],"score":844,"play_id":"b65e279d-9df4-4dd5-bcf5-858de785390d","local_time":"20210220221912","is_ascension_mode":true,"campfire_choices":[{"data":"True Grit","floor":7.0,"key":"SMITH"},{"data":"Disarm","floor":15.0,"key":"SMITH"},{"data":"Spot Weakness","floor":23.0,"key":"SMITH"},{"data":"Whirlwind","floor":27.0,"key":"SMITH"},{"floor":30.0,"key":"REST"},{"floor":32.0,"key":"REST"}],"circlet_count":0,"master_deck":["AscendersBane","Strike_R","Strike_R","Defend_R+1","Defend_R","Defend_R","Defend_R","Bash","True Grit+1","Flash of Steel","Burning Pact","Flame Barrier+1","Disarm+1","Feed","Evolve","Exhume","Ghostly Armor+1","Spot Weakness+1","Offering","Dark Embrace","Whirlwind+1","Limit Break","Twin Strike+1"],"relics":["Burning Blood","NeowsBlessing","SsserpentHead","Bag of Preparation","PreservedInsect","StoneCalendar","Mark of Pain","War Paint","Lee\u0027s Waffle","Regal Pillow","Cursed Key"],"acts_visited":["Exordium","TheCity","TheBeyond"],"potions_floor_usage":[38],"damage_taken":[{"damage":0.0,"enemies":"Cultist","floor":1.0,"turns":1.0},{"damage":0.0,"enemies":"Small Slimes","floor":4.0,"turns":2.0},{"damage":0.0,"enemies":"Gremlin Nob","floor":6.0,"turns":1.0},{"damage":0.0,"enemies":"2 Louse","floor":8.0,"turns":2.0},{"damage":15.0,"enemies":"3 Sentries","floor":10.0,"turns":8.0},{"damage":3.0,"enemies":"Exordium Wildlife","floor":11.0,"turns":6.0},{"damage":14.0,"enemies":"Exordium Thugs","floor":12.0,"turns":6.0},{"damage":44.0,"enemies":"Gremlin Gang","floor":13.0,"turns":7.0},{"damage":0.0,"enemies":"2 Fungi Beasts","floor":14.0,"turns":5.0},{"damage":24.0,"enemies":"Hexaghost","floor":16.0,"turns":22.0},{"damage":17.0,"enemies":"Shell Parasite","floor":18.0,"turns":8.0},{"damage":9.0,"enemies":"3 Byrds","floor":20.0,"turns":2.0},{"damage":39.0,"enemies":"Centurion and Healer","floor":21.0,"turns":9.0},{"damage":6.0,"enemies":"Chosen and Byrds","floor":24.0,"turns":7.0},{"damage":24.0,"enemies":"Shelled Parasite and Fungi","floor":28.0,"turns":7.0},{"damage":30.0,"enemies":"Snake Plant","floor":29.0,"turns":5.0},{"damage":18.0,"enemies":"Cultist and Chosen","floor":31.0,"turns":6.0},{"damage":49.0,"enemies":"Collector","floor":33.0,"turns":9.0},{"damage":30.0,"enemies":"3 Darklings","floor":35.0,"turns":5.0},{"damage":7,"enemies":"Orb Walker","floor":36,"turns":6},{"damage":50,"enemies":"Maw","floor":38,"turns":11},{"damage":10,"enemies":"Sphere and 2 Shapes","floor":39,"turns":4},{"damage":48,"enemies":"Giant Head","floor":40,"turns":5}],"seed_played":"1802180664585892165","potions_obtained":[{"floor":2.0,"key":"Fire Potion"},{"floor":2.0,"key":"LiquidBronze"},{"floor":4.0,"key":"Strength Potion"},{"floor":6.0,"key":"Dexterity Potion"},{"floor":10.0,"key":"SteroidPotion"},{"floor":12.0,"key":"AttackPotion"},{"floor":13.0,"key":"LiquidMemories"},{"floor":21.0,"key":"Ancient Potion"},{"floor":24.0,"key":"AttackPotion"},{"floor":31.0,"key":"SkillPotion"},{"floor":35,"key":"ColorlessPotion"},{"floor":39,"key":"FearPotion"}],"is_trial":false,"path_per_floor":["M","?","$","M","?","E","R","M","T","E","M","M","M","M","R","B",null,"M","$","M","M","?","R","M","$","T","R","M","M","R","M","R","B",null,"M","M","?","M","M","E"],"character_chosen":"IRONCLAD","items_purchased":["Flash of Steel","War Paint","Lee\u0027s Waffle","Whirlwind"],"campfire_rested":2,"item_purchase_floors":[3,19,19,25],"current_hp_per_floor":[74,74,74,75,75,75,75,75,75,66,69,64,29,38,38,20,68,57,91,88,55,55,55,55,55,55,55,37,13,55,46,89,49,85,61,63,63,19,15,0,0],"gold":419,"neow_bonus":"THREE_ENEMY_KILL","is_daily":false,"chose_seed":false,"campfire_upgraded":4,"win_rate":0.0,"timestamp":1613881152,"path_taken":["M","?","?","M","?","E","R","M","T","E","?","M","?","M","R","BOSS","M","?","M","M","?","R","M","?","T","R","M","M","R","M","R","BOSS","M","M","?","?","M","E"],"items_purchased_type":["Card","Relic","Relic","Card"],"build_version":"2020-12-22","purchased_purges":1,"victory":false,"max_hp_per_floor":[75,75,75,75,75,75,75,75,75,75,75,78,81,84,84,84,84,84,91,91,91,91,91,91,91,91,91,91,91,91,94,94,97,97,97,100,100,100,100,100,100],"card_choices":[{"not_picked":["Iron Wave","Burning Pact"],"picked":"True Grit","floor":1.0},{"not_picked":["Inflame","Body Slam"],"picked":"Burning Pact","floor":4.0},{"not_picked":["Headbutt","Reaper"],"picked":"Flame Barrier","floor":6.0},{"not_picked":["Heavy Blade","Body Slam","Twin Strike"],"picked":"SKIP","floor":8.0},{"not_picked":["Bloodletting","Combust"],"picked":"Disarm","floor":10.0},{"not_picked":["Blood for Blood","Havoc"],"picked":"Feed","floor":11.0},{"not_picked":["Sword Boomerang","Pommel Strike","Wild Strike"],"picked":"SKIP","floor":12.0},{"not_picked":["Battle Trance","Pommel Strike"],"picked":"Evolve","floor":13.0},{"not_picked":["Perfected Strike","Combust","Double Tap"],"picked":"SKIP","floor":14.0},{"not_picked":["Reaper","Corruption"],"picked":"Exhume","floor":16.0},{"not_picked":["Body Slam","Perfected Strike+1","True Grit"],"picked":"SKIP","floor":18.0},{"not_picked":["Bloodletting","Power Through"],"picked":"Ghostly Armor+1","floor":20.0},{"not_picked":["Pommel Strike","Body Slam","Twin Strike"],"picked":"SKIP","floor":21.0},{"not_picked":["Pommel Strike+1","Sword Boomerang+1"],"picked":"Dark Embrace","floor":24.0},{"not_picked":["Thunderclap","Sentinel","Armaments"],"picked":"SKIP","floor":28.0},{"not_picked":["Warcry","Body Slam","Wild Strike"],"picked":"SKIP","floor":29.0},{"not_picked":["Berserk","Pummel","Infernal Blade"],"picked":"SKIP","floor":31.0},{"not_picked":["Reaper","Double Tap"],"picked":"Limit Break","floor":33.0},{"not_picked":["Flex","Sentinel","Perfected Strike+1"],"picked":"SKIP","floor":35},{"not_picked":["Dual Wield","Combust+1","Flex"],"picked":"SKIP","floor":36},{"not_picked":["Clothesline","Havoc"],"picked":"Twin Strike+1","floor":38},{"not_picked":["Warcry+1","Flex","Headbutt"],"picked":"SKIP","floor":39}],"player_experience":1046727,"relics_obtained":[{"floor":6.0,"key":"Bag of Preparation"},{"floor":9.0,"key":"PreservedInsect"},{"floor":10.0,"key":"StoneCalendar"},{"floor":26.0,"key":"Regal Pillow"}],"event_choices":[{"damage_healed":0.0,"max_hp_gain":0.0,"max_hp_loss":0.0,"gold_gain":0.0,"event_name":"Lab","player_choice":"Got Potions","floor":2.0,"gold_loss":0.0,"damage_taken":0.0},{"damage_healed":0.0,"max_hp_gain":0.0,"max_hp_loss":0.0,"gold_gain":0.0,"event_name":"FaceTrader","player_choice":"Trade","floor":5.0,"gold_loss":0.0,"damage_taken":0.0,"relics_obtained":["SsserpentHead"]},{"damage_healed":0.0,"max_hp_gain":0.0,"max_hp_loss":0.0,"gold_gain":0.0,"cards_transformed":["Strike_R","Strike_R"],"event_name":"Drug Dealer","player_choice":"Became Test Subject","floor":22.0,"gold_loss":0.0,"damage_taken":0.0,"cards_obtained":["Spot Weakness","Offering"]},{"damage_healed":0,"gold_gain":0,"player_choice":"0 cards matched","damage_taken":0,"max_hp_gain":0,"max_hp_loss":0,"event_name":"Match and Keep!","floor":37,"gold_loss":0,"cards_obtained":[]}],"is_beta":false,"boss_relics":[{"not_picked":["Snecko Eye","Fusion Hammer"],"picked":"Mark of Pain"},{"not_picked":["Astrolabe","Runic Dome"],"picked":"Cursed Key"}],"items_purged_floors":[19],"is_endless":false,"potions_floor_spawned":[4,6,10,12,13,21,24,31,35,39],"killed_by":"Giant Head","ascension_level":18}}