{"host":"uv5ws9rdk87e8i5k","time":1613939980,"event":{"mods":["AchievementEnabler","BaseMod","Colored Map","Minty Spire (QoL Compilation)","Permanent Neow","Quick Restart","StSLib","SuperFastMode","The Necromancer","The Saiyan"],"gold_per_floor":[116,133,148,163,6,35,110,145,170,184,203,232,232,264,264,359,409,423,435,159,173,173,208,208,226,308,308,335,365,365,381,381,482,482,496,496,161,261,272,302,302,337,376,403,415,445,486,297,297,297,297,297,66,95,95],"floor_reached":56,"language":"ENG","playtime":1703,"items_purged":["Strike_B","Writhe","Strike_B"],"score":1808,"play_id":"825ca3be-2b41-4e41-bbb7-edcd15a7645f","local_time":"20210221143940","is_ascension_mode":true,"campfire_choices":[{"floor":13.0,"key":"REST"},{"data":"Defragment","floor":15.0,"key":"SMITH"},{"floor":24.0,"key":"REST"},{"data":"Defragment","floor":27.0,"key":"SMITH"},{"data":"White Noise","floor":32.0,"key":"SMITH"},{"data":"Storm","floor":41.0,"key":"SMITH"},{"floor":49.0,"key":"RECALL"},{"data":"Creative AI","floor":52.0,"key":"SMITH"}],"circlet_count":0,"master_deck":["Strike_B","Strike_B","Defend_B","Defend_B","Defend_B","Defend_B+1","Zap","Dualcast","CurseOfTheBell","Genetic Algorithm","Auto Shields","Ball Lightning","Capacitor","White Noise+1","Defragment+1","Turbo","Sweeping Beam","Coolheaded","White Noise","Self Repair","Electrodynamics","Force Field","Defragment+1","Coolheaded","White Noise+1","Heatsinks","Steam Power+1","Coolheaded","Creative AI+1","Chaos+1","Hello World+1","Storm+1","FTL+1","Heatsinks","Consume","Glacier","Capacitor","Heatsinks"],"relics":["Calling Bell","Bag of Preparation","Eternal Feather","FossilizedHelix","Kunai","MealTicket","Blood Vial","Boot","Bottled Tornado","Tiny House","CaptainsWheel","Pantograph","Red Mask","Symbiotic Virus","Ancient Tea Set","Sozu","Orrery","Sundial","MawBank","Molten Egg 2","Art of War","Calipers"],"acts_visited":["Exordium","TheCity","TheBeyond","TheEnding"],"potions_floor_usage":[55],"damage_taken":[{"damage":0.0,"enemies":"Jaw Worm","floor":1.0,"turns":3.0},{"damage":0.0,"enemies":"2 Louse","floor":2.0,"turns":2.0},{"damage":0.0,"enemies":"Small Slimes","floor":3.0,"turns":4.0},{"damage":6.0,"enemies":"2 Fungi Beasts","floor":4.0,"turns":4.0},{"damage":27.0,"enemies":"Gremlin Nob","floor":6.0,"turns":5.0},{"damage":10.0,"enemies":"3 Sentries","floor":8.0,"turns":5.0},{"damage":0.0,"enemies":"Looter","floor":10.0,"turns":3.0},{"damage":0.0,"enemies":"Exordium Thugs","floor":11.0,"turns":4.0},{"damage":18.0,"enemies":"Gremlin Nob","floor":12.0,"turns":5.0},{"damage":0.0,"enemies":"Lagavulin","floor":14.0,"turns":7.0},{"damage":15.0,"enemies":"The Guardian","floor":16.0,"turns":11.0},{"damage":8.0,"enemies":"Chosen","floor":18.0,"turns":6.0},{"damage":4.0,"enemies":"3 Byrds","floor":19.0,"turns":4.0},{"damage":22.0,"enemies":"Snake Plant","floor":21.0,"turns":4.0},{"damage":56.0,"enemies":"Slavers","floor":23.0,"turns":4.0},{"damage":15.0,"enemies":"Shelled Parasite and Fungi","floor":25.0,"turns":7.0},{"damage":6.0,"enemies":"Masked Bandits","floor":28.0,"turns":3.0},{"damage":27.0,"enemies":"Gremlin Leader","floor":29.0,"turns":7.0},{"damage":0.0,"enemies":"Centurion and Healer","floor":31.0,"turns":6.0},{"damage":0.0,"enemies":"Collector","floor":33.0,"turns":9.0},{"damage":9.0,"enemies":"3 Shapes","floor":35.0,"turns":4.0},{"damage":0.0,"enemies":"Orb Walker","floor":39.0,"turns":2.0},{"damage":6.0,"enemies":"Giant Head","floor":40.0,"turns":7.0},{"damage":0.0,"enemies":"Nemesis","floor":42.0,"turns":5.0},{"damage":0.0,"enemies":"Spire Growth","floor":44.0,"turns":3.0},{"damage":0.0,"enemies":"Maw","floor":46.0,"turns":5.0},{"damage":14.0,"enemies":"Reptomancer","floor":47.0,"turns":5.0},{"damage":58.0,"enemies":"Time Eater","floor":50.0,"turns":5.0},{"damage":70.0,"enemies":"Shield and Spear","floor":54.0,"turns":4.0},{"damage":42,"enemies":"The Heart","floor":55,"turns":10}],"seed_played":"-7375539195220645683","potions_obtained":[{"floor":3.0,"key":"Dexterity Potion"},{"floor":8.0,"key":"FearPotion"},{"floor":11.0,"key":"FearPotion"},{"floor":12.0,"key":"FearPotion"},{"floor":16.0,"key":"SkillPotion"},{"floor":17.0,"key":"Explosive Potion"},{"floor":18.0,"key":"SkillPotion"},{"floor":28.0,"key":"DuplicationPotion"},{"floor":31.0,"key":"LiquidMemories"}],"is_trial":false,"path_per_floor":["M","M","M","M","$","E","?","E","T","M","M","E","R","E","R","B",null,"M","M","$","M","?","E","R","M","T","R","?","E","?","M","R","B",null,"M","?","$","?","M","E","R","E","T","M","?","M","E","$","R","B",null,"R","$","E","B",null],"character_chosen":"DEFECT","items_purchased":["White Noise","Defragment","White Noise","Heatsinks","FocusPotion","Orrery","Storm","Capacitor","Heatsinks","Art of War"],"campfire_rested":2,"item_purchase_floors":[5,5,20,20,20,37,37,48,53,53],"current_hp_per_floor":[68,68,68,62,62,35,24,14,14,16,18,2,36,38,50,44,72,73,78,80,65,65,11,50,44,44,59,62,44,44,53,71,80,80,78,78,80,80,80,80,80,80,80,80,80,80,73,80,80,29,67,80,80,17,2],"gold":95,"neow_bonus":"BOSS_RELIC","is_daily":false,"chose_seed":false,"campfire_upgraded":5,"win_rate":0.0,"timestamp":1613939980,"path_taken":["M","M","M","M","$","E","?","E","T","M","M","E","R","E","R","BOSS","M","M","$","M","?","E","R","M","T","R","?","E","?","M","R","BOSS","M","?","?","?","M","E","R","E","T","?","?","M","E","?","R","BOSS","R","$","E","BOSS"],"items_purchased_type":["Card","Card","Card","Card","Potion","Relic","Card","Card","Card","Relic"],"build_version":"2020-12-22","purchased_purges":3,"victory":true,"max_hp_per_floor":[75,75,75,75,75,75,75,75,75,75,75,75,75,75,75,75,80,80,80,80,80,80,80,80,80,80,80,80,80,80,80,80,80,80,80,80,80,80,80,80,80,80,80,80,80,80,80,80,80,80,80,80,80,80,80],"card_choices":[{"not_picked":["Beam Cell","Barrage"],"picked":"Genetic Algorithm","floor":1.0},{"not_picked":["Rebound","Tempest"],"picked":"Auto Shields","floor":2.0},{"not_picked":["Chill","Cold Snap"],"picked":"Ball Lightning","floor":3.0},{"not_picked":["Chill","Sweeping Beam"],"picked":"Capacitor","floor":4.0},{"not_picked":["Conserve Battery","Redo"],"picked":"Turbo","floor":6.0},{"not_picked":["Barrage","Streamline"],"picked":"Sweeping Beam","floor":8.0},{"not_picked":["Blizzard","All For One","Go for the Eyes"],"picked":"SKIP","floor":10.0},{"not_picked":["Gash","Sweeping Beam"],"picked":"Coolheaded","floor":11.0},{"not_picked":["Aggregate","Compile Driver"],"picked":"White Noise","floor":12.0},{"not_picked":["Cold Snap","Leap"],"picked":"Self Repair","floor":14.0},{"not_picked":["Fission","Machine Learning"],"picked":"Electrodynamics","floor":16.0},{"not_picked":["Go for the Eyes","Barrage"],"picked":"Force Field","floor":17.0},{"not_picked":["Heatsinks+1","FTL"],"picked":"Defragment","floor":18.0},{"not_picked":["Recycle","Fusion"],"picked":"Coolheaded","floor":19.0},{"not_picked":["Streamline","Stack","Redo"],"picked":"SKIP","floor":21.0},{"not_picked":["Streamline","Leap","Redo"],"picked":"SKIP","floor":23.0},{"not_picked":["Barrage","Sweeping Beam+1"],"picked":"Steam Power+1","floor":25.0},{"not_picked":["Rebound+1","Sweeping Beam"],"picked":"Coolheaded","floor":29.0},{"not_picked":["Darkness","Rebound","Streamline"],"picked":"SKIP","floor":31.0},{"not_picked":["Seek","Multi-Cast"],"picked":"Creative AI","floor":33.0},{"not_picked":["Stack","Hologram","Go for the Eyes"],"picked":"SKIP","floor":35.0},{"not_picked":["Force Field","Sunder"],"picked":"Chaos+1","floor":37.0},{"not_picked":["Streamline","Darkness"],"picked":"Hello World+1","floor":37.0},{"not_picked":["Compile Driver","Redo"],"picked":"FTL+1","floor":39.0},{"not_picked":["Hello World+1","Redo+1"],"picked":"Heatsinks","floor":40.0},{"not_picked":["Chaos+1","Fusion+1","Core Surge"],"picked":"SKIP","floor":42.0},{"not_picked":["Compile Driver","Hologram+1","Lockon+1"],"picked":"SKIP","floor":44.0},{"not_picked":["Loop","Coolheaded+1"],"picked":"Consume","floor":46.0},{"not_picked":["Static Discharge+1","Sunder+1"],"picked":"Glacier","floor":47.0},{"not_picked":["Steam+1","Chill+1","Beam Cell+1"],"picked":"SKIP","floor":54.0}],"player_experience":235445,"relics_obtained":[{"floor":0.0,"key":"Bag of Preparation"},{"floor":0.0,"key":"Eternal Feather"},{"floor":0.0,"key":"FossilizedHelix"},{"floor":6.0,"key":"Kunai"},{"floor":8.0,"key":"MealTicket"},{"floor":9.0,"key":"Blood Vial"},{"floor":12.0,"key":"Boot"},{"floor":14.0,"key":"Bottled Tornado"},{"floor":23.0,"key":"CaptainsWheel"},{"floor":26.0,"key":"Pantograph"},{"floor":28.0,"key":"Red Mask"},{"floor":29.0,"key":"Symbiotic Virus"},{"floor":40.0,"key":"Sundial"},{"floor":42.0,"key":"MawBank"},{"floor":47.0,"key":"Molten Egg 2"},{"floor":54.0,"key":"Calipers"}],"event_choices":[{"damage_healed":0.0,"max_hp_gain":0.0,"max_hp_loss":0.0,"gold_gain":75.0,"event_name":"World of Goop","player_choice":"Gather Gold","floor":7.0,"gold_loss":0.0,"damage_taken":11.0},{"damage_healed":0.0,"max_hp_gain":0.0,"max_hp_loss":0.0,"gold_gain":0.0,"event_name":"Vampires","player_choice":"Ignored","floor":22.0,"gold_loss":0.0,"damage_taken":0.0},{"damage_healed":0.0,"max_hp_gain":0.0,"max_hp_loss":0.0,"gold_gain":0.0,"event_name":"Masked Bandits","player_choice":"Fought Bandits","floor":28.0,"gold_loss":0.0,"damage_taken":0.0},{"damage_healed":0.0,"max_hp_gain":0.0,"max_hp_loss":0.0,"gold_gain":0.0,"event_name":"The Mausoleum","player_choice":"Opened","floor":30.0,"gold_loss":0.0,"damage_taken":0.0,"relics_obtained":["Ancient Tea Set"],"cards_obtained":["Writhe"]},{"damage_healed":0.0,"max_hp_gain":0.0,"max_hp_loss":0.0,"gold_gain":0.0,"event_name":"Accursed Blacksmith","player_choice":"Forge","floor":36.0,"gold_loss":0.0,"damage_taken":0.0,"cards_upgraded":["White Noise"]},{"damage_healed":0.0,"max_hp_gain":0.0,"max_hp_loss":0.0,"gold_gain":100.0,"event_name":"Golden Shrine","player_choice":"Pray","floor":38.0,"gold_loss":0.0,"damage_taken":0.0},{"damage_healed":0.0,"max_hp_gain":0.0,"max_hp_loss":0.0,"gold_gain":0.0,"event_name":"Tomb of Lord Red Mask","player_choice":"Ignored","floor":45.0,"gold_loss":0.0,"damage_taken":0.0}],"is_beta":false,"boss_relics":[{"not_picked":["Busted Crown","Pandora\u0027s Box"],"picked":"Tiny House"},{"not_picked":["Fusion Hammer","Runic Pyramid"],"picked":"Sozu"}],"items_purged_floors":[20,37,48],"is_endless":false,"potions_floor_spawned":[3,8,11,12,16,18,28,31,39,42],"ascension_level":7}}