{"host":"Sean","time":1613930254,"event":{"mods":["BaseMod","Block Reminder","Colored Map","Colored Powertips","Highlight Path","Minty Spire (QoL Compilation)","Permanent Neow","Relic Stats"],"gold_per_floor":[115,115,128,128,146,146,164,191,191,218,237,7,37,51,51,51,51],"floor_reached":16,"language":"ENG","playtime":583,"items_purged":["Strike_R"],"score":195,"play_id":"6e7c2900-bb8d-4fc1-9170-6778fc28ebbb","local_time":"20210221175734","is_ascension_mode":true,"campfire_choices":[{"data":"Carnage","floor":6.0,"key":"SMITH"},{"data":"Immolate","floor":15.0,"key":"SMITH"}],"circlet_count":0,"master_deck":["AscendersBane","Strike_R","Strike_R","Strike_R","Strike_R","Defend_R","Defend_R","Defend_R+1","Defend_R+1","Bash","Carnage+1","Iron Wave","Feel No Pain","Bash","Evolve","Demon Form","Immolate+1","Armaments+1","Limit Break+1","Second Wind+1"],"relics":["Burning Blood","Ice Cream","Shuriken","Toxic Egg 2","Question Card","War Paint","Medical Kit","Smiling Mask"],"acts_visited":["Exordium"],"potions_floor_usage":[16],"damage_taken":[{"damage":11.0,"enemies":"Jaw Worm","floor":1.0,"turns":5.0},{"damage":4.0,"enemies":"Small Slimes","floor":3.0,"turns":3.0},{"damage":0.0,"enemies":"Cultist","floor":5.0,"turns":2.0},{"damage":10.0,"enemies":"2 Fungi Beasts","floor":7.0,"turns":3.0},{"damage":18.0,"enemies":"Gremlin Nob","floor":8.0,"turns":4.0},{"damage":22.0,"enemies":"3 Sentries","floor":10.0,"turns":6.0},{"damage":6.0,"enemies":"Looter","floor":11.0,"turns":4.0},{"damage":6.0,"enemies":"Gremlin Nob","floor":13.0,"turns":4.0},{"damage":19.0,"enemies":"Exordium Wildlife","floor":14.0,"turns":3.0},{"damage":38,"enemies":"Slime Boss","floor":16,"turns":3}],"seed_played":"-2722948062471876616","potions_obtained":[{"floor":5.0,"key":"BloodPotion"},{"floor":8.0,"key":"SteroidPotion"},{"floor":10.0,"key":"Fruit Juice"},{"floor":11.0,"key":"Block Potion"},{"floor":14.0,"key":"Swift Potion"}],"is_trial":false,"path_per_floor":["M","?","M","?","M","R","M","E","T","E","M","$","E","M","R","B"],"character_chosen":"IRONCLAD","items_purchased":["Medical Kit"],"campfire_rested":0,"item_purchase_floors":[12],"current_hp_per_floor":[46,43,45,45,51,51,47,35,35,35,40,40,40,27,27,0,0],"gold":51,"neow_bonus":"ONE_RARE_RELIC","is_daily":false,"chose_seed":false,"campfire_upgraded":2,"win_rate":0.0,"timestamp":1613930254,"path_taken":["M","?","M","?","M","R","M","E","T","E","?","$","E","M","R","BOSS"],"items_purchased_type":["Relic"],"build_version":"2020-12-18","purchased_purges":1,"victory":false,"max_hp_per_floor":[80,80,80,80,80,80,80,80,80,80,85,85,85,85,85,85,85],"relic_stats":{"counters":[10,37],"Shuriken":[1],"War Paint":["Defend_R","Defend_R"],"Question Card":4,"Medical Kit":[0],"Smiling Mask":0,"obtain_stats":[{"Ice Cream":0,"Shuriken":2,"Toxic Egg 2":8,"War Paint":10,"Question Card":9,"Medical Kit":12,"Smiling Mask":13,"Burning Blood":0},{"Ice Cream":0,"Shuriken":1,"Toxic Egg 2":5,"War Paint":6,"Question Card":5,"Medical Kit":7,"Smiling Mask":8,"Burning Blood":0},{"Ice Cream":0,"Shuriken":5,"Toxic Egg 2":17,"War Paint":23,"Question Card":17,"Medical Kit":27,"Smiling Mask":31,"Burning Blood":0}],"Burning Blood":54},"card_choices":[{"not_picked":["Flex","Clothesline"],"picked":"Carnage","floor":1.0},{"not_picked":["Heavy Blade","Sword Boomerang"],"picked":"Iron Wave","floor":3.0},{"not_picked":["Anger","Headbutt"],"picked":"Evolve","floor":5.0},{"not_picked":["Sentinel","Iron Wave"],"picked":"Demon Form","floor":7.0},{"not_picked":["Entrench+1","Cleave"],"picked":"Immolate","floor":8.0},{"not_picked":["Clothesline","Body Slam","Havoc+1"],"picked":"Armaments+1","floor":10.0},{"not_picked":["Fire Breathing","Flex+1","Thunderclap"],"picked":"Limit Break+1","floor":11.0},{"not_picked":["Cleave","Whirlwind","Clash","Perfected Strike"],"picked":"SKIP","floor":13.0},{"not_picked":["Clash","Anger","Rampage"],"picked":"Second Wind+1","floor":14.0}],"player_experience":583369,"relics_obtained":[{"floor":8.0,"key":"Toxic Egg 2"},{"floor":9.0,"key":"Question Card"},{"floor":10.0,"key":"War Paint"},{"floor":13.0,"key":"Smiling Mask"}],"event_choices":[{"damage_healed":0.0,"max_hp_gain":0.0,"max_hp_loss":0.0,"gold_gain":0.0,"event_name":"Scrap Ooze","player_choice":"Success","floor":2.0,"gold_loss":0.0,"damage_taken":3.0,"relics_obtained":["Shuriken"]},{"damage_healed":0.0,"max_hp_gain":0.0,"max_hp_loss":0.0,"gold_gain":0.0,"event_name":"Match and Keep!","player_choice":"2 cards matched","floor":4.0,"gold_loss":0.0,"damage_taken":0.0,"cards_obtained":["Feel No Pain","Bash"]}],"is_beta":true,"boss_relics":[],"items_purged_floors":[12],"is_endless":false,"potions_floor_spawned":[5,8,10,11,14],"killed_by":"Slime Boss","ascension_level":12}}