{"host":"ev0u5pyx0moiq7pp","time":1613889220,"event":{"mods":["Act Like it!","BaseMod","CapriCore","Challenge The Spire","Colored Map","Colored Powertips","Custom Start","DeckTracker","Elementarium","Energized Spire","Hubris","Koishi","Luminous","Minty Spire (QoL Compilation)","Quick Restart","Random Character Button","Ruina","Shop Mod","StSLib","Synergy Search","The Bladedancer","The Bug Knight","The Hierophant","The Immortal","The Necromancer","The Runesmith"],"gold_per_floor":[112,86,97,97,97,129,149,182,182,201,231,231,249,264,264,368,368,382,382,401,420,132,159,159,159,159],"floor_reached":25,"language":"DEU","playtime":3548,"items_purged":[],"score":293,"play_id":"82e5e0b5-bb28-4f36-ae80-58a03b5761aa","local_time":"20210221073340","daily_mods":["SealedDeck","Heirloom","DeadlyEvents","Elite Swarm","Lethality","Uncertain Future"],"is_ascension_mode":false,"campfire_choices":[{"data":"1","floor":12,"key":"LIFT"},{"data":"2","floor":15,"key":"LIFT"},{"data":"3","floor":24,"key":"LIFT"}],"circlet_count":0,"master_deck":["Luminous:Dark_Raid","Luminous:Dusk_Guard_Luminous","Luminous:Dark_Apocalypse+1","Luminous:Concentrate_Luminous","Luminous:Concentrate_Luminous","Luminous:Concentrate_Luminous+1","Luminous:Dark_Moonlight_Spear","Luminous:Dark_Pressure_Void","Luminous:Dark_Moonlight_Spear","Luminous:Dark_Pressure_Void","Luminous:Switch_Luminous+1","Luminous:Switch_Luminous","Luminous:Dark_Dim_Erosion","Luminous:Balance_Aether_Conduit","Luminous:Concentrate_Luminous","Luminous:Arcane_Rage_Luminous","Luminous:Light_Wash_Luminous","Luminous:Magic_Guard_Luminous","Luminous:Flash_Blink_Luminous","Luminous:Lania_Blessing_Luminous","Luminous:Darks_Surge_Luminous+1","Pain","Luminous:Photic_Meditation_Luminous","Luminous:Ethereal_Form_Luminous","Luminous:Concentrate_Luminous","Luminous:Blinding_Pillar_Luminous","Luminous:Equalize_Luminous"],"relics":["Luminous:MirrorRelic","Thread and Needle","hubris:Towel","Ice Cream","Girya","White Beast Statue","Vajra","energizedSpire:MagnifyingGlass","Elementarium:GolemsHeart","Membership Card","War Paint"],"acts_visited":["Exordium","Exordium"],"potions_floor_usage":[11,11,11,11,11,16,16,16,21,21],"damage_taken":[{"damage":0,"enemies":"Cultist","floor":1,"turns":2},{"damage":0,"enemies":"2 Louse","floor":3,"turns":1},{"damage":8,"enemies":"3 Sentries","floor":6,"turns":6},{"damage":2,"enemies":"Small Slimes","floor":7,"turns":2},{"damage":8,"enemies":"Lagavulin","floor":8,"turns":7},{"damage":0,"enemies":"Exordium Thugs","floor":10,"turns":2},{"damage":0,"enemies":"3 Sentries","floor":11,"turns":2},{"damage":0,"enemies":"Blue Slaver","floor":13,"turns":2},{"damage":0,"enemies":"Exordium Wildlife","floor":14,"turns":2},{"damage":16,"enemies":"The Guardian","floor":16,"turns":5},{"damage":16,"enemies":"Elementarium:MUD_AND_TAR_GOLEMS","floor":18,"turns":3},{"damage":4,"enemies":"Elementarium:Cyclone","floor":20,"turns":3},{"damage":4,"enemies":"Elementarium:RubyGolem","floor":21,"turns":4},{"damage":31,"enemies":"Elementarium:WarGolem","floor":23,"turns":4},{"damage":50,"enemies":"Elementarium:ElementalPortal","floor":25,"turns":4}],"seed_played":"-8732320331802392726","potions_obtained":[{"floor":1,"key":"EntropicBrew"},{"floor":6,"key":"SkillPotion"},{"floor":7,"key":"SpeedPotion"},{"floor":10,"key":"CultistPotion"},{"floor":11,"key":"Fruit Juice"},{"floor":13,"key":"Ancient Potion"},{"floor":14,"key":"EssenceOfSteel"},{"floor":16,"key":"Explosive Potion"},{"floor":18,"key":"Weak Potion"},{"floor":20,"key":"Swift Potion"},{"floor":21,"key":"AttackPotion"},{"floor":23,"key":"SkillPotion"}],"is_trial":true,"path_per_floor":["M","$","M","?","?","E","M","E","T","M","E","R","M","M","R","B",null,"M","?","M","M","$","E","R","E"],"character_chosen":"LuminousClass","items_purchased":["Luminous:Switch_Luminous","Membership Card","Luminous:Ethereal_Form_Luminous","Luminous:Concentrate_Luminous","Luminous:Blinding_Pillar_Luminous"],"campfire_rested":0,"item_purchase_floors":[2,22,22,22,22],"current_hp_per_floor":[75,75,75,75,75,67,65,57,57,57,57,57,57,57,57,46,80,64,64,60,56,56,31,31,0,0],"gold":159,"neow_bonus":"","is_daily":false,"chose_seed":false,"campfire_upgraded":0,"win_rate":0.0,"timestamp":1613889220,"path_taken":["M","$","M","?","?","E","M","E","T","?","E","R","M","M","R","BOSS","M","?","M","M","$","E","R","E"],"items_purchased_type":["Card","Relic","Card","Card","Card"],"build_version":"2020-12-22","purchased_purges":0,"victory":false,"max_hp_per_floor":[75,75,75,75,75,75,75,75,75,75,75,75,75,75,75,80,80,80,80,80,80,80,80,80,80,80],"card_choices":[{"not_picked":["Luminous:Balance_Ender","Luminous:Fast_Spell_Luminous"],"picked":"Luminous:Switch_Luminous","floor":1},{"not_picked":["Luminous:Light_Gather","Luminous:Mana_Barrier_Luminous"],"picked":"Luminous:Dark_Dim_Erosion","floor":3},{"not_picked":["Luminous:Mirror_Force_Luminous","Luminous:Armageddon_Luminous"],"picked":"Luminous:Balance_Aether_Conduit","floor":6},{"not_picked":["Luminous:Light_Disperse","Luminous:Hero_Will_Luminous"],"picked":"Luminous:Concentrate_Luminous","floor":7},{"not_picked":["Luminous:Freud_Wisdom1_Luminous","Luminous:Dark_Void_Devour"],"picked":"Luminous:Arcane_Rage_Luminous","floor":8},{"not_picked":["Luminous:Dark_Pressure_Void","Luminous:Dark_Crescendo_Luminous"],"picked":"Luminous:Light_Wash_Luminous","floor":10},{"not_picked":["Luminous:Mirror_Force_Luminous","Luminous:Equalize_Luminous","Luminous:Balance_Liberation_Orb"],"picked":"SKIP","floor":11},{"not_picked":["Luminous:Shadow_Shell_Luminous","Luminous:Dark_Pressure_Void"],"picked":"Luminous:Magic_Guard_Luminous","floor":13},{"not_picked":["Luminous:Light_Glare","Luminous:Switch_Luminous"],"picked":"Luminous:Flash_Blink_Luminous","floor":14},{"not_picked":["Luminous:Ethereal_Form_Luminous","Luminous:Dark_Void_Devour"],"picked":"Luminous:Lania_Blessing_Luminous","floor":16},{"not_picked":["Luminous:Light_Glare","Luminous:Switch_Luminous"],"picked":"Luminous:Darks_Surge_Luminous+1","floor":18},{"not_picked":["Luminous:Blinding_Pillar_Luminous","Luminous:Concentrate_Luminous","Luminous:Sympathy_Luminous"],"picked":"SKIP","floor":20},{"not_picked":["Luminous:Accumulation_Luminous","Luminous:Blinding_Pillar_Luminous"],"picked":"Luminous:Photic_Meditation_Luminous","floor":21},{"not_picked":["Luminous:Dark_Crescendo_Luminous","Luminous:Lania_Blessing_Luminous"],"picked":"Luminous:Equalize_Luminous","floor":23}],"player_experience":572545,"relics_obtained":[{"floor":6,"key":"Ice Cream"},{"floor":8,"key":"Girya"},{"floor":9,"key":"White Beast Statue"},{"floor":11,"key":"Vajra"},{"floor":23,"key":"War Paint"}],"event_choices":[{"damage_healed":0,"gold_gain":0,"player_choice":"Chest","damage_taken":0,"relics_obtained":["Elementarium:GolemsHeart"],"max_hp_gain":0,"max_hp_loss":0,"event_name":"Elementarium:AbandonedFactory","floor":19,"gold_loss":0,"cards_obtained":["Pain"]}],"is_beta":false,"boss_relics":[{"not_picked":["Busted Crown","hubris:VirtuousBlindfold"],"picked":"energizedSpire:MagnifyingGlass"}],"items_purged_floors":[],"is_endless":false,"potions_floor_spawned":[1,6,7,10,11,13,14,16,18,20,21,23],"killed_by":"Elementarium:ElementalPortal","ascension_level":0}}