{"host":"dxw0slwvk2p0izr3","time":1613886408,"event":{"mods":["BaseMod","Downfall","Minty Spire (QoL Compilation)","Replay The Spire","Shop Mod","StSLib"],"gold_per_floor":[0,0,0,10,25,63,63,80,105,214,227,227,246,280,299,404,404,304,324,342,342,368,268,268,302,9,9,9,25,44,77,90,188,188,188,208,150,150,220,220,220,250,14,47,47,59,59,109,126,126],"floor_reached":51,"language":"ZHS","playtime":3221,"items_purged":["bronze:Strike","bronze:Defend","bronze:Overheat"],"score":1102,"play_id":"929f60a7-d029-451d-86b4-09ed7aac3e9f","local_time":"20210221134648","is_ascension_mode":true,"campfire_choices":[{"data":"bronze:Replicate","floor":1.0,"key":"SMITH"},{"data":"bronze:FindAndReplace","floor":12.0,"key":"SMITH"},{"floor":18.0,"key":"RECALL"},{"data":"bronze:CleanCode","floor":23.0,"key":"SMITH"},{"data":"bronze:Invalidate","floor":27.0,"key":"SMITH"},{"data":"bronze:NullPointer","floor":35.0,"key":"SMITH"},{"data":"bronze:Repulsor","floor":40,"key":"SMITH"},{"data":"bronze:Goto","floor":47,"key":"SMITH"}],"circlet_count":0,"master_deck":["bronze:Replicate+1","bronze:Goto+1","bronze:Separator+1","bronze:FindAndReplace+1","bronze:CleanCode+1","bronze:FineTuning+1","bronze:Terminator","bronze:Repulsor+1","bronze:FunctionCard","bronze:NullPointer"],"relics":["bronze:BronzeCore","TungstenRod","Dead Branch","Shovel","downfall:HeartBlessingGreen","downfall:HeartBlessingRed","Replay:Bottled Snecko","MealTicket","MerchantsRug","bronze:Timepiece","Bottled Tornado","Coffee Dripper","Strange Spoon","Pet Ghost","Nunchaku","Bottled Lightning","Medical Kit","Vajra","CaptainsWheel"],"acts_visited":["Exordium","TheCity","TheBeyond"],"potions_floor_usage":[],"damage_taken":[{"damage":0.0,"enemies":"2 Louse","floor":4.0,"turns":2.0},{"damage":4.0,"enemies":"Small Slimes","floor":5.0,"turns":3.0},{"damage":1.0,"enemies":"Lagavulin","floor":6.0,"turns":7.0},{"damage":0.0,"enemies":"Cultist","floor":8.0,"turns":3.0},{"damage":5.0,"enemies":"3 Sentries","floor":9.0,"turns":7.0},{"damage":20.0,"enemies":"downfall:Heads","floor":10.0,"turns":5.0},{"damage":0.0,"enemies":"3 Louse","floor":11.0,"turns":2.0},{"damage":0.0,"enemies":"Large Slime","floor":13.0,"turns":4.0},{"damage":0.0,"enemies":"Gremlin Nob","floor":14.0,"turns":2.0},{"damage":0.0,"enemies":"Blue Slaver","floor":15.0,"turns":2.0},{"damage":12.0,"enemies":"SI_SHIV_ARCHETYPE","floor":16.0,"turns":5.0},{"damage":0.0,"enemies":"3 Byrds","floor":19.0,"turns":4.0},{"damage":10.0,"enemies":"Chosen","floor":20.0,"turns":4.0},{"damage":0.0,"enemies":"Chosen","floor":21.0,"turns":4.0},{"damage":0.0,"enemies":"3 Cultists","floor":22.0,"turns":3.0},{"damage":0.0,"enemies":"Gremlin Leader","floor":25.0,"turns":3.0},{"damage":5.0,"enemies":"downfall:FleeingMerchant","floor":26.0,"turns":4.0},{"damage":0.0,"enemies":"Snake Plant","floor":29.0,"turns":2.0},{"damage":0.0,"enemies":"Shelled Parasite and Fungi","floor":30.0,"turns":3.0},{"damage":2.0,"enemies":"Replay:Snechameleon","floor":31.0,"turns":4.0},{"damage":0.0,"enemies":"Chosen and Byrds","floor":32.0,"turns":3.0},{"damage":56.0,"enemies":"IC_MUSHROOM_ARCHETYPE","floor":33.0,"turns":7.0},{"damage":14.0,"enemies":"Orb Walker","floor":36.0,"turns":4.0},{"damage":0.0,"enemies":"downfall:FleeingMerchant","floor":37.0,"turns":2.0},{"damage":0,"enemies":"R_Hoarder","floor":42,"turns":4},{"damage":0,"enemies":"Giant Head","floor":44,"turns":4},{"damage":0,"enemies":"3 Darklings","floor":46,"turns":3},{"damage":0,"enemies":"3 Darklings","floor":48,"turns":3},{"damage":0,"enemies":"Maw","floor":49,"turns":3},{"damage":0,"enemies":"DF_ARCHETYPE_ORBS","floor":50,"turns":3}],"seed_played":"8616173063190317157","potions_obtained":[{"floor":6.0,"key":"EssenceOfSteel"},{"floor":10.0,"key":"bronze:CleanCodePotion"},{"floor":11.0,"key":"Block Potion"},{"floor":20.0,"key":"Fire Potion"},{"floor":29.0,"key":"Fire Potion"},{"floor":30.0,"key":"DuplicationPotion"},{"floor":32.0,"key":"Explosive Potion"},{"floor":36.0,"key":"SteroidPotion"},{"floor":39,"key":"EssenceOfSteel"},{"floor":39,"key":"LiquidMemories"},{"floor":42,"key":"FearPotion"},{"floor":48,"key":"Dexterity Potion"},{"floor":49,"key":"LiquidMemories"}],"is_trial":false,"path_per_floor":["R","?","?","M","M","E","T","M","E","?","M","R","M","E","M","B",null,"R","M","M","?","M","R","T","E","$","R","?","M","M","E","M","B",null,"R","M","$","?","?","R","T","E","$","E","$","M","R","?","M","B",null],"character_chosen":"THE_AUTOMATON","items_purchased":["MerchantsRug","bronze:Timepiece","Strange Spoon","Pet Ghost","Medical Kit"],"campfire_rested":0,"item_purchase_floors":[26,26,37,37,43],"current_hp_per_floor":[70,70,70,70,66,65,65,65,60,40,40,40,40,40,40,53,70,70,70,60,60,60,60,60,60,65,65,65,65,65,63,63,7,70,70,56,70,70,54,54,54,54,69,69,70,70,70,70,70,70],"gold":126,"neow_bonus":"ONE_RARE_RELIC","is_daily":false,"chose_seed":false,"campfire_upgraded":7,"win_rate":0.0,"timestamp":1613886408,"path_taken":["R","?","?","M","M","E","T","?","E","?","M","R","M","E","M","BOSS","R","M","M","?","M","R","T","E","$","R","?","M","M","E","M","BOSS","R","M","$","?","?","R","T","E","?","E","$","?","R","?","M","BOSS"],"items_purchased_type":["Relic","Relic","Relic","Relic","Relic"],"build_version":"2020-12-22","purchased_purges":3,"victory":true,"max_hp_per_floor":[70,70,70,70,70,70,70,70,70,70,70,70,70,70,70,70,70,70,70,70,70,70,70,70,70,70,70,70,70,70,70,70,70,70,70,70,70,70,70,70,70,70,70,70,70,70,70,70,70,70],"card_choices":[{"not_picked":["bronze:BuggyMess","bronze:WhirlingStrike"],"picked":"bronze:Separator","floor":4.0},{"not_picked":["bronze:Branch","bronze:BuggyMess"],"picked":"bronze:NullPointer","floor":5.0},{"not_picked":["bronze:BugBarrage","bronze:Format"],"picked":"bronze:NullPointer","floor":6.0},{"not_picked":["bronze:Iterate","bronze:Constructor","bronze:WildBeam"],"picked":"SKIP","floor":8.0},{"not_picked":["bronze:FineTuning","bronze:MaxOutput","bronze:ForLoop"],"picked":"SKIP","floor":9.0},{"not_picked":["bronze:Repair","bronze:Fortify","bronze:BugBarrage"],"picked":"SKIP","floor":11.0},{"not_picked":["bronze:Branch","bronze:DelayedSlice"],"picked":"bronze:Invalidate","floor":13.0},{"not_picked":["bronze:Branch","bronze:Flail","bronze:Iterate"],"picked":"SKIP","floor":14.0},{"not_picked":["bronze:DarkDash","bronze:BitShift"],"picked":"bronze:Overheat","floor":15.0},{"not_picked":["bronze:FindAndReplace","bronze:Library"],"picked":"bronze:CleanCode","floor":16.0},{"not_picked":["bronze:Branch","bronze:BugBarrage","bronze:OilSpill"],"picked":"SKIP","floor":19.0},{"not_picked":["bronze:BugBarrage","bronze:Shell","bronze:Repair"],"picked":"SKIP","floor":20.0},{"not_picked":["bronze:Deprecate","bronze:FollowUp+1"],"picked":"bronze:FineTuning+1","floor":22.0},{"not_picked":["bronze:Return","bronze:Frontload","bronze:BurnOut"],"picked":"SKIP","floor":25.0},{"not_picked":["bronze:WildBeam+1","bronze:DelayedSlice","bronze:Deprecate+1"],"picked":"SKIP","floor":26.0},{"not_picked":["bronze:BronzeOrb","bronze:Separator+1"],"picked":"bronze:Repulsor","floor":29.0},{"not_picked":["bronze:Turbo","bronze:Overload","bronze:Safeguard"],"picked":"SKIP","floor":30.0},{"not_picked":["bronze:OilSpill+1","bronze:Iterate+1","bronze:Frontload"],"picked":"SKIP","floor":31.0},{"not_picked":["bronze:ItsAFeature+1","bronze:Shell","bronze:CloningBeam"],"picked":"SKIP","floor":32.0},{"not_picked":["bronze:BurnOut","bronze:ShipIt"],"picked":"bronze:Hardcode","floor":33.0},{"not_picked":["bronze:GetLatest","bronze:Turbo","bronze:ForceShield+1"],"picked":"SKIP","floor":36.0},{"not_picked":["bronze:GetLatest","bronze:Turbo","bronze:ForceShield+1"],"picked":"SKIP","floor":36.0},{"not_picked":["bronze:Refactor+1","bronze:Turbo","bronze:BugBarrage"],"picked":"SKIP","floor":37.0},{"not_picked":["bronze:Deprecate+1","bronze:WhirlingStrike+1","bronze:ForceShield"],"picked":"SKIP","floor":42},{"not_picked":["bronze:TinkerersToolbox","bronze:Flail+1","bronze:Allocate+1"],"picked":"SKIP","floor":44},{"not_picked":["bronze:ItsAFeature+1","bronze:OilSpill+1"],"picked":"bronze:NullPointer","floor":46},{"not_picked":["bronze:WhirlingStrike+1","bronze:DelayedSlice","bronze:Branch+1"],"picked":"SKIP","floor":49}],"player_experience":116036,"relics_obtained":[{"floor":6.0,"key":"CeramicFish"},{"floor":7.0,"key":"Dead Branch"},{"floor":9.0,"key":"Pantograph"},{"floor":14.0,"key":"Shovel"},{"floor":24.0,"key":"Replay:Bottled Snecko"},{"floor":25.0,"key":"MealTicket"},{"floor":31.0,"key":"Bottled Tornado"},{"floor":39,"key":"Nunchaku"},{"floor":42,"key":"Bottled Lightning"},{"floor":44,"key":"Vajra"},{"floor":48,"key":"CaptainsWheel"}],"event_choices":[{"cards_removed":["bronze:Defend"],"damage_healed":0.0,"max_hp_gain":0.0,"max_hp_loss":0.0,"gold_gain":0.0,"event_name":"The Cleric","player_choice":"Card Removal","floor":2.0,"gold_loss":0.0,"damage_taken":0.0},{"damage_healed":0.0,"max_hp_gain":0.0,"max_hp_loss":0.0,"gold_gain":0.0,"event_name":"The Library","player_choice":"Read","floor":28.0,"gold_loss":0.0,"damage_taken":0.0,"cards_obtained":["bronze:Terminator"]}],"is_beta":false,"boss_relics":[{"not_picked":["Replay:Bronze Core","Fusion Hammer"],"picked":"Empty Cage"},{"not_picked":["Black Star","Busted Crown"],"picked":"Coffee Dripper"}],"items_purged_floors":[26,37,43],"is_endless":false,"potions_floor_spawned":[6,10,11,16,19,20,29,30,32,36,42,48,49],"ascension_level":2}}