{"host":"x3tdtn2vw0frar62","time":1613882597,"event":{"mods":["Aspiration","BaseMod","BetterRewards","Hermit","Hubris","LagranYue(???·?)","Marisa????????","Minty Spire (QoL Compilation)","Relic Stats","Reliquary","Remilia??????","Replay The Spire","Robot Space Explorer","Shade Mod","Shop Mod","Spicy Shops","Spire Arcade","StSLib","The Cursed","The Marked","The Runesmith","The Senshi","The Servant 0.9.4"],"gold_per_floor":[113,113,35,210,226,237,265,265,290,143,159,159,259,271,271,373,373,387,413,424,68,68,68,95,105,105,136,136,136,158,177,177,272,272,292,292,305,405,438,438,449,449,473,498,0,23,23,23,23,23,23,23,23,23,23],"floor_reached":54,"language":"ENG","playtime":3619,"items_purged":["Doubt","Parasite"],"score":529,"play_id":"62a6ca11-d0ec-4a1b-a009-b5b0dbc6c216","local_time":"20210220234317","is_ascension_mode":false,"campfire_choices":[{"data":"MastersStateliness","floor":8,"key":"SMITH"},{"data":"MastersStateliness","floor":12,"key":"SMITH"},{"data":"BombardNight","floor":15,"key":"SMITH"},{"data":"Strike_RM","floor":23,"key":"PURGE"},{"floor":29,"key":"REST"},{"floor":40,"key":"REST"},{"floor":42,"key":"REST"},{"data":"BatForm","floor":47,"key":"SMITH"},{"floor":49,"key":"RECALL"},{"data":"TwelveNightmare","floor":52,"key":"SMITH"}],"circlet_count":0,"master_deck":["Strike_RM","Strike_RM","Strike_RM","Defend_RM","Defend_RM","Defend_RM","RedMoon","ScarletShoot","MastersStateliness+1","BombardNight","BombardNight+1","MastersStateliness+1","BombardNight+1","MastersStateliness","ChaoticDestiny+1","TwelveNightmare+1","GlobalNightmare+1","BlasphemousPunishment+1","BatForm+1"],"relics":["ScarletHat","LagranYue:RandomDrawCardRelic","InkBottle","CeramicFish","ScarletDevilRocket","LagranYue:ContractPerformanceRelic","Replay:Multitool","reliquary:NewFriend","Pet Ghost","Runesmith:UraniumAnvil","Bag of Marbles","Meat on the Bone","hubris:HerbalPaste"],"acts_visited":["Exordium","TheCity","TheBeyond","TheEnding"],"potions_floor_usage":[14,25,27,31,39,46,54,54],"damage_taken":[{"damage":0,"enemies":"Small Slimes","floor":1,"turns":4},{"damage":0,"enemies":"Jaw Worm","floor":5,"turns":4},{"damage":0,"enemies":"Cultist","floor":6,"turns":3},{"damage":12,"enemies":"Gremlin Nob","floor":7,"turns":4},{"damage":4,"enemies":"3 Louse","floor":11,"turns":4},{"damage":0,"enemies":"Gremlin Gang","floor":14,"turns":2},{"damage":35,"enemies":"Hexaghost","floor":16,"turns":8},{"damage":3,"enemies":"Shell Parasite","floor":18,"turns":3},{"damage":2,"enemies":"Chosen","floor":19,"turns":3},{"damage":1,"enemies":"3 Cultists","floor":20,"turns":3},{"damage":30,"enemies":"Slavers","floor":24,"turns":3},{"damage":10,"enemies":"Snake Plant","floor":25,"turns":3},{"damage":36,"enemies":"Replay:Snechameleon","floor":27,"turns":6},{"damage":2,"enemies":"Cultist and Chosen","floor":30,"turns":3},{"damage":35,"enemies":"Shelled Parasite and Fungi","floor":31,"turns":6},{"damage":20,"enemies":"Automaton","floor":33,"turns":5},{"damage":37,"enemies":"3 Shapes","floor":35,"turns":3},{"damage":17,"enemies":"3 Darklings","floor":37,"turns":4},{"damage":16,"enemies":"Writhing Mass","floor":39,"turns":5},{"damage":26,"enemies":"4 Shapes","floor":41,"turns":4},{"damage":22,"enemies":"Maw","floor":44,"turns":5},{"damage":23,"enemies":"Writhing Mass","floor":46,"turns":5},{"damage":29,"enemies":"Replay:Hell Engine","floor":50,"turns":4},{"damage":94,"enemies":"The Heart","floor":54,"turns":3}],"seed_played":"-609503425061356482","potions_obtained":[{"floor":5,"key":"DistilledChaos"},{"floor":14,"key":"Energy Potion"},{"floor":19,"key":"LiquidBronze"},{"floor":20,"key":"SkillPotion"},{"floor":27,"key":"SpeedPotion"},{"floor":31,"key":"DistilledChaos"},{"floor":33,"key":"LiquidBronze"},{"floor":41,"key":"SkillPotion"},{"floor":46,"key":"Doom Potion"}],"is_trial":false,"path_per_floor":["M","?","$","?","M","M","E","R","T","$","M","R","?","M","R","B",null,"M","M","M","$","?","R","E","M","T","E","?","R","M","M","R","B",null,"M","?","M","?","M","R","M","R","T","M","$","M","R","$","R","B",null,"R","$","B"],"character_chosen":"REMILIA","items_purchased":["BombardNight","ScarletDevilRocket","MastersStateliness","Replay:Multitool","ChaoticDestiny","Meat on the Bone","hubris:HerbalPaste"],"campfire_rested":3,"item_purchase_floors":[3,10,21,21,21,45,45],"current_hp_per_floor":[82,87,87,87,87,87,79,79,79,79,77,77,77,77,77,46,87,84,86,85,85,85,85,60,54,54,20,20,46,44,21,47,29,87,50,50,39,39,26,52,32,58,58,49,49,46,46,46,46,46,84,84,84,0,0],"gold":23,"neow_bonus":"TEN_PERCENT_HP_BONUS","is_daily":false,"chose_seed":false,"campfire_upgraded":5,"win_rate":0.0,"timestamp":1613882597,"path_taken":["M","?","$","?","?","M","E","R","T","$","?","R","?","M","R","BOSS","M","?","M","$","?","R","E","M","T","E","?","R","?","M","R","BOSS","M","?","?","?","M","R","M","R","T","M","?","?","R","$","R","BOSS","R","$","BOSS"],"items_purchased_type":["Card","Relic","Card","Relic","Card","Relic","Relic"],"build_version":"2020-12-22","purchased_purges":2,"victory":false,"max_hp_per_floor":[82,87,87,87,87,87,87,87,87,87,87,87,87,87,87,87,87,87,87,87,87,87,87,87,87,87,87,87,87,87,87,87,87,87,87,87,87,87,87,87,87,87,87,87,84,84,84,84,84,84,84,84,84,84,84],"relic_stats":{"counters":[24,97],"CeramicFish":72,"obtain_stats":[{"ScarletDevilRocket":10,"LagranYue:RandomDrawCardRelic":0,"CeramicFish":9,"Replay:Multitool":21,"ScarletHat":0,"Pet Ghost":27,"LagranYue:ContractPerformanceRelic":17,"hubris:HerbalPaste":45,"Runesmith:UraniumAnvil":34,"reliquary:NewFriend":24,"Bag of Marbles":43,"InkBottle":7,"Meat on the Bone":45},{"ScarletDevilRocket":4,"LagranYue:RandomDrawCardRelic":0,"CeramicFish":4,"Replay:Multitool":10,"ScarletHat":0,"Pet Ghost":13,"LagranYue:ContractPerformanceRelic":7,"hubris:HerbalPaste":21,"Runesmith:UraniumAnvil":16,"reliquary:NewFriend":11,"Bag of Marbles":20,"InkBottle":4,"Meat on the Bone":21},{"ScarletDevilRocket":15,"LagranYue:RandomDrawCardRelic":0,"CeramicFish":15,"Replay:Multitool":38,"ScarletHat":0,"Pet Ghost":50,"LagranYue:ContractPerformanceRelic":29,"hubris:HerbalPaste":85,"Runesmith:UraniumAnvil":64,"reliquary:NewFriend":41,"Bag of Marbles":80,"InkBottle":15,"Meat on the Bone":85}],"InkBottle":[29],"Meat on the Bone":24},"card_choices":[{"not_picked":["FavorOfDestiny","NightDance"],"picked":"MastersStateliness","floor":1},{"not_picked":["ScarletDevil","DevilSight"],"picked":"MastersStateliness","floor":5},{"not_picked":["CharismaGuard","VampireSweep","NightDance"],"picked":"SKIP","floor":6},{"not_picked":["VampireFantasy","DevilSight","TwelveNightmare"],"picked":"SKIP","floor":7},{"not_picked":["CurseOfVladTepes","ScarletDevil","VampireKiss"],"picked":"SKIP","floor":11},{"not_picked":["ScarletSymphony","UnstableMagic","UnderTheZenith"],"picked":"SKIP","floor":14},{"not_picked":["RedRainbow","MiserableFate","BloodAndWine"],"picked":"SKIP","floor":18},{"not_picked":["ScarletDevil","CharismaGuard"],"picked":"BombardNight","floor":19},{"not_picked":["LeisurelyOfLord","BadLadyScramble","BombardNight"],"picked":"SKIP","floor":20},{"not_picked":["Stigmanizer","RedNightlessCastle","ChaoticDestiny"],"picked":"SKIP","floor":24},{"not_picked":["ScarletDevil","MastersStateliness","ScarletImprint"],"picked":"SKIP","floor":25},{"not_picked":["RedRainbow","BloodHunter+1","NightLord"],"picked":"SKIP","floor":27},{"not_picked":["NightLord","DiffusionOfMisfortune"],"picked":"TwelveNightmare","floor":30},{"not_picked":["StarOfDavid","ScarletDevilSign+1","CharismaGuard+1"],"picked":"SKIP","floor":31},{"not_picked":["Stigmanizer","BloodHunter","UnstableMagic"],"picked":"SKIP","floor":35},{"not_picked":["CharismaGuard","MastersStateliness","NightDance+1"],"picked":"SKIP","floor":37},{"not_picked":["BloodHunter+1","Maim+1"],"picked":"GlobalNightmare+1","floor":39},{"not_picked":["BloodyMagicSquare+1","UnstableMagic","Stigmanizer+1"],"picked":"SKIP","floor":41},{"not_picked":["UnderTheZenith","FavorOfDestiny"],"picked":"BlasphemousPunishment+1","floor":44},{"not_picked":["BombardNight","FavorOfDestiny+1"],"picked":"BatForm","floor":46}],"player_experience":180674,"relics_obtained":[{"floor":7,"key":"InkBottle"},{"floor":9,"key":"CeramicFish"},{"floor":24,"key":"reliquary:NewFriend"},{"floor":27,"key":"Pet Ghost"},{"floor":43,"key":"Bag of Marbles"}],"event_choices":[{"damage_healed":0,"gold_gain":0,"player_choice":"Donut","damage_taken":0,"max_hp_gain":5,"max_hp_loss":0,"event_name":"Big Fish","floor":2,"gold_loss":0},{"damage_healed":0,"gold_gain":175,"player_choice":"AGREE","damage_taken":0,"max_hp_gain":0,"max_hp_loss":0,"event_name":"Liars Game","floor":4,"gold_loss":0,"cards_obtained":["Doubt"]},{"damage_healed":0,"gold_gain":100,"player_choice":"Pray","damage_taken":0,"max_hp_gain":0,"max_hp_loss":0,"event_name":"Golden Shrine","floor":13,"gold_loss":0},{"cards_removed":["Defend_RM"],"damage_healed":0,"gold_gain":0,"player_choice":"Purged","damage_taken":0,"max_hp_gain":0,"max_hp_loss":0,"event_name":"Purifier","floor":28,"gold_loss":0},{"damage_healed":0,"gold_gain":0,"player_choice":"Ignored","damage_taken":0,"max_hp_gain":0,"max_hp_loss":0,"event_name":"NoteForYourself","floor":36,"gold_loss":0},{"damage_healed":0,"gold_gain":100,"player_choice":"Pray","damage_taken":0,"max_hp_gain":0,"max_hp_loss":0,"event_name":"Golden Shrine","floor":38,"gold_loss":0}],"is_beta":false,"boss_relics":[{"not_picked":["reliquary:Craggleroot","reliquary:RedCape"],"picked":"LagranYue:ContractPerformanceRelic"},{"not_picked":["aspiration:RunesmithSkillbook","Snecko Eye"],"picked":"Runesmith:UraniumAnvil"}],"items_purged_floors":[10,45],"is_endless":false,"potions_floor_spawned":[5,14,19,20,27,31,33,41,44,46],"killed_by":"The Heart","ascension_level":0}}