{"host":"siagz6a7l016lv9o","time":1613882022,"event":{"mods":["AchievementEnabler","BaseMod","Colored Map","Downfall","Minty Spire (QoL Compilation)","Quick Restart","StSLib"],"gold_per_floor":[114,133,148,163,175,202,277,277,277,50,118,134,134,148,148,248,248,267,283,62,77,90,125,137,149,161,173,212,251,173,205,217,334,346,375,487,513,537,567,579,616,628,640,652,683,730,208,540,540,540],"floor_reached":51,"language":"ENG","playtime":3832,"items_purged":["downfall:Bewildered"],"score":882,"play_id":"74aa0c21-9fbb-4465-89a3-b83646b7a346","local_time":"20210221053342","is_ascension_mode":true,"campfire_choices":[{"floor":13.0,"key":"REST"},{"data":"Apotheosis","floor":15.0,"key":"SMITH"},{"data":"Footwork","floor":25.0,"key":"SMITH"},{"data":"Backstab","floor":27.0,"key":"SMITH"},{"data":"Finisher","floor":32.0,"key":"SMITH"},{"data":"Backstab","floor":40.0,"key":"SMITH"},{"data":"Phantasmal Killer","floor":44.0,"key":"SMITH"},{"data":"1","floor":49.0,"key":"LIFT"}],"circlet_count":0,"master_deck":["Strike_G","Strike_G+1","Strike_G","Strike_G","Defend_G","Defend_G","Defend_G","Defend_G","Defend_G","Survivor","Neutralize","Apotheosis+1","Dagger Spray","Finisher+1","Footwork+1","Masterful Stab","Backstab+1","Phantasmal Killer+1","Blade Dance","Prepared+1","Infinite Blades+1","Corpse Explosion","Blade Dance","Backflip+1","Blade Dance","Backstab+1","Wraith Form v2+1","Backstab+1","Finisher"],"relics":["Ring of the Snake","Tiny Chest","Matryoshka","Mercury Hourglass","HornCleat","HandDrill","Regal Pillow","Frozen Egg 2","Coffee Dripper","MawBank","WingedGreaves","Toy Ornithopter","Orichalcum","Cursed Key","Paper Crane","Eternal Feather","Vajra","Girya","TwistedFunnel","Old Coin"],"acts_visited":["Exordium","TheCity","TheBeyond"],"potions_floor_usage":[50,50],"damage_taken":[{"damage":4.0,"enemies":"Jaw Worm","floor":1.0,"turns":5.0},{"damage":0.0,"enemies":"Small Slimes","floor":2.0,"turns":3.0},{"damage":2.0,"enemies":"2 Louse","floor":3.0,"turns":3.0},{"damage":13.0,"enemies":"Gremlin Gang","floor":4.0,"turns":5.0},{"damage":17.0,"enemies":"Lots of Slimes","floor":5.0,"turns":4.0},{"damage":9.0,"enemies":"Lagavulin","floor":6.0,"turns":8.0},{"damage":0.0,"enemies":"Exordium Thugs","floor":12.0,"turns":3.0},{"damage":0.0,"enemies":"3 Louse","floor":14.0,"turns":3.0},{"damage":19.0,"enemies":"The Guardian","floor":16.0,"turns":12.0},{"damage":0.0,"enemies":"Spheric Guardian","floor":18.0,"turns":2.0},{"damage":0.0,"enemies":"3 Byrds","floor":19.0,"turns":3.0},{"damage":1.0,"enemies":"Centurion and Healer","floor":21.0,"turns":4.0},{"damage":12.0,"enemies":"Chosen and Byrds","floor":22.0,"turns":4.0},{"damage":12.0,"enemies":"Slavers","floor":23.0,"turns":2.0},{"damage":20.0,"enemies":"Book of Stabbing","floor":28.0,"turns":5.0},{"damage":0.0,"enemies":"Snecko","floor":31.0,"turns":4.0},{"damage":13.0,"enemies":"Collector","floor":33.0,"turns":5.0},{"damage":8.0,"enemies":"3 Darklings","floor":35.0,"turns":3.0},{"damage":0.0,"enemies":"3 Shapes","floor":37.0,"turns":3.0},{"damage":3.0,"enemies":"3 Darklings","floor":38.0,"turns":3.0},{"damage":12.0,"enemies":"Spire Growth","floor":39.0,"turns":5.0},{"damage":0.0,"enemies":"Reptomancer","floor":41.0,"turns":5.0},{"damage":1.0,"enemies":"4 Shapes","floor":45.0,"turns":3.0},{"damage":18.0,"enemies":"Nemesis","floor":46.0,"turns":3.0},{"damage":0.0,"enemies":"Giant Head","floor":48.0,"turns":7.0},{"damage":92,"enemies":"Time Eater","floor":50,"turns":9}],"seed_played":"-6432786379227470974","potions_obtained":[{"floor":3.0,"key":"PowerPotion"},{"floor":4.0,"key":"LiquidMemories"},{"floor":5.0,"key":"ColorlessPotion"},{"floor":12.0,"key":"CunningPotion"},{"floor":16.0,"key":"Energy Potion"},{"floor":18.0,"key":"SkillPotion"},{"floor":31.0,"key":"FairyPotion"},{"floor":33.0,"key":"bronze:BurnAndBuffPotion"},{"floor":35.0,"key":"GamblersBrew"},{"floor":45.0,"key":"Slimebound:ThreeZeroPotion"}],"is_trial":false,"path_per_floor":["M","M","M","M","M","E","?","?","T","$","T","M","R","M","R","B",null,"M","M","$","M","M","E","?","R","T","R","E","T","?","M","R","B",null,"M","?","M","M","M","R","E","T","T","R","M","E","$","E","R","B",null],"character_chosen":"THE_SILENT","items_purchased":["Backstab","HandDrill","Infinite Blades+1","Corpse Explosion","Girya","TwistedFunnel"],"campfire_rested":1,"item_purchase_floors":[10,10,20,20,47,47],"current_hp_per_floor":[59,59,57,44,27,18,7,4,4,4,4,4,37,37,37,18,63,63,63,63,62,50,38,38,38,38,38,18,18,18,18,18,5,63,55,55,55,52,40,40,45,45,45,60,59,41,41,41,56,18],"gold":540,"neow_bonus":"RANDOM_COLORLESS_2","is_daily":false,"chose_seed":false,"campfire_upgraded":6,"win_rate":0.0,"timestamp":1613882022,"path_taken":["M","M","M","M","M","E","?","?","T","?","?","?","R","M","R","BOSS","M","M","$","?","M","E","?","R","T","R","E","?","?","M","R","BOSS","M","?","M","M","?","R","E","?","T","R","M","E","$","E","R","BOSS"],"items_purchased_type":["Card","Relic","Card","Card","Relic","Relic"],"build_version":"2020-12-22","purchased_purges":1,"victory":true,"max_hp_per_floor":[63,63,63,63,63,63,63,63,63,63,63,63,63,63,63,63,63,63,63,63,63,63,63,63,63,63,63,63,63,63,63,63,63,63,63,63,63,63,63,63,63,63,63,63,63,63,63,63,63,63],"card_choices":[{"not_picked":["The Bomb","Master of Strategy"],"picked":"Apotheosis","floor":0.0},{"not_picked":["Dagger Throw","Noxious Fumes"],"picked":"Dagger Spray","floor":1.0},{"not_picked":["Dagger Throw","Bane","Slice"],"picked":"SKIP","floor":2.0},{"not_picked":["After Image","Catalyst"],"picked":"Finisher","floor":3.0},{"not_picked":["Bane","Dagger Spray"],"picked":"Footwork","floor":4.0},{"not_picked":["Dagger Throw","Bouncing Flask","Poisoned Stab"],"picked":"SKIP","floor":5.0},{"not_picked":["Dash","Calculated Gamble"],"picked":"Masterful Stab","floor":6.0},{"not_picked":["Bane","Distraction"],"picked":"Phantasmal Killer","floor":12.0},{"not_picked":["Flying Knee","Heel Hook"],"picked":"Blade Dance","floor":14.0},{"not_picked":["Blur","Bouncing Flask"],"picked":"Prepared+1","floor":18.0},{"not_picked":["Dash","Prepared","Underhanded Strike"],"picked":"SKIP","floor":19.0},{"not_picked":["Endless Agony","Underhanded Strike"],"picked":"Blade Dance","floor":21.0},{"not_picked":["Slice","Envenom+1"],"picked":"Backflip+1","floor":22.0},{"not_picked":["Masterful Stab","Prepared"],"picked":"Blade Dance","floor":23.0},{"not_picked":["Sucker Punch","All Out Attack"],"picked":"Backstab+1","floor":28.0},{"not_picked":["Eviscerate","Bane","Sucker Punch"],"picked":"SKIP","floor":31.0},{"not_picked":["Bullet Time","After Image+1"],"picked":"Wraith Form v2+1","floor":33.0},{"not_picked":["Tactician+1","Reflex","Dagger Spray+1"],"picked":"SKIP","floor":35.0},{"not_picked":["PiercingWail+1","Escape Plan"],"picked":"Backstab","floor":37.0},{"not_picked":["Bane+1","Escape Plan","Catalyst+1"],"picked":"SKIP","floor":38.0},{"not_picked":["Distraction","Slice+1","Backflip+1"],"picked":"SKIP","floor":39.0},{"not_picked":["Masterful Stab","Dash+1","Deflect+1"],"picked":"SKIP","floor":41.0},{"not_picked":["Acrobatics+1","Dagger Throw"],"picked":"Finisher","floor":45.0},{"not_picked":["Sucker Punch","Escape Plan","PiercingWail+1"],"picked":"SKIP","floor":46.0},{"not_picked":["Dagger Spray+1","Expertise+1","Endless Agony+1"],"picked":"SKIP","floor":48.0}],"player_experience":14680,"relics_obtained":[{"floor":6.0,"key":"Tiny Chest"},{"floor":9.0,"key":"Mercury Hourglass"},{"floor":9.0,"key":"HornCleat"},{"floor":11.0,"key":"Regal Pillow"},{"floor":11.0,"key":"Frozen Egg 2"},{"floor":23.0,"key":"MawBank"},{"floor":26.0,"key":"WingedGreaves"},{"floor":28.0,"key":"Toy Ornithopter"},{"floor":29.0,"key":"Orichalcum"},{"floor":41.0,"key":"Paper Crane"},{"floor":43.0,"key":"Eternal Feather"},{"floor":46.0,"key":"Vajra"},{"floor":48.0,"key":"Old Coin"}],"event_choices":[{"damage_healed":0.0,"max_hp_gain":0.0,"max_hp_loss":0.0,"gold_gain":75.0,"event_name":"World of Goop","player_choice":"Gather Gold","floor":7.0,"gold_loss":0.0,"damage_taken":11.0},{"damage_healed":0.0,"max_hp_gain":0.0,"max_hp_loss":0.0,"gold_gain":0.0,"event_name":"Scrap Ooze","player_choice":"Success","floor":8.0,"gold_loss":0.0,"damage_taken":3.0,"relics_obtained":["Matryoshka"]},{"cards_removed":["Strike_G"],"damage_healed":0.0,"max_hp_gain":0.0,"max_hp_loss":0.0,"gold_gain":0.0,"event_name":"Designer","player_choice":"Upgrade and Remove","floor":30.0,"gold_loss":90.0,"damage_taken":0.0,"cards_upgraded":["Strike_G"]},{"damage_healed":0.0,"max_hp_gain":0.0,"max_hp_loss":0.0,"gold_gain":100.0,"event_name":"Golden Shrine","player_choice":"Pray","floor":36.0,"gold_loss":0.0,"damage_taken":0.0}],"is_beta":false,"boss_relics":[{"not_picked":["Tiny House","Astrolabe"],"picked":"Coffee Dripper"},{"not_picked":["Snecko Eye","Runic Dome"],"picked":"Cursed Key"}],"items_purged_floors":[47],"is_endless":false,"potions_floor_spawned":[3,4,5,12,16,18,19,31,33,35,37,45,48],"ascension_level":2}}