{"host":"is2s59edl8twrhoj","time":1613919002,"event":{"mods":["BaseMod","Colored Map","Colored Powertips","DeckTracker","Downfall","Minty Spire (QoL Compilation)","StSLib"],"gold_per_floor":[117,117,267,267,23,48,63,76,150,150,169,169,195,205,205,279,279,291,304,35,52,52,52],"floor_reached":22,"language":"ENG","playtime":711,"items_purged":["Doubt","Decay"],"score":398,"play_id":"63eab234-a776-49c3-bdda-682d6324542e","local_time":"20210221145002","is_ascension_mode":true,"campfire_choices":[{"data":"Cleave","floor":10.0,"key":"SMITH"},{"data":"Sever Soul","floor":15.0,"key":"SMITH"}],"circlet_count":0,"master_deck":["AscendersBane","Strike_R","Strike_R","Strike_R","Strike_R","Defend_R","Defend_R","Defend_R","Defend_R","Headbutt","Iron Wave+1","Cleave+1","Clash","Sever Soul+1","Flex","Feed+1","Rage","Double Tap","Headbutt+1"],"relics":["Burning Blood","PreservedInsect","Bag of Marbles","Mercury Hourglass","Molten Egg 2","SlaversCollar"],"acts_visited":["Exordium","TheCity"],"potions_floor_usage":[19],"damage_taken":[{"damage":11.0,"enemies":"Small Slimes","floor":1.0,"turns":5.0},{"damage":28.0,"enemies":"Lagavulin","floor":6.0,"turns":5.0},{"damage":0.0,"enemies":"2 Louse","floor":7.0,"turns":1.0},{"damage":0.0,"enemies":"Cultist","floor":8.0,"turns":4.0},{"damage":11.0,"enemies":"Looter","floor":11.0,"turns":2.0},{"damage":0.0,"enemies":"Gremlin Nob","floor":13.0,"turns":2.0},{"damage":9.0,"enemies":"Red Slaver","floor":14.0,"turns":2.0},{"damage":30.0,"enemies":"Slime Boss","floor":16.0,"turns":8.0},{"damage":4,"enemies":"3 Byrds","floor":18,"turns":4},{"damage":38,"enemies":"Shell Parasite","floor":19,"turns":6},{"damage":24,"enemies":"Snake Plant","floor":21,"turns":3},{"damage":32,"enemies":"Centurion and Healer","floor":22,"turns":3}],"seed_played":"-5118018330865378774","potions_obtained":[{"floor":1.0,"key":"CultistPotion"},{"floor":6.0,"key":"Weak Potion"},{"floor":7.0,"key":"Swift Potion"},{"floor":16.0,"key":"ColorlessPotion"}],"is_trial":false,"path_per_floor":["M","?","?","?","$","E","M","M","T","R","M","?","E","M","R","B",null,"M","M","$","M","M"],"character_chosen":"IRONCLAD","items_purchased":["PreservedInsect","Double Tap"],"campfire_rested":0,"item_purchase_floors":[5,20],"current_hp_per_floor":[63,63,63,63,63,41,47,53,53,53,48,48,54,51,51,27,63,69,37,37,19,0,0],"gold":52,"neow_bonus":"TRANSFORM_CARD","is_daily":false,"chose_seed":false,"campfire_upgraded":2,"win_rate":0.0,"timestamp":1613919002,"path_taken":["M","?","?","?","$","E","M","M","T","R","?","?","E","M","R","BOSS","M","M","$","M","M"],"items_purchased_type":["Relic","Card"],"build_version":"2020-12-22","purchased_purges":2,"victory":false,"max_hp_per_floor":[75,75,75,75,75,75,75,75,75,75,75,75,75,75,75,75,75,79,79,79,79,83,83],"card_choices":[{"not_picked":["Ghostly Armor","True Grit"],"picked":"Iron Wave","floor":1.0},{"not_picked":["Intimidate","Heavy Blade"],"picked":"Cleave","floor":6.0},{"not_picked":["True Grit","Battle Trance"],"picked":"Clash","floor":7.0},{"not_picked":["Hemokinesis","Wild Strike","Carnage"],"picked":"SKIP","floor":8.0},{"not_picked":["Hemokinesis","Clothesline"],"picked":"Sever Soul","floor":11.0},{"not_picked":["Shrug It Off","Thunderclap+1","Anger+1"],"picked":"SKIP","floor":13.0},{"not_picked":["Intimidate","Sentinel"],"picked":"Flex","floor":14.0},{"not_picked":["Bludgeon+1","Limit Break"],"picked":"Feed+1","floor":16.0},{"not_picked":["Carnage+1","Anger+1"],"picked":"Rage","floor":18},{"not_picked":["Sword Boomerang+1","Wild Strike+1","Headbutt+1"],"picked":"SKIP","floor":19},{"not_picked":["Shrug It Off","Seeing Red"],"picked":"Headbutt+1","floor":21}],"player_experience":699430,"relics_obtained":[{"floor":6.0,"key":"Bag of Marbles"},{"floor":9.0,"key":"Mercury Hourglass"},{"floor":13.0,"key":"Molten Egg 2"}],"event_choices":[{"cards_removed":["Strike_R"],"damage_healed":0.0,"max_hp_gain":0.0,"max_hp_loss":0.0,"gold_gain":0.0,"event_name":"Living Wall","player_choice":"Forget","floor":2.0,"gold_loss":0.0,"damage_taken":0.0},{"damage_healed":0.0,"max_hp_gain":0.0,"max_hp_loss":0.0,"gold_gain":150.0,"event_name":"Liars Game","player_choice":"AGREE","floor":3.0,"gold_loss":0.0,"damage_taken":0.0,"cards_obtained":["Doubt"]},{"damage_healed":0.0,"max_hp_gain":0.0,"max_hp_loss":0.0,"gold_gain":0.0,"event_name":"Accursed Blacksmith","player_choice":"Forge","floor":4.0,"gold_loss":0.0,"damage_taken":0.0,"cards_upgraded":["Iron Wave"]},{"damage_healed":0.0,"max_hp_gain":0.0,"max_hp_loss":0.0,"gold_gain":0.0,"event_name":"Wheel of Change","player_choice":"Cursed","floor":12.0,"gold_loss":0.0,"damage_taken":0.0,"cards_obtained":["Decay"]}],"is_beta":false,"boss_relics":[{"not_picked":["Fusion Hammer","Runic Pyramid"],"picked":"SlaversCollar"}],"items_purged_floors":[5,20],"is_endless":false,"potions_floor_spawned":[1,6,7,16],"killed_by":"Centurion and Healer","ascension_level":16}}