{"host":"sfkslwp4t49i7lrt","time":1613895501,"event":{"mods":["Act Like it!","BaseMod","Bestiary","Block Reminder","Downfall","Friendly Minions","Highlight Path","Lobotomy","Minty Spire (QoL Compilation)","Relic Stats","Ruina","Spire Arcade","StSLib","TheSurvivalist","Wide Potions","everything is the same but u backflip on backflip","slay the spire mod where everything is the same but ironclad has a cowboy hat"],"gold_per_floor":[116,129,146,160,160,160,193,0,0,0,329,329,329,329,329,449,449,462,13,13,31,52,52,76,2,29,29,43,43,63,86,86,210,210,210,210,230,230,248,248,248,248],"floor_reached":41,"language":"ENG","playtime":3784,"items_purged":["Strike_G"],"score":453,"play_id":"9805fee1-85ab-4f99-86bd-2d653615fb03","local_time":"20210221151821","is_ascension_mode":false,"campfire_choices":[{"data":"Neutralize","floor":6.0,"key":"SMITH"},{"data":"Dagger Throw","floor":10.0,"key":"SMITH"},{"data":"Well Laid Plans","floor":13.0,"key":"SMITH"},{"floor":15.0,"key":"REST"},{"data":"Blade Dance","floor":23.0,"key":"SMITH"},{"data":"Poisoned Stab","floor":27.0,"key":"SMITH"},{"data":"Dodge and Roll","floor":29.0,"key":"SMITH"},{"data":"Blur","floor":32.0,"key":"SMITH"},{"floor":40,"key":"RECALL"}],"circlet_count":0,"master_deck":["Apo_Pray","Apo_SoulSlash","Apo_Charge","Apo_Charge","Apo_Charge","Apo_Charge","Apo_Beam","Apo_Beam","Apo_Beam","HereticApostle","Apo_Slash","Apo_Slash","Apo_SoulSlash","Apotheosis","WhiteNight","Well Laid Plans+1"],"relics":["Ring of the Snake","CogitoBucket","Smiling Mask","ClockworkSouvenir","Gremlin Horn","Old Coin","Golden Idol","Empty Cage","Bottled Tornado","Bag of Preparation","FaceOfCleric","MealTicket","SlaversCollar","ApostleMask"],"acts_visited":["Exordium","TheCity","TheBeyond"],"potions_floor_usage":[],"damage_taken":[{"damage":2.0,"enemies":"Cultist","floor":1.0,"turns":5.0},{"damage":6.0,"enemies":"Jaw Worm","floor":2.0,"turns":5.0},{"damage":0.0,"enemies":"2 Louse","floor":3.0,"turns":2.0},{"damage":8.0,"enemies":"Large Slime","floor":4.0,"turns":5.0},{"damage":19.0,"enemies":"3 Sentries","floor":7.0,"turns":9.0},{"damage":26.0,"enemies":"Gremlin Nob","floor":11.0,"turns":5.0},{"damage":54.0,"enemies":"Exordium Thugs","floor":12.0,"turns":9.0},{"damage":13.0,"enemies":"Hexaghost","floor":16.0,"turns":18.0},{"damage":0.0,"enemies":"Chosen","floor":18.0,"turns":5.0},{"damage":23.0,"enemies":"2 Thieves","floor":21.0,"turns":4.0},{"damage":5.0,"enemies":"Centurion and Healer","floor":22.0,"turns":9.0},{"damage":72.0,"enemies":"Cultist and Chosen","floor":24.0,"turns":27.0},{"damage":1.0,"enemies":"Snecko","floor":28.0,"turns":5.0},{"damage":1.0,"enemies":"3 Cultists","floor":30.0,"turns":4.0},{"damage":19.0,"enemies":"Shelled Parasite and Fungi","floor":31.0,"turns":7.0},{"damage":88.0,"enemies":"Automaton","floor":33.0,"turns":14.0},{"damage":28,"enemies":"Orb Walker","floor":37,"turns":3},{"damage":36,"enemies":"3 Darklings","floor":39,"turns":4},{"damage":13,"enemies":"Giant Head","floor":41,"turns":3}],"seed_played":"-4787376135049959463","potions_obtained":[{"floor":1.0,"key":"SmokeBomb"},{"floor":2.0,"key":"Explosive Potion"},{"floor":4.0,"key":"GamblersBrew"},{"floor":24.0,"key":"AttackPotion"},{"floor":33.0,"key":"DuplicationPotion"},{"floor":37,"key":"Energy Potion"}],"is_trial":false,"path_per_floor":["M","M","M","M","?","R","E","$","T","R","E","M","R","?","R","B",null,"M","$","?","M","M","R","M","$","T","R","M","R","M","M","R","B",null,"M","?","M","?","M","R","E"],"character_chosen":"THE_SILENT","items_purchased":["ClockworkSouvenir","Bottled Tornado","Block Potion","Bag of Preparation","Caltrops"],"campfire_rested":1,"item_purchase_floors":[8,19,19,19,25],"current_hp_per_floor":[68,69,70,68,70,70,57,57,57,57,46,10,10,10,29,46,65,65,65,65,49,67,67,26,26,26,26,35,35,46,45,45,15,72,72,72,44,44,8,8,0,0],"gold":248,"neow_bonus":"","is_daily":false,"chose_seed":false,"campfire_upgraded":7,"win_rate":0.0,"timestamp":1613895501,"path_taken":["M","M","?","M","?","R","E","$","T","R","E","?","R","?","R","BOSS","M","$","?","M","M","R","M","$","T","R","M","R","M","M","R","BOSS","M","?","M","?","M","R","E"],"items_purchased_type":["Relic","Relic","Potion","Relic","Card"],"build_version":"2020-12-22","purchased_purges":1,"victory":false,"max_hp_per_floor":[70,70,70,70,70,70,70,70,70,70,70,70,70,65,65,65,65,65,65,65,66,67,67,68,68,68,68,69,69,70,71,71,72,72,72,72,73,73,74,74,74,74],"relic_stats":{"Gremlin Horn":[8,8],"FaceOfCleric":9,"counters":[23,147],"Golden Idol":85,"MealTicket":0,"Bag of Preparation":[22],"Smiling Mask":25,"obtain_stats":[{"Gremlin Horn":9,"Golden Idol":14,"Bag of Preparation":19,"Bottled Tornado":19,"Smiling Mask":7,"Empty Cage":17,"ClockworkSouvenir":8,"Old Coin":11,"SlaversCollar":34,"CogitoBucket":0,"FaceOfCleric":20,"MealTicket":26,"ApostleMask":35,"Ring of the Snake":0},{"Gremlin Horn":5,"Golden Idol":8,"Bag of Preparation":10,"Bottled Tornado":10,"Smiling Mask":5,"Empty Cage":9,"ClockworkSouvenir":5,"Old Coin":6,"SlaversCollar":18,"CogitoBucket":0,"FaceOfCleric":10,"MealTicket":14,"ApostleMask":20,"Ring of the Snake":0},{"Gremlin Horn":26,"Golden Idol":41,"Bag of Preparation":64,"Bottled Tornado":64,"Smiling Mask":26,"Empty Cage":59,"ClockworkSouvenir":26,"Old Coin":31,"SlaversCollar":135,"CogitoBucket":0,"FaceOfCleric":64,"MealTicket":105,"ApostleMask":137,"Ring of the Snake":0}],"Ring of the Snake":[46]},"card_choices":[{"not_picked":["Prepared","Outmaneuver"],"picked":"Blade Dance","floor":1.0},{"not_picked":["MeatLantern","Murderer","NakedNest"],"picked":"Singing Bowl","floor":1.0},{"not_picked":["Scorched","OSAHOGD"],"picked":"QueenOfHatred","floor":1.0},{"not_picked":["PiercingWail","Endless Agony"],"picked":"Dagger Throw","floor":2.0},{"not_picked":["Murderer","ShyLook","MeatLantern"],"picked":"Singing Bowl","floor":2.0},{"not_picked":["Flying Knee","Concentrate"],"picked":"Dodge and Roll","floor":3.0},{"not_picked":["ShyLook","PunishingBird","VoidDream"],"picked":"Singing Bowl","floor":3.0},{"not_picked":["Blade Dance","Deflect"],"picked":"Cloak And Dagger","floor":4.0},{"not_picked":["CrumblingArmor","MHz"],"picked":"Wellcheers","floor":4.0},{"not_picked":["Reflex","Poisoned Stab"],"picked":"Blur","floor":7.0},{"not_picked":["Funeral","NakedNest","CherryBlossoms"],"picked":"Singing Bowl","floor":7.0},{"not_picked":["Backflip","Flechettes"],"picked":"Well Laid Plans","floor":11.0},{"not_picked":["Alriune","RedShoes"],"picked":"Laetitia","floor":11.0},{"not_picked":["CrumblingArmor","PunishingBird","Scorched"],"picked":"Singing Bowl","floor":16.0},{"not_picked":["NakedNest","MeatLantern"],"picked":"Scorched","floor":16.0},{"not_picked":["Backflip","Dagger Spray"],"picked":"After Image","floor":18.0},{"not_picked":["Porccubus","LongBird","LittleHelper"],"picked":"Singing Bowl","floor":18.0},{"not_picked":["PiercingWail","Underhanded Strike+1"],"picked":"Flying Knee","floor":21.0},{"not_picked":["SpiderBud","DreamingCurrent","NakedNest"],"picked":"Singing Bowl","floor":21.0},{"not_picked":["LongBird","OSAHOGD"],"picked":"UniverseFragment","floor":21.0},{"not_picked":["Deflect","Endless Agony"],"picked":"Poisoned Stab","floor":22.0},{"not_picked":["FairyFestival","NothingThere","WhitesApple"],"picked":"Singing Bowl","floor":22.0},{"not_picked":["BodiesMountain","DreamingCurrent","Woodsman"],"picked":"Singing Bowl","floor":24.0},{"not_picked":["Escape Plan+1","Prepared+1","Infinite Blades"],"picked":"SKIP","floor":24.0},{"not_picked":["BlackArmy","VoidDream","Porccubus"],"picked":"Singing Bowl","floor":28.0},{"not_picked":["SnowQueen","HappyTeddy"],"picked":"PlagueDoctor","floor":28.0},{"not_picked":["Underhanded Strike","Expertise","PiercingWail"],"picked":"SKIP","floor":28.0},{"not_picked":["DespairKnight","PunishingBird","GalaxyChild"],"picked":"Singing Bowl","floor":30.0},{"not_picked":["Caltrops","Expertise+1","Cloak And Dagger"],"picked":"SKIP","floor":30.0},{"not_picked":["Slice+1","Cloak And Dagger"],"picked":"Blur+1","floor":31.0},{"not_picked":["ShyLook","VoidDream","QueenBee"],"picked":"Singing Bowl","floor":31.0},{"not_picked":["Mercenary","MeatLantern","Funeral"],"picked":"Singing Bowl","floor":33.0},{"not_picked":["Storm of Steel","Grand Finale"],"picked":"Bullet Time","floor":33.0},{"not_picked":["Impatience","Blind"],"picked":"Apotheosis","floor":36},{"not_picked":["Calculated Gamble+1","Escape Plan+1","Sucker Punch+1"],"picked":"SKIP","floor":37},{"not_picked":["LongBird","SingingMachine"],"picked":"WhiteNight","floor":39},{"not_picked":["Deadly Poison","Dagger Spray"],"picked":"Well Laid Plans+1","floor":39}],"player_experience":470062,"relics_obtained":[{"floor":7.0,"key":"Smiling Mask"},{"floor":9.0,"key":"Gremlin Horn"},{"floor":11.0,"key":"Old Coin"},{"floor":26.0,"key":"MealTicket"}],"event_choices":[{"damage_healed":2.0,"max_hp_gain":0.0,"max_hp_loss":0.0,"gold_gain":0.0,"event_name":"Wheel of Change","player_choice":"Full Heal","floor":5.0,"gold_loss":0.0,"damage_taken":0.0},{"damage_healed":0.0,"max_hp_gain":0.0,"max_hp_loss":5.0,"gold_gain":0.0,"event_name":"Golden Idol","player_choice":"Lose Max HP","floor":14.0,"gold_loss":0.0,"damage_taken":0.0,"relics_obtained":["Golden Idol"]},{"damage_healed":0.0,"max_hp_gain":0.0,"max_hp_loss":0.0,"gold_gain":0.0,"event_name":"FaceTrader","player_choice":"Trade","floor":20.0,"gold_loss":0.0,"damage_taken":0.0,"relics_obtained":["FaceOfCleric"]},{"damage_healed":0,"gold_gain":0,"player_choice":"Memory 1","damage_taken":0,"max_hp_gain":0,"max_hp_loss":0,"event_name":"SensoryStone","floor":36,"gold_loss":0},{"damage_healed":0,"gold_gain":0,"player_choice":"Ignored","damage_taken":0,"max_hp_gain":0,"max_hp_loss":0,"event_name":"Mysterious Sphere","floor":38,"gold_loss":0}],"is_beta":false,"boss_relics":[{"not_picked":["Ring of the Serpent","Calling Bell"],"picked":"Empty Cage"},{"not_picked":["Runic Dome","Snecko Eye"],"picked":"SlaversCollar"}],"items_purged_floors":[8],"is_endless":false,"potions_floor_spawned":[1,2,4,24,33,37,39],"killed_by":"Giant Head","ascension_level":0}}