{"host":"g7uq9uzahx9e0kti","time":1613918943,"event":{"mods":["100% Spire Juice","AchievementEnabler","Act Like it!","BaseMod","CapriCore","Hermit","Koishi","Lobotomy","Minty Spire (QoL Compilation)","Permanent Neow","Quick Restart","StSLib","SuperFastMode","The Bug Knight","The Cursed","Together in Spire","WarShipGirlsR/??á´Ò³R mod"],"gold_per_floor":[110,124,104,104,118,118,149,169,248,265,265,265,265],"floor_reached":12,"language":"KOR","playtime":1157,"items_purged":[],"score":92,"play_id":"d80cbe15-01ba-4af4-aceb-1144ad0399fb","local_time":"20210221234903","is_ascension_mode":true,"campfire_choices":[{"data":"rmod:chargemoney","floor":6,"key":"SMITH"}],"circlet_count":0,"master_deck":["rmod:strick","rmod:strick","rmod:strick","rmod:strick","rmod:defend","rmod:defend","rmod:defend","rmod:defend","rmod:basicallowance","rmod:maingunfire","SpiderBud","rmod:firesupport","Scorched","rmod:firesupport","rmod:victimresponsibility","rmod:circuitoustactics","rmod:expeditionaryescort","CrumblingArmor","rmod:chargemoney+1","FairyFestival","rmod:concentratefire","Murderer","rmod:goodfighter","PunishingBird","rmod:tearstotiara","Injury"],"relics":["rmod:firstchargereward","CogitoBucket","Lizard Tail","Toxic Egg 2","BackwardClock","Golden Idol"],"acts_visited":["Exordium"],"potions_floor_usage":[],"damage_taken":[{"damage":1,"enemies":"Jaw Worm","floor":1,"turns":4},{"damage":0,"enemies":"Cultist","floor":2,"turns":2},{"damage":32,"enemies":"2 Louse","floor":5,"turns":3},{"damage":12,"enemies":"3 Sentries","floor":7,"turns":5},{"damage":0,"enemies":"2 Fungi Beasts","floor":8,"turns":2},{"damage":16,"enemies":"3 Louse","floor":10,"turns":2},{"damage":63,"enemies":"Lagavulin","floor":12,"turns":2}],"seed_played":"5077429778608019659","potions_obtained":[{"floor":1,"key":"FearPotion"},{"floor":5,"key":"EssenceOfSteel"},{"floor":7,"key":"DuplicationPotion"}],"is_trial":false,"path_per_floor":["M","M","?","$","M","R","E","M","T","M","?","E"],"character_chosen":"PRAEFECT","items_purchased":[],"campfire_rested":0,"item_purchase_floors":[],"current_hp_per_floor":[74,74,74,74,42,42,30,30,30,14,14,0,0],"gold":265,"neow_bonus":"","is_daily":false,"chose_seed":false,"campfire_upgraded":1,"win_rate":0.0,"timestamp":1613918943,"path_taken":["M","M","?","?","M","R","E","M","T","?","?","E"],"items_purchased_type":[],"build_version":"2020-12-22","purchased_purges":0,"victory":false,"max_hp_per_floor":[75,75,75,75,75,75,75,75,75,75,75,75,75],"card_choices":[{"not_picked":["UniverseFragment","OldLady"],"picked":"SpiderBud","floor":1},{"not_picked":["rmod:overbreakdown","rmod:expeditionaryescort"],"picked":"rmod:firesupport","floor":1},{"not_picked":["MHz","NakedNest"],"picked":"Scorched","floor":2},{"not_picked":["rmod:highspeedshooting","rmod:fuelsupply"],"picked":"rmod:firesupport","floor":2},{"not_picked":[],"picked":"rmod:victimresponsibility","floor":3},{"not_picked":[],"picked":"rmod:circuitoustactics","floor":3},{"not_picked":[],"picked":"rmod:expeditionaryescort","floor":3},{"not_picked":["BeautyBeast","MeatLantern"],"picked":"CrumblingArmor","floor":5},{"not_picked":["rmod:combined","rmod:aluminumsupply"],"picked":"rmod:chargemoney","floor":5},{"not_picked":["Bloodbath","CherryBlossoms"],"picked":"FairyFestival","floor":7},{"not_picked":["rmod:combined","rmod:smokecover"],"picked":"rmod:concentratefire","floor":7},{"not_picked":["BeautyBeast","LongBird"],"picked":"Murderer","floor":8},{"not_picked":["rmod:aluminumsupply","rmod:victimresponsibility"],"picked":"rmod:goodfighter","floor":8},{"not_picked":["WhitesApple","Bloodbath"],"picked":"PunishingBird","floor":10},{"not_picked":["rmod:expedition","rmod:victimresponsibility+1"],"picked":"rmod:tearstotiara","floor":10}],"player_experience":161622,"relics_obtained":[{"floor":7,"key":"Lizard Tail"},{"floor":9,"key":"Toxic Egg 2"}],"event_choices":[{"damage_healed":0,"gold_gain":0,"player_choice":"Take Wound","damage_taken":0,"relics_obtained":["Golden Idol"],"max_hp_gain":0,"max_hp_loss":0,"event_name":"Golden Idol","floor":11,"gold_loss":0,"cards_obtained":["Injury"]}],"is_beta":false,"boss_relics":[],"items_purged_floors":[],"is_endless":false,"potions_floor_spawned":[1,5,7,8],"killed_by":"Lagavulin","ascension_level":3}}