{"host":"vpaavrwbmey593fx","time":1613935449,"event":{"mods":["AchievementEnabler","BaseMod","Bestiary","Colored Map","Colored Powertips","DeckTracker","Minty Spire (QoL Compilation)","Relic Sorter"],"gold_per_floor":[114,114,114,125,144,144,174,174,174,203,123,198,8,43,43,141,141,161,161,176,28,43,43,69,69,119,119,79,99,132,148,148,249,249,263,263,282,89,106,106,122,140,164,178,193,226,18,18,18,18],"floor_reached":51,"language":"ENG","playtime":6494,"items_purged":["MasterReality"],"score":902,"play_id":"f99f974f-d709-4c9a-a2d1-d027fee05ac9","local_time":"20210221112409","is_ascension_mode":true,"campfire_choices":[{"data":"Eruption","floor":6.0,"key":"SMITH"},{"data":"Prostrate","floor":8.0,"key":"SMITH"},{"data":"Meditate","floor":15.0,"key":"SMITH"},{"data":"Consecrate","floor":23.0,"key":"SMITH"},{"data":"Vigilance","floor":25.0,"key":"SMITH"},{"data":"SashWhip","floor":27.0,"key":"SMITH"},{"floor":32.0,"key":"REST"},{"data":"Blasphemy","floor":40,"key":"SMITH"},{"data":"BattleHymn","floor":49,"key":"SMITH"}],"circlet_count":0,"master_deck":["Strike_P","Strike_P","Strike_P","Defend_P","Defend_P","Defend_P","Defend_P","Eruption+1","Vigilance+1","Prostrate+1","ReachHeaven","Halt","Meditate+1","TalkToTheHand","TalkToTheHand","ThirdEye","FollowUp","MasterReality+1","Consecrate+1","Evaluate+1","Worship+1","SashWhip+1","Blasphemy+1","Prostrate+1","Scrawl","JustLucky","TalkToTheHand","CrushJoints+1","Protect","Brilliance","Tantrum+1","Wallop","Prostrate+1","BattleHymn+1","Meditate","Apotheosis","Ragnarok"],"relics":["HolyWater","Pen Nib","Letter Opener","MealTicket","Pear","Yang","Membership Card","White Beast Statue","Frozen Eye","Bottled Lightning","Vajra","Singing Bowl","SacredBark","Sling","Boot","StoneCalendar"],"acts_visited":["Exordium","TheCity","TheBeyond"],"potions_floor_usage":[39,41,50,50],"damage_taken":[{"damage":0.0,"enemies":"Small Slimes","floor":1.0,"turns":4.0},{"damage":0.0,"enemies":"2 Louse","floor":4.0,"turns":3.0},{"damage":0.0,"enemies":"Cultist","floor":5.0,"turns":2.0},{"damage":16.0,"enemies":"Gremlin Nob","floor":7.0,"turns":3.0},{"damage":29.0,"enemies":"Lagavulin","floor":10.0,"turns":6.0},{"damage":13.0,"enemies":"Gremlin Nob","floor":14.0,"turns":4.0},{"damage":10.0,"enemies":"The Guardian","floor":16.0,"turns":6.0},{"damage":7.0,"enemies":"3 Byrds","floor":18.0,"turns":3.0},{"damage":4.0,"enemies":"2 Thieves","floor":20.0,"turns":2.0},{"damage":9.0,"enemies":"Centurion and Healer","floor":22.0,"turns":4.0},{"damage":17.0,"enemies":"Gremlin Leader","floor":24.0,"turns":4.0},{"damage":20.0,"enemies":"Shelled Parasite and Fungi","floor":29.0,"turns":5.0},{"damage":12.0,"enemies":"Slavers","floor":30.0,"turns":3.0},{"damage":17.0,"enemies":"Snake Plant","floor":31.0,"turns":5.0},{"damage":9.0,"enemies":"Collector","floor":33.0,"turns":9.0},{"damage":25.0,"enemies":"Orb Walker","floor":35.0,"turns":6.0},{"damage":16.0,"enemies":"3 Darklings","floor":37.0,"turns":4.0},{"damage":22,"enemies":"Writhing Mass","floor":39,"turns":4},{"damage":16,"enemies":"Jaw Worm Horde","floor":41,"turns":3},{"damage":10,"enemies":"4 Shapes","floor":42,"turns":2},{"damage":0,"enemies":"Spire Growth","floor":44,"turns":3},{"damage":0,"enemies":"Writhing Mass","floor":45,"turns":4},{"damage":46,"enemies":"Nemesis","floor":46,"turns":4},{"damage":76,"enemies":"Awakened One","floor":50,"turns":9}],"seed_played":"7299105421987533680","potions_obtained":[{"floor":4.0,"key":"Block Potion"},{"floor":14.0,"key":"Strength Potion"},{"floor":16.0,"key":"Fire Potion"},{"floor":18.0,"key":"Strength Potion"},{"floor":20.0,"key":"Swift Potion"},{"floor":22.0,"key":"Dexterity Potion"},{"floor":24.0,"key":"ColorlessPotion"},{"floor":29.0,"key":"DistilledChaos"},{"floor":30.0,"key":"EssenceOfSteel"},{"floor":31.0,"key":"SpeedPotion"},{"floor":33.0,"key":"ColorlessPotion"},{"floor":35.0,"key":"FearPotion"},{"floor":37.0,"key":"Swift Potion"},{"floor":39,"key":"Explosive Potion"},{"floor":41,"key":"AttackPotion"},{"floor":42,"key":"FairyPotion"},{"floor":45,"key":"FairyPotion"},{"floor":46,"key":"ColorlessPotion"}],"is_trial":false,"path_per_floor":["M","?","?","M","M","R","E","R","T","E","$","?","$","E","R","B",null,"M","?","M","$","M","R","E","R","T","R","?","M","E","M","R","B",null,"M","?","M","$","M","R","M","M","T","M","M","E","$","?","R","B",null],"character_chosen":"WATCHER","items_purchased":["TalkToTheHand","Membership Card","TalkToTheHand","ThirdEye","Pen Nib","Frozen Eye","Sling","Protect","Brilliance","BattleHymn","Meditate","Apotheosis","Ragnarok"],"campfire_rested":1,"item_purchase_floors":[11,13,13,13,21,21,38,38,38,47,47,47,47],"current_hp_per_floor":[72,77,70,70,70,70,54,54,64,35,50,39,54,41,41,31,87,80,80,76,87,78,78,61,61,61,61,61,41,29,12,38,29,87,64,64,48,63,41,41,25,17,17,19,19,57,72,72,72,57],"gold":18,"neow_bonus":"RANDOM_COMMON_RELIC","is_daily":false,"chose_seed":false,"campfire_upgraded":8,"win_rate":0.0,"timestamp":1613935449,"path_taken":["M","?","?","M","M","R","E","R","T","E","$","?","$","E","R","BOSS","M","?","M","?","?","R","E","R","T","R","?","M","E","?","R","BOSS","M","?","M","$","M","R","M","?","T","M","M","E","$","?","R","BOSS"],"items_purchased_type":["Card","Relic","Card","Card","Relic","Relic","Relic","Card","Card","Card","Card","Card","Card"],"build_version":"2020-12-22","purchased_purges":1,"victory":true,"max_hp_per_floor":[72,77,77,77,77,77,77,77,87,87,87,87,87,87,87,87,87,87,87,87,87,87,87,87,87,87,87,87,87,87,87,87,87,87,89,89,89,89,89,89,89,91,91,93,93,95,95,95,95,95],"card_choices":[{"not_picked":["Sanctity","FollowUp"],"picked":"Prostrate","floor":1.0},{"not_picked":["ThirdEye","Weave"],"picked":"ReachHeaven","floor":4.0},{"not_picked":["JustLucky","EmptyBody","SandsOfTime"],"picked":"SKIP","floor":5.0},{"not_picked":["ConjureBlade","EmptyBody"],"picked":"Halt","floor":7.0},{"not_picked":["Evaluate","LikeWater"],"picked":"Meditate","floor":10.0},{"not_picked":["Halt","JustLucky"],"picked":"FollowUp","floor":14.0},{"not_picked":["SpiritShield","DeusExMachina"],"picked":"MasterReality","floor":16.0},{"not_picked":["MentalFortress+1","Evaluate"],"picked":"Consecrate","floor":18.0},{"not_picked":["JustLucky","FlurryOfBlows+1"],"picked":"Evaluate","floor":20.0},{"not_picked":["Weave","Prostrate"],"picked":"Worship+1","floor":22.0},{"not_picked":["ThirdEye","Conclude"],"picked":"SashWhip","floor":24.0},{"not_picked":["Worship","Evaluate","FlurryOfBlows"],"picked":"SKIP","floor":29.0},{"not_picked":["MentalFortress","WreathOfFlame+1"],"picked":"Blasphemy","floor":30.0},{"not_picked":["CutThroughFate+1","Protect"],"picked":"Prostrate+1","floor":31.0},{"not_picked":["DeusExMachina","Judgement"],"picked":"Scrawl","floor":33.0},{"not_picked":["Indignation","PathToVictory+1","CrushJoints"],"picked":"Singing Bowl","floor":35.0},{"not_picked":["EmptyFist+1","CutThroughFate+1"],"picked":"CrushJoints+1","floor":37.0},{"not_picked":["FlurryOfBlows","FollowUp"],"picked":"Tantrum+1","floor":39},{"not_picked":["EmptyFist","CrushJoints"],"picked":"Wallop","floor":41},{"not_picked":["EmptyFist","Protect","FlurryOfBlows"],"picked":"Singing Bowl","floor":42},{"not_picked":["ClearTheMind","PathToVictory","EmptyBody+1"],"picked":"Singing Bowl","floor":44},{"not_picked":["Evaluate+1","Conclude"],"picked":"Prostrate+1","floor":45},{"not_picked":["FlyingSleeves","ThirdEye","BowlingBash"],"picked":"Singing Bowl","floor":46}],"player_experience":396856,"relics_obtained":[{"floor":7.0,"key":"Letter Opener"},{"floor":9.0,"key":"Pear"},{"floor":10.0,"key":"Yang"},{"floor":14.0,"key":"White Beast Statue"},{"floor":24.0,"key":"Bottled Lightning"},{"floor":26.0,"key":"Vajra"},{"floor":30.0,"key":"Singing Bowl"},{"floor":43,"key":"Boot"},{"floor":46,"key":"StoneCalendar"}],"event_choices":[{"damage_healed":0.0,"max_hp_gain":5.0,"max_hp_loss":0.0,"gold_gain":0.0,"event_name":"Big Fish","player_choice":"Donut","floor":2.0,"gold_loss":0.0,"damage_taken":0.0},{"cards_removed":["Strike_P"],"damage_healed":0.0,"max_hp_gain":0.0,"max_hp_loss":0.0,"gold_gain":0.0,"event_name":"Golden Wing","player_choice":"Card Removal","floor":3.0,"gold_loss":0.0,"damage_taken":7.0},{"damage_healed":0.0,"max_hp_gain":0.0,"max_hp_loss":0.0,"gold_gain":75.0,"event_name":"World of Goop","player_choice":"Gather Gold","floor":12.0,"gold_loss":0.0,"damage_taken":11.0},{"damage_healed":0.0,"max_hp_gain":0.0,"max_hp_loss":0.0,"gold_gain":0.0,"event_name":"Upgrade Shrine","player_choice":"Upgraded","floor":19.0,"gold_loss":0.0,"damage_taken":0.0,"cards_upgraded":["MasterReality"]},{"damage_healed":0.0,"max_hp_gain":0.0,"max_hp_loss":0.0,"gold_gain":0.0,"event_name":"Designer","player_choice":"Upgrade","floor":28.0,"gold_loss":40.0,"damage_taken":0.0,"cards_upgraded":["Evaluate"]},{"damage_healed":0.0,"max_hp_gain":0.0,"max_hp_loss":0.0,"gold_gain":0.0,"event_name":"Match and Keep!","player_choice":"3 cards matched","floor":36.0,"gold_loss":0.0,"damage_taken":0.0,"cards_obtained":["JustLucky","MasterReality","TalkToTheHand"]},{"damage_healed":0,"gold_gain":0,"player_choice":"Ignored","damage_taken":0,"max_hp_gain":0,"max_hp_loss":0,"event_name":"SecretPortal","floor":48,"gold_loss":0}],"is_beta":false,"boss_relics":[{"not_picked":["Calling Bell","Snecko Eye"],"picked":"HolyWater"},{"not_picked":["Black Star","Tiny House"],"picked":"SacredBark"}],"items_purged_floors":[38],"is_endless":false,"potions_floor_spawned":[4,14,16,18,20,22,24,29,30,31,33,35,37,39,41,42,44,45,46],"ascension_level":4}}