{"host":"nia1zwr35jsu5y7h","time":1613900451,"event":{"mods":["2.2 Compatiblity","Abigail Mod","Bard","BaseMod","Colored Map","Conspire","Downfall","Friendly Minions","Hermit","Highlight Path","Hubris","Infinite Spire","Kiyohime????","Koishi","Marisa????????","Minty Spire (QoL Compilation)","Quick Restart","Replay The Spire","Shade Mod","Shop Mod","StSLib","The Animator","The Construct","The Cursed","The Disciple","The Mystic","The Necromancer","The Servant 0.9.4"],"gold_per_floor":[360,379,390,81,46,46,46],"floor_reached":6,"language":"ENG","playtime":290,"items_purged":["Strike_S"],"score":72,"play_id":"e2113413-54ac-4acd-963f-9ed4c9101932","local_time":"20210221014051","is_ascension_mode":true,"campfire_choices":[],"circlet_count":0,"master_deck":["AscendersBane","Strike_S","Strike_S","Strike_S","Defend_S","Defend_S","Defend_S","Defend_S","KidneyShot","Exchange","TimeWarp","Snipe","BestPractice","Replay:Dark Deal","BestPractice"],"relics":["Uniform"],"acts_visited":["Exordium"],"potions_floor_usage":[],"damage_taken":[{"damage":0,"enemies":"Small Slimes","floor":1,"turns":4},{"damage":2,"enemies":"Jaw Worm","floor":2,"turns":3},{"damage":5,"enemies":"conspire:RoseBush","floor":3,"turns":3},{"damage":41,"enemies":"3 Sentries","floor":6,"turns":8}],"seed_played":"-2377596541509100997","potions_obtained":[{"floor":2,"key":"FearPotion"}],"is_trial":false,"path_per_floor":["M","M","M","$","?","E"],"character_chosen":"THE_SERVANT","items_purchased":["Replay:Dark Deal","BestPractice"],"campfire_rested":0,"item_purchase_floors":[4,4],"current_hp_per_floor":[39,37,32,32,47,6,6],"gold":46,"neow_bonus":"TWO_FIFTY_GOLD","is_daily":false,"chose_seed":false,"campfire_upgraded":0,"win_rate":0.0,"timestamp":1613900451,"path_taken":["M","M","M","$","?","E"],"items_purchased_type":["Card","Card"],"build_version":"2020-12-22","purchased_purges":1,"victory":false,"max_hp_per_floor":[60,60,60,60,60,60,60],"card_choices":[{"not_picked":["Rearm","Replace"],"picked":"TimeWarp","floor":1},{"not_picked":["Rearm","RealityMarble"],"picked":"Snipe","floor":2},{"not_picked":["BottledTime","Starlight"],"picked":"BestPractice","floor":3}],"player_experience":2208484,"relics_obtained":[],"event_choices":[{"damage_healed":15,"gold_gain":0,"player_choice":"Healed","damage_taken":0,"max_hp_gain":0,"max_hp_loss":0,"event_name":"The Cleric","floor":5,"gold_loss":35}],"is_beta":false,"boss_relics":[],"items_purged_floors":[4],"is_endless":false,"potions_floor_spawned":[2],"killed_by":"3 Sentries","ascension_level":20}}