{"host":"5n1fl7z5i1vf7jan","time":1613938671,"event":{"mods":["BaseMod","Minty Spire (QoL Compilation)","Quick Restart","Relic Stats"],"gold_per_floor":[114,127,127,46,58,84,96,130,130,130,49,49,49,84,84,157,157,176,17,36,49,49,49,49,49,49],"floor_reached":25,"language":"ENG","playtime":895,"items_purged":["Strike_B"],"score":438,"play_id":"031261fa-5a41-45c9-aece-3ceedcfba9c8","local_time":"20210221121751","is_ascension_mode":true,"campfire_choices":[{"data":"Creative AI","floor":10.0,"key":"SMITH"},{"data":"Defragment","floor":12.0,"key":"SMITH"},{"data":"Chill","floor":13.0,"key":"SMITH"},{"floor":15.0,"key":"REST"},{"floor":23,"key":"RECALL"}],"circlet_count":0,"master_deck":["AscendersBane","Strike_B","Strike_B","Defend_B","Defend_B","Defend_B","Defend_B","Zap","Dualcast","Ball Lightning","Compile Driver","Coolheaded","Chill+1","Ball Lightning","Creative AI+1","Defragment+1","Capacitor","Biased Cognition","Rebound","Leap","BootSequence","Turbo","Steam","Conserve Battery","Decay"],"relics":["Cracked Core","Akabeko","Torii","Shuriken","WingedGreaves","Prayer Wheel","Fusion Hammer"],"acts_visited":["Exordium","TheCity"],"potions_floor_usage":[],"damage_taken":[{"damage":2.0,"enemies":"Jaw Worm","floor":1.0,"turns":3.0},{"damage":1.0,"enemies":"Cultist","floor":2.0,"turns":3.0},{"damage":0.0,"enemies":"2 Louse","floor":5.0,"turns":1.0},{"damage":19.0,"enemies":"Lagavulin","floor":6.0,"turns":7.0},{"damage":1.0,"enemies":"Looter","floor":7.0,"turns":2.0},{"damage":9.0,"enemies":"Gremlin Nob","floor":8.0,"turns":3.0},{"damage":1.0,"enemies":"Lagavulin","floor":14.0,"turns":7.0},{"damage":32.0,"enemies":"The Guardian","floor":16.0,"turns":10.0},{"damage":2.0,"enemies":"Spheric Guardian","floor":18.0,"turns":4.0},{"damage":2.0,"enemies":"Shell Parasite","floor":20.0,"turns":6.0},{"damage":1.0,"enemies":"Centurion and Healer","floor":21.0,"turns":8.0},{"damage":60,"enemies":"Slavers","floor":25,"turns":5}],"seed_played":"5187230218085131463","potions_obtained":[{"floor":2.0,"key":"Swift Potion"},{"floor":5.0,"key":"LiquidMemories"}],"is_trial":false,"path_per_floor":["M","M","?","$","M","E","M","E","T","R","$","R","R","E","R","B",null,"M","$","M","M","?","R","?","E"],"character_chosen":"DEFECT","items_purchased":["Chill","Defragment","BootSequence"],"campfire_rested":1,"item_purchase_floors":[4,11,19],"current_hp_per_floor":[62,61,61,61,61,42,41,32,32,32,32,32,32,31,52,20,58,56,56,54,53,53,53,53,0,0],"gold":49,"neow_bonus":"RANDOM_COMMON_RELIC","is_daily":false,"chose_seed":false,"campfire_upgraded":3,"win_rate":0.0,"timestamp":1613938671,"path_taken":["M","M","?","$","M","E","M","E","T","R","$","R","R","E","R","BOSS","M","?","?","M","?","R","?","E"],"items_purchased_type":["Card","Card","Card"],"build_version":"2020-12-22","purchased_purges":1,"victory":false,"max_hp_per_floor":[71,71,71,71,71,71,71,71,71,71,71,71,71,71,71,71,71,71,71,71,71,71,71,71,71,71],"relic_stats":{"Torii":15,"counters":[12,59],"Shuriken":[3],"Prayer Wheel":3,"obtain_stats":[{"Torii":6,"Shuriken":8,"Prayer Wheel":14,"WingedGreaves":9,"Fusion Hammer":17,"Cracked Core":0,"Akabeko":0},{"Torii":4,"Shuriken":6,"Prayer Wheel":7,"WingedGreaves":6,"Fusion Hammer":8,"Cracked Core":0,"Akabeko":0},{"Torii":14,"Shuriken":19,"Prayer Wheel":26,"WingedGreaves":19,"Fusion Hammer":36,"Cracked Core":0,"Akabeko":0}]},"card_choices":[{"not_picked":["Defragment","Conserve Battery"],"picked":"Ball Lightning","floor":1.0},{"not_picked":["Static Discharge","Stack"],"picked":"Compile Driver","floor":2.0},{"not_picked":["Conserve Battery","Turbo"],"picked":"Ball Lightning","floor":5.0},{"not_picked":["Fusion","Redo","Beam Cell"],"picked":"SKIP","floor":6.0},{"not_picked":["Stack","Ball Lightning","Streamline"],"picked":"SKIP","floor":7.0},{"not_picked":["Hologram","Ball Lightning"],"picked":"Creative AI","floor":8.0},{"not_picked":["White Noise","Rip and Tear"],"picked":"Capacitor","floor":14.0},{"not_picked":["Rainbow","Buffer"],"picked":"Biased Cognition","floor":16.0},{"not_picked":["Cold Snap","Compile Driver+1"],"picked":"Rebound","floor":18.0},{"not_picked":["Tempest","Cold Snap"],"picked":"Leap","floor":18.0},{"not_picked":["Recycle","Tempest"],"picked":"Turbo","floor":20.0},{"not_picked":["Sweeping Beam","Compile Driver"],"picked":"Steam","floor":20.0},{"not_picked":["Fusion","Redo"],"picked":"Conserve Battery","floor":21.0},{"not_picked":["Go for the Eyes","All For One","Cold Snap"],"picked":"SKIP","floor":21.0}],"player_experience":379882,"relics_obtained":[{"floor":6.0,"key":"Torii"},{"floor":8.0,"key":"Shuriken"},{"floor":9.0,"key":"WingedGreaves"},{"floor":14.0,"key":"Prayer Wheel"}],"event_choices":[{"damage_healed":0.0,"max_hp_gain":0.0,"max_hp_loss":0.0,"gold_gain":0.0,"cards_transformed":["Strike_B"],"event_name":"Transmorgrifier","player_choice":"Transformed","floor":3.0,"gold_loss":0.0,"damage_taken":0.0,"cards_obtained":["Coolheaded"]},{"damage_healed":0,"gold_gain":0,"player_choice":"Ignored","damage_taken":0,"max_hp_gain":0,"max_hp_loss":0,"event_name":"The Mausoleum","floor":22,"gold_loss":0},{"damage_healed":0,"gold_gain":0,"player_choice":"Smashed Altar","damage_taken":0,"max_hp_gain":0,"max_hp_loss":0,"event_name":"Forgotten Altar","floor":24,"gold_loss":0,"cards_obtained":["Decay"]}],"is_beta":false,"boss_relics":[{"not_picked":["Busted Crown","Ectoplasm"],"picked":"Fusion Hammer"}],"items_purged_floors":[19],"is_endless":false,"potions_floor_spawned":[2,5],"killed_by":"Slavers","ascension_level":20}}