{"host":"9op7xyky91xc1g6p","time":1613896480,"event":{"mods":["100% Spire Juice","Act Like it!","Astrologer","Bartender","BaseMod","Beaked The Cultist","Better Altar","Better Note","Better Sensory Stone","Better Skull","Better Third Choice","Better Vampires","Bossed Relics","BshForSts","CapriCore","Energized Spire","Gensokyo","Hallownest","Hermit","HololiveMod","Infinite Spire","Koishi","Magitek Elite","Marisa????????","Minty Spire (QoL Compilation)","Random Character Button","Remilia??????","Retaliation","Robot Space Explorer","Shade Mod","SpireExporter+","StSLib","The Animator","The Bladedancer","The Disciple","The Dragon Tamer","The Elementalist","The Hierophant","The Immortal","The Marked","The Mystic","The Poker Player","The Problem Sleuth","The Runesmith","The Spell Scribe","TheBandit","Trackpad","Yuyuko","??????REMEMod"],"gold_per_floor":[114,76,89,89,9,37,51,68,68,68,45,58,88,106,106,214,214,231,248,259,275,275,300,10,45,72,98,108,128,128,128,128,226,226,236,236,4,108,128,128,128,128],"floor_reached":40,"language":"ENG","playtime":3766,"items_purged":[],"score":560,"play_id":"28aa734c-c4d3-4c69-9481-791a99df69ff","local_time":"20210221003440","is_ascension_mode":false,"metric_token":3154,"campfire_choices":[{"floor":15,"key":"RECALL"},{"data":"PokerPlayerMod:Club3","floor":32,"key":"SMITH"}],"circlet_count":0,"master_deck":["PokerPlayerMod:Diamond1","PokerPlayerMod:Diamond2","PokerPlayerMod:Diamond3","PokerPlayerMod:Diamond4","PokerPlayerMod:Diamond5","PokerPlayerMod:Spade1","PokerPlayerMod:Spade2","PokerPlayerMod:Spade3","PokerPlayerMod:Spade4","PokerPlayerMod:Club1","PokerPlayerMod:Club2","PokerPlayerMod:Heart2","PokerPlayerMod:TrumpStrike","PokerPlayerMod:BadJoker","PokerPlayerMod:Mulligan","PokerPlayerMod:GamblerForm","PokerPlayerMod:Diamond4","PokerPlayerMod:ClubDance","PokerPlayerMod:Club4","REME_MagicPocketWatch","PokerPlayerMod:Spade10+","PokerPlayerMod:DiamondStrike","PokerPlayerMod:Trickery","PokerPlayerMod:DiamondStrike","PokerPlayerMod:CardBurn","PokerPlayerMod:Raise","PokerPlayerMod:SpadeStrike","PokerPlayerMod:Spade4","PokerPlayerMod:Diamond8","PokerPlayerMod:SpadeStrike","PokerPlayerMod:Heart4","PokerPlayerMod:Club2","PokerPlayerMod:Club5","PokerPlayerMod:MagicTrick","PokerPlayerMod:Club7","PokerPlayerMod:Diamond7","PokerPlayerMod:ClubShade","PokerPlayerMod:HeartStrike","PokerPlayerMod:Diamond5","PokerPlayerMod:Club4","PokerPlayerMod:Spade4","PokerPlayerMod:ChangeRules+1","PokerPlayerMod:StackedDeck","CurseOfTheBell","PokerPlayerMod:Heart6","PokerPlayerMod:Mulligan","theSleuth:MortholDryax","PokerPlayerMod:Diamond10+","PokerPlayerMod:Spade4","PokerPlayerMod:MagicTrick","PokerPlayerMod:Heart4","PokerPlayerMod:Spade4"],"relics":["PokerPlayerMod:DeckCase","REME_ComplimentaryCards","Hololive_LightStick","Hallownest:SheosBrushRelic","HornCleat","energizedSpire:RedRose","trackpad:HandOfMidas","trackpad:PetRock","Molten Egg 2","Smiling Mask","PokerPlayerMod:BottledPoker","Calling Bell","Runesmith:AutoHammer","REME_HourglassOfDeath","Gambling Chip"],"acts_visited":["Hallownest:Greenpath","Hallownest:CityofTears","TheBeyond"],"potions_floor_usage":[13,16,16,33,33,40,40],"damage_taken":[{"damage":1,"enemies":"Hallownest:2_Tiktiks_and_1_Crawlid","floor":1,"turns":2},{"damage":0,"enemies":"Hallownest:monsterHuskGuard","floor":3,"turns":3},{"damage":8,"enemies":"Hallownest:eliteCrystalGuardian","floor":6,"turns":5},{"damage":1,"enemies":"Hallownest:monsterHuskWarrior","floor":7,"turns":2},{"damage":0,"enemies":"Hallownest:Wandering_and_Horned","floor":8,"turns":2},{"damage":0,"enemies":"Hallownest:monsterFoolEater","floor":12,"turns":3},{"damage":1,"enemies":"Hallownest:eliteVengeflyKing","floor":13,"turns":2},{"damage":0,"enemies":"Hallownest:monsterAspidMother","floor":14,"turns":3},{"damage":22,"enemies":"Hallownest:BossFalseKnight","floor":16,"turns":8},{"damage":0,"enemies":"Hallownest:Guard_and_Sentry","floor":18,"turns":3},{"damage":0,"enemies":"Hallownest:3_Youths","floor":19,"turns":2},{"damage":2,"enemies":"Hallownest:3_Mistakes","floor":20,"turns":7},{"damage":0,"enemies":"Hallownest:2_Husk_Sentries","floor":21,"turns":4},{"damage":5,"enemies":"Hallownest:eliteSoulWarrior","floor":23,"turns":5},{"damage":7,"enemies":"Hallownest:eliteWatcherKnight","floor":25,"turns":10},{"damage":0,"enemies":"Hallownest:eliteSoulWarrior","floor":27,"turns":4},{"damage":0,"enemies":"Hallownest:2_Flukemon","floor":28,"turns":5},{"damage":0,"enemies":"Hallownest:Master_and_Novice","floor":29,"turns":3},{"damage":9,"enemies":"Hallownest:BossSoulMaster","floor":33,"turns":7},{"damage":1,"enemies":"3 Shapes","floor":35,"turns":2},{"damage":0,"enemies":"Orb Walker","floor":38,"turns":1},{"damage":0,"enemies":"4 Shapes","floor":39,"turns":2},{"damage":84,"enemies":"Giant Head","floor":40,"turns":8}],"seed_played":"-1719770486322938166","potions_obtained":[{"floor":1,"key":"Strength Potion"},{"floor":3,"key":"AttackPotion"},{"floor":7,"key":"Energy Potion"},{"floor":14,"key":"SteroidPotion"},{"floor":23,"key":"Explosive Potion"},{"floor":27,"key":"Fire Potion"},{"floor":33,"key":"Fire Potion"},{"floor":38,"key":"Fire Potion"}],"is_trial":false,"path_per_floor":["M","$","M","?","$","E","M","M","T","?","$","M","E","M","R","B",null,"M","M","M","M","AVR","E","$","E","T","E","M","M","?","?","R","B",null,"M","?","$","M","M","E"],"character_chosen":"THE_POKER_PLAYER","items_purchased":["PokerPlayerMod:ClubDance","PokerPlayerMod:Spade10+","PokerPlayerMod:CardBurn","PokerPlayerMod:Club7","PokerPlayerMod:Diamond7","PokerPlayerMod:ClubShade","PokerPlayerMod:HeartStrike","PokerPlayerMod:Diamond10+","PokerPlayerMod:Spade4","PokerPlayerMod:MagicTrick"],"campfire_rested":0,"item_purchase_floors":[2,5,11,24,24,24,24,37,37,37],"current_hp_per_floor":[52,52,52,52,52,44,43,43,43,43,43,43,42,44,44,22,52,52,52,52,52,52,52,52,52,52,52,52,52,52,52,52,47,52,51,51,51,51,52,0,0,0],"gold":128,"neow_bonus":"ONE_RANDOM_RARE_CARD","is_daily":false,"chose_seed":false,"campfire_upgraded":1,"win_rate":0.0,"timestamp":1613896480,"path_taken":["M","?","?","?","$","E","M","M","T","?","?","M","E","M","R","BOSS","M","M","M","M","AVR","E","$","E","T","E","M","M","?","?","R","BOSS","M","?","?","M","M","E"],"items_purchased_type":["Card","Undefined","Card","Card","Card","Card","Card","Undefined","Card","Card"],"build_version":"2020-12-22","purchased_purges":0,"victory":false,"max_hp_per_floor":[52,52,52,52,52,52,52,52,52,52,52,52,52,52,52,52,52,52,52,52,52,52,52,52,52,52,52,52,52,52,52,52,52,52,52,52,52,52,52,52,52,52],"card_choices":[{"not_picked":["PokerPlayerMod:Trickery","PokerPlayerMod:SpadeStrike"],"picked":"PokerPlayerMod:Diamond4","floor":1},{"not_picked":["PokerPlayerMod:Spade3","PokerPlayerMod:Diamond2"],"picked":"PokerPlayerMod:Club3","floor":3},{"not_picked":["Secret Technique","Flash of Steel"],"picked":"REME_MagicPocketWatch","floor":4},{"not_picked":["PokerPlayerMod:Spade5","PokerPlayerMod:CloakAndDiamond"],"picked":"PokerPlayerMod:DiamondStrike","floor":6},{"not_picked":["PokerPlayerMod:DartThrow","PokerPlayerMod:Diamond1"],"picked":"PokerPlayerMod:Trickery","floor":7},{"not_picked":["PokerPlayerMod:Spade1","PokerPlayerMod:FlyingCard"],"picked":"PokerPlayerMod:DiamondStrike","floor":8},{"not_picked":["PokerPlayerMod:Diamond1","PokerPlayerMod:HeartStrike"],"picked":"PokerPlayerMod:Raise","floor":12},{"not_picked":["PokerPlayerMod:Configure","PokerPlayerMod:Spade4"],"picked":"PokerPlayerMod:SpadeStrike","floor":13},{"not_picked":["PokerPlayerMod:Club2","PokerPlayerMod:DartThrow"],"picked":"PokerPlayerMod:Spade4","floor":14},{"not_picked":["PokerPlayerMod:WildCard","PokerPlayerMod:ItsShowtime"],"picked":"PokerPlayerMod:Diamond8","floor":16},{"not_picked":["PokerPlayerMod:HotShotCut","PokerPlayerMod:Diamond1"],"picked":"PokerPlayerMod:SpadeStrike","floor":18},{"not_picked":["PokerPlayerMod:PoorCopy","PokerPlayerMod:Configure"],"picked":"PokerPlayerMod:Heart4","floor":19},{"not_picked":["PokerPlayerMod:Configure+1","PokerPlayerMod:Fold+1"],"picked":"PokerPlayerMod:Club2","floor":20},{"not_picked":["PokerPlayerMod:Club2","PokerPlayerMod:Harden"],"picked":"PokerPlayerMod:Club5","floor":21},{"not_picked":["PokerPlayerMod:Configure+1","PokerPlayerMod:Trickery"],"picked":"PokerPlayerMod:MagicTrick","floor":23},{"not_picked":["PokerPlayerMod:MagicTrick","PokerPlayerMod:ClubsClub+1"],"picked":"PokerPlayerMod:Diamond5","floor":25},{"not_picked":["PokerPlayerMod:CardBurn+1","PokerPlayerMod:Raise"],"picked":"PokerPlayerMod:Club4","floor":27},{"not_picked":["PokerPlayerMod:Diamond1","PokerPlayerMod:Spade2"],"picked":"PokerPlayerMod:Spade4","floor":28},{"not_picked":["PokerPlayerMod:Diamond4","PokerPlayerMod:Heart1"],"picked":"PokerPlayerMod:ChangeRules+1","floor":29},{"not_picked":["PokerPlayerMod:GamblerForm","PokerPlayerMod:SecretDealer"],"picked":"PokerPlayerMod:StackedDeck","floor":33},{"not_picked":["PokerPlayerMod:Diamond3","PokerPlayerMod:ClubsClub+1"],"picked":"PokerPlayerMod:Heart6","floor":35},{"not_picked":["PokerPlayerMod:Diamond3","PokerPlayerMod:Overdeal+1"],"picked":"PokerPlayerMod:Heart4","floor":38},{"not_picked":["PokerPlayerMod:CardBurn","PokerPlayerMod:Spade1"],"picked":"PokerPlayerMod:Spade4","floor":39}],"player_experience":461191,"relics_obtained":[{"floor":6,"key":"Hololive_LightStick"},{"floor":13,"key":"HornCleat"},{"floor":23,"key":"trackpad:PetRock"},{"floor":25,"key":"Molten Egg 2"},{"floor":26,"key":"Smiling Mask"},{"floor":27,"key":"PokerPlayerMod:BottledPoker"},{"floor":34,"key":"Runesmith:AutoHammer"},{"floor":34,"key":"REME_HourglassOfDeath"},{"floor":34,"key":"Gambling Chip"}],"event_choices":[{"damage_healed":0,"gold_gain":1,"player_choice":"1","damage_taken":0,"max_hp_gain":0,"max_hp_loss":0,"event_name":"betterStone:BetterStone","floor":4,"gold_loss":0},{"damage_healed":0,"gold_gain":0,"player_choice":"2 cards matched","damage_taken":0,"max_hp_gain":0,"max_hp_loss":0,"event_name":"Match and Keep!","floor":36,"gold_loss":0,"cards_obtained":["PokerPlayerMod:Mulligan","theSleuth:MortholDryax"]}],"is_beta":false,"boss_relics":[{"not_picked":["energizedSpire:MagnifyingGlass","REME_ChargedStone"],"picked":"energizedSpire:RedRose"},{"not_picked":["energizedSpire:SpiderWeb","Silver_Glasses"],"picked":"Calling Bell"}],"items_purged_floors":[],"is_endless":false,"potions_floor_spawned":[1,3,7,14,23,27,29,33,38,39],"killed_by":"Giant Head","ascension_level":0}}