{"host":"6406jj8da6015sxr","time":1613932255,"event":{"mods":["AchievementEnabler","BaseMod","Colored Map","DeckTracker","Keyboard Shortcuts","Minty Spire (QoL Compilation)","Permanent Neow","Relic Stats","SuperFastMode","everything is the same but u backflip on backflip"],"gold_per_floor":[118,43,60,35,85,85,103,103,103,132,147,147,147,147,147,224,224,200,200,213,49,67,94,109,109,109,126,126,142,57,74,74,74,74],"floor_reached":33,"language":"KOR","playtime":1256,"items_purged":[],"score":507,"play_id":"d574f262-830b-408a-a0ce-a4280a3d2e72","local_time":"20210222033055","is_ascension_mode":true,"campfire_choices":[{"data":"Blade Dance","floor":6.0,"key":"SMITH"},{"data":"Neutralize","floor":13.0,"key":"SMITH"},{"data":"Cloak And Dagger","floor":15.0,"key":"SMITH"},{"data":"Cloak And Dagger","floor":32.0,"key":"SMITH"}],"circlet_count":0,"master_deck":["AscendersBane","Strike_G","Strike_G","Strike_G","Strike_G","Defend_G","Defend_G","Defend_G","Survivor","Neutralize+1","After Image","Blade Dance+1","Cloak And Dagger+1","Tactician","PiercingWail","Footwork","Adrenaline","Terror+1","Quick Slash","Cloak And Dagger+1","Acrobatics","Dagger Throw+1","Dagger Spray","Ghostly","Ghostly","Ghostly","Cloak And Dagger","Phantasmal Killer","Reflex"],"relics":["Ring of the Snake","Bronze Scales","FossilizedHelix","Coffee Dripper","HandDrill","Gremlin Horn","Sundial","Omamori"],"acts_visited":["Exordium","TheCity"],"potions_floor_usage":[33,33],"damage_taken":[{"damage":5.0,"enemies":"Jaw Worm","floor":1.0,"turns":5.0},{"damage":0.0,"enemies":"2 Louse","floor":3.0,"turns":5.0},{"damage":0.0,"enemies":"Cultist","floor":7.0,"turns":4.0},{"damage":20.0,"enemies":"3 Sentries","floor":10.0,"turns":12.0},{"damage":0.0,"enemies":"2 Fungi Beasts","floor":11.0,"turns":4.0},{"damage":21.0,"enemies":"Hexaghost","floor":16.0,"turns":13.0},{"damage":9.0,"enemies":"2 Thieves","floor":18.0,"turns":4.0},{"damage":0.0,"enemies":"3 Byrds","floor":20.0,"turns":4.0},{"damage":4.0,"enemies":"3 Cultists","floor":22.0,"turns":6.0},{"damage":24.0,"enemies":"Gremlin Leader","floor":23.0,"turns":8.0},{"damage":0.0,"enemies":"Snake Plant","floor":24.0,"turns":4.0},{"damage":11.0,"enemies":"Sentry and Sphere","floor":27.0,"turns":7.0},{"damage":0.0,"enemies":"Snecko","floor":29.0,"turns":5.0},{"damage":0.0,"enemies":"3 Cultists","floor":31.0,"turns":6.0},{"damage":50,"enemies":"Automaton","floor":33,"turns":6}],"seed_played":"4981132281400789559","potions_obtained":[{"floor":3.0,"key":"Weak Potion"},{"floor":16.0,"key":"Ancient Potion"},{"floor":22.0,"key":"DistilledChaos"},{"floor":23.0,"key":"ColorlessPotion"},{"floor":29.0,"key":"SkillPotion"},{"floor":31.0,"key":"AttackPotion"}],"is_trial":false,"path_per_floor":["M","?","M","$","?","R","M","?","T","E","M","?","R","?","R","B",null,"M","?","M","$","M","E","M","?","T","M","?","M","?","M","R","B"],"character_chosen":"THE_SILENT","items_purchased":["Cloak And Dagger","HandDrill"],"campfire_rested":0,"item_purchase_floors":[4,21],"current_hp_per_floor":[54,54,54,54,54,54,54,54,54,34,34,34,34,27,27,6,51,42,42,42,42,38,14,14,14,14,3,3,3,3,3,3,0,0],"gold":74,"neow_bonus":"ONE_RANDOM_RARE_CARD","is_daily":false,"chose_seed":false,"campfire_upgraded":4,"win_rate":0.0,"timestamp":1613932255,"path_taken":["M","?","M","$","?","R","?","?","T","E","M","?","R","?","R","BOSS","M","?","M","$","M","E","?","?","T","M","?","M","?","M","R","BOSS"],"items_purchased_type":["Card","Relic"],"build_version":"2020-12-22","purchased_purges":0,"victory":false,"max_hp_per_floor":[66,66,66,66,66,66,66,66,66,66,66,66,66,66,66,66,66,66,66,66,66,66,66,66,33,33,33,33,33,33,33,33,33,33],"relic_stats":{"Gremlin Horn":[4,4],"counters":[15,93],"Sundial":[2],"Bronze Scales":[283],"HandDrill":[24],"obtain_stats":[{"Gremlin Horn":23,"Sundial":26,"Bronze Scales":9,"Coffee Dripper":17,"HandDrill":21,"Omamori":30,"FossilizedHelix":10,"Ring of the Snake":0},{"Gremlin Horn":10,"Sundial":11,"Bronze Scales":3,"Coffee Dripper":6,"HandDrill":8,"Omamori":13,"FossilizedHelix":4,"Ring of the Snake":0},{"Gremlin Horn":65,"Sundial":69,"Bronze Scales":14,"Coffee Dripper":43,"HandDrill":51,"Omamori":81,"FossilizedHelix":26,"Ring of the Snake":0}],"Ring of the Snake":[30]},"card_choices":[{"not_picked":["Poisoned Stab","Backstab"],"picked":"Blade Dance","floor":1.0},{"not_picked":["Bouncing Flask","Slice","Prepared"],"picked":"SKIP","floor":3.0},{"not_picked":["Slice","Eviscerate"],"picked":"Tactician","floor":7.0},{"not_picked":["Leg Sweep","Outmaneuver"],"picked":"PiercingWail","floor":10.0},{"not_picked":["Expertise","Bouncing Flask"],"picked":"Footwork","floor":11.0},{"not_picked":["Die Die Die","Glass Knife"],"picked":"Adrenaline","floor":16.0},{"not_picked":["Acrobatics","Leg Sweep"],"picked":"Terror+1","floor":18.0},{"not_picked":["Deflect","Masterful Stab"],"picked":"Cloak And Dagger","floor":20.0},{"not_picked":["Prepared","PiercingWail"],"picked":"Acrobatics","floor":22.0},{"not_picked":["Poisoned Stab+1","Dodge and Roll"],"picked":"Dagger Throw+1","floor":23.0},{"not_picked":["Slice","Underhanded Strike"],"picked":"Dagger Spray","floor":24.0},{"not_picked":["Distraction","Concentrate","Bane"],"picked":"SKIP","floor":27.0},{"not_picked":["Endless Agony+1","Outmaneuver"],"picked":"Phantasmal Killer","floor":29.0},{"not_picked":["PiercingWail","Sucker Punch"],"picked":"Reflex","floor":31.0}],"player_experience":71730,"relics_obtained":[{"floor":9.0,"key":"Bronze Scales"},{"floor":10.0,"key":"FossilizedHelix"},{"floor":23.0,"key":"Gremlin Horn"},{"floor":26.0,"key":"Sundial"}],"event_choices":[{"cards_removed":["Defend_G"],"damage_healed":0.0,"max_hp_gain":0.0,"max_hp_loss":0.0,"gold_gain":0.0,"event_name":"The Cleric","player_choice":"Card Removal","floor":2.0,"gold_loss":75.0,"damage_taken":0.0},{"damage_healed":0.0,"max_hp_gain":0.0,"max_hp_loss":0.0,"gold_gain":50.0,"event_name":"Golden Shrine","player_choice":"Pray","floor":5.0,"gold_loss":0.0,"damage_taken":0.0},{"damage_healed":0.0,"max_hp_gain":0.0,"max_hp_loss":0.0,"gold_gain":0.0,"event_name":"Shining Light","player_choice":"Ignored","floor":8.0,"gold_loss":0.0,"damage_taken":0.0},{"damage_healed":0.0,"max_hp_gain":0.0,"max_hp_loss":0.0,"gold_gain":0.0,"event_name":"Liars Game","player_choice":"Ignored","floor":12.0,"gold_loss":0.0,"damage_taken":0.0},{"cards_removed":["Defend_G"],"damage_healed":0.0,"max_hp_gain":0.0,"max_hp_loss":0.0,"gold_gain":0.0,"event_name":"Golden Wing","player_choice":"Card Removal","floor":14.0,"gold_loss":0.0,"damage_taken":7.0},{"damage_healed":0.0,"max_hp_gain":0.0,"max_hp_loss":0.0,"gold_gain":0.0,"cards_transformed":["Strike_G"],"event_name":"Transmorgrifier","player_choice":"Transformed","floor":19.0,"gold_loss":0.0,"damage_taken":0.0,"cards_obtained":["Quick Slash"]},{"damage_healed":0.0,"max_hp_gain":0.0,"max_hp_loss":33.0,"gold_gain":0.0,"event_name":"Ghosts","player_choice":"Became a Ghost","floor":25.0,"gold_loss":0.0,"damage_taken":0.0,"cards_obtained":["Ghostly","Ghostly","Ghostly"]},{"damage_healed":0.0,"max_hp_gain":0.0,"max_hp_loss":0.0,"gold_gain":0.0,"event_name":"The Library","player_choice":"Read","floor":28.0,"gold_loss":0.0,"damage_taken":0.0,"cards_obtained":["Cloak And Dagger"]},{"damage_healed":0.0,"max_hp_gain":0.0,"max_hp_loss":0.0,"gold_gain":0.0,"event_name":"Addict","player_choice":"Obtained Relic","floor":30.0,"gold_loss":85.0,"damage_taken":0.0,"relics_obtained":["Omamori"]}],"is_beta":false,"boss_relics":[{"not_picked":["Black Star","HoveringKite"],"picked":"Coffee Dripper"}],"items_purged_floors":[],"is_endless":false,"potions_floor_spawned":[3,16,22,23,29,31],"killed_by":"Automaton","ascension_level":18}}