{"host":"drl4gs3853zme1q6","time":1613924969,"event":{"mods":["BaseMod","Colored Map","Colored Powertips","Hermit","Hubris","Infinite Spire","Minty Spire (QoL Compilation)","Replay The Spire","StSLib"],"gold_per_floor":[117,117,131,58,78,78,93,93,93,107,120,120,135,135,135,234,234,234,234],"floor_reached":18,"language":"ENG","playtime":585,"items_purged":[],"score":154,"play_id":"ea972b10-cc58-4d56-a783-276dc97b4813","local_time":"20210221102929","daily_mods":["ControlledChaos","Heirloom"],"is_ascension_mode":false,"campfire_choices":[{"data":"Zap","floor":6,"key":"SMITH"},{"data":"Static Discharge","floor":8,"key":"SMITH"},{"data":"Hello World","floor":15,"key":"SMITH"}],"circlet_count":0,"master_deck":["Strike_B","Strike_B","Strike_B","Strike_B","Defend_B","Defend_B","Defend_B","Defend_B","Zap+1","Dualcast","Coolheaded","Static Discharge+1","Streamline","Ball Lightning+1","Conserve Battery","Hello World+1","Creative AI"],"relics":["Cracked Core","Frozen Eye","TungstenRod","Vajra","Nuclear Battery"],"acts_visited":["Exordium","TheCity"],"potions_floor_usage":[13,16,16,16],"damage_taken":[{"damage":1,"enemies":"Jaw Worm","floor":1,"turns":3},{"damage":1,"enemies":"Small Slimes","floor":3,"turns":3},{"damage":0,"enemies":"Cultist","floor":5,"turns":3},{"damage":4,"enemies":"Blue Slaver","floor":7,"turns":3},{"damage":15,"enemies":"Exordium Thugs","floor":10,"turns":4},{"damage":1,"enemies":"Exordium Wildlife","floor":11,"turns":3},{"damage":8,"enemies":"Gremlin Gang","floor":13,"turns":5},{"damage":26,"enemies":"The Guardian","floor":16,"turns":5},{"damage":8,"enemies":"Chosen","floor":18,"turns":4}],"seed_played":"6448490963608727674","potions_obtained":[{"floor":5,"key":"Dexterity Potion"},{"floor":7,"key":"PotionOfCapacity"},{"floor":10,"key":"Reflective Coating"},{"floor":11,"key":"BlessingOfTheForge"},{"floor":13,"key":"FearPotion"}],"is_trial":true,"path_per_floor":["M","?","M","$","M","R","M","R","T","M","M","?","M","?","R","B",null,"M"],"character_chosen":"DEFECT","items_purchased":["Static Discharge"],"campfire_rested":0,"item_purchase_floors":[4],"current_hp_per_floor":[74,74,73,73,73,73,69,69,69,54,53,53,45,50,50,24,75,67,67],"gold":234,"neow_bonus":"","is_daily":false,"chose_seed":false,"campfire_upgraded":3,"win_rate":0.0,"timestamp":1613924969,"path_taken":["M","?","M","$","M","R","M","R","T","M","M","?","?","?","R","BOSS","M"],"items_purchased_type":["Card"],"build_version":"2020-12-22","purchased_purges":0,"victory":false,"max_hp_per_floor":[75,75,75,75,75,75,75,75,75,75,75,75,75,75,75,75,75,75,75],"card_choices":[{"not_picked":["Force Field","Streamline"],"picked":"Beam Cell","floor":1},{"not_picked":["Panic Button","Steam"],"picked":"Coolheaded","floor":3},{"not_picked":["Force Field","Steam Power"],"picked":"Streamline","floor":5},{"not_picked":["Compile Driver","Stack"],"picked":"Ball Lightning","floor":7},{"not_picked":["ReplayTheSpireMod:Reroute Power","ReplayTheSpireMod:Omega Cannon"],"picked":"Conserve Battery","floor":10},{"not_picked":["Turbo","Panic Button","Hologram"],"picked":"SKIP","floor":11},{"not_picked":["Streamline","Aggregate"],"picked":"Hello World","floor":13},{"not_picked":["hubris:SpecializedCircuitry","Meteor Strike"],"picked":"Creative AI","floor":16}],"player_experience":348840,"relics_obtained":[{"floor":9,"key":"Vajra"}],"event_choices":[{"damage_healed":0,"gold_gain":0,"player_choice":"Leave","damage_taken":0,"max_hp_gain":0,"max_hp_loss":0,"event_name":"The Cleric","floor":2,"gold_loss":0},{"damage_healed":0,"gold_gain":0,"player_choice":"Grow","damage_taken":0,"max_hp_gain":0,"max_hp_loss":0,"event_name":"Living Wall","floor":12,"gold_loss":0,"cards_upgraded":["Ball Lightning"]},{"cards_removed":["Beam Cell"],"damage_healed":5,"gold_gain":0,"player_choice":"Offered Common","damage_taken":0,"max_hp_gain":0,"max_hp_loss":0,"event_name":"Bonfire Elementals","floor":14,"gold_loss":0},{"cards_removed":["Beam Cell"],"damage_healed":5,"gold_gain":0,"player_choice":"Offered Special","damage_taken":0,"max_hp_gain":0,"max_hp_loss":0,"event_name":"Bonfire Elementals","floor":14,"gold_loss":0}],"is_beta":false,"boss_relics":[{"not_picked":["Calling Bell","Velvet Choker"],"picked":"Nuclear Battery"}],"items_purged_floors":[],"is_endless":false,"potions_floor_spawned":[5,7,10,11,13],"killed_by":"Chosen","ascension_level":0}}