{"host":"bp6b47iftb3mluh0","time":1613902762,"event":{"mods":["100% Spire Juice","Act Like it!","Alarm Clock","Aspiration","Astrologer","BaseMod","Bestiary","Better Third Choice","Better Vampires","Challenge The Spire","Colored Powertips","Conspire","Curses Come First","Dota2Spire","Downfall","Friendly Minions","Gensokyo","Hallownest","Hermit","Kiyohime£®«Âºß£©","Lobotomy","LobotomyExtend","Marisa£®ÏF”Í°°ƒß¿Ì…≥£©","Marked Mod","Minty Spire (QoL Compilation)","Quick Restart","Rare Cards Sparkle","Red Circlet Mod","Relic Filter Mod","Relic Stats","Remilia£®¿Ÿ√◊¿Ú—«£©","Replay The Spire","Reworked Bosses","Ruina","Ryuuou¡˙Õı","Shop Mod","Spicy Shops","StSLib","The Bug Knight","The Invoker Mod","Uncapped","Waifu the Spire","Youmu£®ªÍ∆«—˝√Œ£©","°æ“≈ŒÔø®≈∆°øREMEMod","≤–¡Ù÷ÆŒÔ"],"gold_per_floor":[115,115,115,132,0,0,0],"floor_reached":6,"language":"ZHS","playtime":230,"items_purged":["Injury"],"score":34,"play_id":"9baf4bbb-2388-46ba-9bb5-424c1aea083e","local_time":"20210221181922","is_ascension_mode":false,"campfire_choices":[],"circlet_count":0,"master_deck":["Strike_P","Strike_P","Strike_P","Strike_P","Defend_P","Defend_P","Defend_P","Defend_P+1","Eruption","Vigilance","CherryBlossomSword","BeautyBeast","Panacea+1"],"relics":["PureWater","REME_ComplimentaryCards","CogitoBucket","LetterFromLob","Gremlin Horn","War Paint"],"acts_visited":["Exordium"],"potions_floor_usage":[],"damage_taken":[{"damage":0.0,"enemies":"2 Louse","floor":1.0,"turns":2.0},{"damage":3.0,"enemies":"Cultist","floor":4.0,"turns":5.0},{"damage":0,"enemies":"Gremlin Nob","floor":6,"turns":1}],"seed_played":"5841995830872467504","potions_obtained":[{"floor":1.0,"key":"Fire Potion"}],"is_trial":false,"path_per_floor":["M","?","?","M","$","E"],"character_chosen":"WATCHER","items_purchased":["War Paint"],"campfire_rested":0,"item_purchase_floors":[5],"current_hp_per_floor":[72,60,60,57,57,57,57],"gold":0,"neow_bonus":"","is_daily":false,"chose_seed":false,"campfire_upgraded":0,"win_rate":0.0,"timestamp":1613902762,"path_taken":["M","?","?","?","$","E"],"items_purchased_type":["Relic"],"build_version":"2020-12-22","purchased_purges":1,"victory":false,"max_hp_per_floor":[72,72,72,72,72,72,72],"relic_stats":{"Gremlin Horn":[0,0],"counters":[3,8],"War Paint":["Defend_P","Panacea"],"obtain_stats":[{"CogitoBucket":0,"Gremlin Horn":2,"LetterFromLob":1,"PureWater":0,"War Paint":5,"REME_ComplimentaryCards":0},{"CogitoBucket":0,"Gremlin Horn":1,"LetterFromLob":1,"PureWater":0,"War Paint":2,"REME_ComplimentaryCards":0},{"CogitoBucket":0,"Gremlin Horn":2,"LetterFromLob":2,"PureWater":0,"War Paint":7,"REME_ComplimentaryCards":0}]},"card_choices":[{"not_picked":["MHz","PunishingBird"],"picked":"BeautyBeast","floor":1.0},{"not_picked":["InnerPeace","Weave","CarveReality"],"picked":"SKIP","floor":1.0},{"not_picked":["Worship","Replay:AtTheReady","JustLucky"],"picked":"SKIP","floor":4.0}],"player_experience":217765,"relics_obtained":[{"floor":1.0,"key":"LetterFromLob"}],"event_choices":[{"damage_healed":0.0,"max_hp_gain":0.0,"max_hp_loss":0.0,"gold_gain":0.0,"event_name":"betterThird:BetterScrap","player_choice":"Relic ","floor":2.0,"gold_loss":0.0,"damage_taken":12.0,"cards_obtained":["ReplayRNGCard"]},{"damage_healed":0.0,"max_hp_gain":0.0,"max_hp_loss":0.0,"gold_gain":0.0,"event_name":"Match and Keep!","player_choice":"1 cards matched","floor":3.0,"gold_loss":0.0,"damage_taken":0.0,"cards_obtained":["Panacea"]}],"is_beta":false,"boss_relics":[],"items_purged_floors":[5],"is_endless":false,"potions_floor_spawned":[1],"killed_by":"Gremlin Nob","ascension_level":0}}