{"host":"zdyzhdc6zlrb7vuj","time":1613910300,"event":{"mods":["BaseMod","Downfall","Hermit","Minty Spire (QoL Compilation)","StSLib","The Bug Knight","The Cursed","The Servant 0.9.4"],"gold_per_floor":[99,116,216,216,230,230,257,257,268,68,5,24,56,56,72,174,174,174,190,190,202,212,227,227,255,12,12,12,32,48,81,101,198,198,98,117,143,167,167,178,178,16,366,184,184,184,210,210,226,226,226,226,226],"floor_reached":52,"language":"ENG","playtime":3367,"items_purged":["Regret"],"score":745,"play_id":"127a2145-c294-44b8-a347-0af5b474ca05","local_time":"20210221122500","is_ascension_mode":false,"campfire_choices":[{"floor":1.0,"key":"RECALL"},{"data":"TheCursedMod:HellfireBreathing","floor":10.0,"key":"SMITH"},{"data":"TheCursedMod:VoidForm","floor":18.0,"key":"SMITH"},{"floor":28,"key":"REST"},{"data":"TheCursedMod:DarkBarrier","floor":35,"key":"SMITH"},{"data":"TheCursedMod:ManaBullet","floor":46,"key":"SMITH"}],"circlet_count":0,"master_deck":["TheCursedMod:Strike_TheCursed+1","TheCursedMod:Strike_TheCursed+1","TheCursedMod:Defend_TheCursed+1","TheCursedMod:Defend_TheCursed+1","TheCursedMod:Defend_TheCursed","TheCursedMod:CursedWand","TheCursedMod:CleanUpWorkshop","TheCursedMod:Dregs","Doubt","TheCursedMod:CircleOfCorruption","TheCursedMod:SurpriseAttack+1","TheCursedMod:CursedShiv","TheCursedMod:SpitefulPray","TheCursedMod:HellfireBreathing+1","TheCursedMod:CursedBlade","TheCursedMod:Obscuration","TheCursedMod:SpitefulStrike","TheCursedMod:LuckyCharm","TheCursedMod:Obscuration","TheCursedMod:VoidForm+1","TheCursedMod:TacticalStrike","TheCursedMod:CursedBlade","TheCursedMod:RapidMovement","TheCursedMod:SpitefulStrike+1","TheCursedMod:BlessingInDisguise+1","TheCursedMod:CursedStaff+1","TheCursedMod:SmokeScreen+1","TheCursedMod:StingEye","TheCursedMod:ManaBullet+1","TheCursedMod:RavingStaff+1","TheCursedMod:DarkBarrier+1","TheCursedMod:ReleasedKnowledge","expansioncontent:InvincibleStrength","expansioncontent:PrepareCrush","expansioncontent:AwakenDeath","TheCursedMod:SpitefulStrike+1","TheCursedMod:BlessingInDisguise+1","TheCursedMod:VoidForm","TheCursedMod:SpreadPlague+1","TheCursedMod:TacticalStrike+1","TheCursedMod:Hemoplague","TheCursedMod:BloodBarrier","TheCursedMod:Grudge","TheCursedMod:Wield+1"],"relics":["TheCursedMod:BlackMagic101","Juzu Bracelet","Du-Vu Doll","downfall:HeartBlessingBlue","downfall:HeartBlessingRed","Torii","TheCursedMod:OminousMark","Potion Belt","White Beast Statue","MealTicket","Dream Catcher","bronze:MakeshiftBattery","downfall:HeartBlessingGreen","Nunchaku","Art of War","Molten Egg 2","Old Coin","War Paint","Eternal Feather","Whetstone"],"acts_visited":["Exordium","TheCity","TheBeyond","TheEnding"],"potions_floor_usage":[23,23,29,30,32,33,36,47,49,50,50,50,52],"damage_taken":[{"damage":0.0,"enemies":"Small Slimes","floor":2.0,"turns":3.0},{"damage":1.0,"enemies":"Jaw Worm","floor":5.0,"turns":4.0},{"damage":1.0,"enemies":"Cultist","floor":9.0,"turns":2.0},{"damage":8.0,"enemies":"downfall:FleeingMerchant","floor":11.0,"turns":4.0},{"damage":1.0,"enemies":"Lots of Slimes","floor":12.0,"turns":2.0},{"damage":13.0,"enemies":"HollowMod:MossKnight","floor":13.0,"turns":6.0},{"damage":0.0,"enemies":"Blue Slaver","floor":15.0,"turns":1.0},{"damage":24.0,"enemies":"IC_STATUS_ARCHETYPE","floor":16.0,"turns":6.0},{"damage":17.0,"enemies":"downfall:LooterAlt2","floor":19.0,"turns":4.0},{"damage":18.0,"enemies":"Shell Parasite","floor":21.0,"turns":4.0},{"damage":18.0,"enemies":"Snake Plant","floor":22.0,"turns":3.0},{"damage":4,"enemies":"Cultist and Chosen","floor":23,"turns":3},{"damage":8,"enemies":"Book of Stabbing","floor":25,"turns":4},{"damage":3,"enemies":"downfall:FleeingMerchant","floor":26,"turns":4},{"damage":0,"enemies":"Chosen and Byrds","floor":29,"turns":3},{"damage":0,"enemies":"Snecko","floor":30,"turns":3},{"damage":17,"enemies":"HollowMod:Nosk","floor":31,"turns":7},{"damage":0,"enemies":"Centurion and Healer","floor":32,"turns":3},{"damage":2,"enemies":"WA_ARCHETYPE_CALM","floor":33,"turns":5},{"damage":2,"enemies":"3 Shapes","floor":36,"turns":4},{"damage":1,"enemies":"Orb Walker","floor":40,"turns":3},{"damage":2,"enemies":"downfall:FleeingMerchant","floor":42,"turns":4},{"damage":1,"enemies":"downfall:FleeingMerchant","floor":43,"turns":4},{"damage":0,"enemies":"downfall:FleeingMerchant","floor":44,"turns":2},{"damage":17,"enemies":"Nemesis","floor":47,"turns":7},{"damage":48,"enemies":"Transient","floor":49,"turns":5},{"damage":5,"enemies":"SI_POISON_ARCHETYPE","floor":50,"turns":10},{"damage":173,"enemies":"downfall:CharBossMerchant","floor":52,"turns":8}],"seed_played":"-3577154197324422917","potions_obtained":[{"floor":9.0,"key":"Energy Potion"},{"floor":12.0,"key":"Ancient Potion"},{"floor":15.0,"key":"Explosive Potion"},{"floor":19.0,"key":"EssenceOfSteel"},{"floor":23,"key":"FairyPotion"},{"floor":25,"key":"Energy Potion"},{"floor":26,"key":"FearPotion"},{"floor":29,"key":"Explosive Potion"},{"floor":30,"key":"Ancient Potion"},{"floor":31,"key":"Guardian:BlockOnCardUsePotion"},{"floor":32,"key":"ColorlessPotion"},{"floor":33,"key":"SneckoOil"},{"floor":36,"key":"EssenceOfSteel"},{"floor":40,"key":"Energy Potion"},{"floor":42,"key":"bronze:BurnAndBuffPotion"},{"floor":47,"key":"SpeedPotion"},{"floor":49,"key":"hexamod:SoulburnPotion"}],"is_trial":false,"path_per_floor":["R","M","?","?","M","?","T","?","M","R","$","M","E","?","M","B",null,"R","M","?","M","M","M","T","E","$","?","R","M","M","E","M","B",null,"R","M","?","T","?","M","T","$","?","$","?","R","E","?","M","B",null,"E"],"character_chosen":"THE_CURSED","items_purchased":["TheCursedMod:Obscuration","MealTicket","TheCursedMod:VoidForm","War Paint","TheCursedMod:Hemoplague","Eternal Feather","TheCursedMod:BloodBarrier"],"campfire_rested":1,"item_purchase_floors":[11,26,42,44,44,44,44],"current_hp_per_floor":[75,75,75,75,74,74,74,74,73,83,75,74,61,61,61,37,85,85,68,52,34,16,12,12,4,1,31,58,58,58,41,41,39,90,90,88,88,88,78,77,77,88,87,90,90,90,73,73,25,20,90,0,0],"gold":226,"neow_bonus":"TRANSFORM_TWO_CARDS","is_daily":false,"chose_seed":false,"campfire_upgraded":4,"win_rate":0.0,"timestamp":1613910300,"path_taken":["R","M","?","?","M","?","T","?","M","R","$","M","E","?","M","BOSS","R","M","?","M","M","M","T","E","$","?","R","M","M","E","M","BOSS","R","M","?","?","?","M","T","?","?","$","?","R","E","?","M","BOSS","E"],"items_purchased_type":["Card","Relic","Card","Relic","Card","Relic","Card"],"build_version":"2020-12-22","purchased_purges":1,"victory":false,"max_hp_per_floor":[75,75,75,75,75,75,75,75,75,85,85,85,85,85,85,85,85,85,85,90,90,90,90,90,90,90,90,90,90,90,90,90,90,90,90,90,90,90,90,90,90,90,90,90,90,90,90,90,90,90,90,90,90],"card_choices":[{"not_picked":["TheCursedMod:Evocation","TheCursedMod:CursedSpellbook"],"picked":"TheCursedMod:CursedShiv","floor":2.0},{"not_picked":["TheCursedMod:DoubleShield","TheCursedMod:Stigma"],"picked":"TheCursedMod:SpitefulPray","floor":5.0},{"not_picked":["TheCursedMod:WearCloak","TheCursedMod:CircleOfWindfury"],"picked":"TheCursedMod:HellfireBreathing","floor":9.0},{"not_picked":["TheCursedMod:Torture","TheCursedMod:CursedAmulet"],"picked":"TheCursedMod:CursedBlade","floor":11.0},{"not_picked":["TheCursedMod:TacticalStrike","TheCursedMod:CursedMace"],"picked":"TheCursedMod:SpitefulStrike","floor":12.0},{"not_picked":["TheCursedMod:ShockAndAwe","TheCursedMod:TacticalStrike"],"picked":"TheCursedMod:LuckyCharm","floor":13.0},{"not_picked":["TheCursedMod:Wield","TheCursedMod:TacticalStrike"],"picked":"TheCursedMod:Obscuration","floor":15.0},{"not_picked":["TheCursedMod:Neurasthenia","TheCursedMod:OutForBlood"],"picked":"TheCursedMod:VoidForm","floor":16.0},{"not_picked":["TheCursedMod:CircleOfCorruption","TheCursedMod:CircleOfFlame"],"picked":"TheCursedMod:TacticalStrike","floor":19.0},{"not_picked":["TheCursedMod:SpitefulPray","TheCursedMod:Torture"],"picked":"TheCursedMod:CursedBlade","floor":21.0},{"not_picked":["TheCursedMod:Wield","TheCursedMod:Evocation"],"picked":"TheCursedMod:RapidMovement","floor":22.0},{"not_picked":["TheCursedMod:Torture","TheCursedMod:Mangle"],"picked":"TheCursedMod:SpitefulStrike+1","floor":23},{"not_picked":["TheCursedMod:LuckyCharm","TheCursedMod:SurpriseAttack"],"picked":"TheCursedMod:BlessingInDisguise+1","floor":25},{"not_picked":["TheCursedMod:HellfireBreathing","TheCursedMod:SurpriseAttack"],"picked":"TheCursedMod:CursedStaff","floor":26},{"not_picked":["TheCursedMod:Wield","TheCursedMod:LuckyCharm+1"],"picked":"TheCursedMod:SmokeScreen+1","floor":29},{"not_picked":["TheCursedMod:TacticalStrike","TheCursedMod:Neurasthenia"],"picked":"TheCursedMod:StingEye","floor":30},{"not_picked":["TheCursedMod:CircleOfFlame","TheCursedMod:CursedShiv"],"picked":"TheCursedMod:ManaBullet","floor":31},{"not_picked":["TheCursedMod:SurpriseAttack","TheCursedMod:LuckyCharm"],"picked":"TheCursedMod:RavingStaff+1","floor":32},{"not_picked":["TheCursedMod:ShockAndAwe","TheCursedMod:CursedRelics"],"picked":"TheCursedMod:DarkBarrier","floor":33},{"not_picked":["TheCursedMod:CursedBoomerang+1","TheCursedMod:LuckyCharm"],"picked":"TheCursedMod:ReleasedKnowledge","floor":36},{"not_picked":["expansioncontent:GuardianWhirl","expansioncontent:LastStand"],"picked":"expansioncontent:InvincibleStrength","floor":39},{"not_picked":["expansioncontent:GuardianWhirl","expansioncontent:Chronoboost"],"picked":"expansioncontent:PrepareCrush","floor":39},{"not_picked":["expansioncontent:HyperBeam","expansioncontent:InvincibleStrength"],"picked":"expansioncontent:AwakenDeath","floor":39},{"not_picked":["TheCursedMod:SoulCrush+1","TheCursedMod:RavingStaff"],"picked":"TheCursedMod:SpitefulStrike+1","floor":40},{"not_picked":["TheCursedMod:CircleOfAbyss","TheCursedMod:Stigma+1"],"picked":"TheCursedMod:BlessingInDisguise+1","floor":42},{"not_picked":["TheCursedMod:VitalStrike+1","TheCursedMod:SmokeScreen"],"picked":"TheCursedMod:SpreadPlague+1","floor":43},{"not_picked":["TheCursedMod:CircleOfCorruption","TheCursedMod:Mangle+1"],"picked":"TheCursedMod:TacticalStrike+1","floor":44},{"not_picked":["TheCursedMod:CircleOfWindfury+1","TheCursedMod:ShockAndAwe+1"],"picked":"TheCursedMod:Grudge","floor":47},{"not_picked":["TheCursedMod:SoulReap+1","TheCursedMod:LuckyCharm"],"picked":"TheCursedMod:Wield+1","floor":49}],"player_experience":505051,"relics_obtained":[{"floor":13.0,"key":"Torii"},{"floor":24,"key":"Potion Belt"},{"floor":25,"key":"White Beast Statue"},{"floor":31,"key":"Dream Catcher"},{"floor":37,"key":"Nunchaku"},{"floor":38,"key":"Art of War"},{"floor":41,"key":"Molten Egg 2"},{"floor":43,"key":"Old Coin"},{"floor":47,"key":"Whetstone"}],"event_choices":[{"damage_healed":0.0,"max_hp_gain":0.0,"max_hp_loss":0.0,"gold_gain":0.0,"event_name":"Big Fish","player_choice":"Box","floor":6.0,"gold_loss":0.0,"damage_taken":0.0,"relics_obtained":["Juzu Bracelet"],"cards_obtained":["Regret"]},{"damage_healed":30,"gold_gain":0,"player_choice":"Heal","damage_taken":0,"max_hp_gain":0,"max_hp_loss":0,"event_name":"The Library","floor":27,"gold_loss":0}],"is_beta":false,"boss_relics":[{"not_picked":["SlaversCollar","Tiny House"],"picked":"TheCursedMod:OminousMark"},{"not_picked":["Philosopher\u0027s Stone","Fusion Hammer"],"picked":"bronze:MakeshiftBattery"}],"items_purged_floors":[26],"is_endless":false,"potions_floor_spawned":[9,12,15,19,23,25,26,29,30,31,32,33,36,40,42,43,44,47,49],"killed_by":"downfall:CharBossMerchant","ascension_level":0}}