{"host":"or8fr2mp0k3eluj8","time":1613922083,"event":{"mods":["AchievementEnabler","BaseMod","Colored Map","DeckTracker","Keyboard Shortcuts","Minty Spire (QoL Compilation)","StSLib","SuperFastMode","everything is the same but u backflip on backflip"],"gold_per_floor":[113,113,63,37,37,65,65,100,100,45,59,59,75,90,90,188,188,207,92,92,108,28,28,62,62,62,62,62,62,87,107,107,107,107],"floor_reached":33,"language":"KOR","playtime":905,"items_purged":["Strike_G","Defend_G"],"score":373,"play_id":"b8270d82-f8f2-4d4b-b232-414591546ec4","local_time":"20210222004123","is_ascension_mode":true,"campfire_choices":[{"data":"Neutralize","floor":7,"key":"SMITH"},{"data":"Calculated Gamble","floor":12,"key":"SMITH"},{"data":"Survivor","floor":15,"key":"SMITH"},{"data":"Tactician","floor":23,"key":"SMITH"},{"data":"Backflip","floor":25,"key":"SMITH"},{"data":"Dagger Spray","floor":27,"key":"SMITH"},{"data":"Grand Finale","floor":29,"key":"SMITH"},{"floor":32,"key":"REST"}],"circlet_count":0,"master_deck":["Strike_G","Strike_G","Strike_G","Strike_G","Defend_G","Defend_G","Survivor+1","Neutralize+1","Backflip+1","Dagger Spray+1","Grand Finale+1","Calculated Gamble+1","Dagger Throw","Tactician+1","Escape Plan+1"],"relics":["Ring of the Snake","NeowsBlessing","The Courier","Mercury Hourglass","Meat on the Bone","Black Star","Dream Catcher","Bag of Marbles","HornCleat","Molten Egg 2","Shuriken"],"acts_visited":["Exordium","TheCity"],"potions_floor_usage":[24,24,30,33,33],"damage_taken":[{"damage":0,"enemies":"Small Slimes","floor":1,"turns":1},{"damage":0,"enemies":"Gremlin Nob","floor":6,"turns":1},{"damage":0,"enemies":"3 Sentries","floor":8,"turns":2},{"damage":0,"enemies":"Jaw Worm","floor":11,"turns":3},{"damage":0,"enemies":"Cultist","floor":13,"turns":3},{"damage":28,"enemies":"Exordium Thugs","floor":14,"turns":4},{"damage":34,"enemies":"Hexaghost","floor":16,"turns":10},{"damage":0,"enemies":"Chosen","floor":18,"turns":3},{"damage":8,"enemies":"Shell Parasite","floor":21,"turns":4},{"damage":20,"enemies":"Gremlin Leader","floor":24,"turns":10},{"damage":32,"enemies":"Book of Stabbing","floor":30,"turns":8},{"damage":0,"enemies":"Snecko","floor":31,"turns":1},{"damage":56,"enemies":"Collector","floor":33,"turns":7}],"seed_played":"-3660631377768243434","potions_obtained":[{"floor":1,"key":"Explosive Potion"},{"floor":8,"key":"Fire Potion"},{"floor":13,"key":"EssenceOfSteel"},{"floor":24,"key":"LiquidBronze"},{"floor":30,"key":"Poison Potion"}],"is_trial":false,"path_per_floor":["M","?","?","$","$","E","R","E","T","$","M","R","M","M","R","B",null,"M","$","?","M","$","R","E","R","T","R","$","R","E","M","R","B"],"character_chosen":"THE_SILENT","items_purchased":["Dagger Spray","Calculated Gamble","Tactician"],"campfire_rested":1,"item_purchase_floors":[4,10,19],"current_hp_per_floor":[70,63,63,63,63,63,63,63,63,63,63,63,63,47,47,25,70,70,70,64,56,56,56,36,36,36,36,36,36,16,28,49,0,0],"gold":107,"neow_bonus":"THREE_ENEMY_KILL","is_daily":false,"chose_seed":false,"campfire_upgraded":7,"win_rate":0.0,"timestamp":1613922083,"path_taken":["M","?","?","?","$","E","R","E","T","$","M","R","M","M","R","BOSS","M","$","?","M","$","R","E","R","T","R","?","R","E","?","R","BOSS"],"items_purchased_type":["Card","Card","Card"],"build_version":"2020-12-22","purchased_purges":2,"victory":false,"max_hp_per_floor":[70,70,70,70,70,70,70,70,70,70,70,70,70,70,70,70,70,70,70,70,70,70,70,70,70,70,70,70,70,70,70,70,70,70],"card_choices":[{"not_picked":["Finisher","Flying Knee"],"picked":"Backflip","floor":1},{"not_picked":["Dagger Throw","Distraction"],"picked":"Grand Finale","floor":6},{"not_picked":["Backflip","Eviscerate","Sucker Punch"],"picked":"SKIP","floor":8},{"not_picked":["Blade Dance","Flechettes"],"picked":"Dagger Throw","floor":11},{"not_picked":["Underhanded Strike","Flying Knee","Finisher"],"picked":"SKIP","floor":13},{"not_picked":["Prepared","Distraction","Blade Dance"],"picked":"SKIP","floor":14},{"not_picked":["Prepared","Riddle With Holes","Cloak And Dagger"],"picked":"SKIP","floor":18},{"not_picked":["Leg Sweep","Sucker Punch","Outmaneuver+1"],"picked":"SKIP","floor":21},{"not_picked":["Envenom","Endless Agony+1","Tactician"],"picked":"SKIP","floor":24},{"not_picked":["Sucker Punch+1","Heel Hook+1","Outmaneuver"],"picked":"SKIP","floor":30},{"not_picked":["Setup","Flying Knee+1","Dodge and Roll"],"picked":"SKIP","floor":31},{"not_picked":["Accuracy","Concentrate+1"],"picked":"Escape Plan+1","floor":32}],"player_experience":429629,"relics_obtained":[{"floor":6,"key":"The Courier"},{"floor":8,"key":"Mercury Hourglass"},{"floor":9,"key":"Meat on the Bone"},{"floor":24,"key":"Dream Catcher"},{"floor":24,"key":"Bag of Marbles"},{"floor":26,"key":"HornCleat"},{"floor":30,"key":"Molten Egg 2"},{"floor":30,"key":"Shuriken"}],"event_choices":[{"cards_removed":["Defend_G"],"damage_healed":0,"gold_gain":0,"player_choice":"Card Removal","damage_taken":7,"max_hp_gain":0,"max_hp_loss":0,"event_name":"Golden Wing","floor":2,"gold_loss":0},{"cards_removed":["Defend_G"],"damage_healed":0,"gold_gain":0,"player_choice":"Card Removal","damage_taken":0,"max_hp_gain":0,"max_hp_loss":0,"event_name":"The Cleric","floor":3,"gold_loss":50},{"damage_healed":0,"gold_gain":0,"player_choice":"","damage_taken":6,"max_hp_gain":0,"max_hp_loss":0,"event_name":"Knowing Skull","floor":20,"potions_obtained":[],"gold_loss":0,"cards_obtained":[]}],"is_beta":false,"boss_relics":[{"not_picked":["Snecko Eye","Calling Bell"],"picked":"Black Star"}],"items_purged_floors":[19,22],"is_endless":false,"potions_floor_spawned":[1,8,13,16,21,24,30],"killed_by":"Collector","ascension_level":2}}