{"host":"2cg6xoexl1he7zus","time":1613866316,"event":{"mods":["AchievementEnabler","BaseMod","Colored Map","KOR Keyword Fix","Minty Spire (QoL Compilation)","Quick Restart","StSLib","SuperFastMode","everything is the same but u backflip on backflip"],"gold_per_floor":[116,126,32,107,107,107,139,139,139,64,77,77,87,112,112,188,188,207,132,32,46,46,46,58,58,81,81,93,93,93,93],"floor_reached":30,"language":"KOR","playtime":687,"items_purged":["Strike_R","Defend_R"],"score":470,"play_id":"f3689d5d-7475-464d-8400-7b4e0c1733df","local_time":"20210221091156","is_ascension_mode":true,"campfire_choices":[{"data":"Armaments","floor":6.0,"key":"SMITH"},{"data":"Evolve","floor":8.0,"key":"SMITH"},{"data":"Carnage","floor":12.0,"key":"SMITH"},{"data":"Body Slam","floor":15,"key":"SMITH"},{"data":"Shrug It Off","floor":23,"key":"SMITH"},{"data":"Ghostly Armor","floor":25,"key":"SMITH"},{"data":"Bash","floor":27,"key":"SMITH"},{"data":"Sword Boomerang","floor":29,"key":"SMITH"}],"circlet_count":0,"master_deck":["AscendersBane","Strike_R","Strike_R","Strike_R","Defend_R","Defend_R","Bash+1","Ghostly Armor+1","Armaments+1","Evolve+1","Shrug It Off+1","Carnage+1","Headbutt","Body Slam+1","Sword Boomerang+1","Barricade"],"relics":["Burning Blood","NeowsBlessing","Oddly Smooth Stone","Torii","Akabeko","Snecko Eye","Potion Belt"],"acts_visited":["Exordium","TheCity"],"potions_floor_usage":[13,24],"damage_taken":[{"damage":0.0,"enemies":"Small Slimes","floor":1.0,"turns":1.0},{"damage":0.0,"enemies":"Jaw Worm","floor":2.0,"turns":1.0},{"damage":0.0,"enemies":"3 Sentries","floor":7.0,"turns":2.0},{"damage":0.0,"enemies":"2 Louse","floor":11.0,"turns":3.0},{"damage":1,"enemies":"Exordium Thugs","floor":13,"turns":4},{"damage":14,"enemies":"Gremlin Nob","floor":14,"turns":4},{"damage":49,"enemies":"Slime Boss","floor":16,"turns":14},{"damage":0,"enemies":"Chosen","floor":18,"turns":4},{"damage":1,"enemies":"3 Byrds","floor":21,"turns":5},{"damage":12,"enemies":"3 Cultists","floor":24,"turns":7},{"damage":0,"enemies":"Snecko","floor":28,"turns":3},{"damage":26,"enemies":"Gremlin Leader","floor":30,"turns":3}],"seed_played":"-7060971101216647755","potions_obtained":[{"floor":1.0,"key":"BlessingOfTheForge"},{"floor":7.0,"key":"SneckoOil"},{"floor":18,"key":"SpeedPotion"}],"is_trial":false,"path_per_floor":["M","M","$","?","?","R","E","R","T","$","M","R","M","E","R","B",null,"M","?","$","M","$","R","M","R","T","R","M","R","E"],"character_chosen":"IRONCLAD","items_purchased":["Evolve","Shrug It Off"],"campfire_rested":0,"item_purchase_floors":[3,3],"current_hp_per_floor":[74,75,75,64,57,57,63,63,63,63,69,69,74,66,66,23,62,68,68,68,73,73,73,67,67,67,67,73,73,47,47],"gold":93,"neow_bonus":"THREE_ENEMY_KILL","is_daily":false,"chose_seed":false,"campfire_upgraded":8,"win_rate":0.0,"timestamp":1613866316,"path_taken":["M","M","$","?","?","R","E","R","T","?","M","R","M","E","R","BOSS","M","?","?","?","$","R","M","R","T","R","M","R","E"],"items_purchased_type":["Card","Card"],"build_version":"2020-12-22","purchased_purges":2,"victory":false,"max_hp_per_floor":[75,75,75,75,75,75,75,75,75,75,75,75,75,75,75,75,75,75,75,75,75,75,75,75,75,75,75,75,75,75,75],"card_choices":[{"not_picked":["Headbutt","Warcry"],"picked":"Ghostly Armor","floor":1.0},{"not_picked":["Sentinel","True Grit"],"picked":"Armaments","floor":2.0},{"not_picked":["Twin Strike","Iron Wave"],"picked":"Carnage","floor":7.0},{"not_picked":["Armaments","Ghostly Armor"],"picked":"Headbutt","floor":11.0},{"not_picked":["Headbutt","Pommel Strike"],"picked":"Body Slam","floor":13},{"not_picked":["Anger","Perfected Strike"],"picked":"Sword Boomerang","floor":14},{"not_picked":["Brutality","Limit Break"],"picked":"Barricade","floor":16},{"not_picked":["Disarm","Headbutt","Searing Blow"],"picked":"SKIP","floor":18},{"not_picked":["Warcry","True Grit","Body Slam"],"picked":"SKIP","floor":21},{"not_picked":["Havoc","Sever Soul+1","Dropkick+1"],"picked":"SKIP","floor":24},{"not_picked":["Dual Wield","Hemokinesis+1","Shrug It Off"],"picked":"SKIP","floor":28}],"player_experience":273183,"relics_obtained":[{"floor":7.0,"key":"Oddly Smooth Stone"},{"floor":9.0,"key":"Torii"},{"floor":14,"key":"Akabeko"},{"floor":26,"key":"Potion Belt"}],"event_choices":[{"damage_healed":0.0,"max_hp_gain":0.0,"max_hp_loss":0.0,"gold_gain":75.0,"event_name":"World of Goop","player_choice":"Gather Gold","floor":4.0,"gold_loss":0.0,"damage_taken":11.0},{"cards_removed":["Defend_R"],"damage_healed":0.0,"max_hp_gain":0.0,"max_hp_loss":0.0,"gold_gain":0.0,"event_name":"Golden Wing","player_choice":"Card Removal","floor":5.0,"gold_loss":0.0,"damage_taken":7.0},{"cards_removed":["Strike_R"],"damage_healed":0,"gold_gain":0,"player_choice":"Gave Gold","damage_taken":0,"max_hp_gain":0,"max_hp_loss":0,"event_name":"Beggar","floor":19,"gold_loss":75}],"is_beta":false,"boss_relics":[{"not_picked":["Fusion Hammer","Coffee Dripper"],"picked":"Snecko Eye"}],"items_purged_floors":[10,20],"is_endless":false,"potions_floor_spawned":[1,7,11,18],"killed_by":"Gremlin Leader","ascension_level":16}}