{"host":"gzz35fplm60aw28t","time":1613949351,"event":{"mods":["AchievementEnabler","BaseMod","Colored Powertips","DeckTracker","Minty Spire (QoL Compilation)"],"gold_per_floor":[19,19,37,48,48,48,48,48,97,117,133,166,182,208,208,311,311,329,347,272,18,34,61,61,80,149,49,49,62,62,94,94,199,199,211,229,229,242,252,281,331,331,377,404,404,422,143,123,123,123],"floor_reached":51,"language":"ENG","playtime":3333,"items_purged":["Strike_R","Strike_R","Pain"],"score":782,"play_id":"dcfbc656-8caf-427f-ae8e-8351d615ba9b","local_time":"20210222001551","is_ascension_mode":false,"campfire_choices":[{"data":"Iron Wave","floor":6,"key":"SMITH"},{"data":"Hemokinesis","floor":8,"key":"SMITH"},{"data":"Armaments","floor":15,"key":"SMITH"},{"data":"Shockwave","floor":24,"key":"SMITH"},{"data":"Fire Breathing","floor":28,"key":"SMITH"},{"data":"Iron Wave","floor":30,"key":"SMITH"},{"data":"Disarm","floor":32,"key":"SMITH"},{"data":"Searing Blow","floor":42,"key":"SMITH"},{"floor":49,"key":"REST"}],"circlet_count":0,"master_deck":["Strike_R+1","Defend_R","Defend_R","Bash","Iron Wave+1","Battle Trance+1","Hemokinesis+1","Searing Blow+1","Armaments+1","Iron Wave+1","Inflame","Juggernaut","Feel No Pain","Thinking Ahead","Shockwave+1","Fire Breathing+1","Clumsy","Disarm+1","Double Tap","Warcry+1","Sever Soul+1","Ghostly Armor","Bloodletting+1","Intimidate","Injury","Warcry+1","Intimidate+1"],"relics":["Burning Blood","MealTicket","Bottled Lightning","Gremlin Horn","Cursed Key","Bag of Preparation","Letter Opener","Darkstone Periapt","Mark of Pain","Anchor","CaptainsWheel","Boot","Self Forming Clay","WarpedTongs","Bag of Marbles"],"acts_visited":["Exordium","TheCity","TheBeyond"],"potions_floor_usage":[14,16,31,33,33,40,41,50,50,50],"damage_taken":[{"damage":1,"enemies":"Cultist","floor":1,"turns":3},{"damage":0,"enemies":"Small Slimes","floor":3,"turns":3},{"damage":0,"enemies":"2 Louse","floor":4,"turns":3},{"damage":14,"enemies":"Exordium Wildlife","floor":10,"turns":3},{"damage":12,"enemies":"Gremlin Gang","floor":11,"turns":5},{"damage":16,"enemies":"3 Sentries","floor":12,"turns":9},{"damage":2,"enemies":"Blue Slaver","floor":13,"turns":4},{"damage":25,"enemies":"Lagavulin","floor":14,"turns":5},{"damage":35,"enemies":"Hexaghost","floor":16,"turns":9},{"damage":17,"enemies":"2 Thieves","floor":18,"turns":4},{"damage":11,"enemies":"Spheric Guardian","floor":19,"turns":4},{"damage":17,"enemies":"Centurion and Healer","floor":22,"turns":4},{"damage":4,"enemies":"Gremlin Leader","floor":23,"turns":6},{"damage":9,"enemies":"Cultist and Chosen","floor":25,"turns":5},{"damage":14,"enemies":"Snecko","floor":29,"turns":4},{"damage":18,"enemies":"Slavers","floor":31,"turns":4},{"damage":35,"enemies":"Automaton","floor":33,"turns":10},{"damage":17,"enemies":"Orb Walker","floor":35,"turns":3},{"damage":2,"enemies":"3 Shapes","floor":36,"turns":3},{"damage":4,"enemies":"3 Darklings","floor":38,"turns":4},{"damage":5,"enemies":"Transient","floor":39,"turns":5},{"damage":27,"enemies":"Reptomancer","floor":40,"turns":6},{"damage":19,"enemies":"Mind Bloom Boss Battle","floor":41,"turns":5},{"damage":34,"enemies":"Nemesis","floor":44,"turns":7},{"damage":20,"enemies":"Spire Growth","floor":46,"turns":5},{"damage":8,"enemies":"Donu and Deca","floor":50,"turns":8}],"seed_played":"-4928309879180024503","potions_obtained":[{"floor":3,"key":"SkillPotion"},{"floor":4,"key":"Fire Potion"},{"floor":12,"key":"Explosive Potion"},{"floor":19,"key":"DistilledChaos"},{"floor":25,"key":"Weak Potion"},{"floor":31,"key":"SteroidPotion"},{"floor":35,"key":"Fruit Juice"},{"floor":39,"key":"Fire Potion"},{"floor":40,"key":"Block Potion"},{"floor":41,"key":"Explosive Potion"},{"floor":48,"key":"HeartOfIron"}],"is_trial":false,"path_per_floor":["M","$","M","M","?","R","?","R","T","M","M","E","M","E","R","B",null,"M","M","?","$","M","E","R","M","T","$","R","M","R","E","R","B",null,"M","M","?","M","M","E","?","R","T","E","?","M","$","?","R","B",null],"character_chosen":"IRONCLAD","items_purchased":["Thinking Ahead","Bag of Marbles"],"campfire_rested":1,"item_purchase_floors":[21,47],"current_hp_per_floor":[80,80,80,80,64,64,80,80,80,72,66,56,60,41,41,12,80,69,64,64,79,68,70,70,67,67,80,80,72,72,60,60,31,80,69,73,73,75,76,60,47,47,53,25,31,17,32,32,61,59],"gold":123,"neow_bonus":"REMOVE_TWO","is_daily":false,"chose_seed":false,"campfire_upgraded":8,"win_rate":0.0,"timestamp":1613949351,"path_taken":["M","?","?","M","?","R","?","R","T","M","M","E","M","E","R","BOSS","M","M","?","$","M","E","R","M","T","$","R","M","R","E","R","BOSS","M","M","?","?","M","E","?","R","T","E","?","?","$","?","R","BOSS"],"items_purchased_type":["Card","Relic"],"build_version":"2020-12-22","purchased_purges":3,"victory":true,"max_hp_per_floor":[80,80,80,80,80,80,80,80,80,80,80,80,80,80,80,80,80,80,80,80,80,80,80,80,80,80,80,80,80,80,80,80,80,80,80,80,80,80,80,85,85,85,91,91,97,97,97,97,97,97],"card_choices":[{"not_picked":["Combust","Hemokinesis"],"picked":"Iron Wave","floor":1},{"not_picked":["Second Wind","Flex"],"picked":"Battle Trance","floor":3},{"not_picked":["Armaments","Rage"],"picked":"Hemokinesis","floor":4},{"not_picked":["Clothesline","Body Slam"],"picked":"Searing Blow","floor":10},{"not_picked":["Sword Boomerang","Pommel Strike"],"picked":"Armaments","floor":11},{"not_picked":["Entrench","Anger"],"picked":"Iron Wave","floor":12},{"not_picked":["Clothesline","Seeing Red","Iron Wave"],"picked":"SKIP","floor":13},{"not_picked":["Berserk","Armaments"],"picked":"Inflame","floor":14},{"not_picked":["Bludgeon","Berserk"],"picked":"Juggernaut","floor":16},{"not_picked":["Cleave+1","Headbutt+1","Entrench"],"picked":"SKIP","floor":18},{"not_picked":["Perfected Strike+1","Dropkick"],"picked":"Feel No Pain","floor":19},{"not_picked":["Clash+1","Reckless Charge"],"picked":"Shockwave","floor":22},{"not_picked":["Ghostly Armor","Sword Boomerang+1"],"picked":"Fire Breathing","floor":23},{"not_picked":["Twin Strike","Whirlwind","Sword Boomerang+1"],"picked":"SKIP","floor":25},{"not_picked":["Sever Soul","Flex+1"],"picked":"Disarm","floor":29},{"not_picked":["Shrug It Off","Pommel Strike+1","Rampage"],"picked":"SKIP","floor":31},{"not_picked":["Juggernaut","Bludgeon"],"picked":"Double Tap","floor":33},{"not_picked":["Spot Weakness","Pommel Strike","Flex"],"picked":"SKIP","floor":35},{"not_picked":["Armaments+1","Reckless Charge"],"picked":"Warcry+1","floor":36},{"not_picked":["Disarm+1","Whirlwind+1"],"picked":"Sever Soul+1","floor":38},{"not_picked":["Second Wind+1","Anger+1"],"picked":"Ghostly Armor","floor":39},{"not_picked":["Perfected Strike+1","Infernal Blade+1"],"picked":"Bloodletting+1","floor":40},{"not_picked":["Armaments+1","Anger+1"],"picked":"Intimidate","floor":41},{"not_picked":["Body Slam+1","Uppercut+1"],"picked":"Warcry+1","floor":44},{"not_picked":["Clothesline","Twin Strike"],"picked":"Intimidate+1","floor":46}],"player_experience":8162,"relics_obtained":[{"floor":9,"key":"MealTicket"},{"floor":12,"key":"Bottled Lightning"},{"floor":14,"key":"Gremlin Horn"},{"floor":23,"key":"Bag of Preparation"},{"floor":26,"key":"Letter Opener"},{"floor":31,"key":"Darkstone Periapt"},{"floor":40,"key":"Anchor"},{"floor":41,"key":"CaptainsWheel"},{"floor":43,"key":"Boot"},{"floor":44,"key":"Self Forming Clay"}],"event_choices":[{"damage_healed":0,"gold_gain":0,"player_choice":"Entered Light","damage_taken":16,"max_hp_gain":0,"max_hp_loss":0,"event_name":"Shining Light","floor":5,"gold_loss":0,"cards_upgraded":["Strike_R","Battle Trance"]},{"damage_healed":26,"gold_gain":0,"player_choice":"Banana","damage_taken":0,"max_hp_gain":0,"max_hp_loss":0,"event_name":"Big Fish","floor":7,"gold_loss":0},{"cards_removed":["Strike_R"],"damage_healed":0,"gold_gain":0,"player_choice":"Gave Gold","damage_taken":0,"max_hp_gain":0,"max_hp_loss":0,"event_name":"Beggar","floor":20,"gold_loss":75},{"cards_removed":["Defend_R"],"damage_healed":0,"gold_gain":0,"player_choice":"Offered Basic","damage_taken":0,"max_hp_gain":0,"max_hp_loss":0,"event_name":"Bonfire Elementals","floor":37,"gold_loss":0},{"damage_healed":0,"gold_gain":0,"player_choice":"Fight","damage_taken":0,"max_hp_gain":0,"max_hp_loss":0,"event_name":"MindBloom","floor":41,"gold_loss":0},{"damage_healed":0,"gold_gain":0,"player_choice":"Rummage","damage_taken":0,"relics_obtained":["WarpedTongs"],"max_hp_gain":0,"max_hp_loss":0,"event_name":"Accursed Blacksmith","floor":45,"gold_loss":0,"cards_obtained":["Pain"]},{"damage_healed":0,"gold_gain":0,"player_choice":"Bought 1 Potion","damage_taken":0,"max_hp_gain":0,"max_hp_loss":0,"event_name":"The Woman in Blue","floor":48,"gold_loss":0}],"is_beta":false,"boss_relics":[{"not_picked":["Busted Crown","Black Blood"],"picked":"Cursed Key"},{"not_picked":["Runic Dome","Coffee Dripper"],"picked":"Mark of Pain"}],"items_purged_floors":[21,27,47],"is_endless":false,"potions_floor_spawned":[3,4,12,19,25,31,35,39,40,41,46],"ascension_level":0}}