{"host":"pqs17sqrgflf4eqa","time":1613889347,"event":{"mods":["AchievementEnabler","BaseMod","Bestiary","Better Altar","Better Match","Better Sensory Stone","Better Skull","Better Third Choice","Block Reminder","Bossed Relics","Colored Map","Colored Powertips","Curses Come First","Dark Map","DeckTracker","Defective Defect","Displayed Cursed Tome","Emptier Cage","Googly Eyes","Highlight Path","Minty Spire (QoL Compilation)","Permanent Neow","Poor People Problems","Quick Restart","Slay-I","StSLib","SuperFastMode","Synergy Search","Thieving Mod","Transform Curses","everything is the same but u backflip on backflip","slay the spire mod where everything is the same but ironclad has a cowboy hat"],"gold_per_floor":[112,78,78,90,15,15,40,56,56,69,104,122,141,161,161,258,258,275,49,49,64,64,93,161,179,179,205,234,234,251,284,284,385,385,405,36,86,86,98,98,125,137,149,161,188,218,230,245,245,245],"floor_reached":51,"language":"ENG","playtime":1327,"items_purged":["Defend_P"],"score":942,"play_id":"1ed73b66-9608-4ed5-b1e1-55800473e5f3","local_time":"20210221013547","is_ascension_mode":false,"campfire_choices":[{"data":"Eruption","floor":6.0,"key":"SMITH"},{"data":"Vigilance","floor":15.0,"key":"SMITH"},{"data":"Worship","floor":32.0,"key":"SMITH"},{"data":"Judgement","floor":40.0,"key":"SMITH"},{"data":"DevaForm","floor":42.0,"key":"SMITH"},{"floor":49,"key":"REST"}],"circlet_count":0,"master_deck":["Strike_P","Strike_P","Strike_P","Strike_P","Defend_P","Defend_P","Eruption+1","Vigilance+1","Protect","Wallop","CarveReality","SashWhip","FollowUp+1","Protect","Consecrate+1","FlurryOfBlows+1","CutThroughFate+1","FlyingSleeves+1","Worship+1","Blasphemy","FlurryOfBlows+1","Tantrum+1","Swivel","TalkToTheHand+1","DeusExMachina","Vault","SandsOfTime+1","CarveReality+1","Judgement+1","DevaForm+1","Swivel"],"relics":["PureWater","Tiny Chest","Molten Egg 2","PreservedInsect","WingedGreaves","Snecko Eye","Mummified Hand","MutagenicStrength","Juzu Bracelet","Pear","StrikeDummy","StoneCalendar","Meat on the Bone","Letter Opener","White Beast Statue","Astrolabe","Ginger","Lizard Tail","MawBank","Blue Candle","Mercury Hourglass","TeardropLocket","Boot","OrangePellets"],"acts_visited":["Exordium","TheCity","TheBeyond"],"potions_floor_usage":[47,47,50,50,50],"damage_taken":[{"damage":1.0,"enemies":"Jaw Worm","floor":1.0,"turns":5.0},{"damage":0.0,"enemies":"Cultist","floor":4.0,"turns":2.0},{"damage":0.0,"enemies":"Lagavulin","floor":7.0,"turns":2.0},{"damage":0.0,"enemies":"Small Slimes","floor":8.0,"turns":2.0},{"damage":20.0,"enemies":"Looter","floor":10.0,"turns":2.0},{"damage":0.0,"enemies":"Gremlin Nob","floor":11.0,"turns":2.0},{"damage":0.0,"enemies":"Large Slime","floor":12.0,"turns":3.0},{"damage":3.0,"enemies":"Red Slaver","floor":13.0,"turns":2.0},{"damage":2.0,"enemies":"Looter","floor":14.0,"turns":2.0},{"damage":0.0,"enemies":"Slime Boss","floor":16.0,"turns":3.0},{"damage":0.0,"enemies":"Shell Parasite","floor":18.0,"turns":4.0},{"damage":0.0,"enemies":"3 Byrds","floor":21.0,"turns":3.0},{"damage":0.0,"enemies":"Slavers","floor":23.0,"turns":1.0},{"damage":2.0,"enemies":"Snecko","floor":25.0,"turns":3.0},{"damage":26.0,"enemies":"Gremlin Leader","floor":27.0,"turns":4.0},{"damage":7.0,"enemies":"Book of Stabbing","floor":28.0,"turns":2.0},{"damage":18.0,"enemies":"Snake Plant","floor":30.0,"turns":3.0},{"damage":12.0,"enemies":"Slavers","floor":31.0,"turns":2.0},{"damage":0.0,"enemies":"Collector","floor":33.0,"turns":7.0},{"damage":14.0,"enemies":"3 Shapes","floor":35.0,"turns":4.0},{"damage":48.0,"enemies":"Mind Bloom Boss Battle","floor":37.0,"turns":5.0},{"damage":0.0,"enemies":"3 Darklings","floor":39.0,"turns":1.0},{"damage":10.0,"enemies":"Reptomancer","floor":41.0,"turns":4.0},{"damage":0.0,"enemies":"Maw","floor":45.0,"turns":6.0},{"damage":0,"enemies":"Transient","floor":46,"turns":6},{"damage":0,"enemies":"Jaw Worm Horde","floor":48,"turns":2},{"damage":65,"enemies":"Awakened One","floor":50,"turns":13}],"seed_played":"1540120043166396933","potions_obtained":[{"floor":4.0,"key":"Swift Potion"},{"floor":7.0,"key":"SteroidPotion"},{"floor":10.0,"key":"Explosive Potion"},{"floor":14.0,"key":"Explosive Potion"},{"floor":16.0,"key":"Energy Potion"},{"floor":21.0,"key":"Swift Potion"},{"floor":31.0,"key":"DuplicationPotion"},{"floor":33.0,"key":"EssenceOfSteel"},{"floor":35.0,"key":"SteroidPotion"},{"floor":37.0,"key":"LiquidBronze"},{"floor":39.0,"key":"BottledMiracle"},{"floor":41.0,"key":"SkillPotion"},{"floor":45.0,"key":"ThievingMod:ThievingPotion"},{"floor":46,"key":"ThievingMod:ThievingPotion"},{"floor":48,"key":"SkillPotion"}],"is_trial":false,"path_per_floor":["M","$","?","M","$","R","E","M","T","M","E","M","M","M","R","B",null,"M","$","T","M","?","E","T","M","T","E","E","T","M","E","R","B",null,"M","$","?","$","M","R","E","R","T","T","M","M","$","M","R","B",null],"character_chosen":"WATCHER","items_purchased":["CarveReality","Tantrum+1","Swivel","DuplicationPotion","Ginger","CarveReality+1"],"campfire_rested":1,"item_purchase_floors":[2,19,19,19,36,36],"current_hp_per_floor":[71,71,71,71,71,71,71,71,71,51,51,51,48,46,46,46,72,72,72,72,72,72,72,82,80,80,54,47,47,41,41,41,53,82,68,68,32,32,44,44,46,46,46,46,46,46,46,46,70,17],"gold":245,"neow_bonus":"THREE_CARDS","is_daily":false,"chose_seed":false,"campfire_upgraded":5,"win_rate":0.0,"timestamp":1613889347,"path_taken":["M","$","?","M","$","R","E","M","T","M","E","M","?","M","R","BOSS","M","?","?","?","?","E","?","M","T","E","E","?","M","E","R","BOSS","M","$","?","$","M","R","E","R","T","?","M","M","$","M","R","BOSS"],"items_purchased_type":["Card","Card","Card","Potion","Relic","Card"],"build_version":"2020-12-22","purchased_purges":1,"victory":true,"max_hp_per_floor":[72,72,72,72,72,72,72,72,72,72,72,72,72,72,72,72,72,72,72,72,72,72,72,82,82,82,82,82,82,82,82,82,82,82,82,82,82,82,82,82,82,82,82,82,82,82,82,82,82,82],"card_choices":[{"not_picked":["Evaluate","InnerPeace"],"picked":"Protect","floor":0.0},{"not_picked":["CutThroughFate","MentalFortress"],"picked":"Wallop","floor":1.0},{"not_picked":["Nirvana","EmptyBody"],"picked":"SashWhip","floor":4.0},{"not_picked":["Wireheading","JustLucky+1"],"picked":"FollowUp+1","floor":7.0},{"not_picked":["LikeWater","Crescendo"],"picked":"Protect","floor":8.0},{"not_picked":["ThirdEye","WreathOfFlame"],"picked":"Consecrate+1","floor":10.0},{"not_picked":["CutThroughFate+1","Protect"],"picked":"FlurryOfBlows+1","floor":11.0},{"not_picked":["BowlingBash+1","Worship"],"picked":"CutThroughFate+1","floor":12.0},{"not_picked":["PathToVictory","CutThroughFate+1"],"picked":"FlyingSleeves+1","floor":13.0},{"not_picked":["EmptyFist+1","CutThroughFate+1"],"picked":"Worship","floor":14.0},{"not_picked":["DevaForm","ConjureBlade"],"picked":"Blasphemy","floor":16.0},{"not_picked":["Indignation","Halt"],"picked":"FlurryOfBlows+1","floor":18.0},{"not_picked":["LikeWater","Prostrate"],"picked":"TalkToTheHand+1","floor":21.0},{"not_picked":["Pray","MentalFortress+1","EmptyBody+1"],"picked":"SKIP","floor":23.0},{"not_picked":["Prostrate","EmptyMind","CrushJoints+1"],"picked":"SKIP","floor":25.0},{"not_picked":["CrushJoints+1","Evaluate","InnerPeace"],"picked":"SKIP","floor":27.0},{"not_picked":["EmptyBody","Devotion"],"picked":"DeusExMachina","floor":28.0},{"not_picked":["SashWhip+1","EmptyMind+1","FearNoEvil+1"],"picked":"SKIP","floor":30.0},{"not_picked":["PathToVictory+1","ConjureBlade","Wireheading"],"picked":"SKIP","floor":31.0},{"not_picked":["Brilliance+1","Judgement"],"picked":"Vault","floor":33.0},{"not_picked":["CarveReality+1","CrushJoints+1"],"picked":"SandsOfTime+1","floor":35.0},{"not_picked":["Consecrate+1","Worship+1"],"picked":"Judgement","floor":39.0},{"not_picked":["WaveOfTheHand+1","WindmillStrike+1"],"picked":"DevaForm","floor":41.0},{"not_picked":["FollowUp+1","ThirdEye","Crescendo+1"],"picked":"SKIP","floor":45.0},{"not_picked":["Vengeance+1","CrushJoints+1","ClearTheMind+1"],"picked":"SKIP","floor":46},{"not_picked":["WreathOfFlame","Meditate","FlurryOfBlows+1"],"picked":"SKIP","floor":48}],"player_experience":148906,"relics_obtained":[{"floor":7.0,"key":"Molten Egg 2"},{"floor":9.0,"key":"PreservedInsect"},{"floor":11.0,"key":"WingedGreaves"},{"floor":20.0,"key":"Mummified Hand"},{"floor":23.0,"key":"Juzu Bracelet"},{"floor":24.0,"key":"Pear"},{"floor":26.0,"key":"StrikeDummy"},{"floor":27.0,"key":"StoneCalendar"},{"floor":28.0,"key":"Meat on the Bone"},{"floor":29.0,"key":"Letter Opener"},{"floor":31.0,"key":"White Beast Statue"},{"floor":37.0,"key":"Lizard Tail"},{"floor":41.0,"key":"MawBank"},{"floor":43.0,"key":"Blue Candle"},{"floor":44.0,"key":"Mercury Hourglass"}],"event_choices":[{"cards_removed":["Defend_P"],"damage_healed":0.0,"max_hp_gain":0.0,"max_hp_loss":0.0,"gold_gain":0.0,"event_name":"Purifier","player_choice":"Purged","floor":3.0,"gold_loss":0.0,"damage_taken":0.0},{"damage_healed":0.0,"max_hp_gain":0.0,"max_hp_loss":0.0,"gold_gain":0.0,"event_name":"Drug Dealer","player_choice":"Inject Mutagens","floor":22.0,"gold_loss":0.0,"damage_taken":0.0,"relics_obtained":["MutagenicStrength"]},{"damage_healed":0.0,"max_hp_gain":0.0,"max_hp_loss":0.0,"gold_gain":0.0,"event_name":"MindBloom","player_choice":"Fight","floor":37.0,"gold_loss":0.0,"damage_taken":0.0}],"is_beta":false,"boss_relics":[{"not_picked":["HolyWater","Empty Cage"],"picked":"Snecko Eye"},{"not_picked":["Tiny House","Coffee Dripper"],"picked":"Astrolabe"}],"items_purged_floors":[5],"is_endless":false,"potions_floor_spawned":[4,7,10,14,16,21,31,33,35,37,39,41,45,46,48],"ascension_level":0}}