{"host":"fy9bu8pyaeb8xhn1","time":1613918199,"event":{"mods":["BaseMod","Infinite Spire","Minty Spire (QoL Compilation)","StSLib"],"gold_per_floor":[111,131,81,81,4,35,35,62,87,107,107,127,160,160,160,255,255,271,271,290,306,109,109,109],"floor_reached":23,"language":"ENG","playtime":1330,"items_purged":["Strike_B"],"score":209,"play_id":"c55f70fe-d85f-4ed3-bded-9affb02b532d","local_time":"20210221153639","is_ascension_mode":false,"campfire_choices":[{"data":"Chaos","floor":7,"key":"SMITH"},{"data":"Go for the Eyes","floor":11,"key":"SMITH"},{"floor":15,"key":"REST"}],"circlet_count":0,"master_deck":["Strike_B","Defend_B","Defend_B","Defend_B","Defend_B","Zap","Dualcast","Finesse","Compile Driver","Leap","BootSequence","Chaos+1","Go for the Eyes+1","Multi-Cast","Hologram","Self Repair","Creative AI","Darkness","Loop"],"relics":["Cracked Core","Potion Belt","Bag of Marbles","Lantern","Smiling Mask","Sozu","PreservedInsect"],"acts_visited":["Exordium","TheCity"],"potions_floor_usage":[6,13,16],"damage_taken":[{"damage":1,"enemies":"Jaw Worm","floor":1,"turns":3},{"damage":2,"enemies":"2 Louse","floor":2,"turns":3},{"damage":26,"enemies":"Gremlin Nob","floor":6,"turns":4},{"damage":6,"enemies":"Lagavulin","floor":8,"turns":8},{"damage":0,"enemies":"Small Slimes","floor":10,"turns":3},{"damage":0,"enemies":"Blue Slaver","floor":12,"turns":2},{"damage":8,"enemies":"3 Sentries","floor":13,"turns":6},{"damage":33,"enemies":"The Guardian","floor":16,"turns":16},{"damage":25,"enemies":"Spheric Guardian","floor":18,"turns":8},{"damage":0,"enemies":"Shell Parasite","floor":20,"turns":5},{"damage":28,"enemies":"Cultist and Chosen","floor":21,"turns":9},{"damage":38,"enemies":"Slavers","floor":23,"turns":3}],"seed_played":"-3829366561051804032","potions_obtained":[{"floor":1,"key":"CultistPotion"},{"floor":6,"key":"Swift Potion"},{"floor":12,"key":"Explosive Potion"}],"is_trial":false,"path_per_floor":["M","M","?","?","$","E","R","E","T","M","R","M","E","?","R","B",null,"M","?","M","M","$","E"],"character_chosen":"DEFECT","items_purchased":["BootSequence","PreservedInsect"],"campfire_rested":1,"item_purchase_floors":[5,22],"current_hp_per_floor":[74,72,72,65,65,39,39,33,33,33,33,33,25,25,47,21,75,57,43,50,29,29,0,0],"gold":109,"neow_bonus":"RANDOM_COLORLESS","is_daily":false,"chose_seed":false,"campfire_upgraded":2,"win_rate":0.0,"timestamp":1613918199,"path_taken":["M","M","?","?","$","E","R","E","T","M","R","M","E","?","R","BOSS","M","?","M","M","$","E"],"items_purchased_type":["Card","Relic"],"build_version":"2020-12-22","purchased_purges":1,"victory":false,"max_hp_per_floor":[75,75,75,75,75,75,75,75,75,75,75,75,75,75,75,75,75,75,80,80,80,80,80,80],"card_choices":[{"not_picked":["Dramatic Entrance","Dark Shackles"],"picked":"Finesse","floor":0},{"not_picked":["Ball Lightning","Barrage"],"picked":"Compile Driver","floor":1},{"not_picked":["Undo","Tempest"],"picked":"Leap","floor":2},{"not_picked":["Gash","Sweeping Beam"],"picked":"Chaos","floor":6},{"not_picked":["Barrage","Redo"],"picked":"Go for the Eyes","floor":8},{"not_picked":["Hologram","Defragment"],"picked":"Multi-Cast","floor":10},{"not_picked":["Sweeping Beam","Tempest"],"picked":"Hologram","floor":12},{"not_picked":["Coolheaded","Redo"],"picked":"Self Repair","floor":13},{"not_picked":["Rainbow","Fission"],"picked":"Creative AI","floor":16},{"not_picked":["Fusion","Redo+1"],"picked":"Darkness","floor":18},{"not_picked":["Barrage","Tempest+1","Coolheaded"],"picked":"SKIP","floor":20},{"not_picked":["Steam","Gash"],"picked":"Loop","floor":21}],"player_experience":493095,"relics_obtained":[{"floor":6,"key":"Potion Belt"},{"floor":8,"key":"Bag of Marbles"},{"floor":9,"key":"Lantern"},{"floor":13,"key":"Smiling Mask"}],"event_choices":[{"cards_removed":["Strike_B"],"damage_healed":0,"gold_gain":0,"player_choice":"Card Removal","damage_taken":0,"max_hp_gain":0,"max_hp_loss":0,"event_name":"The Cleric","floor":3,"gold_loss":50},{"cards_removed":["Strike_B"],"damage_healed":0,"gold_gain":0,"player_choice":"Card Removal","damage_taken":7,"max_hp_gain":0,"max_hp_loss":0,"event_name":"Golden Wing","floor":4,"gold_loss":0},{"damage_healed":0,"gold_gain":0,"player_choice":"Searched \u00270\u0027 times","damage_taken":0,"max_hp_gain":0,"max_hp_loss":0,"event_name":"Dead Adventurer","floor":14,"gold_loss":0},{"damage_healed":0,"gold_gain":0,"player_choice":"Shed Blood","damage_taken":19,"max_hp_gain":5,"max_hp_loss":0,"event_name":"Forgotten Altar","floor":19,"gold_loss":0}],"is_beta":false,"boss_relics":[{"not_picked":["Coffee Dripper","Calling Bell"],"picked":"Sozu"}],"items_purged_floors":[22],"is_endless":false,"potions_floor_spawned":[1,6,12],"killed_by":"Slavers","ascension_level":0}}