{"host":"u1dfzl6o6mfmauc3","time":1613887812,"event":{"mods":["2.2 Compatiblity","AchievementEnabler","BaseMod","Bestiary","Block Reminder","Challenge The Spire","Colored Map","Dark Map","Hermit","Highlight Path","Minty Spire (QoL Compilation)","Random Character Button","Rare Cards Sparkle","Relic Stats","Robot Space Explorer","StSLib","The Disciple"],"gold_per_floor":[214,214,226,3,14,14,31,57,127,150,183,35,48,48,79,79,79,185,212,228,254,179,205,225,267,267,295,295,52,72,72,86,112,27,27,132,132,145,154,254,274,292,292,317,317,317,317,330,330,345,375,391,410,410,410,410,410],"floor_reached":56,"language":"ENG","playtime":2068,"items_purged":[],"score":890,"play_id":"d847eb19-5ea5-4cb4-83f3-7e6cb2218702","local_time":"20210221011012","is_ascension_mode":true,"campfire_choices":[{"data":"Genetic Algorithm","floor":6,"key":"SMITH"},{"floor":16,"key":"REST"},{"floor":17,"key":"REST"},{"floor":26,"key":"REST"},{"data":"Echo Form","floor":31,"key":"SMITH"},{"floor":35,"key":"REST"},{"floor":43,"key":"REST"},{"data":"Loop","floor":45,"key":"SMITH"},{"floor":49,"key":"REST"},{"floor":54,"key":"RECALL"},{"data":"Capacitor","floor":55,"key":"SMITH"}],"circlet_count":0,"master_deck":["Strike_B","Defend_B","Defend_B","Defend_B","Defend_B","Zap","Dualcast","Ball Lightning","Loop+1","Genetic Algorithm+1","Biased Cognition","Doom and Gloom","Echo Form+1","Hologram+1","Rainbow+1","Electrodynamics+1","Reboot+1","Conserve Battery+1","Reinforced Body+1","Glacier+1","Coolheaded+1","Amplify+1","Blind+1","Glacier+1","Capacitor+1"],"relics":["Cracked Core","PreservedInsect","Torii","Toxic Egg 2","Happy Flower","Bronze Scales","CeramicFish","Astrolabe","Bag of Marbles","Oddly Smooth Stone","Pocketwatch","Cables","Strawberry","Art of War","Sozu","White Beast Statue","Meat on the Bone","Gremlin Horn"],"acts_visited":["Exordium","TheCity","TheBeyond"],"potions_floor_usage":[8,8,30,36,44],"damage_taken":[{"damage":2,"enemies":"Jaw Worm","floor":1,"turns":3},{"damage":0,"enemies":"Cultist","floor":3,"turns":4},{"damage":5,"enemies":"Small Slimes","floor":5,"turns":3},{"damage":8,"enemies":"Blue Slaver","floor":7,"turns":4},{"damage":20,"enemies":"3 Sentries","floor":8,"turns":5},{"damage":10,"enemies":"Lagavulin","floor":11,"turns":4},{"damage":1,"enemies":"Red Slaver","floor":13,"turns":4},{"damage":13,"enemies":"Gremlin Nob","floor":15,"turns":4},{"damage":15,"enemies":"Hexaghost","floor":18,"turns":6},{"damage":13,"enemies":"2 Thieves","floor":20,"turns":4},{"damage":15,"enemies":"Shell Parasite","floor":21,"turns":5},{"damage":1,"enemies":"Snecko","floor":23,"turns":4},{"damage":9,"enemies":"Snake Plant","floor":24,"turns":3},{"damage":1,"enemies":"Gremlin Leader","floor":25,"turns":4},{"damage":0,"enemies":"Book of Stabbing","floor":27,"turns":4},{"damage":23,"enemies":"Shelled Parasite and Fungi","floor":30,"turns":4},{"damage":1,"enemies":"Snecko","floor":32,"turns":5},{"damage":11,"enemies":"Gremlin Leader","floor":33,"turns":6},{"damage":20,"enemies":"Automaton","floor":36,"turns":10},{"damage":1,"enemies":"Orb Walker","floor":38,"turns":4},{"damage":11,"enemies":"3 Shapes","floor":41,"turns":3},{"damage":13,"enemies":"3 Darklings","floor":42,"turns":4},{"damage":31,"enemies":"Reptomancer","floor":44,"turns":7},{"damage":0,"enemies":"Sphere and 2 Shapes","floor":48,"turns":3},{"damage":1,"enemies":"Spire Growth","floor":50,"turns":7},{"damage":2,"enemies":"Nemesis","floor":51,"turns":5},{"damage":10,"enemies":"Jaw Worm Horde","floor":52,"turns":3},{"damage":8,"enemies":"Writhing Mass","floor":53,"turns":3},{"damage":56,"enemies":"Time Eater","floor":56,"turns":17}],"seed_played":"-7653090787640303332","potions_obtained":[{"floor":5,"key":"PowerPotion"},{"floor":7,"key":"PowerPotion"},{"floor":18,"key":"GamblersBrew"},{"floor":23,"key":"BlessingOfTheForge"},{"floor":25,"key":"Regen Potion"},{"floor":30,"key":"Ancient Potion"}],"is_trial":false,"path_per_floor":["M","?","M","$","M","R","M","E","T","T","E","$","M","$","E","R","R","B",null,"M","M","?","M","M","E","R","E","T","$","M","R","M","E","?","R","B",null,"M","?","?","M","M","R","E","R","T","T","M","R","M","E","M","M","R","R","B"],"character_chosen":"DEFECT","items_purchased":["PreservedInsect","Genetic Algorithm","Echo Form","Cables"],"campfire_rested":6,"item_purchase_floors":[4,4,12,29],"current_hp_per_floor":[66,66,66,66,61,61,53,33,33,33,23,23,22,22,9,31,53,38,66,53,38,38,37,28,27,49,49,49,49,38,38,37,33,33,57,37,71,70,70,70,59,46,70,39,39,39,39,51,75,74,72,62,54,54,54,0,0],"gold":410,"neow_bonus":"HUNDRED_GOLD","is_daily":false,"chose_seed":false,"campfire_upgraded":4,"win_rate":0.0,"timestamp":1613887812,"path_taken":["M","?","?","$","M","R","M","E","T","T","E","?","M","$","E","R","R","BOSS","M","M","?","M","M","E","R","E","T","$","M","R","M","E","?","R","BOSS","M","?","?","M","?","R","E","R","T","T","M","R","M","E","?","M","R","R","BOSS"],"items_purchased_type":["Relic","Card","Card","Relic"],"build_version":"2020-12-22","purchased_purges":0,"victory":false,"max_hp_per_floor":[75,75,75,75,75,75,75,75,75,75,75,75,75,75,75,75,75,75,75,75,75,75,75,75,75,75,75,75,75,75,75,75,82,82,82,82,82,82,82,82,82,82,82,82,82,82,82,82,82,82,82,82,82,82,82,82,82],"relic_stats":{"Torii":57,"Happy Flower":[41],"Gremlin Horn":[1,1],"counters":[29,141],"CeramicFish":108,"Astrolabe":["Creative AI","Electrodynamics","Reboot"],"PreservedInsect":329,"Cables":[73,44,24,5,0],"Sozu":6,"Bronze Scales":[387],"Art of War":[36],"obtain_stats":[{"Torii":8,"Happy Flower":10,"Gremlin Horn":51,"CeramicFish":15,"Astrolabe":19,"Oddly Smooth Stone":27,"PreservedInsect":4,"White Beast Statue":44,"Cables":29,"Sozu":37,"Bronze Scales":11,"Strawberry":33,"Bag of Marbles":25,"Art of War":34,"Toxic Egg 2":9,"Cracked Core":0,"Pocketwatch":28,"Meat on the Bone":47},{"Torii":5,"Happy Flower":5,"Gremlin Horn":26,"CeramicFish":8,"Astrolabe":9,"Oddly Smooth Stone":15,"PreservedInsect":2,"White Beast Statue":23,"Cables":15,"Sozu":19,"Bronze Scales":6,"Strawberry":18,"Bag of Marbles":14,"Art of War":18,"Toxic Egg 2":5,"Cracked Core":0,"Pocketwatch":15,"Meat on the Bone":23},{"Torii":19,"Happy Flower":19,"Gremlin Horn":118,"CeramicFish":31,"Astrolabe":37,"Oddly Smooth Stone":61,"PreservedInsect":7,"White Beast Statue":103,"Cables":61,"Sozu":86,"Bronze Scales":23,"Strawberry":76,"Bag of Marbles":57,"Art of War":76,"Toxic Egg 2":19,"Cracked Core":0,"Pocketwatch":61,"Meat on the Bone":103}],"Pocketwatch":[99],"Meat on the Bone":12},"card_choices":[{"not_picked":["Sweeping Beam","Heatsinks"],"picked":"Ball Lightning","floor":1},{"not_picked":["Tempest","Stack"],"picked":"Loop","floor":3},{"not_picked":["Barrage","Leap","Turbo"],"picked":"SKIP","floor":5},{"not_picked":["Leap","Go for the Eyes"],"picked":"Biased Cognition","floor":7},{"not_picked":["Beam Cell","Rebound","All For One"],"picked":"SKIP","floor":8},{"not_picked":["Darkness+1","Redo+1"],"picked":"Doom and Gloom","floor":11},{"not_picked":["Consume+1","Darkness+1"],"picked":"Hologram+1","floor":13},{"not_picked":["Ball Lightning","Compile Driver","BootSequence+1"],"picked":"SKIP","floor":15},{"not_picked":["Echo Form","Creative AI"],"picked":"Rainbow+1","floor":18},{"not_picked":["Compile Driver","Sweeping Beam","Redo+1"],"picked":"SKIP","floor":20},{"not_picked":["Chaos+1","Skim+1"],"picked":"Conserve Battery+1","floor":21},{"not_picked":["Turbo+1","Steam+1"],"picked":"Reinforced Body+1","floor":23},{"not_picked":["Redo+1","Ball Lightning+1","Electrodynamics"],"picked":"SKIP","floor":24},{"not_picked":["Force Field+1","Streamline"],"picked":"Glacier+1","floor":25},{"not_picked":["Blizzard+1","Double Energy+1","Compile Driver"],"picked":"SKIP","floor":27},{"not_picked":["Cold Snap","Barrage+1"],"picked":"Coolheaded+1","floor":30},{"not_picked":["Redo+1","Loop","Hologram+1"],"picked":"SKIP","floor":32},{"not_picked":["Rebound","Coolheaded+1","Conserve Battery+1"],"picked":"SKIP","floor":33},{"not_picked":["Hyperbeam","Echo Form"],"picked":"Amplify+1","floor":36},{"not_picked":["Sunder","Tempest+1","Conserve Battery+1"],"picked":"SKIP","floor":38},{"not_picked":["Panache","Deep Breath+1"],"picked":"Blind+1","floor":39},{"not_picked":["Stack+1","Melter"],"picked":"Glacier+1","floor":41},{"not_picked":["Rebound+1","Leap+1","Barrage+1"],"picked":"SKIP","floor":42},{"not_picked":["Compile Driver","Tempest+1","Loop+1"],"picked":"SKIP","floor":44},{"not_picked":["Recycle+1","Genetic Algorithm+1","Self Repair"],"picked":"SKIP","floor":48},{"not_picked":["Stack+1","Consume+1","Go for the Eyes+1"],"picked":"SKIP","floor":50},{"not_picked":["Hyperbeam","Rebound","Steam+1"],"picked":"SKIP","floor":51},{"not_picked":["Go for the Eyes+1","Hologram+1","Tempest+1"],"picked":"SKIP","floor":52},{"not_picked":["Chaos+1","Go for the Eyes+1"],"picked":"Capacitor","floor":53}],"player_experience":264267,"relics_obtained":[{"floor":8,"key":"Torii"},{"floor":9,"key":"Toxic Egg 2"},{"floor":10,"key":"Happy Flower"},{"floor":11,"key":"Bronze Scales"},{"floor":15,"key":"CeramicFish"},{"floor":25,"key":"Bag of Marbles"},{"floor":27,"key":"Oddly Smooth Stone"},{"floor":28,"key":"Pocketwatch"},{"floor":33,"key":"Strawberry"},{"floor":44,"key":"White Beast Statue"},{"floor":47,"key":"Meat on the Bone"},{"floor":51,"key":"Gremlin Horn"}],"event_choices":[{"damage_healed":0,"gold_gain":0,"player_choice":"Ignored","damage_taken":0,"max_hp_gain":0,"max_hp_loss":0,"event_name":"WeMeetAgain","floor":2,"gold_loss":0},{"cards_removed":["Creative AI"],"damage_healed":0,"gold_gain":0,"player_choice":"Gave Gold","damage_taken":0,"max_hp_gain":0,"max_hp_loss":0,"event_name":"Beggar","floor":22,"gold_loss":75},{"damage_healed":0,"gold_gain":0,"player_choice":"Obtained Relic","damage_taken":0,"relics_obtained":["Art of War"],"max_hp_gain":0,"max_hp_loss":0,"event_name":"Addict","floor":34,"gold_loss":85},{"damage_healed":0,"gold_gain":0,"player_choice":"Memory 1","damage_taken":0,"max_hp_gain":0,"max_hp_loss":0,"event_name":"SensoryStone","floor":39,"gold_loss":0},{"damage_healed":0,"gold_gain":100,"player_choice":"Pray","damage_taken":0,"max_hp_gain":0,"max_hp_loss":0,"event_name":"Golden Shrine","floor":40,"gold_loss":0}],"is_beta":false,"boss_relics":[{"not_picked":["Busted Crown","Velvet Choker"],"picked":"Astrolabe"},{"not_picked":["FrozenCore","SlaversCollar"],"picked":"Sozu"}],"items_purged_floors":[],"is_endless":false,"potions_floor_spawned":[5,7,18,23,25,30,33,44,48,50,51,52,53],"killed_by":"Time Eater","ascension_level":7}}