{"host":"8pvw2tcf9wctlvur","time":1613879111,"event":{"mods":["BaseMod","Better Third Choice","Colored Powertips","Curses Come First","Minty Spire (QoL Compilation)","Rare Cards Sparkle","Relic Stats","StSLib","SuperFastMode"],"gold_per_floor":[109,126,139,159,174,199,199,224,224,224,243,243,259,85,85,85,85],"floor_reached":16,"language":"ENG","playtime":578,"items_purged":[],"score":125,"play_id":"29a01b57-98f7-4e8d-851d-4caef626f61d","local_time":"20210220204511","is_ascension_mode":true,"campfire_choices":[{"floor":7,"key":"REST"},{"floor":12,"key":"REST"},{"floor":15,"key":"REST"}],"circlet_count":0,"master_deck":["Strike_B","Strike_B","Strike_B","Strike_B","Defend_B","Defend_B","Defend_B","Defend_B","Zap","Dualcast","Steam","Capacitor","Sweeping Beam","Static Discharge","Gash","Reboot","Hello World","Injury","Cold Snap+1","Chaos","Loop","Steam Power","Lockon+1"],"relics":["Cracked Core","Tiny Chest","Question Card","Molten Egg 2","Golden Idol"],"acts_visited":["Exordium"],"potions_floor_usage":[6,6,8,16],"damage_taken":[{"damage":9,"enemies":"Jaw Worm","floor":1,"turns":4},{"damage":1,"enemies":"Cultist","floor":2,"turns":3},{"damage":0,"enemies":"2 Louse","floor":3,"turns":2},{"damage":0,"enemies":"Exordium Wildlife","floor":4,"turns":3},{"damage":15,"enemies":"3 Louse","floor":5,"turns":2},{"damage":16,"enemies":"3 Sentries","floor":6,"turns":6},{"damage":35,"enemies":"Lagavulin","floor":8,"turns":6},{"damage":18,"enemies":"Lots of Slimes","floor":11,"turns":2},{"damage":14,"enemies":"2 Fungi Beasts","floor":13,"turns":3},{"damage":47,"enemies":"Slime Boss","floor":16,"turns":9}],"seed_played":"370044864414899578","potions_obtained":[{"floor":2,"key":"Energy Potion"},{"floor":3,"key":"Block Potion"},{"floor":5,"key":"Swift Potion"},{"floor":13,"key":"SkillPotion"}],"is_trial":false,"path_per_floor":["M","M","M","M","M","E","R","E","T","?","M","R","M","$","R","B"],"character_chosen":"DEFECT","items_purchased":["Loop","Steam Power","Lockon+1"],"campfire_rested":3,"item_purchase_floors":[14,14,14],"current_hp_per_floor":[73,72,72,72,57,41,65,30,30,30,12,36,22,22,46,0,0],"gold":85,"neow_bonus":"TEN_PERCENT_HP_BONUS","is_daily":false,"chose_seed":false,"campfire_upgraded":0,"win_rate":0.0,"timestamp":1613879111,"path_taken":["M","M","M","M","M","E","R","E","T","?","M","R","M","$","R","BOSS"],"items_purchased_type":["Card","Card","Card"],"build_version":"2020-12-22","purchased_purges":0,"victory":false,"max_hp_per_floor":[82,82,82,82,82,82,82,82,82,82,82,82,82,82,82,82,82],"relic_stats":{"counters":[10,40],"Golden Idol":7,"Tiny Chest":0,"Question Card":2,"obtain_stats":[{"Golden Idol":10,"Tiny Chest":6,"Molten Egg 2":9,"Cracked Core":0,"Question Card":8},{"Golden Idol":7,"Tiny Chest":6,"Molten Egg 2":7,"Cracked Core":0,"Question Card":7},{"Golden Idol":26,"Tiny Chest":20,"Molten Egg 2":26,"Cracked Core":0,"Question Card":26}]},"card_choices":[{"not_picked":["Beam Cell","Rebound"],"picked":"Steam","floor":1},{"not_picked":["Ball Lightning","Self Repair"],"picked":"Capacitor","floor":2},{"not_picked":["Chill","Stack"],"picked":"Sweeping Beam","floor":3},{"not_picked":["Rebound","Darkness"],"picked":"Static Discharge","floor":4},{"not_picked":["Chaos","Coolheaded"],"picked":"Gash","floor":5},{"not_picked":["Sunder","Redo"],"picked":"Reboot","floor":6},{"not_picked":["Conserve Battery","Cold Snap"],"picked":"Hello World","floor":8},{"not_picked":["Undo","Streamline+1","Blizzard+1"],"picked":"Cold Snap+1","floor":11},{"not_picked":["Conserve Battery","Steam","Beam Cell+1"],"picked":"Chaos","floor":13}],"player_experience":299927,"relics_obtained":[{"floor":6,"key":"Tiny Chest"},{"floor":8,"key":"Question Card"},{"floor":9,"key":"Molten Egg 2"}],"event_choices":[{"damage_healed":0,"gold_gain":0,"player_choice":"Take Wound","damage_taken":0,"relics_obtained":["Golden Idol"],"max_hp_gain":0,"max_hp_loss":0,"event_name":"Golden Idol","floor":10,"gold_loss":0,"cards_obtained":["Injury"]}],"is_beta":false,"boss_relics":[],"items_purged_floors":[],"is_endless":false,"potions_floor_spawned":[2,3,5,13],"killed_by":"Slime Boss","ascension_level":2}}