{"host":"d52brwsy6af8zvaq","time":1613869493,"event":{"mods":["AchievementEnabler","BaseMod","Bestiary","Highlight Path","Minty Spire (QoL Compilation)","Quick Restart","Relic Stats","ojb\u0027s Better Paths Mod"],"gold_per_floor":[114,114,126,141,156,190,190,201,201,276,276,276],"floor_reached":11,"language":"ENG","playtime":252,"items_purged":[],"score":150,"play_id":"fff49950-7bfc-4011-87e8-a3542867cef2","local_time":"20210220180453","is_ascension_mode":true,"campfire_choices":[{"data":"Seek","floor":7,"key":"SMITH"}],"circlet_count":0,"master_deck":["AscendersBane","Strike_B","Strike_B","Strike_B","Strike_B","Defend_B","Defend_B","Defend_B","Defend_B","Zap+1","Dualcast","Ball Lightning","Gash","Self Repair","Gash","Seek+1","Glacier"],"relics":["Cracked Core","Art of War","Lantern","Juzu Bracelet"],"acts_visited":[],"potions_floor_usage":[6,6],"damage_taken":[{"damage":0,"enemies":"Cultist","floor":1,"turns":3},{"damage":0,"enemies":"Small Slimes","floor":3,"turns":2},{"damage":0,"enemies":"2 Louse","floor":4,"turns":2},{"damage":22,"enemies":"Exordium Thugs","floor":5,"turns":4},{"damage":8,"enemies":"Gremlin Nob","floor":6,"turns":3},{"damage":3,"enemies":"Blue Slaver","floor":8,"turns":2},{"damage":42,"enemies":"3 Sentries","floor":11,"turns":6}],"seed_played":"1061759483584771593","potions_obtained":[{"floor":3,"key":"SteroidPotion"},{"floor":5,"key":"AttackPotion"}],"is_trial":false,"path_per_floor":["M","?","M","M","M","E","R","M","T","?","E"],"character_chosen":"DEFECT","items_purchased":[],"campfire_rested":0,"item_purchase_floors":[],"current_hp_per_floor":[64,64,64,64,49,48,48,52,52,41,0,0],"gold":276,"neow_bonus":"RANDOM_COMMON_RELIC","is_daily":false,"chose_seed":false,"campfire_upgraded":1,"win_rate":0.0,"timestamp":1613869493,"path_taken":["M","?","M","M","M","E","R","M","T","?","E"],"items_purchased_type":[],"build_version":"2020-12-22","purchased_purges":0,"victory":false,"max_hp_per_floor":[71,71,71,71,71,71,71,71,71,71,71,71],"relic_stats":{"counters":[7,22],"Art of War":[2],"Juzu Bracelet":1,"obtain_stats":[{"Lantern":6,"Art of War":0,"Juzu Bracelet":9,"Cracked Core":0},{"Lantern":5,"Art of War":0,"Juzu Bracelet":6,"Cracked Core":0},{"Lantern":14,"Art of War":0,"Juzu Bracelet":16,"Cracked Core":0}]},"card_choices":[{"not_picked":["Cold Snap","Barrage"],"picked":"Ball Lightning","floor":1},{"not_picked":["Barrage","Beam Cell"],"picked":"Gash","floor":3},{"not_picked":["Ball Lightning","Streamline"],"picked":"Self Repair","floor":4},{"not_picked":["Aggregate","Steam Power"],"picked":"Gash","floor":5},{"not_picked":["Rebound","Stack"],"picked":"Seek","floor":6},{"not_picked":["Go for the Eyes","Force Field"],"picked":"Glacier","floor":8}],"player_experience":2327052,"relics_obtained":[{"floor":6,"key":"Lantern"},{"floor":9,"key":"Juzu Bracelet"}],"event_choices":[{"damage_healed":0,"gold_gain":0,"player_choice":"Upgraded","damage_taken":0,"max_hp_gain":0,"max_hp_loss":0,"event_name":"Upgrade Shrine","floor":2,"gold_loss":0,"cards_upgraded":["Zap"]},{"damage_healed":0,"gold_gain":75,"player_choice":"Gather Gold","damage_taken":11,"max_hp_gain":0,"max_hp_loss":0,"event_name":"World of Goop","floor":10,"gold_loss":0}],"is_beta":false,"boss_relics":[],"items_purged_floors":[],"is_endless":false,"potions_floor_spawned":[3,5],"killed_by":"3 Sentries","ascension_level":20}}