{"host":"sct5htsgcw1q318k","time":1613937082,"event":{"mods":["BaseMod","Colored Map","Minty Spire (QoL Compilation)","Permanent Neow","Relic Stats"],"gold_per_floor":[118,43,193,40,56,56,70,104,104,124,23,51,51,71,71,142,142,153,153,171,190,19,53,31,31,31,65,65,99,113,125,125,203,203,214,229,229,31,46,78,92,103,103,103,103],"floor_reached":44,"language":"ENG","playtime":16301,"items_purged":["Pain","Doubt"],"score":1049,"play_id":"078836c2-b51c-468f-adfe-e9829a390432","local_time":"20210221135122","is_ascension_mode":true,"campfire_choices":[{"data":"Dagger Spray","floor":6.0,"key":"SMITH"},{"data":"Calculated Gamble","floor":15.0,"key":"SMITH"},{"data":"After Image","floor":25.0,"key":"SMITH"},{"data":"Acrobatics","floor":32,"key":"SMITH"}],"circlet_count":0,"master_deck":["AscendersBane","Strike_G","Strike_G","Strike_G","Strike_G","Strike_G","Defend_G+1","Defend_G+1","Defend_G","Defend_G","Survivor","Neutralize","Dagger Spray+1","Calculated Gamble+1","Eviscerate","After Image+1","Prepared","Underhanded Strike+1","Backstab+1","All Out Attack+1","Acrobatics+1","Die Die Die+1","Noxious Fumes+1","PiercingWail","Swift Strike+1","Backstab+1","Bane+1","Eviscerate+1","Storm of Steel","Bouncing Flask","Poisoned Stab+1","Adrenaline","CurseOfTheBell","Dodge and Roll+1","Footwork","Swift Strike+1","Slice+1","Backflip+1"],"relics":["Ring of the Snake","War Paint","Snake Skull","Molten Egg 2","Mercury Hourglass","Shuriken","Coffee Dripper","WarpedTongs","FossilizedHelix","Nunchaku","MealTicket","Bottled Tornado","Calling Bell","Regal Pillow","Pear","StoneCalendar","Anchor","StrikeDummy"],"acts_visited":["Exordium","TheCity","TheBeyond"],"potions_floor_usage":[33,33,39,44],"damage_taken":[{"damage":0.0,"enemies":"2 Louse","floor":1.0,"turns":3.0},{"damage":4.0,"enemies":"Jaw Worm","floor":5.0,"turns":4.0},{"damage":0.0,"enemies":"Small Slimes","floor":7.0,"turns":2.0},{"damage":20.0,"enemies":"3 Sentries","floor":8.0,"turns":6.0},{"damage":0.0,"enemies":"2 Fungi Beasts","floor":10.0,"turns":3.0},{"damage":22.0,"enemies":"Gremlin Nob","floor":12.0,"turns":4.0},{"damage":0.0,"enemies":"Gremlin Gang","floor":14.0,"turns":3.0},{"damage":4.0,"enemies":"Hexaghost","floor":16.0,"turns":9.0},{"damage":9.0,"enemies":"2 Thieves","floor":18.0,"turns":2.0},{"damage":11.0,"enemies":"Shell Parasite","floor":20.0,"turns":4.0},{"damage":14.0,"enemies":"Shelled Parasite and Fungi","floor":21.0,"turns":5.0},{"damage":0.0,"enemies":"Gremlin Leader","floor":23.0,"turns":5.0},{"damage":7.0,"enemies":"Slavers","floor":27.0,"turns":4.0},{"damage":20,"enemies":"Gremlin Leader","floor":29,"turns":4},{"damage":0,"enemies":"Centurion and Healer","floor":30,"turns":3},{"damage":8,"enemies":"Snake Plant","floor":31,"turns":3},{"damage":0,"enemies":"Collector","floor":33,"turns":7},{"damage":0,"enemies":"Orb Walker","floor":35,"turns":3},{"damage":0,"enemies":"3 Shapes","floor":36,"turns":5},{"damage":34,"enemies":"Writhing Mass","floor":39,"turns":5},{"damage":19,"enemies":"Reptomancer","floor":40,"turns":5},{"damage":0,"enemies":"Maw","floor":41,"turns":6},{"damage":0,"enemies":"4 Shapes","floor":42,"turns":5},{"damage":31,"enemies":"Giant Head","floor":44,"turns":7}],"seed_played":"-2105984066408358190","potions_obtained":[{"floor":5.0,"key":"Strength Potion"},{"floor":8.0,"key":"Poison Potion"},{"floor":14.0,"key":"GhostInAJar"},{"floor":23.0,"key":"Poison Potion"},{"floor":27,"key":"EssenceOfSteel"},{"floor":29,"key":"Fire Potion"},{"floor":30,"key":"LiquidMemories"},{"floor":33,"key":"SkillPotion"},{"floor":40,"key":"Ancient Potion"},{"floor":41,"key":"GamblersBrew"}],"is_trial":false,"path_per_floor":["M","?","?","$","M","R","M","E","T","M","$","E","?","M","R","B",null,"M","?","M","M","$","E","$","R","T","E","$","E","M","M","R","B",null,"M","M","?","$","M","E","M","M","T","E"],"character_chosen":"THE_SILENT","items_purchased":["Snake Skull","Underhanded Strike+1","Backstab+1","Swift Strike+1","Bane+1","Swift Strike+1"],"campfire_rested":0,"item_purchase_floors":[4,11,11,22,24,38],"current_hp_per_floor":[59,59,59,59,55,55,55,35,35,35,35,13,18,18,18,14,57,48,48,37,23,23,23,23,23,23,16,31,11,11,3,3,3,64,64,64,64,77,43,24,24,24,24,0,0],"gold":103,"neow_bonus":"RANDOM_COMMON_RELIC","is_daily":false,"chose_seed":false,"campfire_upgraded":4,"win_rate":0.0,"timestamp":1613937082,"path_taken":["M","?","?","$","M","R","M","E","T","M","?","E","?","M","R","BOSS","M","?","?","M","$","E","$","R","T","E","?","E","M","?","R","BOSS","M","M","?","$","M","E","M","M","T","E"],"items_purchased_type":["Relic","Card","Card","Card","Card","Card"],"build_version":"2020-12-22","purchased_purges":2,"victory":false,"max_hp_per_floor":[66,66,66,66,66,66,66,66,66,66,66,66,71,71,71,71,71,71,71,71,71,71,71,71,71,71,71,71,71,71,71,71,71,81,81,81,77,77,77,77,77,77,77,77,77],"relic_stats":{"Nunchaku":[12],"Regal Pillow":0,"counters":[24,106],"Shuriken":[39],"MealTicket":28,"StoneCalendar":[52],"Snake Skull":[99],"War Paint":["Defend_G","Defend_G"],"obtain_stats":[{"Regal Pillow":34,"Pear":34,"StoneCalendar":34,"Snake Skull":4,"War Paint":0,"Bottled Tornado":29,"Mercury Hourglass":9,"WarpedTongs":19,"Calling Bell":34,"Nunchaku":26,"Anchor":40,"Shuriken":12,"Molten Egg 2":8,"MealTicket":27,"Coffee Dripper":17,"StrikeDummy":43,"FossilizedHelix":23,"Ring of the Snake":0},{"Regal Pillow":17,"Pear":17,"StoneCalendar":17,"Snake Skull":1,"War Paint":0,"Bottled Tornado":14,"Mercury Hourglass":4,"WarpedTongs":9,"Calling Bell":17,"Nunchaku":12,"Anchor":21,"Shuriken":6,"Molten Egg 2":4,"MealTicket":13,"Coffee Dripper":8,"StrikeDummy":23,"FossilizedHelix":12,"Ring of the Snake":0},{"Regal Pillow":70,"Pear":70,"StoneCalendar":70,"Snake Skull":3,"War Paint":0,"Bottled Tornado":57,"Mercury Hourglass":15,"WarpedTongs":35,"Calling Bell":70,"Nunchaku":49,"Anchor":88,"Shuriken":21,"Molten Egg 2":15,"MealTicket":53,"Coffee Dripper":33,"StrikeDummy":99,"FossilizedHelix":49,"Ring of the Snake":0}],"Ring of the Snake":[48],"Mercury Hourglass":[370],"WarpedTongs":[68]},"card_choices":[{"not_picked":["Bane","PiercingWail"],"picked":"Dagger Spray","floor":1.0},{"not_picked":["Underhanded Strike","Dodge and Roll"],"picked":"Calculated Gamble","floor":5.0},{"not_picked":["Cloak And Dagger","Prepared"],"picked":"Eviscerate","floor":7.0},{"not_picked":["Outmaneuver","Venomology"],"picked":"After Image","floor":8.0},{"not_picked":["Well Laid Plans","Blade Dance"],"picked":"Prepared","floor":10.0},{"not_picked":["Bane+1","Tactician"],"picked":"All Out Attack+1","floor":12.0},{"not_picked":["Deadly Poison","Riddle With Holes+1"],"picked":"Acrobatics","floor":14.0},{"not_picked":["Corpse Explosion","Malaise"],"picked":"Die Die Die+1","floor":16.0},{"not_picked":["Bane+1","Dodge and Roll","Deflect"],"picked":"SKIP","floor":18.0},{"not_picked":["Backflip","Acrobatics+1"],"picked":"Noxious Fumes+1","floor":20.0},{"not_picked":["Flechettes+1","Dagger Throw+1"],"picked":"PiercingWail","floor":21.0},{"not_picked":["Predator+1","PiercingWail"],"picked":"Backstab+1","floor":23.0},{"not_picked":["Calculated Gamble","Bane+1"],"picked":"Eviscerate+1","floor":27},{"not_picked":["PiercingWail","Bane+1"],"picked":"Storm of Steel","floor":29},{"not_picked":["Blade Dance+1","PiercingWail"],"picked":"Bouncing Flask","floor":30},{"not_picked":["Prepared","Sucker Punch+1"],"picked":"Poisoned Stab+1","floor":31},{"not_picked":["Die Die Die+1","Wraith Form v2"],"picked":"Adrenaline","floor":33},{"not_picked":["Deflect","Blade Dance+1"],"picked":"Dodge and Roll+1","floor":35},{"not_picked":["Cloak And Dagger","Finisher+1"],"picked":"Footwork","floor":36},{"not_picked":["Blade Dance","Concentrate","Quick Slash+1"],"picked":"SKIP","floor":39},{"not_picked":["Calculated Gamble","Tactician"],"picked":"Slice+1","floor":40},{"not_picked":["Prepared","Sucker Punch+1"],"picked":"Backflip+1","floor":41},{"not_picked":["Dagger Throw+1","Caltrops","Dodge and Roll"],"picked":"SKIP","floor":42}],"player_experience":871796,"relics_obtained":[{"floor":8.0,"key":"Molten Egg 2"},{"floor":9.0,"key":"Mercury Hourglass"},{"floor":12.0,"key":"Shuriken"},{"floor":23.0,"key":"FossilizedHelix"},{"floor":26.0,"key":"Nunchaku"},{"floor":27,"key":"MealTicket"},{"floor":29,"key":"Bottled Tornado"},{"floor":34,"key":"Regal Pillow"},{"floor":34,"key":"Pear"},{"floor":34,"key":"StoneCalendar"},{"floor":40,"key":"Anchor"},{"floor":43,"key":"StrikeDummy"}],"event_choices":[{"cards_removed":["Defend_G"],"damage_healed":0.0,"max_hp_gain":0.0,"max_hp_loss":0.0,"gold_gain":0.0,"event_name":"The Cleric","player_choice":"Card Removal","floor":2.0,"gold_loss":75.0,"damage_taken":0.0},{"damage_healed":0.0,"max_hp_gain":0.0,"max_hp_loss":0.0,"gold_gain":150.0,"event_name":"Liars Game","player_choice":"AGREE","floor":3.0,"gold_loss":0.0,"damage_taken":0.0,"cards_obtained":["Doubt"]},{"damage_healed":0.0,"max_hp_gain":5.0,"max_hp_loss":0.0,"gold_gain":0.0,"event_name":"Big Fish","player_choice":"Donut","floor":13.0,"gold_loss":0.0,"damage_taken":0.0},{"damage_healed":0.0,"max_hp_gain":0.0,"max_hp_loss":0.0,"gold_gain":0.0,"event_name":"Accursed Blacksmith","player_choice":"Rummage","floor":19.0,"gold_loss":0.0,"damage_taken":0.0,"relics_obtained":["WarpedTongs"],"cards_obtained":["Pain"]},{"damage_healed":0,"gold_gain":0,"player_choice":"Max HP","damage_taken":0,"max_hp_gain":0,"max_hp_loss":4,"event_name":"Winding Halls","floor":37,"gold_loss":0}],"is_beta":false,"boss_relics":[{"not_picked":["Tiny House","Philosopher\u0027s Stone"],"picked":"Coffee Dripper"},{"not_picked":["Snecko Eye","Black Star"],"picked":"Calling Bell"}],"items_purged_floors":[22,38],"is_endless":false,"potions_floor_spawned":[5,8,14,23,27,29,30,33,40,41,42],"killed_by":"Giant Head","ascension_level":15}}