{"host":"enpah696raxjhbxd","time":1613911776,"event":{"mods":["ATMod(°¢èªMod)","BaseMod","Challenge The Spire","Colored Powertips","Friendly Minions","Good Game Mod","Minty Spire (QoL Compilation)","Replay The Spire","StSLib","TestMod","The Bladedancer","UnlockEverythingMod"],"gold_per_floor":[115,115,115,126,126,155,155,168,195,208,242,290,336,360,372,508,520,543,555,583,141,141,167,167,200,200,215,215,249,249,283,283,408,408,426,443,443,462,484,516,516,496,496,536,602,643,721,772,772,828,857],"floor_reached":52,"language":"ZHS","playtime":1488,"items_purged":["Regret"],"score":2151,"play_id":"5a704a86-1fe6-4768-bdcc-5d7cbf8c8962","local_time":"20210221204936","is_ascension_mode":true,"campfire_choices":[{"data":"AT_ChampionKick","floor":7.0,"key":"SMITH"},{"floor":15.0,"key":"REST"},{"data":"Limit Break","floor":30.0,"key":"SMITH"},{"floor":32.0,"key":"REST"},{"data":"Demon Form","floor":41.0,"key":"SMITH"},{"data":"AT_EmpoweredMortalDraw","floor":49.0,"key":"SMITH"}],"circlet_count":0,"master_deck":["AscendersBane","Strike_R","Strike_R+1","Strike_R","Strike_R","Strike_R","Defend_R","Defend_R","Defend_R","Defend_R","AT_ChampionKick+1","AT_EmpoweredMortalDraw+1","Flex+1","Immolate","Feed","Limit Break+1","Demon Form+1","Berserk+1","Reaper+1","Fiend Fire+1"],"relics":["Burning Blood","testmod-TestBox","AT_ATBox","REME:ComplimentaryCards","NeowsBlessing","testmod-AscensionHeart","Potion Belt","AT_ArchangelStaff","Pet Ghost","MawBank","AT_RedNoBalance","testmod-SaigiyounoYou","BargainBundle","Chameleon Ring","Lantern","Replay:Towering Pillar of Hats","Golden Egg","Anchor","Centennial Puzzle","testmod-DeterminationOfClimber","Replay:Bandana","AT_ForceNature","Bottled Lightning","King of Hearts","Bird Faced Urn"],"acts_visited":["Exordium","TheCity","TheBeyond"],"potions_floor_usage":[50,51],"damage_taken":[{"damage":0.0,"enemies":"Small Slimes","floor":1.0,"turns":1.0},{"damage":0.0,"enemies":"2 Louse","floor":4.0,"turns":1.0},{"damage":0.0,"enemies":"3 Sentries","floor":6.0,"turns":2.0},{"damage":12.0,"enemies":"Jaw Worm","floor":8.0,"turns":2.0},{"damage":12.0,"enemies":"Blue Slaver","floor":10.0,"turns":2.0},{"damage":11.0,"enemies":"Gremlin Nob","floor":11.0,"turns":3.0},{"damage":5.0,"enemies":"Lagavulin","floor":13.0,"turns":3.0},{"damage":23.0,"enemies":"Exordium Wildlife","floor":14.0,"turns":4.0},{"damage":4.0,"enemies":"Slime Boss","floor":16.0,"turns":4.0},{"damage":0.0,"enemies":"Spheric Guardian","floor":18.0,"turns":2.0},{"damage":0.0,"enemies":"Chosen","floor":20.0,"turns":3.0},{"damage":18.0,"enemies":"Slavers","floor":23.0,"turns":2.0},{"damage":18.0,"enemies":"Gremlin Leader","floor":25.0,"turns":4.0},{"damage":21.0,"enemies":"Snake Plant","floor":27.0,"turns":2.0},{"damage":15.0,"enemies":"Slavers","floor":29.0,"turns":3.0},{"damage":38.0,"enemies":"Book of Stabbing","floor":31.0,"turns":4.0},{"damage":41.0,"enemies":"Champ","floor":33.0,"turns":5.0},{"damage":37.0,"enemies":"3 Darklings","floor":35.0,"turns":3.0},{"damage":10.0,"enemies":"3 Shapes","floor":36.0,"turns":2.0},{"damage":4.0,"enemies":"Maw","floor":38.0,"turns":4.0},{"damage":18.0,"enemies":"4 Shapes","floor":39.0,"turns":2.0},{"damage":0.0,"enemies":"R_Hoarder","floor":40.0,"turns":1.0},{"damage":28.0,"enemies":"Spire Growth","floor":44.0,"turns":3.0},{"damage":30.0,"enemies":"Reptomancer","floor":45.0,"turns":3.0},{"damage":6.0,"enemies":"Maw","floor":46.0,"turns":3.0},{"damage":14.0,"enemies":"R_Hoarder","floor":47.0,"turns":4.0},{"damage":5.0,"enemies":"Mind Bloom Boss Battle","floor":48.0,"turns":4.0},{"damage":22,"enemies":"Replay:Hell Engine","floor":50,"turns":3},{"damage":54,"enemies":"Donu and Deca","floor":51,"turns":3}],"seed_played":"3680569224742536911","potions_obtained":[{"floor":4.0,"key":"testmod-TestPotion"},{"floor":6.0,"key":"SkillPotion"},{"floor":10.0,"key":"SneckoOil"},{"floor":11.0,"key":"LiquidBronze"},{"floor":12.0,"key":"Strength Potion"},{"floor":16.0,"key":"Dexterity Potion"},{"floor":18.0,"key":"BlessingOfTheForge"},{"floor":20.0,"key":"Explosive Potion"},{"floor":27.0,"key":"Explosive Potion"},{"floor":33.0,"key":"testmod-EscapePotion"},{"floor":38.0,"key":"SpeedPotion"},{"floor":40.0,"key":"Elixir"},{"floor":42.0,"key":"Energy Potion"},{"floor":45.0,"key":"SteroidPotion"},{"floor":48.0,"key":"DistilledChaos"}],"is_trial":false,"path_per_floor":["M","?","?","M","?","E","R","M","T","M","E","?","E","M","R","B",null,"M","?","M","$","?","E","$","E","T","M","$","E","R","E","R","B",null,"M","M","?","M","M","E","R","?","T","M","E","M","E","?","R","B","B",null],"character_chosen":"IRONCLAD","items_purchased":["BargainBundle","Chameleon Ring"],"campfire_rested":2,"item_purchase_floors":[21,21],"current_hp_per_floor":[75,75,75,75,75,76,76,70,70,68,65,53,65,29,54,52,80,50,68,79,79,79,80,80,77,77,70,70,69,69,43,73,53,94,77,82,82,110,105,114,114,114,114,96,114,115,116,116,116,121,89],"gold":857,"neow_bonus":"THREE_ENEMY_KILL","is_daily":false,"chose_seed":false,"campfire_upgraded":4,"win_rate":0.0,"timestamp":1613911776,"path_taken":["M","?","?","M","?","E","R","M","T","M","E","?","E","M","R","BOSS","M","?","M","$","?","E","$","E","T","M","?","E","R","E","R","BOSS","M","M","?","M","M","E","R","?","T","?","E","M","E","?","R","BOSS","BOSS"],"items_purchased_type":["Relic","Relic"],"build_version":"2020-12-22","purchased_purges":1,"victory":true,"max_hp_per_floor":[75,75,75,75,75,76,76,76,76,76,77,77,81,84,84,89,89,89,89,89,89,89,93,93,97,97,100,100,101,101,102,102,107,107,107,107,107,110,113,114,114,114,114,114,115,115,116,116,116,121,126],"card_choices":[{"not_picked":["Reckless Charge","Warcry","Clash"],"picked":"SKIP","floor":1.0},{"not_picked":["Searing Blow","Wild Strike"],"picked":"Flex","floor":4.0},{"not_picked":["AT_Dispersion","AT_Dispersion"],"picked":"Immolate","floor":6.0},{"not_picked":["Anger","Shockwave","Corruption"],"picked":"SKIP","floor":8.0},{"not_picked":["Body Slam","Sword Boomerang","Armaments"],"picked":"SKIP","floor":10.0},{"not_picked":["Immolate","Double Tap"],"picked":"Feed","floor":11.0},{"not_picked":["Bludgeon","Offering"],"picked":"Limit Break","floor":13.0},{"not_picked":["Armaments","Uppercut","Entrench"],"picked":"SKIP","floor":14.0},{"not_picked":["Feed","Fiend Fire"],"picked":"Demon Form","floor":16.0},{"not_picked":["Anger","Heavy Blade+1","Armaments"],"picked":"SKIP","floor":18.0},{"not_picked":["Wild Strike","Havoc","AT_BodySlamDance"],"picked":"SKIP","floor":20.0},{"not_picked":["Double Tap","Brutality"],"picked":"Berserk","floor":23.0},{"not_picked":["Exhume","Double Tap","Demon Form"],"picked":"SKIP","floor":25.0},{"not_picked":["ReplayReversal","Clash","Wild Strike"],"picked":"SKIP","floor":27.0},{"not_picked":["Double Tap","Immolate","Immolate"],"picked":"SKIP","floor":29.0},{"not_picked":["Barricade","Feed","Impervious"],"picked":"SKIP","floor":31.0},{"not_picked":["Entrench","Evolve","Warcry"],"picked":"SKIP","floor":35.0},{"not_picked":["Disarm","ReplayReversal","Pommel Strike"],"picked":"SKIP","floor":36.0},{"not_picked":["AT_ManFootWork","Ghostly Armor+1","Clothesline"],"picked":"SKIP","floor":38.0},{"not_picked":["Shrug It Off","Run Through","Metallicize+1"],"picked":"SKIP","floor":39.0},{"not_picked":["Demon Form","Brutality"],"picked":"Reaper","floor":40.0},{"not_picked":["Havoc","Infernal Blade","Anger"],"picked":"SKIP","floor":44.0},{"not_picked":["Brutality","Demon Form","Limit Break"],"picked":"SKIP","floor":45.0},{"not_picked":["Warcry+1","Bloodletting+1","Body Slam"],"picked":"SKIP","floor":46.0},{"not_picked":["Reaper","Berserk"],"picked":"Fiend Fire","floor":47.0}],"player_experience":244541,"relics_obtained":[{"floor":6.0,"key":"AT_ArchangelStaff"},{"floor":11.0,"key":"Pet Ghost"},{"floor":12.0,"key":"MawBank"},{"floor":13.0,"key":"AT_SilverBalance"},{"floor":23.0,"key":"Lantern"},{"floor":25.0,"key":"Replay:Towering Pillar of Hats"},{"floor":26.0,"key":"Golden Egg"},{"floor":29.0,"key":"Anchor"},{"floor":31.0,"key":"Centennial Puzzle"},{"floor":40.0,"key":"Replay:Bandana"},{"floor":43.0,"key":"AT_ForceNature"},{"floor":45.0,"key":"Bottled Lightning"},{"floor":47.0,"key":"King of Hearts"},{"floor":48.0,"key":"Bird Faced Urn"}],"event_choices":[{"damage_healed":0.0,"max_hp_gain":0.0,"max_hp_loss":0.0,"gold_gain":0.0,"event_name":"The Cleric","player_choice":"Leave","floor":2.0,"gold_loss":0.0,"damage_taken":0.0},{"damage_healed":0.0,"max_hp_gain":0.0,"max_hp_loss":0.0,"gold_gain":0.0,"event_name":"Big Fish","player_choice":"Box","floor":3.0,"gold_loss":0.0,"damage_taken":0.0,"relics_obtained":["Potion Belt"],"cards_obtained":["Regret"]},{"damage_healed":18.0,"max_hp_gain":0.0,"max_hp_loss":0.0,"gold_gain":0.0,"event_name":"The Library","player_choice":"Heal","floor":19.0,"gold_loss":0.0,"damage_taken":0.0},{"damage_healed":0.0,"max_hp_gain":0.0,"max_hp_loss":0.0,"gold_gain":0.0,"event_name":"Beggar","player_choice":"Ignored","floor":22.0,"gold_loss":0.0,"damage_taken":0.0},{"cards_removed":["Bash"],"damage_healed":0.0,"max_hp_gain":0.0,"max_hp_loss":0.0,"gold_gain":0.0,"event_name":"Falling","player_choice":"Removed Attack","floor":37.0,"gold_loss":0.0,"damage_taken":0.0},{"damage_healed":0.0,"max_hp_gain":0.0,"max_hp_loss":0.0,"gold_gain":0.0,"event_name":"The Woman in Blue","player_choice":"Bought 1 Potion","floor":42.0,"gold_loss":0.0,"damage_taken":0.0},{"damage_healed":0.0,"max_hp_gain":0.0,"max_hp_loss":0.0,"gold_gain":0.0,"event_name":"MindBloom","player_choice":"Fight","floor":48.0,"gold_loss":0.0,"damage_taken":0.0}],"is_beta":false,"boss_relics":[{"not_picked":["testmod-Temperance","testmod-KeyOfTheVoid"],"picked":"testmod-SaigiyounoYou"},{"not_picked":["Replay:Bronze Core","testmod-Recursion"],"picked":"testmod-DeterminationOfClimber"}],"items_purged_floors":[21],"is_endless":false,"potions_floor_spawned":[4,6,10,11,16,18,20,27,33,38,40,45,46,48],"ascension_level":20}}