{"host":"u8gwyxapu65l7nuk","time":1613866709,"event":{"mods":["BaseMod","Custom Start","Minty Spire (QoL Compilation)","Relic Stats","StSLib"],"gold_per_floor":[118,193,193,193,212,212,227,74,74,74,105,128,128,153,153,281,281,306,306,306,221,241,285,285,285,312,312,337,56,79,97,97,97,97],"floor_reached":33,"language":"ENG","playtime":806,"items_purged":["Regret"],"score":278,"play_id":"8f4c8125-3b07-4472-933e-5fe8b63b9e85","local_time":"20210221081829","is_ascension_mode":true,"campfire_choices":[{"data":"Perfected Strike","floor":6,"key":"SMITH"},{"floor":13,"key":"REST"},{"data":"True Grit","floor":15,"key":"SMITH"},{"floor":24,"key":"DIG"},{"floor":32,"key":"DIG"}],"circlet_count":0,"master_deck":["Strike_R+1","Strike_R+1","Strike_R+1","Strike_R+1","Strike_R+1","Defend_R+1","Defend_R+1","Defend_R+1","Defend_R+1","Bash","Pommel Strike","Perfected Strike+1","Metallicize","Bludgeon","Dual Wield","Feel No Pain","Disarm","True Grit+1","Reaper","Cleave","Iron Wave","Flex","Twin Strike","Twin Strike","Infernal Blade","Reaper"],"relics":["Burning Blood","Bronze Scales","Turnip","Pear","Golden Idol","Charon\u0027s Ashes","Runic Dome","Shovel","Dream Catcher","TungstenRod","MutagenicStrength","Happy Flower","Lee\u0027s Waffle","Tiny Chest"],"acts_visited":["Exordium","TheCity"],"potions_floor_usage":[23,23,23,23,30],"damage_taken":[{"damage":1,"enemies":"Cultist","floor":1,"turns":3},{"damage":13,"enemies":"Jaw Worm","floor":5,"turns":3},{"damage":5,"enemies":"Small Slimes","floor":7,"turns":2},{"damage":45,"enemies":"3 Sentries","floor":11,"turns":5},{"damage":13,"enemies":"3 Louse","floor":12,"turns":2},{"damage":0,"enemies":"Large Slime","floor":14,"turns":5},{"damage":18,"enemies":"The Guardian","floor":16,"turns":11},{"damage":27,"enemies":"2 Thieves","floor":18,"turns":4},{"damage":5,"enemies":"Shell Parasite","floor":22,"turns":7},{"damage":11,"enemies":"Slavers","floor":23,"turns":6},{"damage":18,"enemies":"Snake Plant","floor":28,"turns":3},{"damage":8,"enemies":"Chosen and Byrds","floor":30,"turns":3},{"damage":11,"enemies":"Snecko","floor":31,"turns":4},{"damage":102,"enemies":"Champ","floor":33,"turns":14}],"seed_played":"7960643992869141427","potions_obtained":[{"floor":5,"key":"Ancient Potion"},{"floor":7,"key":"EntropicBrew"},{"floor":11,"key":"ColorlessPotion"},{"floor":23,"key":"Energy Potion"}],"is_trial":false,"path_per_floor":["M","?","?","?","M","R","M","$","T","?","E","M","R","M","R","B",null,"M","?","?","?","M","E","R","?","T","?","M","$","M","M","R","B"],"character_chosen":"IRONCLAD","items_purchased":["Dual Wield","Lee\u0027s Waffle","Twin Strike","Infernal Blade"],"campfire_rested":1,"item_purchase_floors":[8,29,29,29],"current_hp_per_floor":[80,69,57,57,50,50,51,51,61,61,22,15,39,45,45,33,83,66,66,66,66,67,72,72,72,72,72,60,90,88,86,86,0,0],"gold":97,"neow_bonus":"THREE_CARDS","is_daily":false,"chose_seed":false,"campfire_upgraded":2,"win_rate":0.0,"timestamp":1613866709,"path_taken":["M","?","?","?","M","R","M","$","T","?","E","M","R","M","R","BOSS","M","?","?","?","M","E","R","?","T","?","?","?","M","M","R","BOSS"],"items_purchased_type":["Card","Relic","Card","Card"],"build_version":"2020-12-22","purchased_purges":1,"victory":false,"max_hp_per_floor":[80,80,80,80,80,80,80,80,90,83,83,83,83,83,83,83,83,83,83,83,83,83,83,83,83,83,83,83,90,90,90,90,90,90],"relic_stats":{"Lee\u0027s Waffle":30,"Happy Flower":[8],"counters":[14,72],"Golden Idol":74,"Charon\u0027s Ashes":[65],"Burning Blood":73,"Dream Catcher":0,"Shovel":2,"Bronze Scales":[169],"Tiny Chest":0,"Turnip":[15],"obtain_stats":[{"Lee\u0027s Waffle":29,"Pear":9,"Happy Flower":26,"Golden Idol":10,"Charon\u0027s Ashes":11,"Burning Blood":0,"Runic Dome":17,"Dream Catcher":23,"Shovel":21,"Bronze Scales":3,"MutagenicStrength":25,"Tiny Chest":32,"Turnip":4,"TungstenRod":24},{"Lee\u0027s Waffle":11,"Pear":3,"Happy Flower":10,"Golden Idol":3,"Charon\u0027s Ashes":4,"Burning Blood":0,"Runic Dome":7,"Dream Catcher":10,"Shovel":8,"Bronze Scales":1,"MutagenicStrength":10,"Tiny Chest":13,"Turnip":1,"TungstenRod":10},{"Lee\u0027s Waffle":51,"Pear":8,"Happy Flower":48,"Golden Idol":8,"Charon\u0027s Ashes":13,"Burning Blood":0,"Runic Dome":31,"Dream Catcher":48,"Shovel":35,"Bronze Scales":3,"MutagenicStrength":48,"Tiny Chest":58,"Turnip":3,"TungstenRod":48}],"TungstenRod":13},"card_choices":[{"not_picked":["Armaments","Dark Embrace"],"picked":"Pommel Strike","floor":0},{"not_picked":["Warcry","Pommel Strike"],"picked":"Perfected Strike","floor":1},{"not_picked":["Dark Embrace","Armaments"],"picked":"Metallicize","floor":5},{"not_picked":["Wild Strike","Havoc"],"picked":"Bludgeon","floor":7},{"not_picked":["Shrug It Off","Armaments"],"picked":"Feel No Pain","floor":11},{"not_picked":["Thunderclap","Body Slam"],"picked":"Disarm","floor":12},{"not_picked":["True Grit","Body Slam","Evolve"],"picked":"SKIP","floor":14},{"not_picked":["Body Slam","Evolve"],"picked":"True Grit","floor":14},{"not_picked":["Berserk","Offering"],"picked":"Reaper","floor":16},{"not_picked":["Clash","Combust"],"picked":"Cleave","floor":18},{"not_picked":["Pommel Strike+1","Uppercut"],"picked":"Iron Wave","floor":22},{"not_picked":["Pommel Strike","Second Wind"],"picked":"Flex","floor":23},{"not_picked":["Thunderclap+1","Wild Strike"],"picked":"Twin Strike","floor":28},{"not_picked":["Sword Boomerang","Battle Trance+1"],"picked":"Reaper","floor":30},{"not_picked":["Body Slam","Cleave","Seeing Red+1"],"picked":"SKIP","floor":31}],"player_experience":297435,"relics_obtained":[{"floor":9,"key":"Pear"},{"floor":11,"key":"Charon\u0027s Ashes"},{"floor":23,"key":"Dream Catcher"},{"floor":24,"key":"TungstenRod"},{"floor":26,"key":"Happy Flower"},{"floor":32,"key":"Tiny Chest"}],"event_choices":[{"damage_healed":0,"gold_gain":75,"player_choice":"Gather Gold","damage_taken":11,"max_hp_gain":0,"max_hp_loss":0,"event_name":"World of Goop","floor":2,"gold_loss":0},{"damage_healed":0,"gold_gain":0,"player_choice":"Success","damage_taken":12,"relics_obtained":["Bronze Scales"],"max_hp_gain":0,"max_hp_loss":0,"event_name":"Scrap Ooze","floor":3,"gold_loss":0},{"damage_healed":0,"gold_gain":0,"player_choice":"Box","damage_taken":0,"relics_obtained":["Turnip"],"max_hp_gain":0,"max_hp_loss":0,"event_name":"Big Fish","floor":4,"gold_loss":0,"cards_obtained":["Regret"]},{"damage_healed":0,"gold_gain":0,"player_choice":"Lose Max HP","damage_taken":0,"relics_obtained":["Golden Idol"],"max_hp_gain":0,"max_hp_loss":7,"event_name":"Golden Idol","floor":10,"gold_loss":0},{"damage_healed":0,"gold_gain":0,"player_choice":"Simplicity","damage_taken":0,"max_hp_gain":0,"max_hp_loss":0,"event_name":"Back to Basics","floor":19,"gold_loss":0,"cards_upgraded":["Strike_R","Strike_R","Strike_R","Strike_R","Strike_R","Defend_R","Defend_R","Defend_R","Defend_R"]},{"damage_healed":0,"gold_gain":0,"player_choice":"Ignored","damage_taken":0,"max_hp_gain":0,"max_hp_loss":0,"event_name":"Vampires","floor":20,"gold_loss":0},{"damage_healed":0,"gold_gain":0,"player_choice":"Obtained Relic","damage_taken":0,"relics_obtained":["Shovel"],"max_hp_gain":0,"max_hp_loss":0,"event_name":"Addict","floor":21,"gold_loss":85},{"damage_healed":0,"gold_gain":0,"player_choice":"Inject Mutagens","damage_taken":0,"relics_obtained":["MutagenicStrength"],"max_hp_gain":0,"max_hp_loss":0,"event_name":"Drug Dealer","floor":25,"gold_loss":0},{"damage_healed":0,"gold_gain":0,"player_choice":"0 cards matched","damage_taken":0,"max_hp_gain":0,"max_hp_loss":0,"event_name":"Match and Keep!","floor":27,"gold_loss":0,"cards_obtained":[]}],"is_beta":false,"boss_relics":[{"not_picked":["Ectoplasm","Empty Cage"],"picked":"Runic Dome"}],"items_purged_floors":[8],"is_endless":false,"potions_floor_spawned":[5,7,11,14,18,23,28],"killed_by":"Champ","ascension_level":1}}