{"host":"nkolxg4se00n20yf","time":1613937126,"event":{"mods":["BaseMod","CatGirl Mod","Chen","Colored Map","Colored Powertips","Downfall","Friendly Minions","Infinite Spire","Kiyohime????","Marisa????????","Minty Spire (QoL Compilation)","StSLib","Td1madao Mod","The Administrix","The Cursed","The Exalted","The Hierophant","The Servant 0.9.4"],"gold_per_floor":[116,128,128,147,162,162,188,202,202,227,241,241,79,89,89,168,168,188,206,206,216,228,228,259,259,259],"floor_reached":25,"language":"ENG","playtime":1156,"items_purged":[],"score":524,"play_id":"8f8fef47-ca66-491d-9d52-aaede3ccf0cc","local_time":"20210221205206","is_ascension_mode":true,"campfire_choices":[{"floor":6.0,"key":"REST"},{"floor":15.0,"key":"REST"},{"floor":23.0,"key":"REST"}],"circlet_count":0,"master_deck":["AscendersBane","Strike_R","Strike_R+1","Strike_R","Strike_R","Defend_R+1","Defend_R","Defend_R","Defend_R","Bash","Shrug It Off","Twin Strike","Twin Strike","Barricade+1","Thunderclap","Flex","Rampage","Inflame","Juggernaut","Immolate","Disarm","Armaments","Pummel"],"relics":["Burning Blood","Red Skull","infinitespire:Joker Card","StrikeDummy","Tiny Chest","SlaversCollar","StoneCalendar"],"acts_visited":["Exordium","TheCity"],"potions_floor_usage":[24],"damage_taken":[{"damage":24.0,"enemies":"Cultist","floor":1.0,"turns":6.0},{"damage":3.0,"enemies":"2 Louse","floor":2.0,"turns":4.0},{"damage":7.0,"enemies":"Small Slimes","floor":4.0,"turns":3.0},{"damage":9.0,"enemies":"3 Louse","floor":5.0,"turns":4.0},{"damage":0.0,"enemies":"Gremlin Nob","floor":7.0,"turns":2.0},{"damage":2.0,"enemies":"2 Fungi Beasts","floor":8.0,"turns":4.0},{"damage":31.0,"enemies":"3 Sentries","floor":10.0,"turns":6.0},{"damage":8.0,"enemies":"Large Slime","floor":11.0,"turns":3.0},{"damage":5.0,"enemies":"Gremlin Gang","floor":14.0,"turns":5.0},{"damage":30.0,"enemies":"Slime Boss","floor":16.0,"turns":7.0},{"damage":42.0,"enemies":"Shell Parasite","floor":18.0,"turns":4.0},{"damage":15.0,"enemies":"2 Thieves","floor":19.0,"turns":3.0},{"damage":30.0,"enemies":"Snake Plant","floor":21.0,"turns":4.0},{"damage":40.0,"enemies":"Snecko","floor":22.0,"turns":6.0},{"damage":33,"enemies":"Book of Stabbing","floor":24,"turns":3},{"damage":18,"enemies":"Centurion and Healer","floor":25,"turns":2}],"seed_played":"-1002544147941326736","potions_obtained":[{"floor":2.0,"key":"LiquidMemories"},{"floor":5.0,"key":"SteroidPotion"},{"floor":10.0,"key":"hexamod:SoulburnPotion"},{"floor":14.0,"key":"FairyPotion"},{"floor":16.0,"key":"AttackPotion"},{"floor":21.0,"key":"Regen Potion"},{"floor":22.0,"key":"PowerPotion"}],"is_trial":false,"path_per_floor":["M","M","?","M","M","R","E","M","T","E","M","?","$","M","R","B",null,"M","M","?","M","M","R","E","M"],"character_chosen":"IRONCLAD","items_purchased":["Tiny Chest"],"campfire_rested":3,"item_purchase_floors":[13],"current_hp_per_floor":[50,53,30,29,26,48,54,58,58,33,31,31,31,32,54,30,64,28,19,19,40,21,43,16,0,0],"gold":259,"neow_bonus":"REMOVE_CARD","is_daily":false,"chose_seed":false,"campfire_upgraded":0,"win_rate":0.0,"timestamp":1613937126,"path_taken":["M","M","?","M","M","R","E","M","T","E","M","?","$","M","R","BOSS","M","M","?","M","M","R","E","M"],"items_purchased_type":["Relic"],"build_version":"2020-12-22","purchased_purges":0,"victory":false,"max_hp_per_floor":[75,75,75,75,75,75,75,75,75,75,75,75,75,75,75,75,75,75,75,75,75,75,75,75,75,75],"card_choices":[{"not_picked":["Evolve","Havoc"],"picked":"Shrug It Off","floor":1.0},{"not_picked":["Clothesline","Intimidate"],"picked":"Twin Strike","floor":2.0},{"not_picked":["Clash","Sentinel"],"picked":"Twin Strike","floor":4.0},{"not_picked":["Spot Weakness","Whirlwind"],"picked":"Barricade","floor":5.0},{"not_picked":["Burning Pact","Searing Blow"],"picked":"Thunderclap","floor":7.0},{"not_picked":["Twin Strike","Battle Trance"],"picked":"Flex","floor":8.0},{"not_picked":["True Grit","Twin Strike"],"picked":"Rampage","floor":10.0},{"not_picked":["Spot Weakness","Clothesline"],"picked":"Inflame","floor":11.0},{"not_picked":["Iron Wave","Bloodletting"],"picked":"Juggernaut","floor":14.0},{"not_picked":["Berserk","Bludgeon"],"picked":"Immolate","floor":16.0},{"not_picked":["Seeing Red","Clash"],"picked":"Disarm","floor":18.0},{"not_picked":["Twin Strike+1","Body Slam","Rampage"],"picked":"SKIP","floor":19.0},{"not_picked":["Flame Barrier","Heavy Blade"],"picked":"Armaments","floor":21.0},{"not_picked":["Second Wind","Armaments","Havoc"],"picked":"SKIP","floor":22.0},{"not_picked":["Warcry+1","Sword Boomerang"],"picked":"Pummel","floor":24}],"player_experience":1140296,"relics_obtained":[{"floor":7.0,"key":"Red Skull"},{"floor":9.0,"key":"infinitespire:Joker Card"},{"floor":10.0,"key":"StrikeDummy"},{"floor":24,"key":"StoneCalendar"}],"event_choices":[{"damage_healed":0.0,"max_hp_gain":0.0,"max_hp_loss":0.0,"gold_gain":0.0,"event_name":"Shining Light","player_choice":"Entered Light","floor":3.0,"gold_loss":0.0,"damage_taken":23.0,"cards_upgraded":["Defend_R","Strike_R"]},{"damage_healed":0.0,"max_hp_gain":0.0,"max_hp_loss":0.0,"gold_gain":0.0,"event_name":"Living Wall","player_choice":"Grow","floor":12.0,"gold_loss":0.0,"damage_taken":0.0,"cards_upgraded":["Barricade"]},{"damage_healed":0.0,"max_hp_gain":0.0,"max_hp_loss":0.0,"gold_gain":0.0,"event_name":"Ghosts","player_choice":"Ignored","floor":20.0,"gold_loss":0.0,"damage_taken":0.0}],"is_beta":false,"boss_relics":[{"not_picked":["bronze:MakeshiftBattery","Empty Cage"],"picked":"SlaversCollar"}],"items_purged_floors":[],"is_endless":false,"potions_floor_spawned":[2,5,10,14,16,21,22],"killed_by":"Centurion and Healer","ascension_level":20}}