{"host":"swc5gdc7cm0k0g7l","time":1613940492,"event":{"mods":["AchievementEnabler","Act Like it!","Aspiration","BaseMod","BetterRewards","Colored Map","Colored Powertips","Downfall","Duelist Mod","Hermit","Highlight Path","Hubris","Infinite Spire","Jorbs\u0027s Wanderer Trilogy","Koishi","Minty Spire (QoL Compilation)","Quick Restart","Remilia??????","Shop Mod","StSLib","SuperFastMode","The Animator"],"gold_per_floor":[136,136,136,136,136,170,32,64,64,97,160,172,182,213,213,309,309,322,322,332,332,412,446,463,495,495,420,420,420],"floor_reached":28,"language":"ENG","playtime":1307,"items_purged":["theDuelist:PsiCurse"],"score":482,"play_id":"b6a8803f-a3ae-4a68-bef1-74729d339121","local_time":"20210221154812","is_ascension_mode":true,"campfire_choices":[{"data":"theDuelist:VampireKingdom","floor":15,"key":"SMITH"}],"circlet_count":0,"master_deck":["theDuelist:ZombieCorpse","theDuelist:ZombieCorpse","theDuelist:ArmoredZombie","theDuelist:ShallowGrave+1","theDuelist:ArmoredZombie","theDuelist:CrimsonKnightVampire","theDuelist:SkullConductor","theDuelist:MayakashiReturn","theDuelist:TutanMask","theDuelist:ArmoredZombie","theDuelist:ClownZombie","theDuelist:ArchfiendZombieSkull","theDuelist:PatricianDarkness","theDuelist:ClownZombie","theDuelist:VampireGenesis","theDuelist:VampireKingdom+1","theDuelist:VampireGrace","Mayhem","infinitespire:Gouge","theDuelist:VampireSucker","theDuelist:VampireGrimson+1"],"relics":["theDuelist:MillenniumPuzzle","theDuelist:CardPoolRelic","theDuelist:CardPoolBasicRelic","theDuelist:BoosterPackPoolRelic","theDuelist:CardPoolAddRelic","theDuelist:CardPoolMinusRelic","theDuelist:CardPoolSaveRelic","theDuelist:CardPoolOptionsRelic","NeowsBlessing","theDuelist:MillenniumRod","theDuelist:DuelistUrn","MerchantsRug","Pen Nib","Pear","theDuelist:ZombieRelic","hubris:SoftwareUpdate","infinitespire:Cupcake","Fusion Hammer","Toolbox","Gremlin Horn","aspiration:TomeofQuesting","Question Card","Bag of Preparation"],"acts_visited":["Exordium","TheCity"],"potions_floor_usage":[16,23,25],"damage_taken":[{"damage":0,"enemies":"2 Louse","floor":1,"turns":2},{"damage":0,"enemies":"Gremlin Nob","floor":6,"turns":1},{"damage":0,"enemies":"Lagavulin","floor":8,"turns":1},{"damage":0,"enemies":"3 Sentries","floor":10,"turns":9},{"damage":29,"enemies":"3 Sentries","floor":11,"turns":6},{"damage":0,"enemies":"Jaw Worm","floor":12,"turns":1},{"damage":4,"enemies":"Small Slimes","floor":13,"turns":3},{"damage":4,"enemies":"Lagavulin","floor":14,"turns":7},{"damage":24,"enemies":"The Guardian","floor":16,"turns":6},{"damage":1,"enemies":"Shell Parasite","floor":18,"turns":2},{"damage":12,"enemies":"3 Byrds","floor":20,"turns":4},{"damage":4,"enemies":"Book of Stabbing","floor":23,"turns":5},{"damage":8,"enemies":"Centurion and Healer","floor":24,"turns":2},{"damage":30,"enemies":"Slavers","floor":25,"turns":4},{"damage":18,"enemies":"Snake Plant","floor":28,"turns":1}],"seed_played":"-7544151709839645098","potions_obtained":[{"floor":1,"key":"Explosive Potion"},{"floor":13,"key":"Ancient Potion"},{"floor":14,"key":"theDuelist:BurningPotion"},{"floor":16,"key":"theDuelist:FlamingBottle"},{"floor":18,"key":"Block Potion"},{"floor":24,"key":"FearPotion"}],"is_trial":false,"path_per_floor":["M","?","?","?","$","E","$","E","T","E","?","M","M","E","R","B",null,"M","?","M","AVR","T","E","M","E","T","$","M"],"character_chosen":"THE_DUELIST","items_purchased":["MerchantsRug"],"campfire_rested":0,"item_purchase_floors":[7],"current_hp_per_floor":[72,72,72,72,72,72,72,72,72,82,53,53,49,47,47,23,70,69,69,57,57,57,53,45,17,17,17,0,0],"gold":420,"neow_bonus":"THREE_ENEMY_KILL","is_daily":false,"chose_seed":false,"campfire_upgraded":1,"win_rate":0.0,"timestamp":1613940492,"path_taken":["M","?","?","?","$","E","?","E","T","E","?","M","?","E","R","BOSS","M","?","M","AVR","?","E","M","E","T","$","M"],"items_purchased_type":["Relic"],"build_version":"2020-12-22","purchased_purges":1,"victory":false,"max_hp_per_floor":[80,76,76,76,76,76,76,76,76,86,86,86,86,86,86,86,86,86,86,86,86,86,86,86,86,86,86,86,86],"card_choices":[{"not_picked":["theDuelist:VampireSorcerer","theDuelist:VampireGrace","theDuelist:Skelesaurus","theDuelist:OvertexQoatlus"],"picked":"theDuelist:CrimsonKnightVampire","floor":1},{"not_picked":["theDuelist:DimensionBurial+1","theDuelist:DarkFusion+1","theDuelist:FuryFire+1","theDuelist:DestructPotion"],"picked":"theDuelist:MagicalGhost","floor":6},{"not_picked":["theDuelist:MechMoleZombie","theDuelist:VampireDuke","theDuelist:FusionTag","theDuelist:GhostrickAlucard"],"picked":"theDuelist:VampireLady","floor":8},{"not_picked":["theDuelist:VendreadReunion","theDuelist:PyramidWonders","theDuelist:OniGamiCombo"],"picked":"theDuelist:MayakashiReturn","floor":10},{"not_picked":["theDuelist:GhostrickSkeleton","theDuelist:VampireFraulein","theDuelist:PainPainter","theDuelist:UniZombie"],"picked":"theDuelist:VampireGenesis","floor":12},{"not_picked":["theDuelist:VendreadCore","theDuelist:OvertexQoatlus","theDuelist:Kasha","theDuelist:FireReaper","theDuelist:VendreadChimera"],"picked":"SKIP","floor":13},{"not_picked":["theDuelist:SoulAbsorbingBone","theDuelist:OniGamiCombo","theDuelist:BookMoon"],"picked":"theDuelist:VampireKingdom","floor":14},{"not_picked":["theDuelist:VendreadNightmare","theDuelist:VendreadDaybreak","theDuelist:FusionGuard","theDuelist:DecayedCommander"],"picked":"theDuelist:VampireGrace","floor":16},{"not_picked":["theDuelist:VampireFamiliar","theDuelist:ShiranuiSquiresaga+1","theDuelist:GhostrickAlucard","theDuelist:VendreadHoundhorde","theDuelist:Yoko"],"picked":"SKIP","floor":18},{"not_picked":["Chrysalis+1","Finesse","Magnetism"],"picked":"Mayhem","floor":20},{"not_picked":["theDuelist:FossilSkullKing+1","theDuelist:VisionFusion","theDuelist:RegenMummy","theDuelist:YukiOnnaIce"],"picked":"theDuelist:VampireSucker","floor":23},{"not_picked":["theDuelist:GhostrickMummy","theDuelist:GhostReaper","theDuelist:Mezuki","theDuelist:IlBlud+1","theDuelist:Hajun"],"picked":"SKIP","floor":24},{"not_picked":["theDuelist:SkullServant","theDuelist:Wightmare","theDuelist:NecroworldBanshee","theDuelist:GhostOgre"],"picked":"theDuelist:VampireGrimson+1","floor":25}],"player_experience":112900,"relics_obtained":[{"floor":6,"key":"theDuelist:DuelistUrn"},{"floor":8,"key":"Pen Nib"},{"floor":10,"key":"Pear"},{"floor":14,"key":"hubris:SoftwareUpdate"},{"floor":22,"key":"Gremlin Horn"},{"floor":23,"key":"aspiration:TomeofQuesting"},{"floor":25,"key":"Question Card"},{"floor":26,"key":"Bag of Preparation"}],"event_choices":[{"damage_healed":0,"gold_gain":0,"player_choice":"Brew - 2x Potion Slots","duelist":true,"damage_taken":0,"max_hp_gain":0,"max_hp_loss":0,"event_name":"Aknamkanon\u0027s Tomb","floor":2,"gold_loss":0},{"damage_healed":0,"gold_gain":0,"player_choice":"Took item - Received: Millennium Rod","duelist":true,"damage_taken":0,"max_hp_gain":0,"max_hp_loss":0,"event_name":"Millennium Items","floor":3,"gold_loss":0},{"damage_healed":0,"gold_gain":0,"player_choice":"Searched \u00273\u0027 times","damage_taken":0,"relics_obtained":["theDuelist:ZombieRelic"],"max_hp_gain":0,"max_hp_loss":0,"event_name":"Dead Adventurer","floor":11,"gold_loss":0},{"damage_healed":0,"gold_gain":0,"player_choice":"Ignored","damage_taken":0,"max_hp_gain":0,"max_hp_loss":0,"event_name":"The Mausoleum","floor":19,"gold_loss":0}],"is_beta":false,"boss_relics":[{"not_picked":["theDuelist:HauntedRelic","SacredBark"],"picked":"infinitespire:Cupcake"}],"items_purged_floors":[27],"is_endless":false,"potions_floor_spawned":[1,13,14,16,18,24],"killed_by":"Snake Plant","ascension_level":7}}