{"host":"8juwo4eokezucgda","time":1613931142,"event":{"mods":["AchievementEnabler","BaseMod","BetterRewards","Colored Map","Colored Powertips","Downfall","Hermit","Hubris","Marisa????????","Minty Spire (QoL Compilation)","Rare Cards Sparkle","Relic Stats","Replay The Spire","StSLib","The Construct","The Cursed","The Disciple","The Mystic","The Necromancer","The Servant 0.9.4"],"gold_per_floor":[114,125,203,203,203,237,237,25,50,79,79,111,111,122,122,219,219,229,229,229,229,247,282,282,309,362,392,392,403,415,441,441,539,539,558,571,262,277,237,262,262,289,342,371,128,159,180,236,236,252,252,252,12,59,77],"floor_reached":56,"language":"ENG","playtime":8182,"items_purged":["Apotheosis+1","Strike_B","Strike_B","Strike_B","Strike_B","Defend_B","Defend_B","Zap","Apotheosis+1","Defend_B+1","Mind Blast+1","Steam+1","Steam+1"],"score":2107,"play_id":"544472b2-a5dd-40ba-93af-7ee2346ba4bc","local_time":"20210222021222","is_ascension_mode":true,"campfire_choices":[{"floor":7,"key":"RECALL"},{"data":"FIFO Queue","floor":11,"key":"SMITH"},{"data":"Defend_B+4","floor":11,"key":"SMITH"},{"data":"Defend_B+6","floor":13,"key":"SMITH"},{"data":"Defend_B+7","floor":15,"key":"SMITH"},{"data":"Defend_B+10","floor":24,"key":"SMITH"},{"floor":32,"key":"DIG"},{"floor":41,"key":"REST"},{"floor":49,"key":"REST"},{"floor":52,"key":"REST"}],"circlet_count":0,"master_deck":["Defend_B+22","Dualcast+1","Metamorphosis+1","Apotheosis+1","Master of Strategy+1","Secret Weapon+1","Discovery+1","Panache+1","Reboot+1","ReplayTheSpireMod:Omega Cannon+1","Replay:Bootleg Shield Generator+1","Crystallizer+1","Chrysalis+1","ReplayTheSpireMod:Private Reserves+1","Deep Breath+1","Rainbow+1","Recycle+1","Recycle+1","Secret Technique+1","Blind+1","White Noise+1","Capacitor+1","Redo+1","Storm+1","Coolheaded+1","Genetic Algorithm+1","Double Energy+1","Violence+1","Cold Snap+1","ReplayTheSpireMod:Necrogeddon+1","Swift Strike+1","Good Instincts+1","Good Instincts+1","Madness+1","Trip+1","ReplayTheSpireMod:Private Reserves+1","BootSequence+1","ReplaySort+1","Fusion+1","Poisoned Strike+1","Panacea+1","All For One+1","Sadistic Nature+1","hubris:Ukulele+1","Mind Blast+1","ReplayRNGCard+1","Swift Strike+1","Dark Shackles+1","Scrape+1","FIFO Queue+1","FIFO Queue+1","Enlightenment+1","Core Surge+1","Hyperbeam+1","Multi-Cast+1","Double Energy+1","Static Discharge+1","Rip and Tear+1","Dramatic Entrance+1","ReplayUltimateDefense+1","Thunder Strike+1","Mind Blast+1","Transmutation+1","Chill+1","Amplify+1","Loop+1","Capacitor+1","ReplayTheSpireMod:Private Reserves+1","Fission+1","hubris:DoWhile+1","hubris:SpecializedCircuitry+1","Heatsinks+1","Echo Form+1"],"relics":["Cracked Core","ClockworkSouvenir","Art of War","Bronze Scales","Quantum Egg","Sundial","construct:RocketBooster","Frozen Eye","hubris:SphereOfDissonance","hubris:GlazedTorus","Torii","hubris:EmptyBottle","Raider\u0027s Mask","hubris:MedicalManual","Nunchaku","hubris:RGBLights","Blood Vial","Oddly Smooth Stone","Bag of Preparation","Lantern","Pen Nib","Replay:Frozen Program","PreservedInsect","Happy Flower","ReplayTheSpireMod:Ninjato","Juzu Bracelet","Meat on the Bone","Toolbox","Replay:Antivirus Software","hubris:BallOfYels","Pantograph","hubris:TinFlute","TheAbacus","construct:FoamFinger","Blue Doll","Simple Rune","Singing Bowl","Vajra","ReplayTheSpireMod:TigerMarble","Carrot","TungstenRod","Toxic Egg 2","Bag of Marbles","hubris:HerbalPaste","HandDrill","Prayer Wheel","HornCleat","Sling","Pondfish Scales","Eternal Feather","Durian","Shuriken","Geode","Solar Panel","ReplayFunnel","Replay:Rubber Ducky","Unceasing Top","Boot","Medical Kit","hubris:Potato","OrangePellets","Potion Belt","Ancient Tea Set","Bird Faced Urn","Ice Cream","hubris:SlimyHat","ReplayTheSpireMod:Lightbulb","Chemical X","Blue Candle","Replay:Baseball","Garlic","ReplayTheSpireMod:Shallot","Orichalcum","Mercury Hourglass","Iron Hammer","Gremlin Horn","hubris:MysteriousPyramids","Anchor","Ornamental Fan","InkBottle","Replay:Arrowhead","Bottled Tornado","Replay:Towering Pillar of Hats","Mummified Hand","DollysMirror","Molten Egg 2","Whetstone","Replay:Kaleidoscope","hubris:Metronome","War Paint","Kunai","Mirror","hubris:SoftwareUpdate","Replay:Bottled Flurry","construct:BoolHorns","ReplayTheSpireMod:ShopPack","hubris:DuctTape","Letter Opener","Bottled Lightning","Gremlin Food","Guide Book","Thread and Needle","Frozen Egg 2","hubris:BottledRain","Golden Egg","Onion Ring","hubris:Zylophone","Sozu","Replay:Bottled Steam","Dream Catcher","Runic Pyramid","BranchBurnRelic","Replay:Bandana","Omamori","Question Card","Darkstone Periapt","CaptainsWheel","Replay:WaspNest","hubris:CrystalStatue"],"acts_visited":[],"potions_floor_usage":[],"damage_taken":[{"damage":0,"enemies":"Cultist","floor":1,"turns":1},{"damage":0,"enemies":"Small Slimes","floor":2,"turns":1},{"damage":0,"enemies":"3 Sentries","floor":6,"turns":1},{"damage":0,"enemies":"Replay:BlueRogue","floor":10,"turns":1},{"damage":0,"enemies":"Gremlin Nob","floor":12,"turns":1},{"damage":0,"enemies":"2 Louse","floor":14,"turns":1},{"damage":0,"enemies":"Slime Boss","floor":16,"turns":1},{"damage":0,"enemies":"Spheric Guardian","floor":18,"turns":1},{"damage":0,"enemies":"2 Thieves","floor":22,"turns":1},{"damage":0,"enemies":"Replay:Snechameleon","floor":23,"turns":1},{"damage":0,"enemies":"Slavers","floor":25,"turns":1},{"damage":0,"enemies":"Gremlin Leader","floor":27,"turns":1},{"damage":0,"enemies":"Snake Plant","floor":29,"turns":1},{"damage":0,"enemies":"Centurion and Healer","floor":30,"turns":1},{"damage":0,"enemies":"Slavers","floor":31,"turns":1},{"damage":0,"enemies":"hubris:MusketHawk","floor":33,"turns":1},{"damage":0,"enemies":"3 Darklings","floor":35,"turns":1},{"damage":0,"enemies":"Orb Walker","floor":36,"turns":1},{"damage":0,"enemies":"Jaw Worm Horde","floor":38,"turns":1},{"damage":0,"enemies":"Nemesis","floor":40,"turns":1},{"damage":0,"enemies":"R_Hoarder","floor":42,"turns":2},{"damage":0,"enemies":"Transient","floor":44,"turns":1},{"damage":0,"enemies":"Giant Head","floor":46,"turns":1},{"damage":0,"enemies":"3 Darklings","floor":47,"turns":1},{"damage":0,"enemies":"Mind Bloom Boss Battle","floor":48,"turns":1},{"damage":0,"enemies":"Replay:Hell Engine","floor":50,"turns":1},{"damage":0,"enemies":"Shield and Spear","floor":54,"turns":1},{"damage":0,"enemies":"The Heart","floor":55,"turns":3}],"seed_played":"6956924827239606222","potions_obtained":[],"is_trial":false,"path_per_floor":["M","M","$","T","?","E","R","$","T","E","R","E","R","M","R","B",null,"M","?","?","$","M","E","R","E","T","E","?","M","M","E","R_BF","B",null,"M","M","$","M","?","E","R","E","T","M","$","E","M","?","R","B",null,"R","$","E","B",null],"character_chosen":"DEFECT","items_purchased":["ClockworkSouvenir","Art of War","Bronze Scales","Quantum Egg","Sundial","construct:RocketBooster","Frozen Eye","hubris:SphereOfDissonance","hubris:GlazedTorus","Torii","hubris:EmptyBottle","Raider\u0027s Mask","hubris:MedicalManual","Nunchaku","hubris:RGBLights","Blood Vial","Oddly Smooth Stone","Bag of Preparation","Lantern","Pen Nib","Replay:Frozen Program","PreservedInsect","Happy Flower","ReplayTheSpireMod:Ninjato","Juzu Bracelet","Meat on the Bone","Toolbox","Replay:Antivirus Software","hubris:BallOfYels","Pantograph","hubris:TinFlute","TheAbacus","construct:FoamFinger","Blue Doll","Simple Rune","Singing Bowl","Vajra","ReplayTheSpireMod:TigerMarble","Carrot","TungstenRod","Toxic Egg 2","Bag of Marbles","Metamorphosis+1","hubris:HerbalPaste","HandDrill","Prayer Wheel","HornCleat","Apotheosis+1","Sling","Master of Strategy+1","Pondfish Scales","Eternal Feather","Durian","Secret Weapon+1","Discovery+1","Shuriken","Geode","Panache","Solar Panel","ReplayFunnel","Replay:Rubber Ducky","Unceasing Top","Boot","Medical Kit","Reboot+1","hubris:Potato","OrangePellets","Potion Belt","Ancient Tea Set","Bird Faced Urn","Ice Cream","hubris:SlimyHat","ReplayTheSpireMod:Lightbulb","Chemical X","Blue Candle","Replay:Baseball","Garlic","ReplayTheSpireMod:Shallot","ReplayTheSpireMod:Omega Cannon+1","Orichalcum","Aggregate+1","Mercury Hourglass","Steam+1","Replay:Bootleg Shield Generator+1","Chill+1","Crystallizer+1","Iron Hammer","Chrysalis+1","ReplayTheSpireMod:Private Reserves+1","Deep Breath+1","Rainbow+1","Gremlin Horn","Recycle+1","Secret Technique+1","Blind+1","White Noise+1","Capacitor+1","Redo+1","Storm+1","Coolheaded+1","Genetic Algorithm+1","hubris:MysteriousPyramids","Double Energy+1","Time Bomb+1","Violence+1","Anchor","Ornamental Fan","Cold Snap+1","InkBottle","ReplayTheSpireMod:Necrogeddon+1","Replay:Arrowhead","Swift Strike","Good Instincts+1","Bottled Tornado","Madness+1","Trip+1","Replay:Towering Pillar of Hats","Mummified Hand","DollysMirror","BootSequence+1","Molten Egg 2","ReplaySort+1","Fusion+1","Poisoned Strike+1","Whetstone","Panacea+1","All For One+1","Replay:Kaleidoscope","Sadistic Nature+1","hubris:Metronome","War Paint","Kunai","hubris:Ukulele+1","Mirror","hubris:SoftwareUpdate","Mind Blast+1","Replay:Bottled Flurry","ReplayRNGCard+1","construct:BoolHorns","ReplayTheSpireMod:ShopPack","Swift Strike+1","Dark Shackles+1","Scrape+1","FIFO Queue","Enlightenment+1","hubris:DuctTape","Letter Opener","Core Surge+1","Hyperbeam+1","Multi-Cast+1","Bottled Lightning","Gremlin Food","Guide Book","Double Energy+1","Thread and Needle","Static Discharge+1","Rip and Tear+1","Frozen Egg 2","Dramatic Entrance+1","ReplayUltimateDefense+1","Thunder Strike+1","Mind Blast+1","Transmutation+1","Chill+1","Amplify+1","hubris:BottledRain","Capacitor+1","Onion Ring","ReplayTheSpireMod:Private Reserves+1","Dead Branch","Question Card","Replay:WaspNest"],"campfire_rested":3,"item_purchase_floors":[0,0,0,0,0,0,0,0,0,0,0,0,0,0,0,0,0,0,0,0,0,0,0,0,0,0,0,0,0,0,0,0,0,0,0,0,0,0,0,0,0,0,0,0,0,0,0,0,0,0,0,0,0,0,0,0,0,0,0,0,0,0,0,0,0,0,0,0,0,0,0,0,0,0,0,0,0,0,0,0,0,0,0,0,0,0,0,0,0,0,0,0,0,0,0,0,0,0,0,0,0,0,0,0,0,0,0,0,0,0,0,0,0,0,0,0,0,0,0,0,0,0,0,0,0,0,0,0,0,0,0,0,0,0,0,0,0,0,0,0,0,0,0,0,0,0,0,0,0,0,0,0,0,0,0,0,0,0,0,0,0,0,0,0,0,0,3,8,8,37,45,53],"current_hp_per_floor":[80,80,80,80,80,80,80,80,80,80,80,80,80,80,80,80,80,80,80,80,80,80,80,80,80,80,80,80,80,80,80,80,80,80,80,80,80,80,80,80,80,80,80,80,80,80,80,80,80,80,80,80,80,80,80],"gold":77,"neow_bonus":"","is_daily":false,"chose_seed":false,"campfire_upgraded":5,"win_rate":0.0,"timestamp":1613931142,"path_taken":["M","M","$","?","?","E","R","$","T","E","R","E","R","M","R","BOSS","M","?","?","$","M","E","R","E","T","E","?","M","M","E","R_BF","BOSS","M","M","$","M","?","E","R","E","T","M","?","E","M","?","R","BOSS","R","$","E","BOSS"],"items_purchased_type":["Relic","Relic","Relic","Relic","Relic","Relic","Relic","Relic","Relic","Relic","Relic","Relic","Relic","Relic","Relic","Relic","Relic","Relic","Relic","Relic","Relic","Relic","Relic","Relic","Relic","Relic","Relic","Relic","Relic","Relic","Relic","Relic","Relic","Relic","Relic","Relic","Relic","Relic","Relic","Relic","Relic","Relic","Card","Relic","Relic","Relic","Relic","Card","Relic","Card","Relic","Relic","Relic","Card","Card","Relic","Relic","Card","Relic","Relic","Relic","Relic","Relic","Relic","Card","Relic","Relic","Relic","Relic","Relic","Relic","Relic","Relic","Relic","Relic","Relic","Relic","Relic","Card","Relic","Card","Relic","Card","Card","Card","Card","Relic","Card","Card","Card","Card","Relic","Card","Card","Card","Card","Card","Card","Card","Card","Card","Relic","Card","Card","Card","Relic","Relic","Card","Relic","Card","Relic","Card","Card","Relic","Card","Card","Relic","Relic","Relic","Card","Relic","Card","Card","Card","Relic","Card","Card","Relic","Card","Relic","Relic","Relic","Card","Relic","Relic","Card","Relic","Card","Relic","Relic","Card","Card","Card","Card","Card","Relic","Relic","Card","Card","Card","Relic","Relic","Relic","Card","Relic","Card","Card","Relic","Card","Card","Card","Card","Card","Card","Card","Relic","Card","Relic","Card","Relic","Relic","Relic"],"build_version":"2020-12-22","purchased_purges":13,"victory":true,"max_hp_per_floor":[80,80,80,80,80,80,80,80,80,80,80,80,80,80,80,80,80,80,80,80,80,80,80,80,80,80,80,80,80,80,80,80,80,80,80,80,80,80,80,80,80,80,80,80,80,80,80,80,80,80,80,80,80,80,80],"relic_stats":{"Darkstone Periapt":0,"Torii":0,"Singing Bowl":36,"Gremlin Horn":[40,43],"Bag of Preparation":[4],"Juzu Bracelet":1,"Whetstone":["Cold Snap","All For One","Blizzard","Swift Strike","Swift Strike"],"Boot":[4],"Blood Vial":2,"Sozu":3,"Nunchaku":[26],"Dream Catcher":3,"TheAbacus":[102],"Sundial":[2],"Mummified Hand":[288],"Pantograph":0,"Prayer Wheel":28,"HandDrill":[36],"Chemical X":[21],"Kunai":[15],"InkBottle":[73],"Happy Flower":[20],"counters":[102,139],"Blue Candle":[0],"Eternal Feather":5,"Pen Nib":[15],"PreservedInsect":927,"Letter Opener":[719],"Orichalcum":[12],"War Paint":["Defend_B","Zap","Rainbow","BootSequence","Defend_B","Dualcast"],"Medical Kit":[3],"Question Card":76,"Mercury Hourglass":[296],"OrangePellets":[10],"Shuriken":[55],"Ornamental Fan":[216],"Bronze Scales":[18],"Bird Faced Urn":[31],"Art of War":[0],"obtain_stats":[{"Replay:Accelerometer":0,"construct:FoamFinger":0,"hubris:MysteriousPyramids":9,"Sling":0,"Blood Vial":0,"hubris:HerbalPaste":0,"hubris:AstralHammer":0,"HandDrill":0,"Replay:Bottled Flurry":0,"hubris:RGBLights":0,"Replay:Bottled Steam":0,"Blue Candle":0,"Tingsha":0,"Eternal Feather":0,"Pen Nib":0,"Bird Faced Urn":0,"MutagenicStrength":0,"Snecko Eye":0,"CultistMask":10,"Unceasing Top":54,"hubris:Reverence":0,"Solar Panel":0,"Regal Pillow":0,"Carrot":0,"Torii":0,"Singing Bowl":0,"hubris:EmptyBottle":48,"Ancient Tea Set":0,"Smiling Mask":28,"hubris:Backtick":17,"Toolbox":0,"hubris:CuriousFeather":0,"Chemical X":0,"Replay:Bottled Eggs":0,"InkBottle":0,"Ring of the Snake":0,"Potion Belt":0,"Lee\u0027s Waffle":0,"hubris:64BitClover":0,"Golden Idol":4,"Circlet":0,"PreservedInsect":0,"Replay:Arrowhead":0,"Ornamental Fan":0,"hubris:Spice":0,"Durian":0,"Garlic":0,"Art of War":7,"hubris:BottledRain":44,"Ice Cream":0,"Calipers":0,"Gremlin Horn":0,"Raider\u0027s Mask":37,"Sozu":17,"Centennial Puzzle":0,"Prayer Wheel":0,"Iron Hammer":0,"Girya":0,"hubris:Teleporter":0,"hubris:DuctTape":38,"hubris:SoftwareUpdate":12,"Du-Vu Doll":0,"hubris:Zylophone":0,"OrangePellets":0,"Onion Ring":0,"Mirror":0,"bronze:MakeshiftBattery":17,"NlothsMask":0,"Pocketwatch":0,"construct:BoolHorns":0,"Juzu Bracelet":0,"Replay:Mystery Machine":0,"Empty Cage":0,"Nunchaku":0,"Dream Catcher":21,"TheAbacus":0,"Chameleon Ring":26,"hubris:Icosahedron":37,"Replay:Bottled Snecko":23,"Replay:Antivirus Software":0,"Runic Pyramid":34,"Guide Book":0,"hubris:MedicalManual":0,"Replay:WaspNest":0,"Medical Kit":0,"Mercury Hourglass":0,"Cauldron":0,"Strange Spoon":0,"Pondfish Scales":0,"hubris:BundleOfHerbs":0,"Bag of Marbles":0,"Membership Card":0,"hubris:OldNail":0,"FossilizedHelix":0,"ReplayTheSpireMod:ShopPack":0,"TwistedFunnel":0,"Golden Egg":0,"hubris:BallOfYels":20,"Ginger":0,"Whetstone":0,"Bottled Tornado":11,"Boot":29,"Replay:Ringing Soul":19,"Sundial":0,"MealTicket":9,"hubris:DeckOfHolding":0,"Kunai":53,"Replay:Wax Seal":0,"hubris:TinFlute":0,"Pear":0,"construct:RocketBooster":0,"Counterbalance":0,"hubris:SphereOfDissonance":0,"Paper Crane":0,"hubris:TenFootPole":0,"Lantern":25,"hubris:Metronome":0,"Blue Doll":0,"StoneCalendar":0,"Replay:Multitool":0,"Bag of Preparation":0,"Replay:Rubber Ducky":0,"BranchBurnRelic":10,"Matryoshka":0,"Shovel":0,"WingedGreaves":0,"hubris:FunFungus":0,"hubris:GlazedTorus":0,"The Specimen":0,"Basket Of Snakes":0,"Thread and Needle":0,"Omamori":0,"Geode":0,"Frozen Egg 2":17,"Orrery":0,"Bottled Lightning":0,"ReplayTheSpireMod:Lightbulb":0,"Toy Ornithopter":0,"hubris:CrystalStatue":0,"Slimebound:ScrapOozeRelic":0,"Vajra":0,"Lizard Tail":0,"Replay:Frozen Program":29,"HornCleat":0,"DollysMirror":38,"Strawberry":0,"Toxic Egg 2":0,"Happy Flower":0,"Dead Branch":0,"Oddly Smooth Stone":0,"Letter Opener":0,"Replay:Kaleidoscope":0,"War Paint":0,"Question Card":0,"Bottled Flame":0,"Replay:Baseball":0,"ReplayTheSpireMod:Shallot":0,"Shuriken":0,"Bronze Scales":0,"Molten Egg 2":0,"Simple Rune":0,"ReplayTheSpireMod:TigerMarble":0,"hubris:ToyBattleship":0,"Black Star":34,"Grinning Jar":0,"Meat on the Bone":0,"Darkstone Periapt":0,"ReplayFunnel":31,"Replay:PocketPolymizer":0,"Mango":12,"hubris:SlimyHat":0,"Incense Burner":53,"ClockworkSouvenir":0,"Frozen Eye":0,"Replay:Bandana":8,"Mummified Hand":0,"Gambling Chip":0,"Pantograph":0,"Tiny Chest":0,"Cracked Core":0,"Gremlin Food":0,"hubris:DisguiseKit":0,"BargainBundle":0,"ReplayTheSpireMod:Ninjato":0,"Replay:Towering Pillar of Hats":0,"Quantum Egg":0,"Orichalcum":0,"White Beast Statue":0,"Peace Pipe":0,"CaptainsWheel":0,"Anchor":0,"Snack Pack":0,"TungstenRod":0,"hubris:Potato":0},{"Replay:Accelerometer":26,"construct:FoamFinger":47,"hubris:MysteriousPyramids":50,"Sling":0,"Blood Vial":0,"hubris:HerbalPaste":0,"hubris:AstralHammer":0,"HandDrill":0,"Replay:Bottled Flurry":47,"hubris:RGBLights":47,"Replay:Bottled Steam":47,"Blue Candle":0,"Tingsha":0,"Eternal Feather":0,"Pen Nib":0,"Bird Faced Urn":0,"MutagenicStrength":26,"Snecko Eye":26,"CultistMask":30,"Unceasing Top":73,"hubris:Reverence":47,"Solar Panel":47,"Regal Pillow":0,"Carrot":47,"Torii":0,"Singing Bowl":0,"hubris:EmptyBottle":46,"Ancient Tea Set":0,"Smiling Mask":40,"hubris:Backtick":34,"Toolbox":0,"hubris:CuriousFeather":26,"Chemical X":26,"Replay:Bottled Eggs":0,"InkBottle":0,"Ring of the Snake":0,"Potion Belt":0,"Lee\u0027s Waffle":0,"hubris:64BitClover":0,"Golden Idol":48,"Circlet":0,"PreservedInsect":0,"Replay:Arrowhead":0,"Ornamental Fan":0,"hubris:Spice":0,"Durian":0,"Garlic":0,"Art of War":50,"hubris:BottledRain":68,"Ice Cream":26,"Calipers":0,"Gremlin Horn":0,"Raider\u0027s Mask":43,"Sozu":81,"Centennial Puzzle":0,"Prayer Wheel":26,"Iron Hammer":0,"Girya":26,"hubris:Teleporter":0,"hubris:DuctTape":43,"hubris:SoftwareUpdate":50,"Du-Vu Doll":0,"hubris:Zylophone":0,"OrangePellets":0,"Onion Ring":47,"Mirror":0,"bronze:MakeshiftBattery":53,"NlothsMask":0,"Pocketwatch":0,"construct:BoolHorns":47,"Juzu Bracelet":0,"Replay:Mystery Machine":0,"Empty Cage":0,"Nunchaku":0,"Dream Catcher":35,"TheAbacus":0,"Chameleon Ring":38,"hubris:Icosahedron":65,"Replay:Bottled Snecko":37,"Replay:Antivirus Software":47,"Runic Pyramid":90,"Guide Book":0,"hubris:MedicalManual":0,"Replay:WaspNest":0,"Medical Kit":0,"Mercury Hourglass":0,"Cauldron":0,"Strange Spoon":26,"Pondfish Scales":0,"hubris:BundleOfHerbs":0,"Bag of Marbles":0,"Membership Card":0,"hubris:OldNail":0,"FossilizedHelix":47,"ReplayTheSpireMod:ShopPack":26,"TwistedFunnel":0,"Golden Egg":0,"hubris:BallOfYels":35,"Ginger":0,"Whetstone":0,"Bottled Tornado":50,"Boot":40,"Replay:Ringing Soul":54,"Sundial":26,"MealTicket":30,"hubris:DeckOfHolding":47,"Kunai":72,"Replay:Wax Seal":0,"hubris:TinFlute":47,"Pear":0,"construct:RocketBooster":47,"Counterbalance":47,"hubris:SphereOfDissonance":0,"Paper Crane":0,"hubris:TenFootPole":0,"Lantern":38,"hubris:Metronome":47,"Blue Doll":26,"StoneCalendar":47,"Replay:Multitool":0,"Bag of Preparation":0,"Replay:Rubber Ducky":0,"BranchBurnRelic":50,"Matryoshka":0,"Shovel":26,"WingedGreaves":0,"hubris:FunFungus":0,"hubris:GlazedTorus":47,"The Specimen":0,"Basket Of Snakes":0,"Thread and Needle":0,"Omamori":0,"Geode":47,"Frozen Egg 2":34,"Orrery":26,"Bottled Lightning":0,"ReplayTheSpireMod:Lightbulb":0,"Toy Ornithopter":0,"hubris:CrystalStatue":0,"Slimebound:ScrapOozeRelic":26,"Vajra":0,"Lizard Tail":47,"Replay:Frozen Program":40,"HornCleat":47,"DollysMirror":43,"Strawberry":0,"Toxic Egg 2":26,"Happy Flower":0,"Dead Branch":0,"Oddly Smooth Stone":0,"Letter Opener":0,"Replay:Kaleidoscope":0,"War Paint":0,"Question Card":26,"Bottled Flame":47,"Replay:Baseball":47,"ReplayTheSpireMod:Shallot":26,"Shuriken":26,"Bronze Scales":0,"Molten Egg 2":47,"Simple Rune":74,"ReplayTheSpireMod:TigerMarble":0,"hubris:ToyBattleship":0,"Black Star":42,"Grinning Jar":26,"Meat on the Bone":0,"Darkstone Periapt":0,"ReplayFunnel":62,"Replay:PocketPolymizer":0,"Mango":50,"hubris:SlimyHat":0,"Incense Burner":72,"ClockworkSouvenir":26,"Frozen Eye":0,"Replay:Bandana":30,"Mummified Hand":0,"Gambling Chip":26,"Pantograph":47,"Tiny Chest":0,"Cracked Core":26,"Gremlin Food":0,"hubris:DisguiseKit":0,"BargainBundle":0,"ReplayTheSpireMod:Ninjato":0,"Replay:Towering Pillar of Hats":0,"Quantum Egg":47,"Orichalcum":0,"White Beast Statue":0,"Peace Pipe":0,"CaptainsWheel":26,"Anchor":47,"Snack Pack":47,"TungstenRod":0,"hubris:Potato":47},{"Replay:Accelerometer":29,"construct:FoamFinger":76,"hubris:MysteriousPyramids":79,"Sling":0,"Blood Vial":0,"hubris:HerbalPaste":0,"hubris:AstralHammer":0,"HandDrill":0,"Replay:Bottled Flurry":76,"hubris:RGBLights":76,"Replay:Bottled Steam":76,"Blue Candle":0,"Tingsha":0,"Eternal Feather":0,"Pen Nib":0,"Bird Faced Urn":0,"MutagenicStrength":29,"Snecko Eye":29,"CultistMask":37,"Unceasing Top":105,"hubris:Reverence":76,"Solar Panel":76,"Regal Pillow":0,"Carrot":76,"Torii":0,"Singing Bowl":0,"hubris:EmptyBottle":74,"Ancient Tea Set":0,"Smiling Mask":63,"hubris:Backtick":44,"Toolbox":0,"hubris:CuriousFeather":29,"Chemical X":29,"Replay:Bottled Eggs":0,"InkBottle":0,"Ring of the Snake":0,"Potion Belt":0,"Lee\u0027s Waffle":0,"hubris:64BitClover":0,"Golden Idol":77,"Circlet":0,"PreservedInsect":0,"Replay:Arrowhead":0,"Ornamental Fan":0,"hubris:Spice":0,"Durian":0,"Garlic":0,"Art of War":79,"hubris:BottledRain":98,"Ice Cream":29,"Calipers":0,"Gremlin Horn":0,"Raider\u0027s Mask":69,"Sozu":115,"Centennial Puzzle":0,"Prayer Wheel":29,"Iron Hammer":0,"Girya":29,"hubris:Teleporter":0,"hubris:DuctTape":69,"hubris:SoftwareUpdate":79,"Du-Vu Doll":0,"hubris:Zylophone":0,"OrangePellets":0,"Onion Ring":76,"Mirror":0,"bronze:MakeshiftBattery":82,"NlothsMask":0,"Pocketwatch":0,"construct:BoolHorns":76,"Juzu Bracelet":0,"Replay:Mystery Machine":0,"Empty Cage":0,"Nunchaku":0,"Dream Catcher":46,"TheAbacus":0,"Chameleon Ring":58,"hubris:Icosahedron":95,"Replay:Bottled Snecko":55,"Replay:Antivirus Software":76,"Runic Pyramid":124,"Guide Book":0,"hubris:MedicalManual":0,"Replay:WaspNest":0,"Medical Kit":0,"Mercury Hourglass":0,"Cauldron":0,"Strange Spoon":29,"Pondfish Scales":0,"hubris:BundleOfHerbs":0,"Bag of Marbles":0,"Membership Card":0,"hubris:OldNail":0,"FossilizedHelix":76,"ReplayTheSpireMod:ShopPack":29,"TwistedFunnel":0,"Golden Egg":0,"hubris:BallOfYels":46,"Ginger":0,"Whetstone":0,"Bottled Tornado":79,"Boot":63,"Replay:Ringing Soul":83,"Sundial":29,"MealTicket":37,"hubris:DeckOfHolding":76,"Kunai":104,"Replay:Wax Seal":0,"hubris:TinFlute":76,"Pear":0,"construct:RocketBooster":76,"Counterbalance":76,"hubris:SphereOfDissonance":0,"Paper Crane":0,"hubris:TenFootPole":0,"Lantern":58,"hubris:Metronome":76,"Blue Doll":29,"StoneCalendar":76,"Replay:Multitool":0,"Bag of Preparation":0,"Replay:Rubber Ducky":0,"BranchBurnRelic":79,"Matryoshka":0,"Shovel":29,"WingedGreaves":0,"hubris:FunFungus":0,"hubris:GlazedTorus":76,"The Specimen":0,"Basket Of Snakes":0,"Thread and Needle":0,"Omamori":0,"Geode":76,"Frozen Egg 2":44,"Orrery":29,"Bottled Lightning":0,"ReplayTheSpireMod:Lightbulb":0,"Toy Ornithopter":0,"hubris:CrystalStatue":0,"Slimebound:ScrapOozeRelic":29,"Vajra":0,"Lizard Tail":76,"Replay:Frozen Program":63,"HornCleat":76,"DollysMirror":69,"Strawberry":0,"Toxic Egg 2":29,"Happy Flower":0,"Dead Branch":0,"Oddly Smooth Stone":0,"Letter Opener":0,"Replay:Kaleidoscope":0,"War Paint":0,"Question Card":29,"Bottled Flame":76,"Replay:Baseball":76,"ReplayTheSpireMod:Shallot":29,"Shuriken":29,"Bronze Scales":0,"Molten Egg 2":76,"Simple Rune":108,"ReplayTheSpireMod:TigerMarble":0,"hubris:ToyBattleship":0,"Black Star":68,"Grinning Jar":29,"Meat on the Bone":0,"Darkstone Periapt":0,"ReplayFunnel":91,"Replay:PocketPolymizer":0,"Mango":79,"hubris:SlimyHat":0,"Incense Burner":104,"ClockworkSouvenir":29,"Frozen Eye":0,"Replay:Bandana":37,"Mummified Hand":0,"Gambling Chip":29,"Pantograph":76,"Tiny Chest":0,"Cracked Core":29,"Gremlin Food":0,"hubris:DisguiseKit":0,"BargainBundle":0,"ReplayTheSpireMod:Ninjato":0,"Replay:Towering Pillar of Hats":0,"Quantum Egg":76,"Orichalcum":0,"White Beast Statue":0,"Peace Pipe":0,"CaptainsWheel":29,"Anchor":76,"Snack Pack":76,"TungstenRod":0,"hubris:Potato":76}],"TungstenRod":6,"Unceasing Top":[11],"Meat on the Bone":0},"card_choices":[{"not_picked":["Sweeping Beam+1","Stack+1","Recycle+1"],"picked":"SKIP","floor":1},{"not_picked":["Tempest+1","Hello World+1","Heatsinks+1"],"picked":"SKIP","floor":1},{"not_picked":["Compile Driver+1","Rebound+1"],"picked":"Loop+1","floor":2},{"not_picked":["ReplayTheSpireMod:Fabricate Wheel+1","Streamline+1","ReplayTheSpireMod:Repulse+1"],"picked":"SKIP","floor":2},{"not_picked":["BasicCrystalCard+1","Ball Lightning+1","Self Repair+1"],"picked":"SKIP","floor":6},{"not_picked":["Capacitor+1","Ball Lightning+1","Barrage+1"],"picked":"SKIP","floor":10},{"not_picked":["Stack+1","Compile Driver+1","Barrage+1"],"picked":"SKIP","floor":12},{"not_picked":["ReplaySort+1","Streamline+1","Leap+1"],"picked":"SKIP","floor":14},{"not_picked":["Ball Lightning+1","Redo+1","Darkness+1"],"picked":"SKIP","floor":14},{"not_picked":["Creative AI+1","ReplayRNGCard+1"],"picked":"Fission+1","floor":16},{"not_picked":["Stack+1","Leap+1","BasicCrystalCard+1"],"picked":"SKIP","floor":18},{"not_picked":["Go for the Eyes+1","Rebound+1","Melter+1"],"picked":"SKIP","floor":18},{"not_picked":["Leap+1","ReplayTheSpireMod:Calculation Training+1","Ball Lightning+1"],"picked":"SKIP","floor":22},{"not_picked":["Tempest+1","Hologram+1","Coolheaded+1"],"picked":"SKIP","floor":22},{"not_picked":["Static Discharge+1","Rip and Tear+1","Skim+1"],"picked":"SKIP","floor":23},{"not_picked":["Loop+1","ReplaySort+1","Redo+1"],"picked":"SKIP","floor":25},{"not_picked":["Streamline+1","Sweeping Beam+1","Doom and Gloom+1"],"picked":"SKIP","floor":27},{"not_picked":["BootSequence+1","Rebound+1","Go for the Eyes+1"],"picked":"SKIP","floor":29},{"not_picked":["Cold Snap+1","Darkness+1","Chaos+1"],"picked":"SKIP","floor":29},{"not_picked":["Panic Button+1","Defragment+1","Go for the Eyes+1"],"picked":"SKIP","floor":30},{"not_picked":["Core Surge+1","Stack+1","Gash+1"],"picked":"SKIP","floor":30},{"not_picked":["Leap+1","Steam+1","ReplayTheSpireMod:System Scan+1"],"picked":"SKIP","floor":31},{"not_picked":["ReplayRNGCard+1","Buffer+1"],"picked":"hubris:DoWhile+1","floor":33},{"not_picked":["Steam+1","Go for the Eyes+1","BasicCrystalCard+1"],"picked":"SKIP","floor":35},{"not_picked":["ReplayTheSpireMod:System Scan+1","Rebound+1","Gash+1"],"picked":"SKIP","floor":35},{"not_picked":["Loop+1","Stack+1","Time Bomb+1"],"picked":"SKIP","floor":36},{"not_picked":["Genetic Algorithm+1","Capacitor+1","Double Energy+1"],"picked":"SKIP","floor":36},{"not_picked":["Heatsinks+1","ReplayTheSpireMod:Omega Cannon+1","Leap+1"],"picked":"SKIP","floor":38},{"not_picked":["Coolheaded+1","Conserve Battery+1","Force Field+1"],"picked":"SKIP","floor":38},{"not_picked":["Steam+1","Compile Driver+1","Barrage+1"],"picked":"SKIP","floor":40},{"not_picked":["Conserve Battery+1","Fusion+1","Undo+1"],"picked":"SKIP","floor":42},{"not_picked":["FIFO Queue+1","Blizzard+1"],"picked":"hubris:SpecializedCircuitry+1","floor":44},{"not_picked":["Barrage+1","Consume+1","Beam Cell+1"],"picked":"SKIP","floor":44},{"not_picked":["Rebound+1","Coolheaded+1","Gash+1","ReplayTheSpireMod:Fabricate Wheel+1"],"picked":"SKIP","floor":46},{"not_picked":["ReplaySolidLightProjector+1","Stack+1","Go for the Eyes+1","Redo+1"],"picked":"SKIP","floor":47},{"not_picked":["Conserve Battery+1","Stack+1","Scrape+1","Chaos+1"],"picked":"SKIP","floor":47},{"not_picked":["Doom and Gloom+1","Stack+1","Defragment+1"],"picked":"Heatsinks+1","floor":48},{"not_picked":["Double Energy+1","Stack+1","Beam Cell+1"],"picked":"Echo Form+1","floor":54}],"player_experience":133001,"relics_obtained":[{"floor":6,"key":"Golden Egg"},{"floor":10,"key":"hubris:Zylophone"},{"floor":25,"key":"Replay:Bottled Steam"},{"floor":32,"key":"Dream Catcher"},{"floor":42,"key":"Replay:Bandana"},{"floor":43,"key":"Omamori"},{"floor":46,"key":"Darkstone Periapt"},{"floor":48,"key":"CaptainsWheel"},{"floor":54,"key":"hubris:CrystalStatue"}],"event_choices":[{"damage_healed":0,"gold_gain":0,"player_choice":"Ignored","damage_taken":0,"max_hp_gain":0,"max_hp_loss":0,"event_name":"Ghosts","floor":20,"gold_loss":0},{"damage_healed":0,"gold_gain":0,"player_choice":"Upgrade","damage_taken":0,"max_hp_gain":0,"max_hp_loss":0,"event_name":"Designer","floor":39,"gold_loss":40,"cards_upgraded":["Defend_B"]},{"damage_healed":0,"gold_gain":0,"player_choice":"Fight","damage_taken":0,"max_hp_gain":0,"max_hp_loss":0,"event_name":"MindBloom","floor":48,"gold_loss":0}],"is_beta":false,"boss_relics":[{"not_picked":["Astrolabe","Painkiller Herb"],"picked":"Sozu"},{"not_picked":["Replay:Ancient Bell","ReplayTheSpireMod:DimensionalGlitch"],"picked":"Runic Pyramid"}],"items_purged_floors":[0,0,0,0,0,0,0,0,0,0,0,3,8],"is_endless":false,"potions_floor_spawned":[2,6,10,22,25,31,40,44,47],"ascension_level":2}}