{"host":"h7nmmy8r9gwtg58f","time":1613951892,"event":{"mods":["Aspiration","BaseMod","Colored Map","Colored Powertips","Downfall","Highlight Path","Hubris","Mimic Mod","Minty Spire (QoL Compilation)","Replay The Spire","StSLib"],"gold_per_floor":[99,114,129,144,144,144,144,174,189,304,334,439,439,477,496,496,496,496],"floor_reached":16,"language":"ENG","playtime":1232,"items_purged":[],"score":147,"play_id":"3d4b38e6-4843-408f-b513-a31aadd53a30","local_time":"20210222005812","daily_mods":["Heirloom","Hoarder","Elite Swarm"],"is_ascension_mode":false,"campfire_choices":[{"data":"champ:Execute","floor":1,"key":"SMITH"},{"data":"champ:CrookedStrike","floor":6,"key":"SMITH"}],"circlet_count":0,"master_deck":["champ:Strike","champ:Strike","champ:Strike","champ:Strike","champ:Defend","champ:Defend","champ:Defend","champ:Defend","champ:Execute+1","champ:Taunt","champ:CrookedStrike+1","champ:CrookedStrike","champ:CrookedStrike","champ:FanOfKnives","champ:FanOfKnives","champ:FanOfKnives","champ:StanceDance","champ:StanceDance","champ:StanceDance","champ:MurderStrike","champ:MurderStrike","champ:MurderStrike","champ:AdrenalArmor","champ:AdrenalArmor","champ:AdrenalArmor","champ:EnchantCrown","champ:EnchantCrown","champ:EnchantCrown","champ:UltimateStance","champ:UltimateStance","champ:UltimateStance","champ:DefensiveShout","champ:DefensiveShout","champ:DefensiveShout","champ:Circumvent","champ:Circumvent","champ:Circumvent","champ:Improvising","champ:Improvising","champ:Improvising","champ:BringItOn","champ:BringItOn","champ:BringItOn"],"relics":["champ:ChampionCrown","hubris:64BitClover","hubris:Icosahedron","Pear","Shuriken","Garlic","Tiny Chest","Golden Idol","Oddly Smooth Stone"],"acts_visited":["Exordium"],"potions_floor_usage":[14,16,16,16],"damage_taken":[{"damage":16,"enemies":"Small Slimes","floor":2,"turns":4},{"damage":1,"enemies":"2 Louse","floor":3,"turns":3},{"damage":10,"enemies":"Cultist","floor":4,"turns":2},{"damage":19,"enemies":"Gremlin Nob","floor":8,"turns":4},{"damage":8,"enemies":"3 Louse","floor":9,"turns":2},{"damage":3,"enemies":"Gremlin Gang","floor":10,"turns":2},{"damage":66,"enemies":"Lagavulin","floor":11,"turns":8},{"damage":35,"enemies":"Gremlin Nob","floor":14,"turns":4},{"damage":5,"enemies":"Looter","floor":15,"turns":3},{"damage":51,"enemies":"IC_STATUS_ARCHETYPE","floor":16,"turns":8}],"seed_played":"-7397021786818157212","potions_obtained":[{"floor":9,"key":"champ:OpenerPotion"},{"floor":10,"key":"Milkshake"},{"floor":14,"key":"Strength Potion"}],"is_trial":false,"path_per_floor":["R","M","M","M","?","R","T","E","M","M","E","?","?","E","M","B"],"character_chosen":"THE_CHAMP","items_purchased":[],"campfire_rested":0,"item_purchase_floors":[],"current_hp_per_floor":[90,84,83,83,83,83,93,84,76,73,79,54,54,39,39,0,0,0],"gold":496,"neow_bonus":"","is_daily":true,"chose_seed":false,"campfire_upgraded":2,"win_rate":0.0,"timestamp":1613951892,"path_taken":["R","M","M","M","?","R","T","E","M","M","E","?","?","E","M","BOSS"],"items_purchased_type":[],"build_version":"2020-12-22","purchased_purges":0,"victory":false,"max_hp_per_floor":[90,90,90,90,90,90,100,100,100,100,100,100,92,92,92,92,92,92],"card_choices":[{"not_picked":["champ:EnragedBash","champ:ArenaPreparation"],"picked":"champ:CrookedStrike","floor":2},{"not_picked":["champ:SkillfulDodge","champ:PerfectedStrike"],"picked":"champ:FanOfKnives","floor":3},{"not_picked":["champ:CrownThrow","champ:EndlessRage"],"picked":"champ:StanceDance","floor":4},{"not_picked":["champ:Improvising","champ:HeavySlash"],"picked":"champ:MurderStrike","floor":8},{"not_picked":["champ:TornadoPunch","champ:PreciseThrust"],"picked":"champ:AdrenalArmor","floor":9},{"not_picked":["champ:TornadoPunch","champ:Endure"],"picked":"champ:EnchantCrown","floor":10},{"not_picked":["champ:EnchantSword","champ:GladiatorForm"],"picked":"champ:UltimateStance","floor":11},{"not_picked":["champ:FancyFootwork","champ:ArenaPreparation"],"picked":"champ:DefensiveShout","floor":12},{"not_picked":["champ:StanceDance","champ:EnGarde"],"picked":"champ:Circumvent","floor":12},{"not_picked":["champ:SwordThrow","champ:HoldFirm"],"picked":"champ:Improvising","floor":14},{"not_picked":["champ:IronFortress","champ:SkillfulDodge"],"picked":"champ:BringItOn","floor":15}],"player_experience":547407,"relics_obtained":[{"floor":7,"key":"Pear"},{"floor":8,"key":"Shuriken"},{"floor":11,"key":"Garlic"},{"floor":12,"key":"Tiny Chest"},{"floor":14,"key":"Oddly Smooth Stone"}],"event_choices":[{"damage_healed":0,"gold_gain":0,"player_choice":"Lose Max HP","damage_taken":0,"relics_obtained":["Golden Idol"],"max_hp_gain":0,"max_hp_loss":8,"event_name":"Golden Idol","floor":13,"gold_loss":0}],"is_beta":false,"boss_relics":[],"items_purged_floors":[],"is_endless":false,"potions_floor_spawned":[9,10,11,14],"killed_by":"IC_STATUS_ARCHETYPE","ascension_level":0}}