{"host":"py7qdianp3jrm8dm","time":1613942713,"event":{"mods":["AchievementEnabler","BaseMod","Bestiary","Downfall","Highlight Path","Minty Spire (QoL Compilation)","StSLib"],"gold_per_floor":[117,132,132,132,132,158,158,71,96,128,128,148,148,170,170,249,249,259,273,38,52,52,52,2,2,50,50,250,284,296,296,296],"floor_reached":31,"language":"ENG","playtime":1077,"items_purged":["Defend_R","Writhe"],"score":511,"play_id":"d8c45bfe-0c73-46d9-9061-878850cc31a0","local_time":"20210221212513","is_ascension_mode":true,"campfire_choices":[{"floor":11,"key":"REST"},{"data":"Whirlwind","floor":13,"key":"SMITH"},{"data":"Flex","floor":15,"key":"SMITH"},{"data":"Double Tap","floor":23,"key":"SMITH"},{"data":"Bloodletting","floor":25,"key":"SMITH"},{"data":"Offering","floor":27,"key":"SMITH"}],"circlet_count":0,"master_deck":["AscendersBane","Strike_R","Strike_R+1","Strike_R","Strike_R","Strike_R","Defend_R+1","Defend_R","Bash","Flex+1","True Grit","Offering+1","Bloodletting+1","Flex+1","Whirlwind+1","Anger","Double Tap+1","Wild Strike","Hemokinesis","Dropkick","Reaper"],"relics":["Burning Blood","NeowsBlessing","InkBottle","Potion Belt","Oddly Smooth Stone","Odd Mushroom","Mark of Pain","Lee\u0027s Waffle","Smiling Mask","Pen Nib","Peace Pipe"],"acts_visited":["Exordium","TheCity"],"potions_floor_usage":[16,16,16,29],"damage_taken":[{"damage":0,"enemies":"Jaw Worm","floor":1,"turns":1},{"damage":0,"enemies":"Small Slimes","floor":2,"turns":1},{"damage":0,"enemies":"Lagavulin","floor":6,"turns":1},{"damage":38,"enemies":"3 Sentries","floor":10,"turns":10},{"damage":6,"enemies":"2 Louse","floor":12,"turns":3},{"damage":15,"enemies":"The Mushroom Lair","floor":14,"turns":3},{"damage":32,"enemies":"Hexaghost","floor":16,"turns":6},{"damage":30,"enemies":"Shell Parasite","floor":18,"turns":3},{"damage":10,"enemies":"3 Byrds","floor":19,"turns":4},{"damage":11,"enemies":"Sentry and Sphere","floor":21,"turns":1},{"damage":55,"enemies":"Book of Stabbing","floor":29,"turns":4},{"damage":26,"enemies":"Chosen and Byrds","floor":30,"turns":4},{"damage":45,"enemies":"Slavers","floor":31,"turns":2}],"seed_played":"-2610855349039083078","potions_obtained":[{"floor":6,"key":"hexamod:SoulburnPotion"},{"floor":12,"key":"EssenceOfSteel"},{"floor":14,"key":"Weak Potion"},{"floor":21,"key":"hexamod:SoulburnPotion"}],"is_trial":false,"path_per_floor":["M","M","?","?","?","E","?","$","T","E","R","M","R","?","R","B",null,"M","M","$","M","?","R","$","R","T","R","?","E","M","E"],"character_chosen":"IRONCLAD","items_purchased":["Bloodletting","Lee\u0027s Waffle"],"campfire_rested":1,"item_purchase_floors":[8,20],"current_hp_per_floor":[74,75,80,80,56,62,55,55,55,23,47,47,47,38,38,12,63,39,35,87,82,82,82,82,82,82,82,82,33,33,0,0],"gold":296,"neow_bonus":"THREE_ENEMY_KILL","is_daily":false,"chose_seed":false,"campfire_upgraded":5,"win_rate":0.0,"timestamp":1613942713,"path_taken":["M","M","?","?","?","E","?","$","T","E","R","M","R","?","R","BOSS","M","M","$","M","?","R","$","R","T","R","?","E","?","E"],"items_purchased_type":["Card","Relic"],"build_version":"2020-12-22","purchased_purges":2,"victory":false,"max_hp_per_floor":[75,75,80,80,80,80,80,80,80,80,80,80,80,80,80,80,80,80,80,87,87,87,87,87,87,87,87,87,87,87,87,87],"card_choices":[{"not_picked":["Armaments","Dual Wield"],"picked":"Flex","floor":1},{"not_picked":["Cleave","Shrug It Off"],"picked":"True Grit","floor":2},{"not_picked":["Wild Strike","Thunderclap"],"picked":"Offering","floor":6},{"not_picked":["Perfected Strike","Shrug It Off"],"picked":"Flex","floor":10},{"not_picked":["Wild Strike","Dropkick"],"picked":"Whirlwind","floor":12},{"not_picked":["Feel No Pain","True Grit"],"picked":"Anger","floor":14},{"not_picked":["Corruption","Fiend Fire"],"picked":"Double Tap","floor":16},{"not_picked":["True Grit","Heavy Blade"],"picked":"Wild Strike","floor":18},{"not_picked":["Seeing Red","Warcry"],"picked":"Hemokinesis","floor":19},{"not_picked":["Ghostly Armor","Havoc"],"picked":"Dropkick","floor":21},{"not_picked":["Wild Strike","Anger"],"picked":"Reaper","floor":29},{"not_picked":["Clothesline","True Grit","Searing Blow"],"picked":"SKIP","floor":30}],"player_experience":649526,"relics_obtained":[{"floor":6,"key":"InkBottle"},{"floor":9,"key":"Potion Belt"},{"floor":10,"key":"Oddly Smooth Stone"},{"floor":14,"key":"Odd Mushroom"},{"floor":26,"key":"Pen Nib"},{"floor":29,"key":"Peace Pipe"}],"event_choices":[{"damage_healed":0,"gold_gain":0,"player_choice":"Donut","damage_taken":0,"max_hp_gain":5,"max_hp_loss":0,"event_name":"Big Fish","floor":3,"gold_loss":0},{"damage_healed":0,"gold_gain":0,"player_choice":"Grow","damage_taken":0,"max_hp_gain":0,"max_hp_loss":0,"event_name":"Living Wall","floor":4,"gold_loss":0,"cards_upgraded":["Flex"]},{"damage_healed":0,"gold_gain":0,"player_choice":"Entered Light","damage_taken":24,"max_hp_gain":0,"max_hp_loss":0,"event_name":"Shining Light","floor":5,"gold_loss":0,"cards_upgraded":["Strike_R","Defend_R"]},{"cards_removed":["Defend_R"],"damage_healed":0,"gold_gain":0,"player_choice":"Card Removal","damage_taken":7,"max_hp_gain":0,"max_hp_loss":0,"event_name":"Golden Wing","floor":7,"gold_loss":0},{"damage_healed":0,"gold_gain":0,"player_choice":"Fought Mushrooms","damage_taken":0,"max_hp_gain":0,"max_hp_loss":0,"event_name":"Mushrooms","floor":14,"gold_loss":0},{"damage_healed":0,"gold_gain":0,"player_choice":"Opened","damage_taken":0,"relics_obtained":["Smiling Mask"],"max_hp_gain":0,"max_hp_loss":0,"event_name":"The Mausoleum","floor":22,"gold_loss":0,"cards_obtained":["Writhe"]},{"damage_healed":0,"gold_gain":250,"player_choice":"Bet on Owner","damage_taken":0,"max_hp_gain":0,"max_hp_loss":0,"event_name":"The Joust","floor":28,"gold_loss":50}],"is_beta":false,"boss_relics":[{"not_picked":["Pandora\u0027s Box","SlaversCollar"],"picked":"Mark of Pain"}],"items_purged_floors":[20,24],"is_endless":false,"potions_floor_spawned":[6,12,14,21],"killed_by":"Slavers","ascension_level":16}}