{"host":"n7mxhpjy89lltbhc","time":1613887936,"event":{"mods":["2.2 Compatiblity","Act Like it!","BaseMod","Better Match","Better Sensory Stone","Better Synergies","BetterRewards","Colored Map","Colored Powertips","Downfall","Exacting","Gensokyo","Infinite Spire","Jedi Mod","Lobotomy","LobotomyExtend","Marisa????????","Minty Spire (QoL Compilation)","Permanent Neow","Poem Panic","Rare Cards Sparkle","Relic Stats","Replay The Spire","Shop Mod","Small Relic Pack","Spicy Shops","Spire Arcade","StSLib","The Blue Laboratory","The Servant 0.9.4","Waifu the Spire","Wandering Minibosses","Wide Potions","Yakumo Yukari mod"],"gold_per_floor":[118,118,118,132,142,142,170,183,209,209,244,260,237,139,139,239,239,251,251,264,264,264,290,290,465,465,465,133,133,168,186,186,286],"floor_reached":17,"language":"ENG","playtime":4895,"items_purged":["Doubt"],"score":587,"play_id":"7a30d16b-6304-4562-8635-467cc695ec7a","local_time":"25640221131216","is_ascension_mode":true,"campfire_choices":[],"circlet_count":0,"master_deck":["SpecialBullet","SpecialBullet","SpecialBullet","SpecialBullet","SpecialBullet","SpecialBullet","DisciplinaryCode","InformationCode","The Bomb+1","CentralCode","InTheNameOfLoveAndHate","infinitespire:Gouge","Galaxy","OSAHOGD","TheSmile","Penitence","Mimicry","BlackSwan_ego","SomewhereSpear","Horn+1","RecordCode","Adoration+1","Lamp+3","Wingbeat","Twilight","Pinks","TrainingCode","CENSORED_ego"],"relics":["RabbitCall","Omamori","wanderingMiniBosses:ThiefScarf","CogitoBucket","Pen Nib","ReplayTheSpireMod:Lightbulb","WingedGreaves","Darkstone Periapt","Prayer Wheel","BackwardClock","bronze:MakeshiftBattery","Boot","CaptainsWheel","LetterFromLob","Letter Opener","Blood Vial","Bottled Flame","infinitespire:ShieldingShard","infinitespire:Beetle Shell","SlaversCollar","Vajra","Girya","jedi:arcanewood","Mirror","Frozen Eye","Sling","Gremlin Food","jedi:Pinwheel","Calipers","Quantum Egg","Bronze Scales"],"acts_visited":["Exordium","TheCity"],"potions_floor_usage":[3,3,17],"damage_taken":[{"damage":11,"enemies":"Jaw Worm","floor":1,"turns":2},{"damage":0,"enemies":"Cultist","floor":4,"turns":2},{"damage":12,"enemies":"2 Louse","floor":5,"turns":5},{"damage":8,"enemies":"Gremlin Nob","floor":7,"turns":4},{"damage":2,"enemies":"Large Slime","floor":8,"turns":4},{"damage":0,"enemies":"Lagavulin","floor":11,"turns":5},{"damage":12,"enemies":"Looter","floor":12,"turns":11},{"damage":6,"enemies":"The Guardian","floor":16,"turns":9},{"damage":0,"enemies":"Cultist","floor":1,"turns":2},{"damage":0,"enemies":"Jaw Worm","floor":3,"turns":2},{"damage":8,"enemies":"Gremlin Nob","floor":6,"turns":4},{"damage":0,"enemies":"Nightmare","floor":13,"turns":6},{"damage":0,"enemies":"2 Louse","floor":14,"turns":8},{"damage":0,"enemies":"Fading Forest","floor":16,"turns":11},{"damage":0,"enemies":"Malkuth","floor":17,"turns":9},{"damage":0,"enemies":"Yesod","floor":17,"turns":13},{"damage":47,"enemies":"Geburah","floor":17,"turns":21},{"damage":14,"enemies":"Hokma","floor":17,"turns":34},{"damage":68,"enemies":"Angela","floor":17,"turns":10}],"seed_played":"-791782989246031247","potions_obtained":[{"floor":5,"key":"blueLaboratory:EnragingPotion"},{"floor":8,"key":"blueLaboratory:PhilterOfMotion"},{"floor":11,"key":"jedi:hoardpotion"},{"floor":12,"key":"Explosive Potion"},{"floor":3,"key":"FairyPotion"},{"floor":14,"key":"blueLaboratory:BottledHope"}],"is_trial":false,"path_per_floor":["M","?","?","M","M","R","E","M","T","R","E","M","?","$","R","B",null,"M","M","?","M","?","?","E","R","?","T","R","$","?","NM","M","R","B",null],"character_chosen":"Angela","items_purchased":["The Bomb","SomewhereSpear","Horn","infinitespire:ShieldingShard"],"campfire_rested":0,"item_purchase_floors":[0,14,14,11],"current_hp_per_floor":[59,47,47,47,35,35,27,25,25,25,25,13,13,13,13,9,70,70,58,58,58,44,36,36,42,42,42,42,42,44,48,48,50],"gold":286,"neow_bonus":"","is_daily":false,"chose_seed":false,"campfire_upgraded":0,"win_rate":0.0,"timestamp":1613887936,"path_taken":["M","?","?","M","?","R","E","M","T","R","E","M","?","$","R","BOSS","M","M","?","M","?","?","E","R","?","T","R","$","?","NM","?","R","BOSS"],"items_purchased_type":["Card","Card","Card","Relic"],"build_version":"2020-12-22","purchased_purges":1,"victory":true,"max_hp_per_floor":[70,70,70,70,70,70,70,70,70,70,70,70,70,70,70,70,70,70,70,70,70,70,70,70,76,76,76,76,76,76,76,76,76],"relic_stats":{"Darkstone Periapt":6,"Blood Vial":14,"counters":[47,241],"Bronze Scales":[0],"Prayer Wheel":4,"Pen Nib":[26],"Letter Opener":[620],"Boot":[1],"obtain_stats":[{"Divine Protection":16,"Replay:Accelerometer":14,"Calipers":17,"Nilry\u0027s Codex":19,"Vajra":17,"Sling":11,"Boot":18,"jedi:shrinkray":17,"Blood Vial":43,"infinitespire:ShieldingShard":11,"HornCleat":14,"Prayer Wheel":12,"HandDrill":12,"Kunai":17,"Toxic Egg 2":29,"Replay:Wax Seal":30,"Replay:Bottled Steam":26,"champ:Barbells":7,"BackwardClock":12,"Girya":17,"wanderingMiniBosses:ThiefScarf":5,"Counterbalance":38,"Blue Candle":42,"Pen Nib":6,"infinitespire:Beetle Shell":13,"Ring of Chaos":14,"Letter Opener":2,"Akabeko":17,"infinitespire:EvilPickle":33,"SlaversCollar":14,"Bottled Flame":9,"infinitespire:Broken Mirror":1,"Bronze Scales":17,"StrikeDummy":8,"Mirror":17,"bronze:MakeshiftBattery":17,"Memoryfragments_purpleEX":0,"Darkstone Periapt":12,"RabbitCall":5,"Singing Bowl":12,"Painkiller Herb":34,"Blue Doll":6,"jedi:command_boss":39,"Bag of Preparation":17,"relicPack:DarknessArmor":17,"jedi:Pinwheel":17,"Cursed Key":17,"ClockworkSouvenir":30,"Frozen Eye":17,"CogitoBucket":5,"Shovel":24,"Mummified Hand":8,"Gambling Chip":17,"WingedGreaves":11,"Replay:Bottled Snecko":47,"infinitespire:Eraser":40,"Replay:Drink Me":39,"Gremlin Food":17,"Quantum Egg":17,"Replay:WaspNest":31,"champ:DeflectingBracers":11,"Omamori":2,"Boundary_crack":0,"PoemPanic:PoemPanicRelic":0,"Replay:Arrowhead":14,"bronze:BronzeIdol":8,"Mercury Hourglass":17,"CaptainsWheel":32,"wanderingMiniBosses:CarrionFlame":10,"Snack Pack":9,"LetterFromLob":1,"Garlic":1,"Membership Card":20,"ReplayTheSpireMod:Onyx Gauntlets":17,"jedi:arcanewood":7,"ReplayTheSpireMod:Lightbulb":9},{"Divine Protection":34,"Replay:Accelerometer":40,"Calipers":47,"Nilry\u0027s Codex":11,"Vajra":43,"Sling":31,"Boot":35,"jedi:shrinkray":44,"Blood Vial":20,"infinitespire:ShieldingShard":38,"HornCleat":40,"Prayer Wheel":32,"HandDrill":33,"Kunai":43,"Toxic Egg 2":14,"Replay:Wax Seal":14,"Replay:Bottled Steam":13,"champ:Barbells":29,"BackwardClock":34,"Girya":43,"wanderingMiniBosses:ThiefScarf":29,"Counterbalance":18,"Blue Candle":20,"Pen Nib":5,"infinitespire:Beetle Shell":39,"Ring of Chaos":39,"Letter Opener":36,"Akabeko":45,"infinitespire:EvilPickle":16,"SlaversCollar":39,"Bottled Flame":38,"infinitespire:Broken Mirror":35,"Bronze Scales":47,"StrikeDummy":30,"Mirror":44,"bronze:MakeshiftBattery":35,"Memoryfragments_purpleEX":0,"Darkstone Periapt":32,"RabbitCall":29,"Singing Bowl":8,"Painkiller Herb":16,"Blue Doll":37,"jedi:command_boss":18,"Bag of Preparation":45,"relicPack:DarknessArmor":43,"jedi:Pinwheel":46,"Cursed Key":10,"ClockworkSouvenir":14,"Frozen Eye":45,"CogitoBucket":29,"Shovel":13,"Mummified Hand":6,"Gambling Chip":46,"WingedGreaves":32,"Replay:Bottled Snecko":24,"infinitespire:Eraser":19,"Replay:Drink Me":18,"Gremlin Food":46,"Quantum Egg":47,"Replay:WaspNest":15,"champ:DeflectingBracers":31,"Omamori":27,"Boundary_crack":0,"PoemPanic:PoemPanicRelic":0,"Replay:Arrowhead":9,"bronze:BronzeIdol":30,"Mercury Hourglass":42,"CaptainsWheel":15,"wanderingMiniBosses:CarrionFlame":7,"Snack Pack":6,"LetterFromLob":27,"Garlic":35,"Membership Card":11,"ReplayTheSpireMod:Onyx Gauntlets":42,"jedi:arcanewood":29,"ReplayTheSpireMod:Lightbulb":31},{"Divine Protection":111,"Replay:Accelerometer":135,"Calipers":232,"Nilry\u0027s Codex":39,"Vajra":163,"Sling":94,"Boot":120,"jedi:shrinkray":176,"Blood Vial":62,"infinitespire:ShieldingShard":128,"HornCleat":135,"Prayer Wheel":99,"HandDrill":100,"Kunai":163,"Toxic Egg 2":45,"Replay:Wax Seal":45,"Replay:Bottled Steam":43,"champ:Barbells":86,"BackwardClock":111,"Girya":163,"wanderingMiniBosses:ThiefScarf":86,"Counterbalance":57,"Blue Candle":62,"Pen Nib":16,"infinitespire:Beetle Shell":134,"Ring of Chaos":134,"Letter Opener":122,"Akabeko":197,"infinitespire:EvilPickle":53,"SlaversCollar":134,"Bottled Flame":128,"infinitespire:Broken Mirror":120,"Bronze Scales":241,"StrikeDummy":90,"Mirror":176,"bronze:MakeshiftBattery":120,"Memoryfragments_purpleEX":0,"Darkstone Periapt":99,"RabbitCall":85,"Singing Bowl":23,"Painkiller Herb":53,"Blue Doll":124,"jedi:command_boss":57,"Bag of Preparation":197,"relicPack:DarknessArmor":163,"jedi:Pinwheel":231,"Cursed Key":37,"ClockworkSouvenir":45,"Frozen Eye":197,"CogitoBucket":86,"Shovel":43,"Mummified Hand":19,"Gambling Chip":231,"WingedGreaves":99,"Replay:Bottled Snecko":72,"infinitespire:Eraser":59,"Replay:Drink Me":57,"Gremlin Food":231,"Quantum Egg":241,"Replay:WaspNest":48,"champ:DeflectingBracers":94,"Omamori":79,"Boundary_crack":0,"PoemPanic:PoemPanicRelic":0,"Replay:Arrowhead":26,"bronze:BronzeIdol":90,"Mercury Hourglass":154,"CaptainsWheel":48,"wanderingMiniBosses:CarrionFlame":21,"Snack Pack":19,"LetterFromLob":79,"Garlic":120,"Membership Card":39,"ReplayTheSpireMod:Onyx Gauntlets":154,"jedi:arcanewood":86,"ReplayTheSpireMod:Lightbulb":94}]},"card_choices":[{"not_picked":["RedEyes"],"picked":"InTheNameOfLoveAndHate","floor":1},{"not_picked":["ReplayTheSpireMod:Black Plague","infinitespire:Starlight"],"picked":"infinitespire:Gouge","floor":3},{"not_picked":["Soda"],"picked":"Galaxy","floor":4},{"not_picked":["Scarecrow","CrumblingArmor"],"picked":"OSAHOGD","floor":4},{"not_picked":["TodaysExpression"],"picked":"TheSmile","floor":5},{"not_picked":["Hypocrisy"],"picked":"Penitence","floor":7},{"not_picked":["RapturousDream","LifeForTheDareDevil"],"picked":"SKIP","floor":8},{"not_picked":["Penitence"],"picked":"Mimicry","floor":11},{"not_picked":["DaCapo"],"picked":"BlackSwan_ego","floor":12},{"not_picked":["Penitence","InTheNameOfLoveAndHate"],"picked":"SKIP","floor":12},{"not_picked":["Mimicry"],"picked":"Adoration","floor":16},{"not_picked":["Loneliness"],"picked":"Lamp","floor":1},{"not_picked":["WristCuter","Loneliness"],"picked":"SKIP","floor":1},{"not_picked":["Heaven","BlackSwan_ego"],"picked":"SKIP","floor":3},{"not_picked":["SomewhereSpear"],"picked":"Pinks","floor":6},{"not_picked":["Wingbeat","TodaysExpression"],"picked":"SKIP","floor":13},{"not_picked":["Wingbeat","TodaysExpression"],"picked":"SKIP","floor":13},{"not_picked":["SwordSharpenedByTears","Tough"],"picked":"SKIP","floor":14},{"not_picked":["SomewhereSpear","Loneliness"],"picked":"SKIP","floor":14},{"not_picked":["CrumblingArmor","WallGazer"],"picked":"NakedNest","floor":16},{"not_picked":["SoundOfStar"],"picked":"CENSORED_ego","floor":16}],"player_experience":1062281,"relics_obtained":[{"floor":1,"key":"LetterFromLob"},{"floor":5,"key":"wanderingMiniBosses:ThiefScarf"},{"floor":5,"key":"CogitoBucket"},{"floor":7,"key":"Pen Nib"},{"floor":9,"key":"ReplayTheSpireMod:Lightbulb"},{"floor":11,"key":"WingedGreaves"},{"floor":1,"key":"LetterFromLob"},{"floor":6,"key":"Blood Vial"},{"floor":9,"key":"Bottled Flame"},{"floor":13,"key":"infinitespire:Beetle Shell"}],"event_choices":[{"damage_healed":0,"gold_gain":0,"player_choice":"Success","damage_taken":12,"relics_obtained":["Omamori"],"max_hp_gain":0,"max_hp_loss":0,"event_name":"Scrap Ooze","floor":2,"gold_loss":0},{"damage_healed":0,"gold_gain":0,"player_choice":"Left Gold","damage_taken":0,"max_hp_gain":0,"max_hp_loss":0,"event_name":"World of Goop","floor":13,"gold_loss":23},{"damage_healed":0,"gold_gain":0,"player_choice":"Success","damage_taken":12,"relics_obtained":["Letter Opener"],"max_hp_gain":0,"max_hp_loss":0,"event_name":"Scrap Ooze","floor":2,"gold_loss":0},{"damage_healed":0,"gold_gain":0,"player_choice":"Grow","damage_taken":0,"max_hp_gain":0,"max_hp_loss":0,"event_name":"Living Wall","floor":4,"gold_loss":0,"cards_upgraded":["Adoration"]},{"damage_healed":0,"gold_gain":0,"player_choice":"Entered Light","damage_taken":14,"max_hp_gain":0,"max_hp_loss":0,"event_name":"Shining Light","floor":5,"gold_loss":0,"cards_upgraded":["The Bomb","Horn"]},{"damage_healed":0,"gold_gain":175,"player_choice":"AGREE","damage_taken":0,"max_hp_gain":0,"max_hp_loss":0,"event_name":"Liars Game","floor":8,"gold_loss":0,"cards_obtained":["Doubt"]}],"is_beta":false,"boss_relics":[{"not_picked":["Replay:Grab Bag","relicPack:StarArrow"],"picked":"bronze:MakeshiftBattery"}],"items_purged_floors":[11],"is_endless":false,"potions_floor_spawned":[5,8,11,12,3,13,14],"ascension_level":1}}