{"host":"soyfmymeou4emntr","time":1613871670,"event":{"mods":["BaseMod","Minty Spire (QoL Compilation)","Permanent Neow","Relic Sorter","Relic Stats","StSLib"],"gold_per_floor":[210,285,285,24,41,41,72,86,86,86,6,35,53,69,69,145,145,160,176,195,195,195],"floor_reached":21,"language":"ENG","playtime":2419,"items_purged":[],"score":382,"play_id":"dfc3bdce-43a3-469f-9d0d-ce13bdae5f49","local_time":"20210220184110","is_ascension_mode":true,"campfire_choices":[{"data":"Sadistic Nature","floor":6.0,"key":"SMITH"},{"data":"Bash","floor":10.0,"key":"SMITH"},{"data":"Uppercut","floor":15,"key":"SMITH"}],"circlet_count":0,"master_deck":["AscendersBane","Strike_R","Defend_R","Defend_R","Defend_R","Defend_R","Bash+1","Twin Strike","Sadistic Nature+1","Thunderclap","True Grit","Bloodletting","Headbutt","Spot Weakness","Hemokinesis","Inflame","Uppercut+1","Immolate","Entrench+1","Spot Weakness+1","Pummel+1","Metallicize","Feel No Pain"],"relics":["Burning Blood","White Beast Statue","Letter Opener","Astrolabe"],"acts_visited":["Exordium","TheCity"],"potions_floor_usage":[12,16,16,18,20,21],"damage_taken":[{"damage":3.0,"enemies":"2 Louse","floor":1.0,"turns":3.0},{"damage":1.0,"enemies":"Cultist","floor":5.0,"turns":3.0},{"damage":30.0,"enemies":"Lagavulin","floor":7.0,"turns":7.0},{"damage":5.0,"enemies":"Jaw Worm","floor":8.0,"turns":3.0},{"damage":23,"enemies":"3 Sentries","floor":12,"turns":7},{"damage":3,"enemies":"3 Louse","floor":13,"turns":2},{"damage":0,"enemies":"2 Fungi Beasts","floor":14,"turns":2},{"damage":15,"enemies":"Hexaghost","floor":16,"turns":6},{"damage":30,"enemies":"Shell Parasite","floor":18,"turns":3},{"damage":23,"enemies":"3 Byrds","floor":19,"turns":5},{"damage":18,"enemies":"Snake Plant","floor":20,"turns":3},{"damage":19,"enemies":"Chosen and Byrds","floor":21,"turns":3}],"seed_played":"-3504007048696004371","potions_obtained":[{"floor":1.0,"key":"Dexterity Potion"},{"floor":8.0,"key":"Strength Potion"},{"floor":12,"key":"LiquidBronze"},{"floor":13,"key":"AttackPotion"},{"floor":14,"key":"SpeedPotion"},{"floor":16,"key":"ColorlessPotion"},{"floor":18,"key":"GamblersBrew"},{"floor":19,"key":"FearPotion"},{"floor":20,"key":"Energy Potion"}],"is_trial":false,"path_per_floor":["M","?","?","$","M","R","E","M","T","R","$","E","M","M","R","B",null,"M","M","M","M"],"character_chosen":"IRONCLAD","items_purchased":["Sadistic Nature","Thunderclap","Spot Weakness"],"campfire_rested":0,"item_purchase_floors":[4,4,11],"current_hp_per_floor":[71,60,60,60,65,65,41,42,42,42,42,25,28,34,34,25,63,39,22,10,0,0],"gold":195,"neow_bonus":"HUNDRED_GOLD","is_daily":false,"chose_seed":false,"campfire_upgraded":3,"win_rate":0.0,"timestamp":1613871670,"path_taken":["M","?","?","$","M","R","E","?","T","R","$","E","M","M","R","BOSS","M","M","M","M"],"items_purchased_type":["Card","Card","Card"],"build_version":"2020-12-22","purchased_purges":0,"victory":false,"max_hp_per_floor":[75,75,75,75,75,75,75,75,75,75,75,75,75,75,75,75,75,75,75,75,75,75],"relic_stats":{"counters":[12,47],"Astrolabe":["Entrench","Spot Weakness","Pummel"],"Letter Opener":[27],"obtain_stats":[{"Astrolabe":17,"Letter Opener":12,"Burning Blood":0,"White Beast Statue":7},{"Astrolabe":8,"Letter Opener":5,"Burning Blood":0,"White Beast Statue":3},{"Astrolabe":33,"Letter Opener":23,"Burning Blood":0,"White Beast Statue":13}],"Burning Blood":66},"card_choices":[{"not_picked":["Havoc","Headbutt"],"picked":"Twin Strike","floor":1.0},{"not_picked":["Havoc","Iron Wave"],"picked":"True Grit","floor":5.0},{"not_picked":["Power Through","Armaments"],"picked":"Bloodletting","floor":7.0},{"not_picked":["Blood for Blood","Reckless Charge"],"picked":"Headbutt","floor":8.0},{"not_picked":["Twin Strike","Entrench"],"picked":"Hemokinesis","floor":12},{"not_picked":["Heavy Blade","Warcry"],"picked":"Inflame","floor":13},{"not_picked":["Warcry","Barricade"],"picked":"Uppercut","floor":14},{"not_picked":["Barricade","Bludgeon"],"picked":"Immolate","floor":16},{"not_picked":["Carnage","Clothesline"],"picked":"Metallicize","floor":18},{"not_picked":["Pummel","Combust","Flex"],"picked":"SKIP","floor":19},{"not_picked":["Pummel","Warcry"],"picked":"Feel No Pain","floor":20}],"player_experience":3422951,"relics_obtained":[{"floor":7.0,"key":"White Beast Statue"},{"floor":12,"key":"Letter Opener"}],"event_choices":[{"damage_healed":0.0,"max_hp_gain":0.0,"max_hp_loss":0.0,"gold_gain":75.0,"event_name":"World of Goop","player_choice":"Gather Gold","floor":2.0,"gold_loss":0.0,"damage_taken":11.0},{"cards_removed":["Strike_R"],"damage_healed":0.0,"max_hp_gain":0.0,"max_hp_loss":0.0,"gold_gain":0.0,"event_name":"Bonfire Elementals","player_choice":"Offered Basic","floor":3.0,"gold_loss":0.0,"damage_taken":0.0}],"is_beta":false,"boss_relics":[{"not_picked":["Black Blood","Cursed Key"],"picked":"Astrolabe"}],"items_purged_floors":[],"is_endless":false,"potions_floor_spawned":[1,8,12,13,14,16,18,19,20],"killed_by":"Chosen and Byrds","ascension_level":20}}