{"host":"dxw0slwvk2p0izr3","time":1613881097,"event":{"mods":["BaseMod","Downfall","Minty Spire (QoL Compilation)","Replay The Spire","Shop Mod","StSLib"],"gold_per_floor":[99,118,137,137,151,151,151,166,201,351,451,464,464,464,464,464],"floor_reached":14,"language":"ZHS","playtime":669,"items_purged":[],"score":99,"play_id":"0cba0a36-0d16-413d-84f7-368c12003dc4","local_time":"20210221121817","is_ascension_mode":true,"campfire_choices":[{"data":"bronze:Replicate","floor":1.0,"key":"SMITH"},{"data":"bronze:Goto","floor":6.0,"key":"SMITH"},{"data":"bronze:Repulsor","floor":13,"key":"SMITH"}],"circlet_count":0,"master_deck":["bronze:Strike","bronze:Strike","bronze:Strike","bronze:Defend","bronze:Defend","bronze:Defend","bronze:Replicate+1","bronze:Goto+1","bronze:Repulsor+1","bronze:NullPointer","bronze:Safeguard+1","bronze:Philosophize+1","downfall:Icky","bronze:GetLatest+1"],"relics":["bronze:BronzeCore","Toxic Egg 2","Blue Doll","downfall:GremlinWheel"],"acts_visited":["Exordium"],"potions_floor_usage":[14],"damage_taken":[{"damage":1.0,"enemies":"Cultist","floor":2.0,"turns":3.0},{"damage":3.0,"enemies":"Jaw Worm","floor":3.0,"turns":4.0},{"damage":4.0,"enemies":"2 Louse","floor":5.0,"turns":2.0},{"damage":7.0,"enemies":"Lots of Slimes","floor":8.0,"turns":6.0},{"damage":18.0,"enemies":"Lagavulin","floor":9.0,"turns":9.0},{"damage":0.0,"enemies":"Lagavulin","floor":11.0,"turns":4.0},{"damage":28.0,"enemies":"Exordium Wildlife","floor":12.0,"turns":7.0},{"damage":12,"enemies":"3 Sentries","floor":14,"turns":2}],"seed_played":"-4620832726280642814","potions_obtained":[{"floor":5.0,"key":"Fire Potion"},{"floor":8.0,"key":"Weak Potion"},{"floor":9.0,"key":"PowerPotion"},{"floor":12.0,"key":"Death Potion"}],"is_trial":false,"path_per_floor":["R","M","M","?","M","R","T","M","E","?","?","M","R","E"],"character_chosen":"THE_AUTOMATON","items_purchased":[],"campfire_rested":0,"item_purchase_floors":[],"current_hp_per_floor":[70,69,66,66,62,62,62,55,37,37,37,9,9,0,0,0],"gold":464,"neow_bonus":"TRANSFORM_CARD","is_daily":false,"chose_seed":false,"campfire_upgraded":3,"win_rate":0.0,"timestamp":1613881097,"path_taken":["R","M","?","?","M","R","T","M","E","?","?","?","R","E"],"items_purchased_type":[],"build_version":"2020-12-22","purchased_purges":0,"victory":false,"max_hp_per_floor":[70,70,70,70,70,70,70,70,70,70,70,70,70,70,70,70],"card_choices":[{"not_picked":["bronze:CutThrough","bronze:BronzeArmor","bronze:BitShift"],"picked":"SKIP","floor":2.0},{"not_picked":["bronze:Shield","bronze:Refactor"],"picked":"bronze:NullPointer","floor":3.0},{"not_picked":["bronze:ClassDefault","bronze:Turbo","bronze:Flail"],"picked":"SKIP","floor":5.0},{"not_picked":["bronze:Turbo+1","bronze:Overheat"],"picked":"bronze:Safeguard+1","floor":8.0},{"not_picked":["bronze:GetLatest+1","bronze:Shield+1"],"picked":"bronze:Philosophize+1","floor":9.0},{"not_picked":["bronze:Overheat","bronze:Separator"],"picked":"bronze:GetLatest+1","floor":12.0}],"player_experience":114699,"relics_obtained":[{"floor":7.0,"key":"Toxic Egg 2"},{"floor":9.0,"key":"Blue Doll"},{"floor":11.0,"key":"downfall:GremlinWheel"}],"event_choices":[{"cards_removed":["bronze:Strike"],"damage_healed":0.0,"max_hp_gain":0.0,"max_hp_loss":0.0,"gold_gain":0.0,"event_name":"The Cleric","player_choice":"Card Removal","floor":4.0,"gold_loss":0.0,"damage_taken":0.0}],"is_beta":false,"boss_relics":[],"items_purged_floors":[],"is_endless":false,"potions_floor_spawned":[5,8,9,12],"killed_by":"3 Sentries","ascension_level":2}}