{"host":"a70birb7gb03c330","time":1613867771,"event":{"mods":["Act Like it!","BaseMod","Better Vampires","Disable Question Mark Monsters","Hubris","Infinite Spire","Minty Spire (QoL Compilation)","Permanent Neow","Replay The Spire","StSLib","UnlockEverythingMod"],"gold_per_floor":[109,123,123,298,223,223,237,268,319,337,351,351,376,376,376,376,376],"floor_reached":16,"language":"ENG","playtime":493,"items_purged":["Doubt"],"score":116,"play_id":"fa679582-c6df-482e-87f2-8ca217626a64","local_time":"20210220163611","is_ascension_mode":true,"campfire_choices":[{"data":"Juggernaut","floor":6,"key":"SMITH"},{"data":"Entrench","floor":12,"key":"SMITH"},{"floor":15,"key":"REST"}],"circlet_count":0,"master_deck":["Strike_R","Strike_R","Strike_R","Strike_R","Defend_R","Defend_R","Defend_R","Defend_R","Bash","Juggernaut+1","Entrench+1","hubris:CleavingFinish"],"relics":["Burning Blood","hubris:Towel","Darkstone Periapt","Strawberry","Anchor"],"acts_visited":["Exordium"],"potions_floor_usage":[13,16],"damage_taken":[{"damage":1,"enemies":"Cultist","floor":1,"turns":4},{"damage":2,"enemies":"Small Slimes","floor":2,"turns":4},{"damage":6,"enemies":"2 Louse","floor":7,"turns":3},{"damage":15,"enemies":"3 Sentries","floor":8,"turns":8},{"damage":29,"enemies":"Exordium Thugs","floor":10,"turns":6},{"damage":19,"enemies":"Red Slaver","floor":11,"turns":6},{"damage":27,"enemies":"Gremlin Nob","floor":13,"turns":5},{"damage":52,"enemies":"Slime Boss","floor":16,"turns":7}],"seed_played":"-1262882350288505183","potions_obtained":[{"floor":7,"key":"FearPotion"},{"floor":8,"key":"Strength Potion"},{"floor":10,"key":"Fire Potion"}],"is_trial":false,"path_per_floor":["M","M","?","?","$","R","M","E","T","M","M","R","E","?","R","B"],"character_chosen":"IRONCLAD","items_purchased":[],"campfire_rested":1,"item_purchase_floors":[],"current_hp_per_floor":[80,80,80,80,80,80,80,71,78,55,42,42,21,21,47,0,0],"gold":376,"neow_bonus":"ONE_RANDOM_RARE_CARD","is_daily":false,"chose_seed":false,"campfire_upgraded":2,"win_rate":0.0,"timestamp":1613867771,"path_taken":["M","M","?","?","$","R","M","E","T","M","M","R","E","?","R","BOSS"],"items_purchased_type":[],"build_version":"2020-12-22","purchased_purges":1,"victory":false,"max_hp_per_floor":[80,80,80,80,80,80,80,80,87,87,87,87,87,87,87,87,87],"card_choices":[{"not_picked":["Rampage","Carnage","True Grit"],"picked":"SKIP","floor":1},{"not_picked":["Warcry","Combust","Dropkick"],"picked":"SKIP","floor":2},{"not_picked":["Flex","Clash","ReplayTheSpireMod:Corrosion Curse"],"picked":"SKIP","floor":7},{"not_picked":["Run Through","Havoc"],"picked":"Entrench","floor":8},{"not_picked":["Second Wind","Warcry","ReplayTheSpireMod:Muscle Training"],"picked":"SKIP","floor":10},{"not_picked":["Searing Blow","hubris:SharpeningStone","Clothesline"],"picked":"SKIP","floor":11},{"not_picked":["Searing Blow","hubris:SharpeningStone","Clothesline"],"picked":"SKIP","floor":11},{"not_picked":["Armaments","hubris:ReadiedAction","Sword Boomerang"],"picked":"SKIP","floor":13}],"player_experience":9565,"relics_obtained":[{"floor":8,"key":"Darkstone Periapt"},{"floor":9,"key":"Strawberry"},{"floor":13,"key":"Anchor"}],"event_choices":[{"damage_healed":0,"gold_gain":175,"player_choice":"AGREE","damage_taken":0,"max_hp_gain":0,"max_hp_loss":0,"event_name":"Liars Game","floor":4,"gold_loss":0,"cards_obtained":["Doubt"]},{"damage_healed":0,"gold_gain":0,"cards_transformed":["Strike_R"],"player_choice":"Transformed","damage_taken":0,"max_hp_gain":0,"max_hp_loss":0,"event_name":"Transmorgrifier","floor":14,"gold_loss":0,"cards_obtained":["hubris:CleavingFinish"]}],"is_beta":false,"boss_relics":[],"items_purged_floors":[5],"is_endless":false,"potions_floor_spawned":[7,8,10],"killed_by":"Slime Boss","ascension_level":1}}