{"host":"4qp30tywltrhkmjj","time":1613917388,"event":{"mods":["2.2 Compatiblity","AchievementEnabler","Act Like it!","Ascension Unlocker","Aspiration","BaseMod","Beaked The Cultist","Bestiary","Better Altar","Better Match","Better Note","Better Skull","Better Third Choice","BetterRewards","CCEM2","CapriCore","Challenge The Spire","Colored Map","Colored Powertips","Conjunction","Conspire","Defuse TimeMaze Blight","Displayed Cursed Tome","Downfall","EXCEPTION","Emptier Cage","Energized Spire","Exacting","Gold Saver","Halation","Highlight Path","Hubris","Infinite Spire","Jedi Mod","Lobotomy","LobotomyExtend","Minty Spire (QoL Compilation)","Poor People Problems","Replay The Spire","Reworked Bosses","Ruina","SacredBarkPlus","Shop Mod","Spicy Shops","Spire Arcade","StSLib","The Animator","The Blue Laboratory","Transform Curses","Uncapped","Unceasing Turn Reminder","Wandering Minibosses","Yuri Mod"],"gold_per_floor":[1299,1347,923,873,752,794,794,832,832,299,327,338,351,351,351,452,552,566,566,659,803,882,988,988,1120,1120,1221,1324,1432,464,489,489,635,735,902,460,460,625,625],"floor_reached":38,"language":"ENG","playtime":4184,"items_purged":["Replay:Hysterical Blindness"],"score":778,"play_id":"45a247a5-3a86-4004-bcb8-dc4054258084","local_time":"20210221152308","is_ascension_mode":true,"campfire_choices":[{"data":"animator:Zero","floor":7.0,"key":"SMITH"},{"floor":15.0,"key":"DIG"},{"data":"animator:Eve","floor":24,"key":"SMITH"},{"data":"1","floor":32,"key":"LIFT"}],"circlet_count":0,"master_deck":["QueenOfHatred","DespairKnight","animator:Strike_HitsugiNoChaika","animator:Defend_HitsugiNoChaika","animator:Strike","animator:Strike","animator:Strike","animator:Defend","animator:Defend","animator:AcuraAkari+1","animator:Gillette","animator:IzunaHatsuse","animator:Vesta","animator:Biyorigo+1","animator:Hibiki","animator:Zero+1","animator:Viivi","animator:Eve+1","animator:Berserker","animator:Gilgamesh+48","animator:Viivi","animator:Witch","animator:AcuraTooru","animator:Layla","animator:Viivi","animator:Illya+1","animator:WinryRockbell","ruina:Lumber","ruina:Thirst","animator:Ainz","animator:Hans","Clumsy","Decay","OSAHOGD","animator:Shalltear+1","animator:Layla+1","animator:Ainz","animator:Arpeggio+1","animator:Zero","animator:Emilia","animator:Zero"],"relics":["animator:LivingPicture","animator:TheMissingPiece","animator:PurgingStone","CogitoBucket","LetterFromLob","aspiration:StickyExplosives","Guide Book","ReplayTheSpireMod:ShopPack","Logging_r","Ginger","aspiration:HummingbirdHeart","jedi:bottledfury","infinitespire:FocusingShard","Guardian:BottledAnomaly","FleshIdol","CCEMRelics:GrindingGear","CCEMRelics:OverlyComfyChair","Replay:Grab Bag","infinitespire:Cupcake","energizedSpire:MagnifyingGlass","halation:Prosthetics","wanderingMiniBosses:ThiefScarf","Paper Crane","Slimebound:StickyStick","DataDisk","BackwardClock","CCEMRelics:WarHorn","SwordSharpenedByTears_r","Girya","InTheNameOfLoveAndHate_r","Bag of Marbles","Replay:Rubber Ducky","Vajra","Guardian:PocketSentry","halation:PromiseList","halation:EternalFortune","Replay:Ancient Bell","Blood Vial","Molten Egg 2","aspiration:HatOfInfinitePower","hexamod:BolsterEngine","conspire:DecoderRing","AtMidnight","SkinProphecy","infinitespire:Lucky Rock","Orrery","TwistedFunnel","jedi:archwizardhat","Lizard Tail","CCEMRelics:SpiritsEdge","Golden Egg"],"acts_visited":["Exordium","ruina:Briah","TheBeyond"],"potions_floor_usage":[18,23,25,27,29,33,33,38,38],"damage_taken":[{"damage":0.0,"enemies":"Jaw Worm","floor":1.0,"turns":3.0},{"damage":4.0,"enemies":"2 Louse","floor":2.0,"turns":3.0},{"damage":8.0,"enemies":"Replay:BlueRogue","floor":6.0,"turns":5.0},{"damage":0.0,"enemies":"Gremlin Nob","floor":8.0,"turns":4.0},{"damage":10.0,"enemies":"Replay:BlueRogue","floor":11.0,"turns":5.0},{"damage":3.0,"enemies":"Cultist","floor":12.0,"turns":3.0},{"damage":5.0,"enemies":"Exordium Thugs","floor":13.0,"turns":3.0},{"damage":3.0,"enemies":"The Guardian","floor":16.0,"turns":7.0},{"damage":13,"enemies":"ruina:BadWolf","floor":18,"turns":4},{"damage":12,"enemies":"ruina:3_Bats","floor":20,"turns":7},{"damage":53,"enemies":"ruina:KingOfGreed","floor":21,"turns":6},{"damage":9,"enemies":"ruina:KnightOfDespair","floor":22,"turns":5},{"damage":4,"enemies":"ruina:Mountain","floor":23,"turns":5},{"damage":11,"enemies":"ruina:ServantOfWrath","floor":25,"turns":4},{"damage":13,"enemies":"ruina:QueenOfHate","floor":27,"turns":4},{"damage":0,"enemies":"conspire:MimicChest","floor":28,"turns":5},{"damage":8,"enemies":"ruina:RoadHome","floor":29,"turns":5},{"damage":30,"enemies":"ruina:JesterOfNihil","floor":33,"turns":5},{"damage":0,"enemies":"3 Shapes","floor":35,"turns":1},{"damage":12,"enemies":"infinitespire:Three Voidlings","floor":38,"turns":4},{"damage":64,"enemies":"Nightmare_Alpha","floor":38,"turns":6}],"seed_played":"-6627038878890702941","potions_obtained":[{"floor":2.0,"key":"hexamod:SoulburnPotion"},{"floor":6.0,"key":"blueLaboratory:FrostheartPotion"},{"floor":8.0,"key":"blueLaboratory:PhilterOfMotion"},{"floor":13.0,"key":"blueLaboratory:LouseDecoction"},{"floor":13.0,"key":"LiquidMemories"},{"floor":20,"key":"Dexterity Potion"},{"floor":22,"key":"blueLaboratory:TrueEctoplasm"},{"floor":27,"key":"Adrenaline Potion"},{"floor":28,"key":"blueLaboratory:HummingbirdPotion"},{"floor":29,"key":"Languid Potion"},{"floor":33,"key":"Swift Potion"}],"is_trial":false,"path_per_floor":["M","M","$","?","$","E","R","E","T","$","E","M","M","?","R_BF","B",null,"M","?","M","M","M","E","R","E","T","M","?","E","$","?","R","B",null,"M","$","?","?"],"character_chosen":"THE_ANIMATOR","items_purchased":["aspiration:StickyExplosives","animator:Biyorigo","Guide Book","ReplayTheSpireMod:ShopPack","infinitespire:FocusingShard","animator:Eve","Guardian:BottledAnomaly","ruina:Lumber","ruina:Thirst","animator:Ainz","Vajra","Guardian:PocketSentry","halation:PromiseList","infinitespire:Lucky Rock","Orrery","TwistedFunnel"],"campfire_rested":0,"item_purchase_floors":[3,3,3,5,10,10,10,30,30,30,30,30,30,36,36,36],"current_hp_per_floor":[66,66,66,66,66,58,58,64,64,64,54,61,56,56,56,57,31,19,22,31,20,30,26,26,21,21,10,17,24,24,27,27,5,35,35,35,25,0,0],"gold":625,"neow_bonus":"","is_daily":false,"chose_seed":false,"campfire_upgraded":2,"win_rate":0.0,"timestamp":1613917388,"path_taken":["M","M","$","?","$","E","R","E","T","$","E","M","M","?","R_BF","BOSS","M","?","M","?","?","E","R","E","T","M","?","E","$","?","R","BOSS","M","$","?","?"],"items_purchased_type":["Relic","Card","Relic","Relic","Relic","Card","Relic","Card","Card","Card","Relic","Relic","Relic","Relic","Relic","Relic"],"build_version":"2020-12-22","purchased_purges":1,"victory":false,"max_hp_per_floor":[66,66,66,66,66,66,66,66,66,66,66,66,66,66,66,66,31,31,31,31,32,32,32,32,32,32,32,32,32,32,35,35,35,35,35,35,35,39,39],"card_choices":[{"not_picked":["OldLady","Porccubus","BeautyBeast"],"picked":"Singing Bowl","floor":1.0},{"not_picked":["Murderer","WallGazer"],"picked":"Woodsman","floor":1.0},{"not_picked":["animator:Mitsurugi","animator:ZankiKiguchi"],"picked":"animator:IzunaHatsuse","floor":1.0},{"not_picked":["MHz","HeroicMonk","OSAHOGD"],"picked":"Singing Bowl","floor":2.0},{"not_picked":["animator:Lancer","animator:UneriGinkaku"],"picked":"animator:Vesta","floor":2.0},{"not_picked":["animator:HououinKyouma","animator:Kira"],"picked":"animator:Hibiki","floor":5.0},{"not_picked":["animator:Magilou","animator:MamizouFutatsuiwa"],"picked":"animator:Zero","floor":5.0},{"not_picked":["animator:NononJakuzure","animator:IchigoKurosaki"],"picked":"animator:MisakiNakahara","floor":5.0},{"not_picked":["Murderer","ShyLook","Rudolta"],"picked":"Singing Bowl","floor":6.0},{"not_picked":["animator:Ara","animator:LizardPriest","animator:TukaLunaMarceau"],"picked":"SKIP","floor":6.0},{"not_picked":["UniverseFragment","WallGazer","MHz"],"picked":"Singing Bowl","floor":8.0},{"not_picked":["animator:ChaikaBohdan","animator:AcuraTooru"],"picked":"animator:Viivi","floor":8.0},{"not_picked":["MHz","WallGazer","FairyFestival"],"picked":"Singing Bowl","floor":11.0},{"not_picked":["Murderer","LaLuna"],"picked":"Funeral","floor":11.0},{"not_picked":["animator:ElricEdward","animator:TsurugaMeisai","animator:Souei"],"picked":"SKIP","floor":11.0},{"not_picked":["NakedNest","Freischutz","PunishingBird"],"picked":"Singing Bowl","floor":12.0},{"not_picked":["animator:SuzuneAmano","animator:TukaLunaMarceau","animator:OrikoMikuni"],"picked":"SKIP","floor":12.0},{"not_picked":["UniverseFragment","WallGazer","LongBird"],"picked":"Singing Bowl","floor":13.0},{"not_picked":["animator:Raven","animator:Eris"],"picked":"animator:Berserker","floor":13.0},{"not_picked":["animator:Greed","animator:FeridBathory"],"picked":"animator:Gilgamesh","floor":16.0},{"not_picked":["SpiderBud","SnowQueen"],"picked":"QueenOfHatred","floor":18},{"not_picked":["animator:Fredrika","animator:Gillette"],"picked":"animator:Viivi","floor":18},{"not_picked":["SingingMachine","ShyLook","BigBird"],"picked":"Singing Bowl","floor":20},{"not_picked":["animator:ElricAlphonse","animator:Melzalgald"],"picked":"animator:Witch","floor":20},{"not_picked":["FairyFestival","Bloodbath"],"picked":"DespairKnight","floor":21},{"not_picked":["animator:Alexander","animator:Shalltear"],"picked":"animator:AcuraTooru","floor":21},{"not_picked":["VoidDream","Murderer","MHz"],"picked":"Singing Bowl","floor":22},{"not_picked":["animator:Entoma","animator:YunYun"],"picked":"animator:Layla","floor":22},{"not_picked":["animator:Fredrika","animator:AcuraTooru"],"picked":"animator:Viivi","floor":23},{"not_picked":["LittleHelper","BlackSwan","GalaxyChild"],"picked":"Singing Bowl","floor":25},{"not_picked":["animator:Azekura","animator:Verdia"],"picked":"animator:Illya+1","floor":25},{"not_picked":["Murderer","RedShoes","Wellcheers"],"picked":"Singing Bowl","floor":27},{"not_picked":["animator:RoyMustang","animator:Entoma"],"picked":"animator:WinryRockbell","floor":27},{"not_picked":["ShyLook","MeltingLove","MHz"],"picked":"Singing Bowl","floor":28},{"not_picked":["CherryBlossoms","QueenBee","Freischutz"],"picked":"Singing Bowl","floor":29},{"not_picked":["animator:Millim+1","animator:YaoHaDucy","animator:Konayuki"],"picked":"SKIP","floor":29},{"not_picked":["animator:Rimuru","animator:HomuraAkemi"],"picked":"animator:Hans","floor":33},{"not_picked":["jedi:thedog","CommonCold"],"picked":"Clumsy","floor":34},{"not_picked":["Amnesia","Regret"],"picked":"Decay","floor":34},{"not_picked":["hubris:Envy","CurseOfTheBell"],"picked":"Replay:Hysterical Blindness","floor":34},{"not_picked":["BigBird","Funeral","MeatLantern"],"picked":"Singing Bowl","floor":35},{"not_picked":["BeautyBeast","NothingThere"],"picked":"OSAHOGD","floor":35},{"not_picked":["animator:Ain+1","animator:Tet"],"picked":"animator:Shalltear+1","floor":36},{"not_picked":["animator:Elsword+1","animator:Assassin+1"],"picked":"animator:Layla+1","floor":36},{"not_picked":["animator:Saitama","animator:Berserker+1"],"picked":"animator:Ainz","floor":36},{"not_picked":["animator:AcuraAkari","animator:SakuraMatou+1"],"picked":"animator:Arpeggio+1","floor":36},{"not_picked":["animator:Cirno+1","animator:Kira"],"picked":"animator:Zero","floor":37},{"not_picked":["animator:Patchouli+1","animator:LimeBell"],"picked":"animator:Emilia","floor":37},{"not_picked":["animator:Urushihara+1","animator:Kira"],"picked":"animator:Zero","floor":37}],"player_experience":574474,"relics_obtained":[{"floor":1.0,"key":"LetterFromLob"},{"floor":6.0,"key":"Ginger"},{"floor":8.0,"key":"aspiration:HummingbirdHeart"},{"floor":9.0,"key":"jedi:bottledfury"},{"floor":11.0,"key":"Paper Crane"},{"floor":15.0,"key":"CCEMRelics:OverlyComfyChair"},{"floor":20,"key":"wanderingMiniBosses:ThiefScarf"},{"floor":20,"key":"Paper Crane"},{"floor":23,"key":"CCEMRelics:WarHorn"},{"floor":25,"key":"Girya"},{"floor":28,"key":"Bag of Marbles"},{"floor":29,"key":"Replay:Rubber Ducky"},{"floor":35,"key":"AtMidnight"}],"event_choices":[{"cards_removed":["animator:Defend"],"damage_healed":0.0,"max_hp_gain":0.0,"max_hp_loss":0.0,"gold_gain":0.0,"event_name":"The Cleric","player_choice":"Card Removal","floor":4.0,"gold_loss":50.0,"damage_taken":0.0},{"damage_healed":0.0,"max_hp_gain":0.0,"max_hp_loss":0.0,"gold_gain":0.0,"event_name":"WeMeetAgain","player_choice":"Gave Potion","floor":14.0,"gold_loss":0.0,"damage_taken":0.0,"relics_obtained":["CCEMRelics:GrindingGear"]},{"damage_healed":0,"gold_gain":0,"player_choice":"Memory 3","damage_taken":10,"max_hp_gain":0,"max_hp_loss":0,"event_name":"SensoryStone","floor":37,"gold_loss":0}],"is_beta":false,"boss_relics":[{"not_picked":["Philosopher\u0027s Stone","hubris:ScarierMask"],"picked":"Replay:Grab Bag"},{"not_picked":["Busted Crown","energizedSpire:StickyHand"],"picked":"infinitespire:Cupcake"},{"not_picked":["energizedSpire:CursedPentagram","hubris:TerracottaHorce"],"picked":"energizedSpire:MagnifyingGlass"},{"not_picked":["Calling Bell","halation:HeavySnake"],"picked":"halation:Prosthetics"},{"not_picked":["halation:Yufonium","CCEMRelics:ReaperScythe"],"picked":"Replay:Ancient Bell"},{"not_picked":["Art of War","animator:ShionDessert"],"picked":"Blood Vial"},{"not_picked":["hubris:DuctTape","CCEMRelics:GlassOfMilk"],"picked":"Molten Egg 2"},{"not_picked":["Replay:Multitool","Calipers"],"picked":"aspiration:HatOfInfinitePower"}],"items_purged_floors":[36],"is_endless":false,"potions_floor_spawned":[2,6,8,13,20,22,28,29,33],"killed_by":"Nightmare_Alpha","ascension_level":1}}