{"host":"aapp7ew3jk5k1bvd","time":1613896775,"event":{"mods":["AchievementEnabler","BaseMod","Colored Map","Custom Start","Keyboard Shortcuts","Minty Spire (QoL Compilation)","Permanent Neow","Quick Restart","StSLib","SuperFastMode"],"gold_per_floor":[109,120,195,67,67,98,98,112,112,112,12,26,41,56,56,56,56],"floor_reached":16,"language":"KOR","playtime":293,"items_purged":["Strike_B","Strike_B"],"score":184,"play_id":"af9a3a89-1f7a-429a-bc0e-58e237fd2f05","local_time":"20210221173935","is_ascension_mode":true,"campfire_choices":[{"data":"Hyperbeam","floor":7,"key":"SMITH"},{"data":"Consume","floor":10,"key":"SMITH"},{"floor":15,"key":"REST"}],"circlet_count":0,"master_deck":["AscendersBane","Strike_B","Defend_B","Defend_B","Defend_B","Defend_B","Zap","Dualcast","Core Surge","Blizzard","Coolheaded","Coolheaded","Barrage","Hyperbeam+1","Consume+1","Capacitor"],"relics":["Cracked Core","Torii","Matryoshka"],"acts_visited":["Exordium"],"potions_floor_usage":[],"damage_taken":[{"damage":0,"enemies":"Small Slimes","floor":1,"turns":3},{"damage":2,"enemies":"Jaw Worm","floor":2,"turns":3},{"damage":21,"enemies":"3 Sentries","floor":6,"turns":10},{"damage":0,"enemies":"Cultist","floor":8,"turns":2},{"damage":8,"enemies":"Blue Slaver","floor":12,"turns":3},{"damage":0,"enemies":"3 Louse","floor":13,"turns":1},{"damage":18,"enemies":"Exordium Wildlife","floor":14,"turns":3},{"damage":0,"enemies":"Slime Boss","floor":16,"turns":1}],"seed_played":"4686710988971624872","potions_obtained":[{"floor":2,"key":"ColorlessPotion"},{"floor":6,"key":"BlessingOfTheForge"}],"is_trial":false,"path_per_floor":["M","M","?","$","?","E","R","M","T","R","$","M","M","M","R","B"],"character_chosen":"DEFECT","items_purchased":["Coolheaded"],"campfire_rested":1,"item_purchase_floors":[4],"current_hp_per_floor":[64,62,51,51,51,30,30,30,30,30,30,22,22,4,23,23,23],"gold":56,"neow_bonus":"THREE_RARE_CARDS","is_daily":false,"chose_seed":false,"campfire_upgraded":2,"win_rate":0.0,"timestamp":1613896775,"path_taken":["M","M","?","$","?","E","R","M","T","R","?","M","?","M","R","BOSS"],"items_purchased_type":["Card"],"build_version":"2020-12-22","purchased_purges":2,"victory":false,"max_hp_per_floor":[64,64,64,64,64,64,64,64,64,64,64,64,64,64,64,64,64],"card_choices":[{"not_picked":["Machine Learning","Seek"],"picked":"Core Surge","floor":0},{"not_picked":["Rebound","Reprogram"],"picked":"Blizzard","floor":1},{"not_picked":["Chill","Static Discharge"],"picked":"Coolheaded","floor":2},{"not_picked":["Gash","Ball Lightning"],"picked":"Hyperbeam","floor":6},{"not_picked":["Redo","Rebound"],"picked":"Consume","floor":8},{"not_picked":["Gash","Melter","Barrage"],"picked":"SKIP","floor":12},{"not_picked":["Compile Driver","Consume"],"picked":"Capacitor","floor":13},{"not_picked":["Leap","Steam","Turbo"],"picked":"SKIP","floor":14}],"player_experience":1042354,"relics_obtained":[{"floor":6,"key":"Torii"},{"floor":9,"key":"Matryoshka"}],"event_choices":[{"damage_healed":0,"gold_gain":75,"player_choice":"Gather Gold","damage_taken":11,"max_hp_gain":0,"max_hp_loss":0,"event_name":"World of Goop","floor":3,"gold_loss":0},{"damage_healed":0,"gold_gain":0,"cards_transformed":["Strike_B"],"player_choice":"Change","damage_taken":0,"max_hp_gain":0,"max_hp_loss":0,"event_name":"Living Wall","floor":5,"gold_loss":0,"cards_obtained":["Barrage"]}],"is_beta":false,"boss_relics":[],"items_purged_floors":[4,11],"is_endless":false,"potions_floor_spawned":[2,6,13],"killed_by":"Slime Boss","ascension_level":16}}