{"host":"in1bhfibxveltz2y","time":1613908216,"event":{"mods":["ATMod(°¢èªMod)","Act Like it!","Arknights","BaseMod","CapriCore","Colored Powertips","Dota2Spire","Downfall","Friendly Minions","Gensokyo","GungeonMod","Hallownest","Lobotomy","LobotomyExtend","Minty Spire (QoL Compilation)","MostiFishMod","Prisma Mod","Quick Restart","Replay The Spire","RumiaBox-Â¶Ã×æ«µÄÉñÃØºÐ×Ó","Shop Mod","StSLib","The Bug Knight","Waifu the Spire","Yakumo Yukari mod","[IsaacMod]ÒÔÈö¼âËþ","noobMod","¡¾¹¦ÄÜMod¡¿»ìãçÖ®»·ÐÞ¸´²¹¶¡","¡¾ÒÅÎï¿¨ÅÆ¡¿REMEMod"],"gold_per_floor":[99,118,134,4,22,22,22,42,42,59,109,2,15,35,50,152,152,52,64,82,82,357,371,371,371,371],"floor_reached":24,"language":"ZHS","playtime":972,"items_purged":["hexamod:Strike"],"score":192,"play_id":"2a27aeef-9def-4bc5-b27f-464103042044","local_time":"20210221195016","is_ascension_mode":false,"campfire_choices":[{"floor":1,"key":"RECALL"},{"data":"hexamod:RainOfEmbers","floor":18,"key":"SMITH"}],"circlet_count":0,"master_deck":["hexamod:Strike","hexamod:Strike","hexamod:Strike+1","hexamod:Defend","hexamod:Defend","hexamod:Defend","hexamod:Defend","hexamod:Sear","hexamod:Float","Guardian:StasisStrike","hexamod:BurningTouch","hexamod:RainOfEmbers+1","hexamod:SoulSteal","Pot Of Greed","Pot Of Greed+1","hexamod:Rewind","hexamod:NightmareGuise","hexamod:FourthSeal","Replay:SS_forest_2","hexamod:PhantomFireball+1","hexamod:SixthSeal","hexamod:VolcanoVisage+1","Master of Strategy","hexamod:HeatCrush+1","Regret","Pot Of Greed"],"relics":["AT_ATBox","DaveBox","HushsDoor","ice","REME_ComplimentaryCards","RhineSuit","TheBible","BionicSphere","RedMistMask","Grinning Jar","LetterFromLob","Molten Egg 2","Bag of Marbles","ChiXiaoBlade","downfall:HeartBlessingRed","DemoMod:GlassGuonStoneRelic"],"acts_visited":["Gensokyo:Gensokyo","TheCity","DemoMod:Maze"],"potions_floor_usage":[11,11,16,16,16],"damage_taken":[{"damage":0,"enemies":"Gensokyo:2_Kodama","floor":2,"turns":1},{"damage":0,"enemies":"Gensokyo:Gryphon","floor":3,"turns":3},{"damage":0,"enemies":"downfall:FleeingMerchant","floor":4,"turns":4},{"damage":0,"enemies":"Gensokyo:Python","floor":5,"turns":3},{"damage":1,"enemies":"Gensokyo:3_Kodama","floor":8,"turns":2},{"damage":5,"enemies":"Gensokyo:Python_and_Kodama","floor":10,"turns":3},{"damage":8,"enemies":"Hiden Room Battle","floor":11,"turns":2},{"damage":0,"enemies":"downfall:FleeingMerchant","floor":12,"turns":4},{"damage":0,"enemies":"Gensokyo:Kitsune","floor":13,"turns":3},{"damage":0,"enemies":"Gensokyo:VengefulSpirit","floor":14,"turns":3},{"damage":0,"enemies":"Gensokyo:Gryphon_and_Rabbit","floor":15,"turns":2},{"damage":10,"enemies":"IC_STATUS_ARCHETYPE","floor":16,"turns":5},{"damage":0,"enemies":"Spheric Guardian","floor":19,"turns":2},{"damage":0,"enemies":"Chosen","floor":20,"turns":2},{"damage":0,"enemies":"Snake Plant","floor":23,"turns":2}],"seed_played":"6902412847709514719","potions_obtained":[{"floor":3,"key":"DuplicationPotion"},{"floor":5,"key":"champ:CounterPotion"},{"floor":13,"key":"Explosive Potion"},{"floor":13,"key":"Ancient Potion"},{"floor":14,"key":"PowerPotion"},{"floor":14,"key":"champ:CounterPotion"},{"floor":15,"key":"Dota2Spire:HealingSalve"},{"floor":16,"key":"AttackPotion"},{"floor":16,"key":"FearPotion"}],"is_trial":false,"path_per_floor":["R","M","M","$","M","?","T","M","T","M","?","$","M","M","M","B",null,"R","M","M","?","?","M","T"],"character_chosen":"THE_SPIRIT","items_purchased":["DemoMod:GnawedKey","Replay:SS_forest_2","Master of Strategy"],"campfire_rested":0,"item_purchase_floors":[4,12,17],"current_hp_per_floor":[70,70,70,70,70,70,70,69,69,64,41,41,41,41,41,43,61,61,61,61,61,61,61,61,61,61],"gold":371,"neow_bonus":"BOSS_RELIC","is_daily":false,"chose_seed":false,"campfire_upgraded":1,"win_rate":0.0,"timestamp":1613908216,"path_taken":["R","M","M","$","?","?","T","M","?","M","?","$","?","M","M","BOSS","R","M","M","?","?","?","T"],"items_purchased_type":["Relic","Card","Card"],"build_version":"2020-12-22","purchased_purges":1,"victory":false,"max_hp_per_floor":[70,70,70,70,70,70,70,70,70,70,70,70,70,70,70,70,61,61,61,61,61,61,61,61,61,61],"card_choices":[{"not_picked":[],"picked":"Bomb","floor":0},{"not_picked":["hexamod:InspiringFlames","hexamod:SkipABeat"],"picked":"hexamod:BurningTouch","floor":2},{"not_picked":["hexamod:ChargedBarrage","hexamod:SpectralAdrenaline"],"picked":"hexamod:RainOfEmbers","floor":3},{"not_picked":["hexamod:Haunt","hexamod:ChargedBarrage"],"picked":"hexamod:SoulSteal","floor":4},{"not_picked":["hexamod:InspiringFlames","hexamod:StepThrough","hexamod:CatchUp"],"picked":"SKIP","floor":5},{"not_picked":["hexamod:StepThrough","hexamod:GhostLash","hexamod:Hexaguard"],"picked":"SKIP","floor":8},{"not_picked":["hexamod:NightmareGuise","hexamod:CatchUp"],"picked":"hexamod:Rewind","floor":10},{"not_picked":["hexamod:HauntingEcho+1","hexamod:FastForward"],"picked":"hexamod:NightmareGuise","floor":11},{"not_picked":["hexamod:SpectralAdrenaline","hexamod:RetreatToShadows"],"picked":"hexamod:FourthSeal","floor":12},{"not_picked":["hexamod:ChargedBarrage","hexamod:SpectersWail+1"],"picked":"hexamod:PhantomFireball+1","floor":13},{"not_picked":["hexamod:HeatShield","hexamod:EtherealExpedition"],"picked":"hexamod:SixthSeal","floor":14},{"not_picked":["hexamod:GhostShield","hexamod:HeatMetal+1","hexamod:SpectersWail+1"],"picked":"SKIP","floor":15},{"not_picked":["hexamod:GhostflameInferno","hexamod:UnleashSpirits+1"],"picked":"hexamod:VolcanoVisage","floor":16},{"not_picked":["hexamod:InspiringFlames+1","hexamod:BacktrackSmack+1"],"picked":"hexamod:HeatCrush+1","floor":19},{"not_picked":["hexamod:NightmareGuise+1","hexamod:ThermalTransfer+1","hexamod:HeatCrush+1"],"picked":"SKIP","floor":20},{"not_picked":["hexamod:Again","hexamod:PhantomCloak+1","hexamod:NightmareGuise"],"picked":"SKIP","floor":23}],"player_experience":29470,"relics_obtained":[{"floor":3,"key":"RedMistMask"},{"floor":7,"key":"Grinning Jar"},{"floor":8,"key":"LetterFromLob"},{"floor":11,"key":"Molten Egg 2"},{"floor":11,"key":"Bag of Marbles"}],"event_choices":[{"damage_healed":0,"gold_gain":0,"player_choice":"Fight","damage_taken":0,"max_hp_gain":0,"max_hp_loss":0,"event_name":"HidenRoomEvent","floor":11,"gold_loss":0}],"is_beta":false,"boss_relics":[{"not_picked":["Transparent","Runic Dome"],"picked":"ChiXiaoBlade"},{"not_picked":[]}],"items_purged_floors":[17],"is_endless":false,"potions_floor_spawned":[3,5,13,14,15,16],"ascension_level":0}}