{"host":"k2mw1od0xoi9pcfj","time":1613915790,"event":{"mods":["AchievementEnabler","Act Like it!","Aspiration","BaseMod","Beaked The Cultist","Card Forge","Downfall","Energized Spire","Highlight Path","Minty Spire (QoL Compilation)","Permanent Neow","Quick Restart","Relic Stats","Reliquary","Replay The Spire","Retaliation","StSLib"],"gold_per_floor":[99,111,111,122,141,166,190,391,172,172,2,12,31,57,73,73,73,73],"floor_reached":16,"language":"ENG","playtime":1009,"items_purged":[],"score":102,"play_id":"64c31032-6a8f-4c70-8304-9c7a39578b3f","local_time":"20210221075630","is_ascension_mode":false,"campfire_choices":[{"data":"Slimebound:Split","floor":1,"key":"SMITH"},{"data":"Slimebound:LivingWall","floor":10,"key":"SMITH"}],"circlet_count":0,"master_deck":["Slimebound:Strike_Slimebound+1","Slimebound:Strike_Slimebound","Slimebound:Strike_Slimebound","Slimebound:Tackle","Slimebound:Defend_Slimebound","Slimebound:Defend_Slimebound","Slimebound:Defend_Slimebound","Slimebound:Defend_Slimebound","Slimebound:Split+1","Slimebound:CorrosiveSpit+1","Replay:BasicMightCard+1","Slimebound:Replication","downfall:Malfunctioning","Slimebound:SpikyOuterGoop","Slimebound:LeechingTouch","Slimebound:LivingWall+1","Slimebound:LivingWall","Slimebound:RainOfGoop","Slimebound:SplitLeeching","Slimebound:MinionMaster","Slimebound:LevelUp","Slimebound:ForwardTackle"],"relics":["Slimebound:AbsorbEndCombat","Hammer of Thor","Seething Fire","Anvil of the Gods","aspiration:Lifesprig","Slimebound:SelfDamagePreventRelic","Juzu Bracelet","reliquary:Stiletto"],"acts_visited":["Exordium"],"potions_floor_usage":[16,16],"damage_taken":[{"damage":4,"enemies":"Cultist","floor":2,"turns":3},{"damage":2,"enemies":"2 Louse","floor":4,"turns":4},{"damage":8,"enemies":"Jaw Worm","floor":5,"turns":4},{"damage":31,"enemies":"3 Sentries","floor":6,"turns":12},{"damage":9,"enemies":"downfall:FleeingMerchant","floor":9,"turns":4},{"damage":0,"enemies":"downfall:FleeingMerchant","floor":11,"turns":4},{"damage":0,"enemies":"Blue Slaver","floor":12,"turns":5},{"damage":18,"enemies":"Exordium Thugs","floor":13,"turns":6},{"damage":4,"enemies":"Exordium Wildlife","floor":15,"turns":7},{"damage":22,"enemies":"WA_ARCHETYPE_RETAIN","floor":16,"turns":9}],"seed_played":"5191612053338598499","potions_obtained":[{"floor":5,"key":"ColorlessPotion"},{"floor":6,"key":"Guardian:BlockOnCardUsePotion"},{"floor":12,"key":"LiquidBronze"}],"is_trial":false,"path_per_floor":["R","M","?","M","M","E","T","?","$","R","$","M","M","T","M","B"],"character_chosen":"SLIMEBOUND","items_purchased":["Slimebound:SelfDamagePreventRelic","Slimebound:SplitLeeching","Juzu Bracelet"],"campfire_rested":0,"item_purchase_floors":[9,9,11],"current_hp_per_floor":[65,63,63,65,64,40,40,24,19,19,23,25,13,13,15,0,0,0],"gold":73,"neow_bonus":"RANDOM_COLORLESS","is_daily":false,"chose_seed":false,"campfire_upgraded":2,"win_rate":0.0,"timestamp":1613915790,"path_taken":["R","M","?","M","M","E","T","?","?","R","$","M","M","?","M","BOSS"],"items_purchased_type":["Relic","Card","Relic"],"build_version":"2020-12-22","purchased_purges":0,"victory":false,"max_hp_per_floor":[65,65,65,65,65,65,65,65,65,65,65,65,65,65,65,65,65,65],"relic_stats":{"counters":[10,56],"Juzu Bracelet":0,"obtain_stats":[{"aspiration:Lifesprig":6,"Slimebound:SelfDamagePreventRelic":9,"Anvil of the Gods":0,"Hammer of Thor":0,"reliquary:Stiletto":14,"Slimebound:AbsorbEndCombat":0,"Juzu Bracelet":11,"Seething Fire":0},{"aspiration:Lifesprig":4,"Slimebound:SelfDamagePreventRelic":5,"Anvil of the Gods":0,"Hammer of Thor":0,"reliquary:Stiletto":8,"Slimebound:AbsorbEndCombat":0,"Juzu Bracelet":6,"Seething Fire":0},{"aspiration:Lifesprig":23,"Slimebound:SelfDamagePreventRelic":27,"Anvil of the Gods":0,"Hammer of Thor":0,"reliquary:Stiletto":40,"Slimebound:AbsorbEndCombat":0,"Juzu Bracelet":31,"Seething Fire":0}]},"card_choices":[{"not_picked":["Swift Strike","ReplayTheSpireMod:Trickstab"],"picked":"Replay:BasicMightCard","floor":0},{"not_picked":["Slimebound:DisruptingSlam","Slimebound:RainOfGoop"],"picked":"Slimebound:Replication","floor":2},{"not_picked":["Slimebound:Schlurp","Slimebound:FinishingTackle"],"picked":"Slimebound:SpikyOuterGoop","floor":4},{"not_picked":["Slimebound:PressTheAttack","Slimebound:SlimeSpikes"],"picked":"Slimebound:LeechingTouch","floor":5},{"not_picked":["Slimebound:SplitAcid","Slimebound:LeechEnergy"],"picked":"Slimebound:LivingWall","floor":6},{"not_picked":["Slimebound:Dissolve","Slimebound:SpikyOuterGoop"],"picked":"Slimebound:LivingWall","floor":8},{"not_picked":["Slimebound:FlameTackle","Slimebound:PressTheAttack"],"picked":"Slimebound:RainOfGoop","floor":9},{"not_picked":["Slimebound:SplitAcid","Slimebound:ItLooksTasty"],"picked":"Slimebound:MinionMaster","floor":11},{"not_picked":["Slimebound:SplitMire","Slimebound:SamplingLick"],"picked":"Slimebound:LevelUp","floor":12},{"not_picked":["Slimebound:ItLooksTasty","Slimebound:Prepare","Slimebound:ProtectTheBoss"],"picked":"SKIP","floor":13},{"not_picked":["Slimebound:LivingWall","Slimebound:RainOfGoop"],"picked":"Slimebound:ForwardTackle","floor":15}],"player_experience":783909,"relics_obtained":[{"floor":6,"key":"aspiration:Lifesprig"},{"floor":14,"key":"reliquary:Stiletto"}],"event_choices":[],"is_beta":false,"boss_relics":[],"items_purged_floors":[],"is_endless":false,"potions_floor_spawned":[5,6,12,15],"killed_by":"WA_ARCHETYPE_RETAIN","ascension_level":0}}