{"host":"l2x9z2h62lcx9898","time":1613873668,"event":{"mods":["Act Like it!","Arknights","Aspiration","BaseMod","Conspire","Energized Spire","Hermit","Hubris","Infinite Spire","Minty Spire (QoL Compilation)","Reliquary","Replay The Spire","Robot Space Explorer","Ruina","Shade Mod","Shapeshifter Mod","Spire Arcade","StSLib","The Bug Knight","The Dragon Tamer","The Hayseed","TheBandit","TheVacant","Waifu the Spire"],"gold_per_floor":[20,20,33,33,44,72,72,87,114,159,159,185,197,197,197,295,295,305,305,316,316,333,333,347,347,347],"floor_reached":25,"language":"ENG","playtime":1815,"items_purged":[],"score":223,"play_id":"e6520e7d-dee8-4c86-b425-dc120c7616df","local_time":"20210220211428","is_ascension_mode":false,"campfire_choices":[{"data":"TheSimpletonMod:BuzzBomb","floor":11,"key":"SMITH"},{"data":"TheSimpletonMod:Biorefinement","floor":15,"key":"SMITH"},{"data":"TheSimpletonMod:Aerate","floor":23,"key":"SMITH"}],"circlet_count":0,"master_deck":["TheSimpletonMod:Strike_TheSimpleton","TheSimpletonMod:Strike_TheSimpleton","TheSimpletonMod:Strike_TheSimpleton","TheSimpletonMod:Strike_TheSimpleton","TheSimpletonMod:Defend_TheSimpleton","TheSimpletonMod:Defend_TheSimpleton","TheSimpletonMod:Defend_TheSimpleton","TheSimpletonMod:Defend_TheSimpleton","TheSimpletonMod:Haymaker","TheSimpletonMod:ReapAndSow","TheSimpletonMod:ResearchGrant","TheSimpletonMod:Turnips","TheSimpletonMod:SlashAndBurn","TheSimpletonMod:Pruning","TheSimpletonMod:Biorefinement+1","TheSimpletonMod:Pruning","TheSimpletonMod:BuzzBomb+1","TheSimpletonMod:BumperCrop","TheSimpletonMod:Fertilaser","TheSimpletonMod:Strawberries","TheSimpletonMod:Aerate+1","TheSimpletonMod:Germinate","TheSimpletonMod:BumperCrop"],"relics":["TheSimpletonMod:SpudOfTheInnocent","TheSimpletonMod:NightSoil","TheSimpletonMod:TheHarvester","Quantum Egg","reliquary:JackalopeAntler","Strawberry","Snack Pack","Black Star","hubris:Towel"],"acts_visited":["Exordium","Exordium"],"potions_floor_usage":[10,16,20,22],"damage_taken":[{"damage":2,"enemies":"Small Slimes","floor":1,"turns":4},{"damage":0,"enemies":"Cultist","floor":3,"turns":4},{"damage":0,"enemies":"2 Louse","floor":5,"turns":2},{"damage":16,"enemies":"Gremlin Nob","floor":6,"turns":3},{"damage":6,"enemies":"2 Fungi Beasts","floor":8,"turns":4},{"damage":13,"enemies":"Lagavulin","floor":10,"turns":5},{"damage":8,"enemies":"3 Sentries","floor":12,"turns":5},{"damage":15,"enemies":"Exordium Thugs","floor":13,"turns":4},{"damage":58,"enemies":"Fading Forest","floor":16,"turns":11},{"damage":39,"enemies":"ruina:Nosferatu","floor":18,"turns":6},{"damage":24,"enemies":"ruina:3_Bats","floor":20,"turns":3},{"damage":15,"enemies":"ruina:KnightOfDespair","floor":22,"turns":5},{"damage":18,"enemies":"ruina:3_Scarecrows","floor":24,"turns":5},{"damage":24,"enemies":"ruina:RoadHome","floor":25,"turns":4}],"seed_played":"-7747090440590418612","potions_obtained":[{"floor":1,"key":"SteroidPotion"},{"floor":3,"key":"ColorlessPotion"},{"floor":6,"key":"Adrenaline Potion"},{"floor":10,"key":"Explosive Potion"},{"floor":16,"key":"Adrenaline Potion"},{"floor":20,"key":"Block Potion"}],"is_trial":false,"path_per_floor":["M","?","M","$","M","E","?","M","T","E","R","E","M","?","R","B",null,"M","?","M","?","M","R","M","E"],"character_chosen":"THE_SIMPLETON","items_purchased":[],"campfire_rested":0,"item_purchase_floors":[],"current_hp_per_floor":[73,73,73,73,75,59,59,53,53,51,51,43,34,34,34,31,82,60,60,49,57,54,54,44,22,22],"gold":347,"neow_bonus":"THREE_RARE_CARDS","is_daily":false,"chose_seed":false,"campfire_upgraded":3,"win_rate":0.0,"timestamp":1613873668,"path_taken":["M","?","M","$","?","E","?","M","T","E","R","E","M","?","R","BOSS","M","?","M","?","?","R","M","E"],"items_purchased_type":[],"build_version":"2020-12-22","purchased_purges":0,"victory":false,"max_hp_per_floor":[75,75,75,75,75,75,75,75,75,82,82,82,82,82,82,82,82,82,82,82,82,82,82,82,82,82],"card_choices":[{"not_picked":["TheSimpletonMod:Photosynthesis","TheSimpletonMod:DesperatePlunge"],"picked":"TheSimpletonMod:ResearchGrant","floor":0},{"not_picked":["TheSimpletonMod:DoubleBarrel","TheSimpletonMod:GoToMarket"],"picked":"TheSimpletonMod:Turnips","floor":1},{"not_picked":["TheSimpletonMod:GoToMarket","TheSimpletonMod:CullingStrike"],"picked":"TheSimpletonMod:SlashAndBurn","floor":3},{"not_picked":["TheSimpletonMod:Sunseed","TheSimpletonMod:SlashAndBurn"],"picked":"TheSimpletonMod:Pruning","floor":5},{"not_picked":["TheSimpletonMod:KeenEdge","TheSimpletonMod:ControlledBurn"],"picked":"TheSimpletonMod:Biorefinement","floor":6},{"not_picked":["TheSimpletonMod:CullingStrike","TheSimpletonMod:KeenEdge"],"picked":"TheSimpletonMod:Pruning","floor":8},{"not_picked":["TheSimpletonMod:Ferment","TheSimpletonMod:Onions"],"picked":"TheSimpletonMod:BuzzBomb","floor":10},{"not_picked":["TheSimpletonMod:Ferment","TheSimpletonMod:SpiceUp"],"picked":"TheSimpletonMod:BumperCrop","floor":12},{"not_picked":["TheSimpletonMod:CullingStrike","TheSimpletonMod:DoubleBarrel"],"picked":"TheSimpletonMod:Fertilaser","floor":13},{"not_picked":["TheSimpletonMod:SaltTheEarth","TheSimpletonMod:ResearchGrant"],"picked":"TheSimpletonMod:Strawberries","floor":16},{"not_picked":["TheSimpletonMod:Thresh","TheSimpletonMod:CullingStrike","TheSimpletonMod:SpiceUp"],"picked":"SKIP","floor":18},{"not_picked":["TheSimpletonMod:PestManagement","TheSimpletonMod:Turnips+1"],"picked":"TheSimpletonMod:Aerate","floor":20},{"not_picked":["TheSimpletonMod:PestManagement","TheSimpletonMod:DoubleBarrel+1"],"picked":"TheSimpletonMod:Germinate","floor":22},{"not_picked":["TheSimpletonMod:SeedCoat+1","TheSimpletonMod:Sunchoke"],"picked":"TheSimpletonMod:BumperCrop","floor":24}],"player_experience":253634,"relics_obtained":[{"floor":6,"key":"reliquary:JackalopeAntler"},{"floor":10,"key":"Strawberry"},{"floor":12,"key":"Snack Pack"}],"event_choices":[{"damage_healed":0,"gold_gain":0,"player_choice":"Gave Potion","damage_taken":0,"relics_obtained":["Quantum Egg"],"max_hp_gain":0,"max_hp_loss":0,"event_name":"WeMeetAgain","floor":2,"gold_loss":0}],"is_beta":false,"boss_relics":[{"not_picked":["Pandora\u0027s Box","ReplayTheSpireMod:SealedPack"],"picked":"Black Star"}],"items_purged_floors":[],"is_endless":false,"potions_floor_spawned":[1,3,6,10,16,20],"killed_by":"ruina:RoadHome","ascension_level":0}}