{"host":"684z1xpuwaoqmmh1","time":1613900332,"event":{"mods":["BaseMod","CatGirl Mod","Downfall","Hermit","Jorbs\u0027s Wanderer Trilogy","Marisa????????","Minty Spire (QoL Compilation)","Robot Space Explorer","Shade Mod","Shapeshifter Mod","StSLib","The Bug Knight","The Clintock","The Dragon Tamer","The Elementalist","The Hayseed","The Hierophant","The Judge","The Marked","The Mystic","The Poker Player","The Runesmith","The Sage","The Saiyan","The Showman","The Spell Scribe","The Valiant","The Vixen","TheBandit","TheFirefly","TheVacant"],"gold_per_floor":[115,215,227,246,256,256,283,283,283,283,283,358,383,383,383,482,482,495,495,507,527,546,546,579,579,657,689,689,708,742,375,375,474,474,484,502,519,569,583,583,612,631,655,655,673,693,728,778,778,778,778,778,151,177,177,177,177],"floor_reached":55,"language":"ENG","playtime":7962,"items_purged":["PokerPlayerMod:Trickery","PokerPlayerMod:Diamond1"],"score":822,"play_id":"8cd34fb6-c308-485d-9b8f-c64092924c28","local_time":"20210221113852","is_ascension_mode":false,"metric_token":2002,"campfire_choices":[{"data":"PokerPlayerMod:Mulligan","floor":6.0,"key":"SMITH"},{"data":"PokerPlayerMod:Heart2","floor":8.0,"key":"SMITH"},{"data":"PokerPlayerMod:Sharpen","floor":10.0,"key":"SMITH"},{"data":"PokerPlayerMod:DamnStraight","floor":15.0,"key":"SMITH"},{"floor":23.0,"key":"REST"},{"floor":25,"key":"REST"},{"data":"PokerPlayerMod:JackOfSpades","floor":28,"key":"SMITH"},{"data":"PokerPlayerMod:Harden","floor":32,"key":"SMITH"},{"floor":40,"key":"RECALL"},{"floor":44,"key":"REST"},{"data":"PokerPlayerMod:TheDieIsCast","floor":49,"key":"SMITH"},{"data":"PokerPlayerMod:ClubShade","floor":52,"key":"SMITH"}],"circlet_count":0,"master_deck":["PokerPlayerMod:Diamond2","PokerPlayerMod:Diamond3","PokerPlayerMod:Diamond4","PokerPlayerMod:Diamond5","PokerPlayerMod:Spade1","PokerPlayerMod:Spade2","PokerPlayerMod:Spade3","PokerPlayerMod:Spade4","PokerPlayerMod:Club1","PokerPlayerMod:Club2","PokerPlayerMod:Heart3","PokerPlayerMod:TrumpStrike","PokerPlayerMod:BadJoker","PokerPlayerMod:Mulligan+1","PokerPlayerMod:ClubsClub","PokerPlayerMod:Club7","PokerPlayerMod:DamnStraight+1","PokerPlayerMod:Sharpen+1","PokerPlayerMod:Heart2","PokerPlayerMod:Spade9","PokerPlayerMod:Heart4","PokerPlayerMod:Raise+1","PokerPlayerMod:JackOfSpades+1","PokerPlayerMod:RoyalStrike","PokerPlayerMod:Harden+1","PokerPlayerMod:Spade9","PokerPlayerMod:ClubShade+1","PokerPlayerMod:TheDieIsCast+1","PokerPlayerMod:Spade4","PokerPlayerMod:CloakAndDiamond+1","PokerPlayerMod:JackOfSpades+1","PokerPlayerMod:Heart3","PokerPlayerMod:HiddenCard","PokerPlayerMod:ClubShade","PokerPlayerMod:Heart5"],"relics":["PokerPlayerMod:DeckCase","Omamori","Girya","SlaversCollar","Lantern","Shuriken","Boot","Winged Necklace","Sundial","sneckomod:SneckoTalon","CatCart","Ancient Tea Set","Orichalcum","Slimebound:PreparedRelic","PokerPlayerMod:PendantOfEscape","Guardian:PocketSentry","Bag of Marbles","Runesmith:AutoHammer"],"acts_visited":["Exordium","TheCity","TheBeyond","TheEnding"],"potions_floor_usage":[55,55,55],"damage_taken":[{"damage":2.0,"enemies":"Jaw Worm","floor":1.0,"turns":3.0},{"damage":0.0,"enemies":"Cultist","floor":3.0,"turns":3.0},{"damage":4.0,"enemies":"2 Louse","floor":4.0,"turns":2.0},{"damage":2.0,"enemies":"Blue Slaver","floor":5.0,"turns":2.0},{"damage":23.0,"enemies":"3 Sentries","floor":7.0,"turns":5.0},{"damage":6.0,"enemies":"Lagavulin","floor":13.0,"turns":5.0},{"damage":19.0,"enemies":"Hexaghost","floor":16.0,"turns":10.0},{"damage":3.0,"enemies":"Chosen","floor":18.0,"turns":4.0},{"damage":7.0,"enemies":"Shell Parasite","floor":20.0,"turns":4.0},{"damage":24.0,"enemies":"Snake Plant","floor":21.0,"turns":4.0},{"damage":36.0,"enemies":"3 Cultists","floor":22.0,"turns":5.0},{"damage":23.0,"enemies":"Gremlin Leader","floor":24.0,"turns":7.0},{"damage":28,"enemies":"Slavers","floor":27,"turns":4},{"damage":30,"enemies":"Shelled Parasite and Fungi","floor":29,"turns":5},{"damage":0,"enemies":"HollowMod:Nosk","floor":30,"turns":7},{"damage":44,"enemies":"Collector","floor":33,"turns":13},{"damage":9,"enemies":"3 Shapes","floor":35,"turns":6},{"damage":2,"enemies":"Orb Walker","floor":36,"turns":4},{"damage":4,"enemies":"4 Shapes","floor":37,"turns":8},{"damage":47,"enemies":"Orin","floor":38,"turns":13},{"damage":5,"enemies":"Jaw Worm Horde","floor":39,"turns":6},{"damage":24,"enemies":"HollowMod:StalkingDevout","floor":41,"turns":7},{"damage":21,"enemies":"Transient","floor":42,"turns":5},{"damage":0,"enemies":"Sphere and 2 Shapes","floor":45,"turns":7},{"damage":2,"enemies":"Maw","floor":46,"turns":10},{"damage":74,"enemies":"Giant Head","floor":47,"turns":14},{"damage":63,"enemies":"Donu and Deca","floor":50,"turns":13},{"damage":89,"enemies":"Shield and Spear","floor":54,"turns":10},{"damage":70,"enemies":"The Heart","floor":55,"turns":5}],"seed_played":"5577076405862791374","potions_obtained":[{"floor":1.0,"key":"SteroidPotion"},{"floor":4.0,"key":"FairyPotion"},{"floor":7.0,"key":"Slimebound:ThreeZeroPotion"},{"floor":20.0,"key":"AttackPotion"},{"floor":29,"key":"PowerPotion"},{"floor":36,"key":"hexamod:SoulburnPotion"},{"floor":45,"key":"Guardian:BlockOnCardUsePotion"}],"is_trial":false,"path_per_floor":["M","?","M","M","M","R","E","R","T","R","?","?","E","?","R","B",null,"M","?","M","M","M","R","E","R","T","E","R","M","E","$","R","B",null,"M","M","M","?","M","R","E","M","T","R","M","M","E","?","R","B",null,"R","$","E","B"],"character_chosen":"THE_POKER_PLAYER","items_purchased":["PokerPlayerMod:ClubShade","Sundial","PokerPlayerMod:PendantOfEscape","Guardian:PocketSentry","PokerPlayerMod:ClubShade","BlessingOfTheForge","Bag of Marbles"],"campfire_rested":3,"item_purchase_floors":[31,31,53,53,53,53,53],"current_hp_per_floor":[55,55,57,53,55,55,34,34,34,34,34,23,21,26,26,12,62,62,62,62,44,20,38,26,44,44,45,45,29,43,43,43,9,62,53,57,59,15,25,25,14,4,4,22,36,56,18,18,18,35,62,62,62,9,0,0,0],"gold":177,"neow_bonus":"TEN_PERCENT_HP_BONUS","is_daily":false,"chose_seed":false,"campfire_upgraded":8,"win_rate":0.0,"timestamp":1613900332,"path_taken":["M","?","M","?","M","R","E","R","T","R","?","?","E","?","R","BOSS","M","?","M","M","M","R","E","R","T","E","R","M","E","$","R","BOSS","M","M","M","?","M","R","E","M","T","R","M","M","E","?","R","BOSS","R","$","E","BOSS"],"items_purchased_type":["Card","Relic","Relic","Relic","Card","Potion","Relic"],"build_version":"2020-12-22","purchased_purges":2,"victory":false,"max_hp_per_floor":[57,57,57,57,57,57,57,57,57,57,57,57,57,62,62,62,62,62,62,62,62,62,62,62,62,62,62,62,62,62,62,62,62,62,62,62,62,62,62,62,62,62,62,62,62,62,62,62,62,62,62,62,62,62,62,62,62],"card_choices":[{"not_picked":["PokerPlayerMod:SecondChance","PokerPlayerMod:Diamond2"],"picked":"PokerPlayerMod:Trickery","floor":1.0},{"not_picked":["PokerPlayerMod:Diamond3","PokerPlayerMod:Club1"],"picked":"PokerPlayerMod:ClubsClub","floor":3.0},{"not_picked":["PokerPlayerMod:CardBurn","PokerPlayerMod:Trickery"],"picked":"PokerPlayerMod:Club7","floor":4.0},{"not_picked":["PokerPlayerMod:CardBurn","PokerPlayerMod:Spade3"],"picked":"PokerPlayerMod:DamnStraight","floor":5.0},{"not_picked":["PokerPlayerMod:Diamond6","PokerPlayerMod:Spade4"],"picked":"PokerPlayerMod:Sharpen","floor":7.0},{"not_picked":["PokerPlayerMod:Diamond10+","PokerPlayerMod:Diamond2"],"picked":"PokerPlayerMod:Heart2","floor":13.0},{"not_picked":["PokerPlayerMod:Diamond7","PokerPlayerMod:Club7"],"picked":"PokerPlayerMod:Spade9","floor":16.0},{"not_picked":["PokerPlayerMod:MagicTrick","PokerPlayerMod:DiamondStrike"],"picked":"PokerPlayerMod:Heart4","floor":18.0},{"not_picked":["PokerPlayerMod:Diamond3","PokerPlayerMod:Heart3","PokerPlayerMod:ClubsClub"],"picked":"SKIP","floor":20.0},{"not_picked":["PokerPlayerMod:CardBurn","PokerPlayerMod:PoorCopy"],"picked":"PokerPlayerMod:Raise+1","floor":21.0},{"not_picked":["PokerPlayerMod:Diamond2","PokerPlayerMod:MagicTrick"],"picked":"PokerPlayerMod:JackOfSpades","floor":22.0},{"not_picked":["PokerPlayerMod:SpadeStrike","PokerPlayerMod:Diamond2","PokerPlayerMod:PoorCopy"],"picked":"SKIP","floor":24.0},{"not_picked":["PokerPlayerMod:ClubDance+1","PokerPlayerMod:Club1"],"picked":"PokerPlayerMod:RoyalStrike","floor":27},{"not_picked":["PokerPlayerMod:Diamond4","PokerPlayerMod:ClubDance"],"picked":"PokerPlayerMod:Harden","floor":29},{"not_picked":["PokerPlayerMod:FillThePot","PokerPlayerMod:Spade6"],"picked":"PokerPlayerMod:Spade9","floor":30},{"not_picked":["PokerPlayerMod:Club8","PokerPlayerMod:Diamond9"],"picked":"PokerPlayerMod:TheDieIsCast","floor":33},{"not_picked":["PokerPlayerMod:Diamond2","PokerPlayerMod:Spade1"],"picked":"PokerPlayerMod:Spade4","floor":35},{"not_picked":["PokerPlayerMod:Fold","PokerPlayerMod:Extraction+1","PokerPlayerMod:Spade2"],"picked":"SKIP","floor":36},{"not_picked":["PokerPlayerMod:CardBurn+1","PokerPlayerMod:Diamond10+"],"picked":"PokerPlayerMod:CloakAndDiamond+1","floor":37},{"not_picked":["PokerPlayerMod:Spade7","PokerPlayerMod:Spade5","PokerPlayerMod:MagicTrick"],"picked":"SKIP","floor":39},{"not_picked":["PokerPlayerMod:Spade3","PokerPlayerMod:Diamond2"],"picked":"PokerPlayerMod:JackOfSpades+1","floor":41},{"not_picked":["PokerPlayerMod:HotShotCut","PokerPlayerMod:Diamond2"],"picked":"PokerPlayerMod:Heart3","floor":42},{"not_picked":["PokerPlayerMod:CloakAndDiamond","PokerPlayerMod:Trickery+1"],"picked":"PokerPlayerMod:HiddenCard","floor":45},{"not_picked":["PokerPlayerMod:Spade3","PokerPlayerMod:SpadeStrike","PokerPlayerMod:CardBurn"],"picked":"SKIP","floor":46},{"not_picked":["PokerPlayerMod:Spade5","PokerPlayerMod:Spade2","PokerPlayerMod:MagicTrick"],"picked":"SKIP","floor":47},{"not_picked":["PokerPlayerMod:Spade2","PokerPlayerMod:Diamond6"],"picked":"PokerPlayerMod:Heart5","floor":54}],"player_experience":3104496,"relics_obtained":[{"floor":7.0,"key":"Omamori"},{"floor":13.0,"key":"Girya"},{"floor":24.0,"key":"Lantern"},{"floor":26,"key":"Shuriken"},{"floor":27,"key":"Boot"},{"floor":30,"key":"Winged Necklace"},{"floor":38,"key":"CatCart"},{"floor":41,"key":"Ancient Tea Set"},{"floor":43,"key":"Orichalcum"},{"floor":47,"key":"Slimebound:PreparedRelic"},{"floor":54,"key":"Runesmith:AutoHammer"}],"event_choices":[{"damage_healed":0.0,"max_hp_gain":0.0,"max_hp_loss":0.0,"gold_gain":100.0,"event_name":"Golden Shrine","player_choice":"Pray","floor":2.0,"gold_loss":0.0,"damage_taken":0.0},{"damage_healed":0.0,"max_hp_gain":0.0,"max_hp_loss":0.0,"gold_gain":75.0,"event_name":"World of Goop","player_choice":"Gather Gold","floor":12.0,"gold_loss":0.0,"damage_taken":11.0},{"damage_healed":0.0,"max_hp_gain":5.0,"max_hp_loss":0.0,"gold_gain":0.0,"event_name":"Big Fish","player_choice":"Donut","floor":14.0,"gold_loss":0.0,"damage_taken":0.0},{"damage_healed":0.0,"max_hp_gain":0.0,"max_hp_loss":0.0,"gold_gain":0.0,"event_name":"Match and Keep!","player_choice":"0 cards matched","floor":19.0,"gold_loss":0.0,"damage_taken":0.0,"cards_obtained":[]},{"damage_healed":0,"gold_gain":0,"player_choice":"Fight","damage_taken":0,"max_hp_gain":0,"max_hp_loss":0,"event_name":"OrinTheCat","floor":38,"gold_loss":0}],"is_beta":false,"boss_relics":[{"not_picked":["Empty Cage","Tiny House"],"picked":"SlaversCollar"},{"not_picked":["Philosopher\u0027s Stone","Velvet Choker"],"picked":"sneckomod:SneckoTalon"}],"items_purged_floors":[31,53],"is_endless":false,"potions_floor_spawned":[1,4,7,20,29,33,36,37,38,45,46],"killed_by":"The Heart","ascension_level":0}}