{"host":"iv24d026eac8pm4e","time":1613949524,"event":{"mods":["BaseMod","Minty Spire (QoL Compilation)"],"gold_per_floor":[115,115,131,147,47,76,92,105,156,182,182,193,204,219,219,293,293,304,315,330,255,70,97,97,97,97,117,117,117],"floor_reached":28,"language":"ENG","playtime":1626,"items_purged":["Defend_G","Strike_G"],"score":608,"play_id":"422835fd-468e-4ec3-8773-d671762fad88","local_time":"20210221151844","is_ascension_mode":true,"campfire_choices":[{"data":"Footwork","floor":11,"key":"SMITH"},{"data":"Envenom","floor":15,"key":"SMITH"},{"floor":25,"key":"REST"}],"circlet_count":0,"master_deck":["AscendersBane","Defend_G","Defend_G","Defend_G","Defend_G+1","Survivor","Neutralize","Cloak And Dagger","Backstab","Finisher","Cloak And Dagger","Footwork+1","Deflect","Dagger Throw","Blur","Envenom+1","Leg Sweep","Well Laid Plans","Malaise+1","Reflex","Underhanded Strike+1","PiercingWail","Accuracy","Backflip","Glass Knife","Deadly Poison"],"relics":["Ring of the Snake","NeowsBlessing","Boot","Question Card","WristBlade","War Paint","Gremlin Horn"],"acts_visited":["Exordium","TheCity"],"potions_floor_usage":[6,6,10,16,19,20,23,23],"damage_taken":[{"damage":0,"enemies":"Small Slimes","floor":1,"turns":1},{"damage":0,"enemies":"Cultist","floor":3,"turns":1},{"damage":0,"enemies":"2 Louse","floor":4,"turns":1},{"damage":0,"enemies":"3 Sentries","floor":6,"turns":6},{"damage":0,"enemies":"Large Slime","floor":7,"turns":5},{"damage":0,"enemies":"2 Fungi Beasts","floor":8,"turns":4},{"damage":0,"enemies":"Lagavulin","floor":10,"turns":9},{"damage":5,"enemies":"Exordium Wildlife","floor":12,"turns":7},{"damage":0,"enemies":"Looter","floor":13,"turns":2},{"damage":0,"enemies":"2 Fungi Beasts","floor":14,"turns":4},{"damage":35,"enemies":"Hexaghost","floor":16,"turns":14},{"damage":15,"enemies":"Shell Parasite","floor":18,"turns":9},{"damage":4,"enemies":"Spheric Guardian","floor":19,"turns":6},{"damage":26,"enemies":"Shelled Parasite and Fungi","floor":20,"turns":13},{"damage":5,"enemies":"Gremlin Leader","floor":23,"turns":11},{"damage":14,"enemies":"Snake Plant","floor":27,"turns":8},{"damage":19,"enemies":"3 Cultists","floor":28,"turns":3}],"seed_played":"-8400036557167772727","potions_obtained":[{"floor":1,"key":"Explosive Potion"},{"floor":3,"key":"CunningPotion"},{"floor":7,"key":"GhostInAJar"},{"floor":8,"key":"DuplicationPotion"},{"floor":14,"key":"ColorlessPotion"},{"floor":18,"key":"DistilledChaos"},{"floor":19,"key":"Explosive Potion"},{"floor":20,"key":"Explosive Potion"}],"is_trial":false,"path_per_floor":["M","?","M","M","$","E","M","M","T","E","R","M","M","M","R","B",null,"M","M","M","?","$","E","?","R","T","M","M"],"character_chosen":"THE_SILENT","items_purchased":["Cloak And Dagger","Accuracy"],"campfire_rested":1,"item_purchase_floors":[5,22],"current_hp_per_floor":[59,59,59,59,59,59,59,59,59,59,59,54,54,54,54,19,54,39,35,9,9,9,4,4,23,23,9,0,0],"gold":117,"neow_bonus":"THREE_ENEMY_KILL","is_daily":false,"chose_seed":false,"campfire_upgraded":2,"win_rate":0.0,"timestamp":1613949524,"path_taken":["M","?","M","?","$","E","?","M","T","E","R","M","M","M","R","BOSS","M","M","M","?","$","E","?","R","T","M","M"],"items_purchased_type":["Card","Card"],"build_version":"2020-12-22","purchased_purges":2,"victory":false,"max_hp_per_floor":[66,66,66,66,66,66,66,66,66,66,66,66,66,66,66,66,66,66,66,66,66,66,66,66,66,66,66,66,66],"card_choices":[{"not_picked":["Heel Hook","Quick Slash"],"picked":"Cloak And Dagger","floor":1},{"not_picked":["Quick Slash","Masterful Stab"],"picked":"Backstab","floor":3},{"not_picked":["Cloak And Dagger","Bane"],"picked":"Finisher","floor":4},{"not_picked":["Reflex","Leg Sweep"],"picked":"Footwork","floor":6},{"not_picked":["Skewer","Setup"],"picked":"Deflect","floor":7},{"not_picked":["Deflect","Catalyst"],"picked":"Dagger Throw","floor":8},{"not_picked":["Underhanded Strike","Well Laid Plans"],"picked":"Blur","floor":10},{"not_picked":["Prepared","Underhanded Strike","Backstab"],"picked":"Envenom","floor":12},{"not_picked":["Dodge and Roll","Well Laid Plans","Backflip"],"picked":"Leg Sweep","floor":13},{"not_picked":["Poisoned Stab","Flechettes","Flying Knee"],"picked":"Well Laid Plans","floor":14},{"not_picked":["Night Terror","Phantasmal Killer","A Thousand Cuts"],"picked":"Malaise","floor":16},{"not_picked":["Backstab","Masterful Stab","Deflect"],"picked":"Reflex","floor":18},{"not_picked":["Dodge and Roll","Bane","Outmaneuver"],"picked":"Underhanded Strike+1","floor":19},{"not_picked":["Slice","Backflip","Flying Knee"],"picked":"PiercingWail","floor":20},{"not_picked":["Sucker Punch","Unload","Endless Agony"],"picked":"Backflip","floor":23},{"not_picked":["Sucker Punch+1","Outmaneuver","Poisoned Stab","Acrobatics"],"picked":"SKIP","floor":27}],"player_experience":2561390,"relics_obtained":[{"floor":6,"key":"Boot"},{"floor":10,"key":"Question Card"},{"floor":23,"key":"War Paint"},{"floor":26,"key":"Gremlin Horn"}],"event_choices":[{"cards_removed":["Strike_G"],"damage_healed":0,"gold_gain":0,"player_choice":"Purged","damage_taken":0,"max_hp_gain":0,"max_hp_loss":0,"event_name":"Purifier","floor":2,"gold_loss":0},{"cards_removed":["Strike_G"],"damage_healed":0,"gold_gain":0,"player_choice":"Gave Gold","damage_taken":0,"max_hp_gain":0,"max_hp_loss":0,"event_name":"Beggar","floor":21,"gold_loss":75},{"damage_healed":0,"gold_gain":0,"cards_transformed":["Strike_G","Strike_G"],"player_choice":"Became Test Subject","damage_taken":0,"max_hp_gain":0,"max_hp_loss":0,"event_name":"Drug Dealer","floor":24,"gold_loss":0,"cards_obtained":["Glass Knife","Deadly Poison"]}],"is_beta":false,"boss_relics":[{"not_picked":["Astrolabe","Busted Crown"],"picked":"WristBlade"}],"items_purged_floors":[5,22],"is_endless":false,"potions_floor_spawned":[1,3,7,8,14,18,19,20],"killed_by":"3 Cultists","ascension_level":20}}