{"host":"TheHustler","time":1613906211,"event":{"mods":["BaseMod","Block Reminder","Colored Map","Colored Powertips","Minty Spire (QoL Compilation)","Quick Restart","StSLib","SuperFastMode","Unceasing Turn Reminder"],"gold_per_floor":[114,114,189,189,25,25,25,55,55,55,85,115,145,187,199,311,323,350,362,299,326,113,143,143,173,248,278,53,83,83,111,111,211,211,226,226,241,91,127,157,157,187,187,217,247,247,277,307,307,307],"floor_reached":51,"language":"ENG","playtime":1262,"items_purged":["Iron Wave"],"score":1550,"play_id":"93bd0b60-dcdc-4be7-a9ba-5d8fd29bb5c4","local_time":"20210221121651","daily_mods":["SealedDeck","Flight","Elite Swarm"],"is_ascension_mode":false,"campfire_choices":[{"data":"Barricade","floor":6,"key":"SMITH"},{"data":"Body Slam","floor":7,"key":"SMITH"},{"data":"Entrench","floor":10,"key":"SMITH"},{"data":"Juggernaut","floor":15,"key":"SMITH"},{"data":"Pommel Strike","floor":24,"key":"SMITH"},{"data":"Offering","floor":32,"key":"SMITH"},{"data":"Demon Form","floor":41,"key":"SMITH"},{"data":"Corruption","floor":49,"key":"SMITH"}],"circlet_count":0,"master_deck":["Pommel Strike+1","Entrench+1","Shrug It Off","Body Slam+1","Shrug It Off","Thunderclap","Shrug It Off","Barricade+1","Berserk+1","Impervious","Juggernaut+1","Metallicize","Impervious","Offering+1","Flame Barrier+1","Juggernaut","Demon Form+1","Corruption+1","Berserk"],"relics":["Burning Blood","FossilizedHelix","White Beast Statue","Bronze Scales","Girya","MawBank","MealTicket","Coffee Dripper","TheAbacus","Letter Opener","Orichalcum","Mercury Hourglass","Pantograph","Membership Card","Art of War","Bottled Lightning","Red Mask","SlaversCollar","Anchor","Strange Spoon","Thread and Needle","HornCleat","Juzu Bracelet","Eternal Feather","Bag of Preparation","Meat on the Bone","Sundial","Prayer Wheel"],"acts_visited":["Exordium","TheCity","TheBeyond"],"potions_floor_usage":[50,50,50,50,50,50],"damage_taken":[{"damage":0,"enemies":"Small Slimes","floor":1,"turns":4},{"damage":0,"enemies":"Gremlin Nob","floor":8,"turns":5},{"damage":0,"enemies":"Lagavulin","floor":11,"turns":5},{"damage":0,"enemies":"Gremlin Nob","floor":12,"turns":3},{"damage":0,"enemies":"Lagavulin","floor":13,"turns":5},{"damage":0,"enemies":"Gremlin Nob","floor":14,"turns":4},{"damage":0,"enemies":"The Guardian","floor":16,"turns":6},{"damage":0,"enemies":"Chosen","floor":18,"turns":4},{"damage":0,"enemies":"2 Thieves","floor":21,"turns":4},{"damage":0,"enemies":"Book of Stabbing","floor":23,"turns":4},{"damage":10,"enemies":"Slavers","floor":25,"turns":4},{"damage":6,"enemies":"Gremlin Leader","floor":27,"turns":4},{"damage":6,"enemies":"Slavers","floor":29,"turns":3},{"damage":0,"enemies":"Masked Bandits","floor":31,"turns":3},{"damage":0,"enemies":"Collector","floor":33,"turns":4},{"damage":0,"enemies":"3 Darklings","floor":35,"turns":4},{"damage":0,"enemies":"3 Shapes","floor":37,"turns":3},{"damage":0,"enemies":"2 Orb Walkers","floor":39,"turns":4},{"damage":0,"enemies":"Reptomancer","floor":40,"turns":2},{"damage":0,"enemies":"Giant Head","floor":42,"turns":4},{"damage":0,"enemies":"Nemesis","floor":44,"turns":1},{"damage":0,"enemies":"Reptomancer","floor":45,"turns":3},{"damage":0,"enemies":"Nemesis","floor":47,"turns":5},{"damage":0,"enemies":"Giant Head","floor":48,"turns":3},{"damage":0,"enemies":"Donu and Deca","floor":50,"turns":3}],"seed_played":"-7397021786818157212","potions_obtained":[{"floor":8,"key":"FearPotion"},{"floor":11,"key":"Explosive Potion"},{"floor":12,"key":"Block Potion"},{"floor":27,"key":"EntropicBrew"},{"floor":33,"key":"BloodPotion"}],"is_trial":false,"path_per_floor":["M","?","?","?","$","R","R","E","T","R","E","E","E","E","R","B",null,"M","?","?","M","$","E","R","E","T","E","$","E","$","?","R","B",null,"M","?","M","$","?","E","R","E","T","E","E","?","E","E","R","B",null],"character_chosen":"IRONCLAD","items_purchased":["Barricade","TheAbacus","Membership Card","Art of War","Anchor","Strange Spoon"],"campfire_rested":0,"item_purchase_floors":[5,22,28,28,38,38],"current_hp_per_floor":[80,80,69,62,62,62,62,68,68,68,74,80,80,80,80,80,80,80,80,80,80,80,80,80,76,76,76,80,80,80,80,80,80,80,80,80,80,80,80,80,80,80,80,80,80,80,80,80,80,80],"gold":307,"neow_bonus":"","is_daily":true,"chose_seed":false,"campfire_upgraded":8,"win_rate":0.0,"timestamp":1613906211,"path_taken":["M","?","?","?","$","R","R","E","T","R","E","E","E","E","R","BOSS","M","?","?","M","$","E","R","E","T","E","$","E","$","?","R","BOSS","M","?","?","$","?","E","R","E","T","E","E","?","E","E","R","BOSS"],"items_purchased_type":["Card","Relic","Relic","Relic","Relic","Relic"],"build_version":"2020-12-18","purchased_purges":1,"victory":true,"max_hp_per_floor":[80,80,80,80,80,80,80,80,80,80,80,80,80,80,80,80,80,80,80,80,80,80,80,80,80,80,80,80,80,80,80,80,80,80,80,80,80,80,80,80,80,80,80,80,80,80,80,80,80,80],"card_choices":[{"not_picked":["Rampage","Anger","True Grit"],"picked":"SKIP","floor":1},{"not_picked":["Reaper","Exhume"],"picked":"Berserk","floor":8},{"not_picked":["Corruption","Bludgeon"],"picked":"Impervious","floor":11},{"not_picked":["Exhume","Barricade","Reaper"],"picked":"SKIP","floor":12},{"not_picked":["Fiend Fire","Feed","Exhume"],"picked":"SKIP","floor":13},{"not_picked":["Corruption","Reaper"],"picked":"Juggernaut","floor":14},{"not_picked":["Flex+1","Searing Blow+1","Reckless Charge+1"],"picked":"SKIP","floor":18},{"not_picked":["Twin Strike","Headbutt"],"picked":"Metallicize","floor":21},{"not_picked":["Reaper","Brutality","Barricade"],"picked":"SKIP","floor":23},{"not_picked":["Reaper","Barricade"],"picked":"Impervious","floor":25},{"not_picked":["Bludgeon","Brutality"],"picked":"Offering","floor":27},{"not_picked":["Fiend Fire","Immolate","Offering"],"picked":"SKIP","floor":29},{"not_picked":["Pummel","Power Through"],"picked":"Flame Barrier+1","floor":31},{"not_picked":["Berserk","Offering"],"picked":"Juggernaut","floor":33},{"not_picked":["Twin Strike+1","Shockwave+1","Whirlwind"],"picked":"SKIP","floor":35},{"not_picked":["Perfected Strike","Whirlwind","True Grit+1"],"picked":"SKIP","floor":37},{"not_picked":["Immolate","Reaper"],"picked":"Demon Form","floor":40},{"not_picked":["Offering","Demon Form"],"picked":"Corruption","floor":42},{"not_picked":["Limit Break","Reaper","Corruption"],"picked":"SKIP","floor":44},{"not_picked":["Exhume","Juggernaut"],"picked":"Berserk","floor":45},{"not_picked":["Bludgeon","Barricade","Brutality"],"picked":"SKIP","floor":47},{"not_picked":["Reaper","Barricade","Offering"],"picked":"SKIP","floor":48}],"player_experience":684389,"relics_obtained":[{"floor":8,"key":"FossilizedHelix"},{"floor":9,"key":"White Beast Statue"},{"floor":11,"key":"Bronze Scales"},{"floor":12,"key":"Girya"},{"floor":13,"key":"MawBank"},{"floor":14,"key":"MealTicket"},{"floor":23,"key":"Letter Opener"},{"floor":25,"key":"Orichalcum"},{"floor":26,"key":"Mercury Hourglass"},{"floor":27,"key":"Pantograph"},{"floor":29,"key":"Bottled Lightning"},{"floor":31,"key":"Red Mask"},{"floor":39,"key":"Thread and Needle"},{"floor":40,"key":"HornCleat"},{"floor":42,"key":"Juzu Bracelet"},{"floor":43,"key":"Eternal Feather"},{"floor":44,"key":"Bag of Preparation"},{"floor":45,"key":"Meat on the Bone"},{"floor":47,"key":"Sundial"},{"floor":48,"key":"Prayer Wheel"}],"event_choices":[{"damage_healed":0,"gold_gain":0,"player_choice":"Ignored","damage_taken":0,"max_hp_gain":0,"max_hp_loss":0,"event_name":"Liars Game","floor":2,"gold_loss":0},{"damage_healed":0,"gold_gain":75,"player_choice":"Gather Gold","damage_taken":11,"max_hp_gain":0,"max_hp_loss":0,"event_name":"World of Goop","floor":3,"gold_loss":0},{"cards_removed":["Intimidate"],"damage_healed":0,"gold_gain":0,"player_choice":"Card Removal","damage_taken":7,"max_hp_gain":0,"max_hp_loss":0,"event_name":"Golden Wing","floor":4,"gold_loss":0},{"damage_healed":0,"gold_gain":0,"player_choice":"Ignored","damage_taken":0,"max_hp_gain":0,"max_hp_loss":0,"event_name":"Cursed Tome","floor":19,"gold_loss":0},{"cards_removed":["Iron Wave"],"damage_healed":0,"gold_gain":0,"player_choice":"Gave Gold","damage_taken":0,"max_hp_gain":0,"max_hp_loss":0,"event_name":"Beggar","floor":20,"gold_loss":75},{"damage_healed":0,"gold_gain":0,"player_choice":"Fought Bandits","damage_taken":0,"max_hp_gain":0,"max_hp_loss":0,"event_name":"Masked Bandits","floor":31,"gold_loss":0},{"damage_healed":0,"gold_gain":0,"player_choice":"Upgraded","damage_taken":0,"max_hp_gain":0,"max_hp_loss":0,"event_name":"Upgrade Shrine","floor":36,"gold_loss":0,"cards_upgraded":["Berserk"]},{"damage_healed":0,"gold_gain":0,"player_choice":"Fight","damage_taken":0,"max_hp_gain":0,"max_hp_loss":0,"event_name":"Mysterious Sphere","floor":39,"gold_loss":0},{"damage_healed":0,"gold_gain":0,"player_choice":"Ignored","damage_taken":0,"max_hp_gain":0,"max_hp_loss":0,"event_name":"SecretPortal","floor":46,"gold_loss":0}],"is_beta":true,"boss_relics":[{"not_picked":["Velvet Choker","Calling Bell"],"picked":"Coffee Dripper"},{"not_picked":["Philosopher\u0027s Stone","Tiny House"],"picked":"SlaversCollar"}],"items_purged_floors":[22],"is_endless":false,"potions_floor_spawned":[8,11,12,13,14,16,18,21,23,25,27,29,31,33,35,37,39,40,42,44,45,47,48],"ascension_level":0}}