{"host":"s4ojoik2izpnmj7q","time":1613943007,"event":{"mods":["ATMod(°¢èªMod)","Act Like it!","BaseMod","Minty Spire (QoL Compilation)","MostiFishMod","StSLib"],"gold_per_floor":[110,124,138,158,158,190,190,224,224,224,243,255,271,302,302,379,379,392,402,418,175,195,225,244,258,307,307,307,307],"floor_reached":28,"language":"ZHS","playtime":880,"items_purged":["Defend_P"],"score":732,"play_id":"1e28b436-f00f-4e56-b411-19776733b295","local_time":"20210222053007","is_ascension_mode":true,"campfire_choices":[{"data":"AT_FamilyPortrait","floor":7.0,"key":"SMITH"},{"data":"Tantrum","floor":10.0,"key":"SMITH"},{"data":"Omniscience","floor":15.0,"key":"SMITH"},{"floor":27,"key":"RECALL"}],"circlet_count":0,"master_deck":["AscendersBane","Strike_P","Strike_P","Strike_P","Strike_P","Defend_P","Defend_P","Defend_P","Eruption+1","Vigilance","AT_FamilyPortrait+1","Crescendo","FearNoEvil","Wallop+1","WheelKick","Tantrum+1","Omniscience+1","MostiFishMod:Speedup","MasterReality","LessonLearned","InnerPeace"],"relics":["DaveBox","AT_ATBox","RhineSuit","RhineCircuit","SynthV:TestCard","HornCleat","MealTicket","AT_TimeSand","Torii","OneHitWonderSystem","AT_ChloranthyRing","StrikeDummy","Juzu Bracelet"],"acts_visited":["Exordium","TheCity"],"potions_floor_usage":[],"damage_taken":[{"damage":0.0,"enemies":"Cultist","floor":1.0,"turns":2.0},{"damage":0.0,"enemies":"2 Louse","floor":2.0,"turns":2.0},{"damage":0.0,"enemies":"Small Slimes","floor":3.0,"turns":1.0},{"damage":0.0,"enemies":"3 Louse","floor":4.0,"turns":2.0},{"damage":0.0,"enemies":"Lagavulin","floor":6.0,"turns":4.0},{"damage":0.0,"enemies":"Gremlin Nob","floor":8.0,"turns":3.0},{"damage":0.0,"enemies":"Looter","floor":11.0,"turns":1.0},{"damage":0.0,"enemies":"Blue Slaver","floor":12.0,"turns":1.0},{"damage":0.0,"enemies":"2 Fungi Beasts","floor":13.0,"turns":2.0},{"damage":0.0,"enemies":"Lagavulin","floor":14.0,"turns":4.0},{"damage":13.0,"enemies":"Hexaghost","floor":16.0,"turns":7.0},{"damage":0.0,"enemies":"3 Byrds","floor":18.0,"turns":3.0},{"damage":0.0,"enemies":"2 Thieves","floor":19.0,"turns":3.0},{"damage":0.0,"enemies":"Shelled Parasite and Fungi","floor":20.0,"turns":3.0},{"damage":0.0,"enemies":"Sentry and Sphere","floor":22.0,"turns":2.0},{"damage":0.0,"enemies":"Book of Stabbing","floor":23.0,"turns":4.0},{"damage":0.0,"enemies":"Centurion and Healer","floor":24.0,"turns":1.0},{"damage":0,"enemies":"Shelled Parasite and Fungi","floor":25,"turns":3}],"seed_played":"2125309695350532023","potions_obtained":[{"floor":6.0,"key":"Energy Potion"},{"floor":11.0,"key":"SpeedPotion"},{"floor":12.0,"key":"BottledMiracle"},{"floor":13.0,"key":"LiquidMemories"}],"is_trial":false,"path_per_floor":["M","M","M","M","?","E","R","E","T","R","M","M","M","E","R","B",null,"M","M","M","$","M","E","M","M","T","R","?"],"character_chosen":"WATCHER","items_purchased":["AT_ChloranthyRing"],"campfire_rested":0,"item_purchase_floors":[21],"current_hp_per_floor":[61,61,61,61,61,61,61,61,61,61,61,61,61,61,61,51,1,1,1,1,1,1,1,1,1,1,1,0,0],"gold":307,"neow_bonus":"BOSS_RELIC","is_daily":false,"chose_seed":false,"campfire_upgraded":3,"win_rate":0.0,"timestamp":1613943007,"path_taken":["M","M","?","M","?","E","R","E","T","R","M","M","M","E","R","BOSS","M","M","M","$","M","E","M","M","T","R","?"],"items_purchased_type":["Relic"],"build_version":"2020-12-22","purchased_purges":1,"victory":false,"max_hp_per_floor":[68,68,68,68,68,68,68,68,68,68,68,68,68,68,68,71,1,1,1,1,1,1,1,1,1,1,1,1,1],"card_choices":[{"not_picked":["BowlingBash","CutThroughFate"],"picked":"Crescendo","floor":1.0},{"not_picked":["DeceiveReality","PathToVictory","Crescendo","InnerPeace"],"picked":"FearNoEvil","floor":2.0},{"not_picked":["MostiFishMod:Nomercy","Pray","SashWhip","CutThroughFate"],"picked":"Wallop","floor":3.0},{"not_picked":["WindmillStrike","ForeignInfluence","ClearTheMind","Adaptation"],"picked":"WheelKick","floor":4.0},{"not_picked":["ThirdEye","MostiFishMod:Speedup","BowlingBash","FollowUp"],"picked":"Tantrum","floor":6.0},{"not_picked":["Prostrate","MostiFishMod:FlowState","Protect","LikeWater","FollowUp"],"picked":"SKIP","floor":8.0},{"not_picked":["PathToVictory","AT_ChampionStep","FlyingSleeves","Evaluate"],"picked":"Omniscience","floor":11.0},{"not_picked":["JustLucky","Nirvana","Prostrate","Collect","Crescendo"],"picked":"SKIP","floor":12.0},{"not_picked":["Evaluate","CutThroughFate","CrushJoints","WaveOfTheHand","SandsOfTime"],"picked":"SKIP","floor":13.0},{"not_picked":["MostiFishMod:Moonprays","Evaluate","ReachHeaven","PathToVictory"],"picked":"MostiFishMod:Speedup","floor":14.0},{"not_picked":["AT_ChampionKick","Establishment","Judgement","DeusExMachina"],"picked":"MasterReality","floor":16.0},{"not_picked":["SignatureMove","BowlingBash+1","Sanctity+1","FlurryOfBlows","Protect"],"picked":"SKIP","floor":18.0},{"not_picked":["Collect","Prostrate","Protect","PathToVictory","BattleHymn"],"picked":"SKIP","floor":19.0},{"not_picked":["MentalFortress+1","AT_OneInchPunch+1","BowlingBash","CutThroughFate","PathToVictory+1"],"picked":"SKIP","floor":20.0},{"not_picked":["SashWhip","DeceiveReality","BattleHymn","FlyingSleeves","Study"],"picked":"SKIP","floor":22.0},{"not_picked":["Consecrate","EmptyFist","Halt","Evaluate"],"picked":"LessonLearned","floor":23.0},{"not_picked":["AT_SoftenMuscles","PathToVictory","Swivel","Protect","JustLucky"],"picked":"SKIP","floor":24.0},{"not_picked":["Wallop","SandsOfTime","ThirdEye","Brilliance"],"picked":"InnerPeace","floor":25}],"player_experience":632855,"relics_obtained":[{"floor":1.0,"key":"SynthV:TestCard"},{"floor":6.0,"key":"HornCleat"},{"floor":8.0,"key":"MealTicket"},{"floor":9.0,"key":"AT_TimeSand"},{"floor":14.0,"key":"Torii"},{"floor":23.0,"key":"StrikeDummy"},{"floor":26,"key":"Juzu Bracelet"}],"event_choices":[{"damage_healed":0.0,"max_hp_gain":0.0,"max_hp_loss":0.0,"gold_gain":0.0,"event_name":"Living Wall","player_choice":"Grow","floor":5.0,"gold_loss":0.0,"damage_taken":0.0,"cards_upgraded":["Eruption"]}],"is_beta":false,"boss_relics":[{"not_picked":["AT_MortalBlade","xbg"],"picked":"OneHitWonderSystem"}],"items_purged_floors":[21],"is_endless":false,"potions_floor_spawned":[6,11,12,13,16,20,23,25],"ascension_level":20}}