{"host":"8jwrv7sn1174lfer","time":1613906921,"event":{"mods":["BaseMod","Colored Map","Colored Powertips","Highlight Path","Minty Spire (QoL Compilation)","StSLib"],"gold_per_floor":[118,14,28,44,56,56,56,91,115,141,241,255,280,297,297,399,399,416,434,448,448,462,462,462,488,567,567,601,700,296,313,313,415,415,427,427,192,211,259,290,59,59,59,59,88,102,102,130,130,130],"floor_reached":51,"language":"ENG","playtime":3343,"items_purged":["Strike_G","Strike_G"],"score":1171,"play_id":"a9efd076-3e05-498e-b560-089242f7a682","local_time":"20210221062841","is_ascension_mode":true,"campfire_choices":[{"data":"Infinite Blades","floor":6,"key":"SMITH"},{"data":"Terror","floor":15,"key":"SMITH"},{"data":"Accuracy","floor":23,"key":"SMITH"},{"data":"Blade Dance","floor":27,"key":"SMITH"},{"data":"Dagger Spray","floor":32,"key":"SMITH"},{"data":"Accuracy","floor":42,"key":"SMITH"},{"data":"A Thousand Cuts","floor":47,"key":"SMITH"},{"data":"Backstab","floor":49,"key":"SMITH"}],"circlet_count":0,"master_deck":["Strike_G","Defend_G","Defend_G","Defend_G","Defend_G","Survivor","Neutralize+1","Dagger Spray+1","Terror+1","Infinite Blades+1","Backstab+1","Caltrops","Dash+1","Blade Dance+1","Accuracy+1","Malaise","Backstab+1","Acrobatics+1","Cloak And Dagger","Thinking Ahead","Burst+1","Prepared+1","Dash+1","A Thousand Cuts+1","Accuracy+1","PiercingWail+1"],"relics":["Ring of the Serpent","Happy Flower","Nunchaku","Bag of Preparation","Lantern","Eternal Feather","HornCleat","Bag of Marbles","Juzu Bracelet","Astrolabe","Singing Bowl","WingedGreaves","Boot","Pen Nib","Snake Skull","Whetstone","Omamori"],"acts_visited":["Exordium","TheCity","TheBeyond"],"potions_floor_usage":[8,10,10,16,22,25,25,28,33,40,46,50],"damage_taken":[{"damage":0,"enemies":"2 Louse","floor":1,"turns":3},{"damage":0,"enemies":"Small Slimes","floor":3,"turns":2},{"damage":0,"enemies":"Cultist","floor":4,"turns":2},{"damage":1,"enemies":"2 Fungi Beasts","floor":5,"turns":3},{"damage":10,"enemies":"Gremlin Nob","floor":8,"turns":3},{"damage":10,"enemies":"3 Sentries","floor":10,"turns":6},{"damage":6,"enemies":"Red Slaver","floor":12,"turns":2},{"damage":0,"enemies":"Lagavulin","floor":13,"turns":5},{"damage":1,"enemies":"Looter","floor":14,"turns":3},{"damage":16,"enemies":"Hexaghost","floor":16,"turns":7},{"damage":14,"enemies":"Spheric Guardian","floor":18,"turns":4},{"damage":12,"enemies":"3 Byrds","floor":19,"turns":3},{"damage":9,"enemies":"Snake Plant","floor":20,"turns":5},{"damage":2,"enemies":"Snecko","floor":22,"turns":5},{"damage":3,"enemies":"Book of Stabbing","floor":25,"turns":3},{"damage":0,"enemies":"Gremlin Leader","floor":28,"turns":4},{"damage":1,"enemies":"Centurion and Healer","floor":31,"turns":3},{"damage":35,"enemies":"Automaton","floor":33,"turns":8},{"damage":1,"enemies":"Orb Walker","floor":35,"turns":2},{"damage":3,"enemies":"3 Darklings","floor":38,"turns":4},{"damage":11,"enemies":"2 Orb Walkers","floor":39,"turns":3},{"damage":0,"enemies":"Nemesis","floor":40,"turns":3},{"damage":13,"enemies":"Giant Head","floor":45,"turns":3},{"damage":0,"enemies":"Spire Growth","floor":46,"turns":3},{"damage":0,"enemies":"Nemesis","floor":48,"turns":3},{"damage":79,"enemies":"Donu and Deca","floor":50,"turns":5}],"seed_played":"1741802018662269628","potions_obtained":[{"floor":3,"key":"LiquidMemories"},{"floor":4,"key":"Swift Potion"},{"floor":8,"key":"SpeedPotion"},{"floor":13,"key":"Explosive Potion"},{"floor":14,"key":"Strength Potion"},{"floor":18,"key":"Swift Potion"},{"floor":19,"key":"Strength Potion"},{"floor":22,"key":"LiquidBronze"},{"floor":25,"key":"SpeedPotion"},{"floor":31,"key":"BlessingOfTheForge"},{"floor":39,"key":"DistilledChaos"},{"floor":46,"key":"Explosive Potion"}],"is_trial":false,"path_per_floor":["M","$","M","M","M","R","?","E","T","E","?","M","E","M","R","B",null,"M","M","M","?","M","R","?","E","T","R","E","?","$","M","R","B",null,"M","?","$","M","?","E","$","R","T","?","E","M","R","E","R","B",null],"character_chosen":"THE_SILENT","items_purchased":["Terror","Infinite Blades","Thinking Ahead","Juzu Bracelet","A Thousand Cuts","Accuracy","Pen Nib"],"campfire_rested":0,"item_purchase_floors":[2,2,30,30,37,41,41],"current_hp_per_floor":[59,59,59,59,58,58,58,48,48,38,38,32,32,31,31,15,67,53,41,32,32,30,30,30,27,27,42,42,42,42,41,56,21,68,67,67,67,66,57,59,59,74,74,76,63,65,80,82,96,17],"gold":130,"neow_bonus":"TWENTY_PERCENT_HP_BONUS","is_daily":false,"chose_seed":false,"campfire_upgraded":8,"win_rate":0.0,"timestamp":1613906921,"path_taken":["M","$","M","M","M","R","?","E","T","E","?","?","E","M","R","BOSS","M","M","M","?","?","R","?","E","T","R","E","?","$","M","R","BOSS","M","?","$","M","?","E","$","R","T","?","E","M","R","E","R","BOSS"],"items_purchased_type":["Card","Card","Card","Relic","Card","Card","Relic"],"build_version":"2020-12-22","purchased_purges":2,"victory":true,"max_hp_per_floor":[84,84,84,84,84,84,84,84,84,84,84,84,84,84,84,84,84,84,84,84,84,84,84,84,84,84,84,84,84,84,84,84,84,84,84,84,84,86,88,90,90,90,90,92,92,94,94,96,96,96],"card_choices":[{"not_picked":["Poisoned Stab","Escape Plan"],"picked":"Dagger Spray","floor":1},{"not_picked":["Acrobatics","Heel Hook"],"picked":"Backstab","floor":3},{"not_picked":["Backflip","Deadly Poison"],"picked":"Caltrops","floor":4},{"not_picked":["Eviscerate","Endless Agony"],"picked":"Escape Plan","floor":5},{"not_picked":["Poisoned Stab","Doppelganger"],"picked":"Dash","floor":8},{"not_picked":["Endless Agony","Slice","Underhanded Strike"],"picked":"SKIP","floor":10},{"not_picked":["Backflip","Underhanded Strike"],"picked":"Blade Dance","floor":12},{"not_picked":["Deadly Poison","All Out Attack"],"picked":"Accuracy","floor":13},{"not_picked":["Sucker Punch","Deflect","Deadly Poison"],"picked":"SKIP","floor":14},{"not_picked":["Phantasmal Killer","Night Terror"],"picked":"Malaise","floor":16},{"not_picked":["Terror","Footwork"],"picked":"Backstab+1","floor":18},{"not_picked":["Outmaneuver","Sucker Punch"],"picked":"Acrobatics+1","floor":19},{"not_picked":["Catalyst+1","Riddle With Holes+1","Poisoned Stab"],"picked":"SKIP","floor":20},{"not_picked":["Slice+1","Sucker Punch+1"],"picked":"Cloak And Dagger","floor":22},{"not_picked":["Acrobatics","Crippling Poison","Sucker Punch+1"],"picked":"SKIP","floor":25},{"not_picked":["Deadly Poison","Bane","Quick Slash+1"],"picked":"SKIP","floor":28},{"not_picked":["Tactician","Eviscerate","Slice"],"picked":"SKIP","floor":31},{"not_picked":["Quick Slash","Escape Plan","Poisoned Stab+1"],"picked":"SKIP","floor":35},{"not_picked":["Underhanded Strike+1","PiercingWail","Blade Dance+1"],"picked":"Singing Bowl","floor":38},{"not_picked":["Outmaneuver","Flying Knee","Slice"],"picked":"Singing Bowl","floor":39},{"not_picked":["Dagger Spray","Quick Slash","Corpse Explosion"],"picked":"Singing Bowl","floor":40},{"not_picked":["Mayhem","Impatience","Bandage Up"],"picked":"Singing Bowl","floor":44},{"not_picked":["Crippling Poison+1","Concentrate+1"],"picked":"PiercingWail+1","floor":45},{"not_picked":["Terror+1","Tactician","Blade Dance+1"],"picked":"Singing Bowl","floor":46},{"not_picked":["Unload","Deadly Poison","Predator"],"picked":"Singing Bowl","floor":48}],"player_experience":650809,"relics_obtained":[{"floor":8,"key":"Happy Flower"},{"floor":9,"key":"Nunchaku"},{"floor":10,"key":"Bag of Preparation"},{"floor":13,"key":"Lantern"},{"floor":25,"key":"Eternal Feather"},{"floor":26,"key":"HornCleat"},{"floor":28,"key":"Bag of Marbles"},{"floor":39,"key":"WingedGreaves"},{"floor":40,"key":"Boot"},{"floor":43,"key":"Snake Skull"},{"floor":45,"key":"Whetstone"},{"floor":48,"key":"Omamori"}],"event_choices":[{"damage_healed":0,"gold_gain":0,"player_choice":"Ignored","damage_taken":0,"max_hp_gain":0,"max_hp_loss":0,"event_name":"Liars Game","floor":7,"gold_loss":0},{"damage_healed":0,"gold_gain":100,"player_choice":"Pray","damage_taken":0,"max_hp_gain":0,"max_hp_loss":0,"event_name":"Golden Shrine","floor":11,"gold_loss":0},{"damage_healed":0,"gold_gain":0,"player_choice":"Ignored","damage_taken":0,"max_hp_gain":0,"max_hp_loss":0,"event_name":"N\u0027loth","floor":21,"gold_loss":0},{"damage_healed":0,"gold_gain":0,"player_choice":"Ignored","damage_taken":0,"max_hp_gain":0,"max_hp_loss":0,"event_name":"Cursed Tome","floor":24,"gold_loss":0},{"damage_healed":0,"gold_gain":99,"player_choice":"Stole From Cult","damage_taken":0,"max_hp_gain":0,"max_hp_loss":0,"event_name":"Nest","floor":29,"gold_loss":0},{"cards_removed":["Escape Plan"],"damage_healed":0,"gold_gain":0,"player_choice":"Gave Card","damage_taken":0,"relics_obtained":["Singing Bowl"],"max_hp_gain":0,"max_hp_loss":0,"event_name":"WeMeetAgain","floor":36,"gold_loss":0},{"damage_healed":0,"gold_gain":0,"player_choice":"Fight","damage_taken":0,"max_hp_gain":0,"max_hp_loss":0,"event_name":"Mysterious Sphere","floor":39,"gold_loss":0},{"damage_healed":0,"gold_gain":0,"player_choice":"Memory 1","damage_taken":0,"max_hp_gain":0,"max_hp_loss":0,"event_name":"SensoryStone","floor":44,"gold_loss":0}],"is_beta":false,"boss_relics":[{"not_picked":["Empty Cage","Velvet Choker"],"picked":"Ring of the Serpent"},{"not_picked":["SacredBark","Sozu"],"picked":"Astrolabe"}],"items_purged_floors":[30,37],"is_endless":false,"potions_floor_spawned":[3,4,8,13,14,18,19,22,25,31,39,46],"ascension_level":6}}