{"host":"0ueeacaatm8t6jyh","time":1613890535,"event":{"mods":["AchievementEnabler","BaseMod","Colored Powertips","Minty Spire (QoL Compilation)","Quick Restart","Rare Cards Sparkle","Shop Mod","StSLib"],"gold_per_floor":[118,132,132,151,164,164,164,175,201,126,126,138,138,138],"floor_reached":13,"language":"ZHS","playtime":393,"items_purged":["Strike_G"],"score":146,"play_id":"b1fc3e30-9c66-4110-99e3-924266187f9f","local_time":"20210221145535","is_ascension_mode":true,"campfire_choices":[{"data":"Neutralize","floor":6.0,"key":"SMITH"}],"circlet_count":0,"master_deck":["AscendersBane","Strike_G","Strike_G","Strike_G","Defend_G","Defend_G","Defend_G","Defend_G","Defend_G","Survivor","Neutralize+1","Masterful Stab","Footwork","Footwork"],"relics":["Ring of the Snake","NeowsBlessing","Orichalcum","Darkstone Periapt"],"acts_visited":["Exordium"],"potions_floor_usage":[8,13],"damage_taken":[{"damage":0.0,"enemies":"Small Slimes","floor":1.0,"turns":1.0},{"damage":0.0,"enemies":"Jaw Worm","floor":2.0,"turns":1.0},{"damage":0.0,"enemies":"Cultist","floor":4.0,"turns":1.0},{"damage":9.0,"enemies":"Blue Slaver","floor":5.0,"turns":4.0},{"damage":9,"enemies":"Exordium Thugs","floor":8,"turns":4},{"damage":20,"enemies":"Large Slime","floor":12,"turns":13},{"damage":22,"enemies":"Lagavulin","floor":13,"turns":14}],"seed_played":"-8986544066787412147","potions_obtained":[{"floor":4.0,"key":"AttackPotion"},{"floor":5.0,"key":"Swift Potion"},{"floor":12,"key":"Energy Potion"}],"is_trial":false,"path_per_floor":["M","M","?","M","M","R","?","M","T","$","T","M","E"],"character_chosen":"THE_SILENT","items_purchased":[],"campfire_rested":0,"item_purchase_floors":[],"current_hp_per_floor":[59,59,64,64,55,55,48,39,39,39,39,19,0,0],"gold":138,"neow_bonus":"THREE_ENEMY_KILL","is_daily":false,"chose_seed":false,"campfire_upgraded":1,"win_rate":0.0,"timestamp":1613890535,"path_taken":["M","M","?","M","M","R","?","M","T","$","?","M","E"],"items_purchased_type":[],"build_version":"2020-12-22","purchased_purges":1,"victory":false,"max_hp_per_floor":[66,66,71,71,71,71,71,71,71,71,71,71,71,71],"card_choices":[{"not_picked":["Cloak And Dagger","Concentrate","Infinite Blades"],"picked":"SKIP","floor":1.0},{"not_picked":["Quick Slash","Distraction","Slice"],"picked":"SKIP","floor":2.0},{"not_picked":["Poisoned Stab","Dagger Spray"],"picked":"Masterful Stab","floor":4.0},{"not_picked":["Bane","Dagger Spray","Deadly Poison"],"picked":"SKIP","floor":5.0},{"not_picked":["Cloak And Dagger","Outmaneuver"],"picked":"Footwork","floor":8},{"not_picked":["Dagger Throw","Flying Knee"],"picked":"Footwork","floor":12}],"player_experience":569335,"relics_obtained":[{"floor":9,"key":"Orichalcum"},{"floor":11,"key":"Darkstone Periapt"}],"event_choices":[{"damage_healed":0.0,"max_hp_gain":5.0,"max_hp_loss":0.0,"gold_gain":0.0,"event_name":"Big Fish","player_choice":"Donut","floor":3.0,"gold_loss":0.0,"damage_taken":0.0},{"cards_removed":["Strike_G"],"damage_healed":0.0,"max_hp_gain":0.0,"max_hp_loss":0.0,"gold_gain":0.0,"event_name":"Golden Wing","player_choice":"Card Removal","floor":7.0,"gold_loss":0.0,"damage_taken":7.0}],"is_beta":false,"boss_relics":[],"items_purged_floors":[10],"is_endless":false,"potions_floor_spawned":[4,5,12],"killed_by":"Lagavulin","ascension_level":18}}