{"host":"i5vvwdf42szr3cje","time":1613891116,"event":{"mods":["BaseMod","Colored Map","Hermit","Minty Spire (QoL Compilation)","Replay The Spire","StSLib","The Disciple","The Hierophant"],"gold_per_floor":[119,134,148,148,161,161,186,186,209,209,235,235,253,255,255,324,324,332,332,332,332],"floor_reached":20,"language":"ENG","playtime":1607,"items_purged":[],"score":218,"play_id":"94e939b4-cee5-4c11-aa52-1866a3ec6ae6","local_time":"20210220230516","is_ascension_mode":true,"campfire_choices":[{"data":"hierophant:Smite","floor":6.0,"key":"SMITH"},{"data":"hierophant:Punish","floor":10.0,"key":"SMITH"},{"data":"hierophant:AuricBeam","floor":12.0,"key":"SMITH"},{"data":"hierophant:PristineSoul","floor":15.0,"key":"SMITH"}],"circlet_count":0,"master_deck":["hierophant:Strike_Hierophant","hierophant:Strike_Hierophant","hierophant:Strike_Hierophant","hierophant:Strike_Hierophant","hierophant:Punish+1","hierophant:Defend_Hierophant+1","hierophant:Defend_Hierophant","hierophant:Defend_Hierophant","hierophant:Defend_Hierophant","hierophant:ChurchCoffers+1","hierophant:Smite+1","hierophant:Community","hierophant:Doubloon","hierophant:Charity","hierophant:Doubloon","hierophant:CursedGold","hierophant:AuricBeam+1","hierophant:PristineSoul+1","hierophant:DivineIntervention","hierophant:Doubloon","hierophant:Refuge+1","hierophant:SealAway"],"relics":["hierophant:PropheticMaskRelic","Toy Ornithopter","Omamori","SlaversCollar"],"acts_visited":["Exordium","TheCity"],"potions_floor_usage":[],"damage_taken":[{"damage":1.0,"enemies":"Cultist","floor":1.0,"turns":4.0},{"damage":2.0,"enemies":"2 Louse","floor":2.0,"turns":2.0},{"damage":12.0,"enemies":"Small Slimes","floor":3.0,"turns":3.0},{"damage":1.0,"enemies":"Gremlin Gang","floor":5.0,"turns":2.0},{"damage":32.0,"enemies":"Gremlin Nob","floor":7.0,"turns":5.0},{"damage":7.0,"enemies":"Blue Slaver","floor":11.0,"turns":3.0},{"damage":26.0,"enemies":"Lagavulin","floor":13.0,"turns":4.0},{"damage":1.0,"enemies":"2 Fungi Beasts","floor":14.0,"turns":3.0},{"damage":18.0,"enemies":"The Guardian","floor":16.0,"turns":9.0},{"damage":10,"enemies":"3 Byrds","floor":18,"turns":3}],"seed_played":"-2555861681489664346","potions_obtained":[{"floor":2.0,"key":"SteroidPotion"},{"floor":3.0,"key":"PowerPotion"},{"floor":13.0,"key":"BlessingOfTheForge"},{"floor":16.0,"key":"Adrenaline Potion"},{"floor":18,"key":"Ancient Potion"}],"is_trial":false,"path_per_floor":["M","M","M","?","M","R","E","?","T","R","M","R","E","M","R","B",null,"M","?","?"],"character_chosen":"HIEROPHANT","items_purchased":[],"campfire_rested":0,"item_purchase_floors":[],"current_hp_per_floor":[81,79,67,51,50,50,18,92,92,92,85,85,59,58,58,50,92,82,82,82,82],"gold":332,"neow_bonus":"TEN_PERCENT_HP_BONUS","is_daily":false,"chose_seed":false,"campfire_upgraded":4,"win_rate":0.0,"timestamp":1613891116,"path_taken":["M","M","?","?","M","R","E","?","T","R","?","R","E","M","R","BOSS","M","?","?"],"items_purchased_type":[],"build_version":"2020-12-22","purchased_purges":0,"victory":false,"max_hp_per_floor":[82,82,82,82,82,82,82,92,92,92,92,92,92,92,92,92,92,92,92,92,92],"card_choices":[{"not_picked":["hierophant:SecretStash","hierophant:Repentance"],"picked":"hierophant:Smite","floor":1.0},{"not_picked":["hierophant:Sermon","hierophant:TollTheBells"],"picked":"hierophant:Community","floor":2.0},{"not_picked":["hierophant:EyeForCoin","hierophant:RecallFunds"],"picked":"hierophant:Charity","floor":3.0},{"not_picked":["hierophant:Remorse","hierophant:Purify"],"picked":"hierophant:CursedGold","floor":5.0},{"not_picked":["hierophant:RecallFunds","hierophant:Sermon"],"picked":"hierophant:Levitation","floor":7.0},{"not_picked":["hierophant:RecallFunds","hierophant:HolyVerse"],"picked":"hierophant:AuricBeam","floor":11.0},{"not_picked":["hierophant:MorningPrayer","hierophant:CursedGold"],"picked":"hierophant:PristineSoul","floor":13.0},{"not_picked":["hierophant:CursedGold","hierophant:Sermon","hierophant:Prophecy"],"picked":"SKIP","floor":14.0},{"not_picked":["hierophant:Cornucopia","hierophant:WrathOfGod"],"picked":"hierophant:DivineIntervention","floor":16.0},{"not_picked":["hierophant:Endure","hierophant:CoinFling+1"],"picked":"hierophant:Refuge+1","floor":18}],"player_experience":191084,"relics_obtained":[{"floor":7.0,"key":"Toy Ornithopter"},{"floor":13.0,"key":"Omamori"}],"event_choices":[{"damage_healed":0.0,"max_hp_gain":0.0,"max_hp_loss":0.0,"gold_gain":0.0,"event_name":"Shining Light","player_choice":"Entered Light","floor":4.0,"gold_loss":0.0,"damage_taken":16.0,"cards_upgraded":["hierophant:Defend_Hierophant","hierophant:ChurchCoffers"]},{"cards_removed":["hierophant:Levitation"],"damage_healed":64.0,"max_hp_gain":10.0,"max_hp_loss":0.0,"gold_gain":0.0,"event_name":"Bonfire Elementals","player_choice":"Offered Rare","floor":8.0,"gold_loss":0.0,"damage_taken":0.0},{"damage_healed":0,"gold_gain":0,"player_choice":"Ignored","damage_taken":0,"max_hp_gain":0,"max_hp_loss":0,"event_name":"The Mausoleum","floor":19,"gold_loss":0}],"is_beta":false,"boss_relics":[{"not_picked":["Replay:Ancient Bell","Honey Jar"],"picked":"SlaversCollar"}],"items_purged_floors":[],"is_endless":false,"potions_floor_spawned":[2,3,13,16,18],"ascension_level":1}}