{"host":"3uh6d38h6u62bhfi","time":1613895117,"event":{"mods":["AchievementEnabler","BaseMod","DeckTracker","Minty Spire (QoL Compilation)","Permanent Neow","SuperFastMode","everything is the same but u backflip on backflip"],"gold_per_floor":[114,114,39,51,121,121,136,163,188,188,215,215,230,291,291,393,393,405,330,341,341,256,286,299,299,325,360,130,130,143,157,157,258,258,277,16,36,19,37,70,70,95,95,130,242,271,311,340,352,364],"floor_reached":51,"language":"KOR","playtime":2919,"items_purged":["Writhe","Strike_G","Strike_G"],"score":1296,"play_id":"340ec8b2-019e-4827-a04c-817d694f5770","local_time":"20210221171157","is_ascension_mode":true,"campfire_choices":[{"data":"Apotheosis","floor":6,"key":"SMITH"},{"floor":12,"key":"REST"},{"floor":15,"key":"REST"},{"floor":25,"key":"REST"},{"floor":29,"key":"REST"},{"floor":32,"key":"REST"},{"floor":41,"key":"REST"},{"floor":49,"key":"REST"}],"circlet_count":0,"master_deck":["AscendersBane","Strike_G","Strike_G","Defend_G","Defend_G","Defend_G","Defend_G","Defend_G","Survivor","Neutralize","Apotheosis+1","Dash","Sucker Punch","Skewer","Night Terror","Corpse Explosion","PiercingWail","Venomology","RitualDagger","Noxious Fumes","Acrobatics","Escape Plan","Dodge and Roll+1","Venomology","Calculated Gamble","Finesse","Escape Plan+1","Footwork","Parasite","Malaise","Backflip","Tactician+1"],"relics":["Ring of the Snake","Happy Flower","PreservedInsect","Matryoshka","White Beast Statue","Torii","SlaversCollar","Singing Bowl","InkBottle","Mummified Hand","Juzu Bracelet","Art of War","Membership Card","HoveringKite","Sling","Boot","Vajra","Darkstone Periapt","Sundial","Ninja Scroll","MawBank","Potion Belt"],"acts_visited":["Exordium","TheCity","TheBeyond"],"potions_floor_usage":[11,13,14,16,16,18,20,20,23,23,24,24,24,24,27,27,30,30,30,31,31,33,33,35,35,35,35,37,37,37,39,39,39,39,39,39,40,40,40,42,42,42,44,44,44,46,46,46,46,46,46,47,47,48,48,48,48,48,50,50,50,50],"damage_taken":[{"damage":3,"enemies":"Jaw Worm","floor":1,"turns":6},{"damage":14,"enemies":"Small Slimes","floor":4,"turns":3},{"damage":1,"enemies":"2 Louse","floor":7,"turns":3},{"damage":18,"enemies":"3 Sentries","floor":8,"turns":9},{"damage":7,"enemies":"Lagavulin","floor":11,"turns":7},{"damage":13,"enemies":"Large Slime","floor":13,"turns":3},{"damage":15,"enemies":"3 Sentries","floor":14,"turns":4},{"damage":30,"enemies":"Slime Boss","floor":16,"turns":12},{"damage":0,"enemies":"Shell Parasite","floor":18,"turns":6},{"damage":9,"enemies":"2 Thieves","floor":20,"turns":3},{"damage":1,"enemies":"Gremlin Leader","floor":23,"turns":4},{"damage":33,"enemies":"Shelled Parasite and Fungi","floor":24,"turns":4},{"damage":17,"enemies":"Book of Stabbing","floor":27,"turns":6},{"damage":23,"enemies":"Centurion and Healer","floor":30,"turns":5},{"damage":7,"enemies":"Snecko","floor":31,"turns":5},{"damage":35,"enemies":"Automaton","floor":33,"turns":12},{"damage":1,"enemies":"3 Shapes","floor":35,"turns":3},{"damage":1,"enemies":"Orb Walker","floor":37,"turns":3},{"damage":20,"enemies":"Writhing Mass","floor":39,"turns":7},{"damage":9,"enemies":"Giant Head","floor":40,"turns":8},{"damage":9,"enemies":"Reptomancer","floor":42,"turns":7},{"damage":1,"enemies":"Nemesis","floor":44,"turns":5},{"damage":0,"enemies":"Spire Growth","floor":46,"turns":5},{"damage":0,"enemies":"Reptomancer","floor":47,"turns":3},{"damage":16,"enemies":"Maw","floor":48,"turns":6},{"damage":54,"enemies":"Awakened One","floor":50,"turns":13}],"seed_played":"8246810934759070792","potions_obtained":[{"floor":1,"key":"DuplicationPotion"},{"floor":7,"key":"ColorlessPotion"},{"floor":11,"key":"GamblersBrew"},{"floor":13,"key":"BlessingOfTheForge"},{"floor":14,"key":"FearPotion"},{"floor":16,"key":"SkillPotion"},{"floor":18,"key":"AttackPotion"},{"floor":20,"key":"Regen Potion"},{"floor":23,"key":"PowerPotion"},{"floor":24,"key":"DuplicationPotion"},{"floor":27,"key":"SkillPotion"},{"floor":30,"key":"Poison Potion"},{"floor":31,"key":"FearPotion"},{"floor":33,"key":"DuplicationPotion"},{"floor":35,"key":"Strength Potion"},{"floor":37,"key":"SneckoOil"},{"floor":39,"key":"Dexterity Potion"},{"floor":40,"key":"Ancient Potion"},{"floor":42,"key":"SpeedPotion"},{"floor":44,"key":"FearPotion"},{"floor":46,"key":"SpeedPotion"},{"floor":47,"key":"EntropicBrew"},{"floor":48,"key":"AttackPotion"}],"is_trial":false,"path_per_floor":["M","?","$","M","?","R","M","E","T","T","E","R","M","?","R","B",null,"M","?","M","?","?","E","M","R","T","E","$","R","M","M","R","B",null,"M","$","M","$","M","E","R","E","T","E","?","M","E","M","R","B",null],"character_chosen":"THE_SILENT","items_purchased":["Membership Card","Escape Plan","Sling","Finesse","Boot","Footwork"],"campfire_rested":7,"item_purchase_floors":[28,28,36,36,36,38],"current_hp_per_floor":[60,65,65,51,51,51,50,32,32,32,25,47,34,19,41,11,59,59,59,50,44,44,55,24,47,47,30,30,53,32,25,48,13,63,62,62,61,61,43,34,58,49,49,48,48,50,52,53,79,25],"gold":376,"neow_bonus":"RANDOM_COLORLESS_2","is_daily":false,"chose_seed":false,"campfire_upgraded":1,"win_rate":0.0,"timestamp":1613895117,"path_taken":["M","?","$","M","?","R","M","E","T","?","E","R","M","?","R","BOSS","M","?","M","?","?","E","M","R","T","E","$","R","M","M","R","BOSS","M","$","M","$","M","E","R","E","T","E","?","M","E","M","R","BOSS"],"items_purchased_type":["Relic","Card","Relic","Card","Relic","Card"],"build_version":"2020-12-22","purchased_purges":3,"victory":true,"max_hp_per_floor":[70,75,75,75,75,75,75,75,75,75,75,75,75,75,75,75,75,75,75,75,75,75,75,77,77,77,77,77,77,79,79,79,79,79,79,79,79,79,81,81,81,81,81,81,81,83,85,87,87,87],"card_choices":[{"not_picked":["Thinking Ahead","Master of Strategy"],"picked":"Apotheosis","floor":0},{"not_picked":["Sucker Punch","Bane"],"picked":"Dash","floor":1},{"not_picked":["Dagger Throw","Bane"],"picked":"Sucker Punch","floor":4},{"not_picked":["Acrobatics","Slice"],"picked":"Skewer","floor":7},{"not_picked":["Dagger Throw","Underhanded Strike"],"picked":"Night Terror","floor":8},{"not_picked":["Sucker Punch","Cloak And Dagger"],"picked":"Corpse Explosion","floor":11},{"not_picked":["Slice","Finisher"],"picked":"PiercingWail","floor":13},{"not_picked":["Wraith Form v2","Corpse Explosion"],"picked":"Venomology","floor":16},{"not_picked":["Finisher","Endless Agony","PiercingWail+1"],"picked":"SKIP","floor":18},{"not_picked":["Bane","Sucker Punch","Flying Knee"],"picked":"SKIP","floor":20},{"not_picked":["Leg Sweep+1","Accuracy+1"],"picked":"Noxious Fumes","floor":23},{"not_picked":["Deflect","Deadly Poison","Terror+1"],"picked":"Singing Bowl","floor":24},{"not_picked":["Blade Dance","Bullet Time"],"picked":"Acrobatics","floor":27},{"not_picked":["Well Laid Plans","Flying Knee","Endless Agony"],"picked":"Singing Bowl","floor":30},{"not_picked":["Slice+1","Acrobatics"],"picked":"Dodge and Roll+1","floor":31},{"not_picked":["Die Die Die","Storm of Steel"],"picked":"Venomology","floor":33},{"not_picked":["Riddle With Holes","Skewer"],"picked":"Calculated Gamble","floor":35},{"not_picked":["Endless Agony+1","Acrobatics+1"],"picked":"Escape Plan+1","floor":37},{"not_picked":["PiercingWail+1","Dagger Throw","Outmaneuver+1"],"picked":"Singing Bowl","floor":39},{"not_picked":["Dagger Throw","Sucker Punch"],"picked":"Malaise","floor":40},{"not_picked":["Choke+1","Deflect+1"],"picked":"Backflip","floor":42},{"not_picked":["Poisoned Stab","Sucker Punch+1"],"picked":"Tactician+1","floor":44},{"not_picked":["Bane","Backstab","Blade Dance+1"],"picked":"Singing Bowl","floor":46},{"not_picked":["Dagger Throw+1","Choke+1","Skewer+1"],"picked":"Singing Bowl","floor":47},{"not_picked":["Tactician+1","Well Laid Plans","Backstab+1"],"picked":"Singing Bowl","floor":48}],"player_experience":173904,"relics_obtained":[{"floor":8,"key":"Happy Flower"},{"floor":9,"key":"PreservedInsect"},{"floor":10,"key":"Matryoshka"},{"floor":11,"key":"White Beast Statue"},{"floor":14,"key":"Torii"},{"floor":23,"key":"InkBottle"},{"floor":26,"key":"Mummified Hand"},{"floor":26,"key":"Juzu Bracelet"},{"floor":27,"key":"Art of War"},{"floor":40,"key":"Vajra"},{"floor":42,"key":"Darkstone Periapt"},{"floor":43,"key":"Sundial"},{"floor":43,"key":"Ninja Scroll"},{"floor":44,"key":"MawBank"},{"floor":47,"key":"Potion Belt"}],"event_choices":[{"damage_healed":0,"gold_gain":0,"player_choice":"Donut","damage_taken":0,"max_hp_gain":5,"max_hp_loss":0,"event_name":"Big Fish","floor":2,"gold_loss":0},{"damage_healed":0,"gold_gain":70,"player_choice":"Gained Gold","damage_taken":0,"max_hp_gain":0,"max_hp_loss":0,"event_name":"Golden Wing","floor":5,"gold_loss":0},{"damage_healed":0,"gold_gain":0,"player_choice":"Searched \u00271\u0027 times","damage_taken":0,"max_hp_gain":0,"max_hp_loss":0,"event_name":"Dead Adventurer","floor":14,"gold_loss":0},{"cards_removed":["Strike_G"],"damage_healed":0,"gold_gain":0,"player_choice":"Gave Gold","damage_taken":0,"max_hp_gain":0,"max_hp_loss":0,"event_name":"Beggar","floor":19,"gold_loss":75},{"damage_healed":0,"gold_gain":0,"player_choice":"Joined the Cult","damage_taken":6,"max_hp_gain":0,"max_hp_loss":0,"event_name":"Nest","floor":21,"gold_loss":0,"cards_obtained":["RitualDagger"]},{"damage_healed":0,"gold_gain":0,"player_choice":"Obtained Relic","damage_taken":0,"relics_obtained":["Singing Bowl"],"max_hp_gain":0,"max_hp_loss":0,"event_name":"Addict","floor":22,"gold_loss":85},{"damage_healed":0,"gold_gain":100,"player_choice":"Pray","damage_taken":0,"max_hp_gain":0,"max_hp_loss":0,"event_name":"Golden Shrine","floor":45,"gold_loss":0}],"is_beta":false,"boss_relics":[{"not_picked":["Fusion Hammer","Tiny House"],"picked":"SlaversCollar"},{"not_picked":["Sozu","Coffee Dripper"],"picked":"HoveringKite"}],"items_purged_floors":[3,28,36],"is_endless":false,"potions_floor_spawned":[1,7,11,13,14,16,18,20,23,24,27,30,31,33,35,37,39,40,42,44,46,47,48],"ascension_level":11}}