{"host":"l7l2v2zs4hqku4vk","time":1613893620,"event":{"mods":["Act Like it!","BaseMod","Colored Powertips","Downfall","Highlight Path","Minty Spire (QoL Compilation)","Replay The Spire","StSLib","TestMod","The Servant 0.9.4","óô»ðÖ¸ÄÏ"],"gold_per_floor":[115,40,52,63,83,83,97,97,97,97,116,92,125,138,138,209,209,228,243,243,243],"floor_reached":20,"language":"ZHS","playtime":856,"items_purged":["Strike_R"],"score":460,"play_id":"84c7eb07-098b-4566-ac08-9398f056669c","local_time":"20210221154700","is_ascension_mode":true,"campfire_choices":[{"data":"Limit Break","floor":6,"key":"SMITH"},{"data":"Armaments","floor":10,"key":"SMITH"},{"data":"Inflame","floor":15,"key":"SMITH"}],"circlet_count":0,"master_deck":["AscendersBane","Strike_R","Strike_R","Strike_R+1","Defend_R","Defend_R","Defend_R","Defend_R","Bash","Limit Break+1","Flex","Heavy Blade","Armaments+1","Headbutt+1","Flex","Inflame+1","Shrug It Off"],"relics":["Burning Blood","testmod-TestBox","testmod-FatalChain","Bag of Marbles","Whetstone","testmod-EnergyCheck"],"acts_visited":["Exordium","TheCity"],"potions_floor_usage":[13,13,16],"damage_taken":[{"damage":7,"enemies":"Cultist","floor":1,"turns":4},{"damage":7,"enemies":"2 Louse","floor":3,"turns":4},{"damage":0,"enemies":"Small Slimes","floor":4,"turns":2},{"damage":8,"enemies":"2 Fungi Beasts","floor":5,"turns":3},{"damage":7,"enemies":"Looter","floor":7,"turns":3},{"damage":21,"enemies":"Large Slime","floor":11,"turns":6},{"damage":14,"enemies":"Exordium Thugs","floor":12,"turns":4},{"damage":0,"enemies":"Lagavulin","floor":13,"turns":1},{"damage":0,"enemies":"Gremlin Gang","floor":14,"turns":1},{"damage":56,"enemies":"The Guardian","floor":16,"turns":9},{"damage":5,"enemies":"3 Byrds","floor":18,"turns":3},{"damage":44,"enemies":"2 Thieves","floor":19,"turns":4},{"damage":24,"enemies":"Sentry and Sphere","floor":20,"turns":3}],"seed_played":"9161070453398525663","potions_obtained":[{"floor":5,"key":"DuplicationPotion"},{"floor":7,"key":"Dexterity Potion"},{"floor":14,"key":"PowerPotion"}],"is_trial":false,"path_per_floor":["M","$","M","M","M","R","M","?","T","R","M","M","E","M","R","B",null,"M","M","M"],"character_chosen":"IRONCLAD","items_purchased":[],"campfire_rested":0,"item_purchase_floors":[],"current_hp_per_floor":[67,67,66,72,70,70,69,69,69,69,54,46,52,58,58,8,58,59,21,0,0],"gold":243,"neow_bonus":"ONE_RANDOM_RARE_CARD","is_daily":false,"chose_seed":false,"campfire_upgraded":3,"win_rate":0.0,"timestamp":1613893620,"path_taken":["M","$","?","M","M","R","M","?","T","R","M","?","E","M","R","BOSS","M","M","?"],"items_purchased_type":[],"build_version":"2020-12-22","purchased_purges":1,"victory":false,"max_hp_per_floor":[75,75,75,75,75,75,75,75,75,75,75,75,75,75,75,75,75,75,75,75,75],"card_choices":[{"not_picked":["Iron Wave","Reckless Charge"],"picked":"Flex","floor":1},{"not_picked":["Reckless Charge","Warcry"],"picked":"Heavy Blade","floor":3},{"not_picked":["Wild Strike","Sword Boomerang"],"picked":"Armaments","floor":4},{"not_picked":["Hemokinesis","Perfected Strike"],"picked":"Headbutt","floor":5},{"not_picked":["Anger","Sever Soul","Clothesline"],"picked":"SKIP","floor":7},{"not_picked":["Demonic Infusion","Replay:Undeath\u0027s Touch"],"picked":"Flex","floor":11},{"not_picked":["Defy Death","Pummel"],"picked":"Inflame","floor":12},{"not_picked":["Clothesline","Headbutt","Flex"],"picked":"SKIP","floor":13},{"not_picked":["Anger","Replay:Undeath\u0027s Touch","Uppercut"],"picked":"SKIP","floor":14},{"not_picked":["Spot Weakness","Replay:Undeath\u0027s Touch"],"picked":"Shrug It Off","floor":18},{"not_picked":["Headbutt","Thunderclap","Inflame"],"picked":"SKIP","floor":19}],"player_experience":1834400,"relics_obtained":[{"floor":9,"key":"Bag of Marbles"},{"floor":13,"key":"Whetstone"}],"event_choices":[{"cards_removed":["Strike_R"],"damage_healed":0,"gold_gain":0,"player_choice":"Purged","damage_taken":0,"max_hp_gain":0,"max_hp_loss":0,"event_name":"Purifier","floor":8,"gold_loss":0}],"is_beta":false,"boss_relics":[{"not_picked":["testmod-HarvestTotem","ReplayTheSpireMod:DimensionalGlitch"],"picked":"testmod-EnergyCheck"}],"items_purged_floors":[2],"is_endless":false,"potions_floor_spawned":[5,7,11,14],"killed_by":"Sentry and Sphere","ascension_level":20}}