{"host":"2lo6hma6kymb0g9i","time":1613895574,"event":{"mods":["BaseMod","Colored Map","DeckTracker","Minty Spire (QoL Compilation)"],"gold_per_floor":[109,259,272,197,472,472,504,504,529,116,136,167,178,194,194,269,269,288,338,353,370,245,277,277,306,330,330,330,180,199,230,230,305,305,324,324,334,350,175,175,204,204,204,236,254,254,254,272,272,272,272,272,272,18,52,52,52],"floor_reached":56,"language":"JPN","playtime":4633,"items_purged":["Doubt","Regret","Strike_G","Strike_G","Strike_G","Strike_G"],"score":2071,"play_id":"9d0238dd-bc8f-44ae-a41a-ab1c2704f56f","local_time":"20210221171934","is_ascension_mode":true,"campfire_choices":[{"data":"Neutralize","floor":6.0,"key":"SMITH"},{"data":"Leg Sweep","floor":8.0,"key":"SMITH"},{"data":"Noxious Fumes","floor":15.0,"key":"SMITH"},{"data":"Catalyst","floor":24.0,"key":"SMITH"},{"floor":27.0,"key":"REST"},{"data":"Wraith Form v2","floor":32.0,"key":"SMITH"},{"data":"Burst","floor":40.0,"key":"SMITH"},{"floor":47.0,"key":"RECALL"},{"data":"Night Terror","floor":49.0,"key":"SMITH"},{"data":"Bouncing Flask","floor":53,"key":"SMITH"}],"circlet_count":0,"master_deck":["AscendersBane","Strike_G","Defend_G","Defend_G","Defend_G","Defend_G","Defend_G","Survivor","Neutralize+1","Leg Sweep+1","PiercingWail","Catalyst+1","Bouncing Flask+1","Noxious Fumes+1","Bane","Deadly Poison","Dodge and Roll","Night Terror+1","Heel Hook","Burst+1","Wraith Form v2+1","Deflect","Venomology","PiercingWail","Expertise","Acrobatics+1"],"relics":["Ring of the Snake","NeowsBlessing","CaptainsWheel","Lantern","TwistedFunnel","Bag of Marbles","SlaversCollar","MealTicket","Prayer Wheel","Omamori","Tiny Chest","Velvet Choker","Pantograph","Gambling Chip","Mercury Hourglass","White Beast Statue","Bottled Tornado"],"acts_visited":["Exordium","TheCity","TheBeyond","TheEnding"],"potions_floor_usage":[55,56],"damage_taken":[{"damage":0.0,"enemies":"Jaw Worm","floor":1.0,"turns":1.0},{"damage":0.0,"enemies":"Cultist","floor":3.0,"turns":1.0},{"damage":0.0,"enemies":"Gremlin Nob","floor":7.0,"turns":1.0},{"damage":0.0,"enemies":"Small Slimes","floor":11.0,"turns":2.0},{"damage":8.0,"enemies":"3 Sentries","floor":12.0,"turns":8.0},{"damage":0.0,"enemies":"Looter","floor":13.0,"turns":3.0},{"damage":6.0,"enemies":"Exordium Wildlife","floor":14.0,"turns":3.0},{"damage":22.0,"enemies":"Slime Boss","floor":16.0,"turns":10.0},{"damage":2.0,"enemies":"Spheric Guardian","floor":18.0,"turns":3.0},{"damage":9.0,"enemies":"Shell Parasite","floor":20.0,"turns":6.0},{"damage":22.0,"enemies":"3 Cultists","floor":21.0,"turns":5.0},{"damage":5.0,"enemies":"Book of Stabbing","floor":23.0,"turns":5.0},{"damage":3.0,"enemies":"Gremlin Leader","floor":25.0,"turns":6.0},{"damage":1.0,"enemies":"Chosen and Byrds","floor":30.0,"turns":4.0},{"damage":0.0,"enemies":"Book of Stabbing","floor":31.0,"turns":6.0},{"damage":29.0,"enemies":"Champ","floor":33.0,"turns":13.0},{"damage":2.0,"enemies":"Orb Walker","floor":35.0,"turns":3.0},{"damage":24.0,"enemies":"3 Darklings","floor":37.0,"turns":11.0},{"damage":2.0,"enemies":"Maw","floor":38.0,"turns":8.0},{"damage":2.0,"enemies":"Giant Head","floor":41.0,"turns":6.0},{"damage":5.0,"enemies":"Nemesis","floor":44.0,"turns":9.0},{"damage":8.0,"enemies":"Sphere and 2 Shapes","floor":45.0,"turns":4.0},{"damage":0.0,"enemies":"Writhing Mass","floor":48.0,"turns":2.0},{"damage":19.0,"enemies":"Time Eater","floor":50.0,"turns":4.0},{"damage":35,"enemies":"Donu and Deca","floor":51,"turns":8},{"damage":23,"enemies":"Shield and Spear","floor":55,"turns":8},{"damage":60,"enemies":"The Heart","floor":56,"turns":5}],"seed_played":"-7430837183495899841","potions_obtained":[{"floor":7.0,"key":"Swift Potion"},{"floor":11.0,"key":"DistilledChaos"},{"floor":21.0,"key":"Poison Potion"},{"floor":25.0,"key":"Poison Potion"},{"floor":31.0,"key":"GamblersBrew"},{"floor":44.0,"key":"PowerPotion"},{"floor":55,"key":"LiquidBronze"}],"is_trial":false,"path_per_floor":["M","?","M","$","?","R","E","R","T","$","M","E","M","M","R","B",null,"M","?","M","M","$","E","R","E","T","R","?","$","M","E","R","B",null,"M","?","M","M","$","R","E","T","T","E","M","T","R","M","R","B","B",null,"R","$","E","B"],"character_chosen":"THE_SILENT","items_purchased":["Bouncing Flask","Noxious Fumes","TwistedFunnel","SkillPotion"],"campfire_rested":1,"item_purchase_floors":[10,10,10,54],"current_hp_per_floor":[59,59,59,59,59,59,59,59,59,59,59,51,51,45,45,23,55,53,47,38,16,16,11,11,8,8,27,27,42,41,41,41,12,53,51,51,27,25,40,40,38,38,38,33,25,25,25,25,25,31,21,55,55,66,43,6,6],"gold":52,"neow_bonus":"THREE_ENEMY_KILL","is_daily":false,"chose_seed":false,"campfire_upgraded":8,"win_rate":0.0,"timestamp":1613895574,"path_taken":["M","?","M","$","?","R","E","R","T","$","M","E","M","?","R","BOSS","M","?","?","M","$","E","R","E","T","R","?","?","M","E","R","BOSS","M","?","M","?","$","R","E","?","T","E","M","?","R","M","R","BOSS","BOSS","R","$","E","BOSS"],"items_purchased_type":["Card","Card","Relic","Potion"],"build_version":"2020-12-22","purchased_purges":6,"victory":false,"max_hp_per_floor":[66,66,66,66,66,66,66,66,66,66,66,66,66,66,66,66,66,66,66,66,66,66,66,66,66,66,66,66,66,66,66,66,66,66,66,66,66,66,66,66,66,66,66,66,66,66,66,66,66,66,66,66,66,66,66,66,66],"card_choices":[{"not_picked":["Deadly Poison","Acrobatics"],"picked":"Leg Sweep","floor":1.0},{"not_picked":["All Out Attack","Well Laid Plans"],"picked":"PiercingWail","floor":3.0},{"not_picked":["All Out Attack","Underhanded Strike"],"picked":"Catalyst","floor":7.0},{"not_picked":["Backflip","Setup"],"picked":"Bane","floor":11.0},{"not_picked":["Predator","Sucker Punch"],"picked":"Deadly Poison","floor":12.0},{"not_picked":["Noxious Fumes","Prepared","Cloak And Dagger"],"picked":"SKIP","floor":13.0},{"not_picked":["Crippling Poison","Deflect"],"picked":"Dodge and Roll","floor":14.0},{"not_picked":["Adrenaline","Doppelganger"],"picked":"Night Terror","floor":16.0},{"not_picked":["Backflip","Dagger Spray","Backstab"],"picked":"SKIP","floor":18.0},{"not_picked":["Expertise","Poisoned Stab"],"picked":"Heel Hook","floor":20.0},{"not_picked":["Quick Slash","Slice","Distraction"],"picked":"SKIP","floor":21.0},{"not_picked":["Dagger Throw","Flying Knee"],"picked":"Burst","floor":23.0},{"not_picked":["Outmaneuver","Sucker Punch"],"picked":"Wraith Form v2","floor":25.0},{"not_picked":["Terror","All Out Attack","Backflip"],"picked":"SKIP","floor":30.0},{"not_picked":["Outmaneuver","Slice","Blade Dance"],"picked":"SKIP","floor":30.0},{"not_picked":["Riddle With Holes","Flying Knee"],"picked":"Deflect","floor":31.0},{"not_picked":["Phantasmal Killer","Storm of Steel"],"picked":"Venomology","floor":33.0},{"not_picked":["Setup","Poisoned Stab+1","Backflip+1"],"picked":"SKIP","floor":35.0},{"not_picked":["Deadly Poison","Bane","Underhanded Strike"],"picked":"SKIP","floor":35.0},{"not_picked":["Acrobatics","Riddle With Holes","Underhanded Strike"],"picked":"SKIP","floor":37.0},{"not_picked":["Crippling Poison+1","Outmaneuver","Distraction"],"picked":"SKIP","floor":37.0},{"not_picked":["Backflip","Slice"],"picked":"PiercingWail","floor":38.0},{"not_picked":["Storm of Steel","Choke+1","Deflect"],"picked":"SKIP","floor":38.0},{"not_picked":["Dodge and Roll","Deflect"],"picked":"Expertise","floor":41.0},{"not_picked":["Slice","Deadly Poison","Distraction"],"picked":"SKIP","floor":44.0},{"not_picked":["Calculated Gamble","Riddle With Holes","Distraction"],"picked":"SKIP","floor":45.0},{"not_picked":["Dagger Spray","Backstab","Cloak And Dagger"],"picked":"SKIP","floor":45.0},{"not_picked":["Poisoned Stab","Dagger Spray"],"picked":"Acrobatics+1","floor":48.0},{"not_picked":["Choke","Poisoned Stab","Terror"],"picked":"SKIP","floor":48.0},{"not_picked":["Concentrate","Reflex","Finisher"],"picked":"SKIP","floor":55}],"player_experience":1236499,"relics_obtained":[{"floor":7.0,"key":"CaptainsWheel"},{"floor":9.0,"key":"Lantern"},{"floor":12.0,"key":"Bag of Marbles"},{"floor":23.0,"key":"MealTicket"},{"floor":25.0,"key":"Prayer Wheel"},{"floor":26.0,"key":"Omamori"},{"floor":31.0,"key":"Tiny Chest"},{"floor":41.0,"key":"Pantograph"},{"floor":43.0,"key":"Gambling Chip"},{"floor":44.0,"key":"Mercury Hourglass"},{"floor":46.0,"key":"White Beast Statue"},{"floor":55,"key":"Bottled Tornado"}],"event_choices":[{"damage_healed":0.0,"max_hp_gain":0.0,"max_hp_loss":0.0,"gold_gain":150.0,"event_name":"Liars Game","player_choice":"AGREE","floor":2.0,"gold_loss":0.0,"damage_taken":0.0,"cards_obtained":["Doubt"]},{"damage_healed":0.0,"max_hp_gain":0.0,"max_hp_loss":0.0,"gold_gain":275.0,"event_name":"Golden Shrine","player_choice":"Desecrate","floor":5.0,"gold_loss":0.0,"damage_taken":0.0,"cards_obtained":["Regret"]},{"damage_healed":0.0,"max_hp_gain":0.0,"max_hp_loss":0.0,"gold_gain":50.0,"event_name":"FaceTrader","player_choice":"Touch","floor":19.0,"gold_loss":0.0,"damage_taken":6.0},{"damage_healed":0.0,"max_hp_gain":0.0,"max_hp_loss":0.0,"gold_gain":0.0,"event_name":"Ghosts","player_choice":"Ignored","floor":28.0,"gold_loss":0.0,"damage_taken":0.0},{"damage_healed":0.0,"max_hp_gain":0.0,"max_hp_loss":0.0,"gold_gain":0.0,"event_name":"Match and Keep!","player_choice":"0 cards matched","floor":36.0,"gold_loss":0.0,"damage_taken":0.0,"cards_obtained":[]}],"is_beta":false,"boss_relics":[{"not_picked":["Black Star","HoveringKite"],"picked":"SlaversCollar"},{"not_picked":["Astrolabe","Sozu"],"picked":"Velvet Choker"}],"items_purged_floors":[4,10,22,29,39,54],"is_endless":false,"potions_floor_spawned":[7,11,13,14,21,25,31,35,44,48,55],"killed_by":"The Heart","ascension_level":20}}