{"host":"ywif2ugnepgiw45s","time":1613941032,"event":{"mods":["Act Like it!","BaseMod","Better Skull","Bossed Relics","Downfall","GifTheSpireLib","Gremlin Mod","Hermit","Lobotomy","Mimic Mod","Minty Spire (QoL Compilation)","Quick Restart","READ ME - Guardian Mod","Replay The Spire","Shade Mod","Shapeshifter Mod","Shop Mod","StSLib","The Cursed","The Exalted","The Hierophant","The Jungle","The Necromancer","The Servant 0.9.4"],"gold_per_floor":[116,391,404,447,269,319,352,352,352,387,398,398,417,444,444,545,545,562,573,592,610,411,411,443,443,467,467,485,518,534,548,548,650,650,667,667,679,699,636,665,681,681,734,734,786,786,798,826,826,826,826],"floor_reached":50,"language":"ENG","playtime":2499,"items_purged":["Regret","downfall:Malfunctioning","Parasite"],"score":924,"play_id":"365cc151-1ac7-440e-beed-c0bb4dc37702","local_time":"20210221155712","is_ascension_mode":true,"campfire_choices":[{"data":"Summon_Lich","floor":12,"key":"SMITH"},{"data":"Summon_Undead_Army","floor":12,"key":"SMITH"},{"floor":15,"key":"DIG"},{"data":"Spectral_Walk","floor":23,"key":"SMITH"},{"data":"Bone_Wall","floor":23,"key":"SMITH"},{"data":"Bone_Shift","floor":27,"key":"SMITH"},{"data":"Shade_Step","floor":27,"key":"SMITH"},{"floor":32,"key":"DIG"},{"floor":42,"key":"RECALL"},{"data":"ReplayTheSpireMod:Faulty Equipment","floor":44,"key":"SMITH"},{"data":"Plague_Bolt","floor":44,"key":"SMITH"},{"data":"Negative_Energy_Arrows","floor":49,"key":"SMITH"},{"data":"Defend_W","floor":49,"key":"SMITH"}],"circlet_count":0,"master_deck":["Strike_W","Strike_W","Strike_W","Strike_W","Defend_W+1","Defend_W+1","Defend_W+1","Defend_W","Negative_Energy_Arrows+1","Bone_Wall+1","Finesse","Summon_Undead_Army+1","Shade_Step+1","Cloudkill+1","Voices","Summon_Lich+1","Spectral_Walk+1","Skeleton_Dragon+1","Summon_Death_Knight+1","Bone_Shift+1","Replay:Hysterical Blindness","Plague_Bolt+1","Delirium"],"relics":["Vampire_Amulet","MawBank","ReplayTheSpireMod:Ring of Collecting","Ring of Greed","Membership Card","Golden Egg","Guardian:PocketSentry","Ring of Peace","Replay:Arrowhead","Ornamental Fan","War Paint","Singing Bowl","Sozu","MerchantsRug","Juzu Bracelet","ReplayTheSpireMod:Ninjato","Ring of Fury","ReplayTheSpireMod:Lightbulb","Regal Pillow","Runic Pyramid","Akabeko","ReplayTheSpireMod:Ring of Sloth","Centennial Puzzle","Replay:Towering Pillar of Hats","Anchor"],"acts_visited":["Exordium","TheCity","TheBeyond"],"potions_floor_usage":[10,16],"damage_taken":[{"damage":2,"enemies":"Jaw Worm","floor":1,"turns":5},{"damage":4,"enemies":"Cultist","floor":3,"turns":4},{"damage":21,"enemies":"Gremlin Nob","floor":7,"turns":4},{"damage":0,"enemies":"3 Sentries","floor":10,"turns":5},{"damage":0,"enemies":"Small Slimes","floor":11,"turns":3},{"damage":0,"enemies":"3 Louse","floor":13,"turns":3},{"damage":7,"enemies":"Lagavulin","floor":14,"turns":5},{"damage":0,"enemies":"Fading Forest","floor":16,"turns":11},{"damage":0,"enemies":"Shell Parasite","floor":18,"turns":4},{"damage":0,"enemies":"Chosen","floor":19,"turns":4},{"damage":0,"enemies":"Centurion and Healer","floor":20,"turns":5},{"damage":0,"enemies":"Cultist and Chosen","floor":21,"turns":5},{"damage":0,"enemies":"Gremlin Leader","floor":24,"turns":6},{"damage":0,"enemies":"3 Cultists","floor":28,"turns":3},{"damage":19,"enemies":"Book of Stabbing","floor":29,"turns":6},{"damage":1,"enemies":"Centurion and Healer","floor":30,"turns":5},{"damage":12,"enemies":"Snake Plant","floor":31,"turns":3},{"damage":68,"enemies":"Pondfish","floor":33,"turns":10},{"damage":0,"enemies":"3 Shapes","floor":35,"turns":3},{"damage":0,"enemies":"Orb Walker","floor":37,"turns":4},{"damage":0,"enemies":"Maw","floor":38,"turns":8},{"damage":0,"enemies":"R_Hoarder","floor":40,"turns":9},{"damage":6,"enemies":"4 Shapes","floor":41,"turns":4},{"damage":20,"enemies":"2 Orb Walkers","floor":45,"turns":4},{"damage":11,"enemies":"Writhing Mass","floor":47,"turns":5},{"damage":10,"enemies":"Reptomancer","floor":48,"turns":5},{"damage":85,"enemies":"Time Eater","floor":50,"turns":13}],"seed_played":"645983014548853139","potions_obtained":[{"floor":3,"key":"BlessingOfTheForge"},{"floor":4,"key":"DuplicationPotion"},{"floor":7,"key":"Ancient Potion"},{"floor":11,"key":"DuplicationPotion"},{"floor":16,"key":"sneckomod:MuddlingPotion"}],"is_trial":false,"path_per_floor":["M","?","M","?","$","?","E","?","T","E","M","R","M","E","R","B",null,"M","M","M","M","$","R","E","?","T","R","M","E","M","M","R","B",null,"M","?","M","M","$","E","M","R","T","R","?","?","M","E","R","B"],"character_chosen":"NECROMANCER","items_purchased":["Cloudkill+1","MerchantsRug","Juzu Bracelet"],"campfire_rested":0,"item_purchase_floors":[5,22,22],"current_hp_per_floor":[75,75,73,55,55,55,36,36,36,42,46,46,52,47,47,75,75,77,79,81,83,83,83,85,85,85,85,87,72,77,69,69,7,95,97,92,94,96,93,93,95,95,95,95,81,81,74,76,76,0,0],"gold":826,"neow_bonus":"RANDOM_COLORLESS","is_daily":false,"chose_seed":false,"campfire_upgraded":10,"win_rate":0.0,"timestamp":1613941032,"path_taken":["M","?","?","?","$","?","E","?","T","E","M","R","M","E","R","BOSS","M","M","?","?","$","R","E","?","T","R","M","E","M","M","R","BOSS","M","?","M","M","$","E","M","R","T","R","?","?","M","E","R","BOSS"],"items_purchased_type":["Card","Relic","Relic"],"build_version":"2020-12-22","purchased_purges":3,"victory":false,"max_hp_per_floor":[75,75,75,75,75,75,75,75,75,75,75,75,75,75,75,75,75,77,79,81,83,83,83,85,85,85,85,87,89,91,93,93,95,95,97,92,94,96,93,93,95,95,95,95,97,97,99,101,101,101,101],"card_choices":[{"not_picked":["Impatience","Panacea"],"picked":"Finesse","floor":0},{"not_picked":["Bone_Bullets","Whirlwind_of_Bones"],"picked":"Summon_Undead_Army","floor":1},{"not_picked":["Bone_Bullets","Flesh_Made_Foul","Death_Knell"],"picked":"SKIP","floor":3},{"not_picked":["Whirlwind_of_Bones","Finger_Of_Death"],"picked":"Shade_Step","floor":4},{"not_picked":["Bone_Armory","Blood_Is_Power","Bone_Shift"],"picked":"SKIP","floor":7},{"not_picked":["Bone_Spikes","Finger_Of_Death","Bones_to_Steel"],"picked":"SKIP","floor":10},{"not_picked":["Bone_Prison","Negative_Energy_Burst"],"picked":"Summon_Lich","floor":11},{"not_picked":["Blood_Curse","Slay_Living"],"picked":"Spectral_Walk","floor":13},{"not_picked":["Bone_Bullets","Bone_Armor"],"picked":"Skeleton_Dragon","floor":14},{"not_picked":["Hellfire","Detonate_Bones"],"picked":"Summon_Death_Knight","floor":16},{"not_picked":["Negative_Energy_Mist","Negative_Energy_Sphere","Negative_Energy_Burst"],"picked":"Singing Bowl","floor":18},{"not_picked":["Vampiric_Strike","Death_March_Dance+1","Finger_Of_Death+1"],"picked":"Singing Bowl","floor":19},{"not_picked":["Spectral_Walk","Bone_Bullets","Bone_Spikes"],"picked":"Singing Bowl","floor":20},{"not_picked":["Bones_to_Steel","Negative_Energy_Shield+1","Negative_Energy_Mist"],"picked":"Singing Bowl","floor":21},{"not_picked":["Negative_Energy_Mist","Spectral_Walk","Necromantic_Selection+1"],"picked":"Singing Bowl","floor":24},{"not_picked":["Death_Knell+1","Negative_Energy_Sphere","Spectral_Walk+1"],"picked":"Singing Bowl","floor":28},{"not_picked":["Stop_Heart","Negative_Energy_Shield","Blood_Is_Power"],"picked":"Singing Bowl","floor":29},{"not_picked":["Hellfire","Chill_Blood","Vampiric_Strike"],"picked":"Singing Bowl","floor":30},{"not_picked":["Bone_Spikes","Bone_Shift","Blood_Curse"],"picked":"Singing Bowl","floor":31},{"not_picked":["Reap_The_Weak","Hellfire","Cloudkill"],"picked":"Singing Bowl","floor":33},{"not_picked":["Chill_Blood","Necrotic_Claws+1","Bone_Bullets"],"picked":"Singing Bowl","floor":35},{"not_picked":["Negative_Energy_Mist","Slay_Living+1","Necromantic_Selection"],"picked":"Singing Bowl","floor":37},{"not_picked":["Blood_Curse","Finger_Of_Death+1","Bones_to_Steel+1"],"picked":"Singing Bowl","floor":38},{"not_picked":["Slay_Living","Bone_Bullets+1"],"picked":"Plague_Bolt","floor":40},{"not_picked":["Chill_Blood+1","Negative_Energy_Javelin","Vampiric_Strike"],"picked":"Singing Bowl","floor":41},{"not_picked":["Violent_Necrosis+1","Shade_Step+1","Chill_Blood"],"picked":"Singing Bowl","floor":45},{"not_picked":["Reap_The_Weak","Finger_Of_Death","Consume_Illness+1"],"picked":"Singing Bowl","floor":47},{"not_picked":["Bone_Spikes","Epidemic+1","Death_March_Dance"],"picked":"Singing Bowl","floor":48}],"player_experience":1836562,"relics_obtained":[{"floor":4,"key":"MawBank"},{"floor":6,"key":"ReplayTheSpireMod:Ring of Collecting"},{"floor":6,"key":"Ring of Greed"},{"floor":6,"key":"Membership Card"},{"floor":6,"key":"Golden Egg"},{"floor":7,"key":"Guardian:PocketSentry"},{"floor":9,"key":"Ring of Peace"},{"floor":9,"key":"Replay:Arrowhead"},{"floor":10,"key":"Ornamental Fan"},{"floor":14,"key":"War Paint"},{"floor":15,"key":"Singing Bowl"},{"floor":24,"key":"ReplayTheSpireMod:Ninjato"},{"floor":26,"key":"Ring of Fury"},{"floor":29,"key":"ReplayTheSpireMod:Lightbulb"},{"floor":32,"key":"Regal Pillow"},{"floor":40,"key":"Akabeko"},{"floor":43,"key":"ReplayTheSpireMod:Ring of Sloth"},{"floor":43,"key":"Centennial Puzzle"},{"floor":45,"key":"Replay:Towering Pillar of Hats"},{"floor":48,"key":"Anchor"}],"event_choices":[{"damage_healed":0,"gold_gain":275,"player_choice":"Desecrate","damage_taken":0,"max_hp_gain":0,"max_hp_loss":0,"event_name":"Golden Shrine","floor":2,"gold_loss":0,"cards_obtained":["Regret"]},{"damage_healed":0,"gold_gain":0,"player_choice":"Bought 0 Potions","damage_taken":0,"max_hp_gain":0,"max_hp_loss":0,"event_name":"The Woman in Blue","floor":8,"gold_loss":0},{"damage_healed":0,"gold_gain":0,"player_choice":"Read","damage_taken":0,"max_hp_gain":0,"max_hp_loss":0,"event_name":"The Library","floor":25,"gold_loss":0,"cards_obtained":["Bone_Shift"]},{"damage_healed":0,"gold_gain":0,"player_choice":"Max HP","damage_taken":0,"max_hp_gain":0,"max_hp_loss":5,"event_name":"Winding Halls","floor":36,"gold_loss":0},{"damage_healed":0,"gold_gain":0,"player_choice":"Fight","damage_taken":0,"max_hp_gain":0,"max_hp_loss":0,"event_name":"Mysterious Sphere","floor":45,"gold_loss":0},{"damage_healed":0,"gold_gain":0,"player_choice":"Ignored","damage_taken":0,"max_hp_gain":0,"max_hp_loss":0,"event_name":"Tomb of Lord Red Mask","floor":46,"gold_loss":0}],"is_beta":false,"boss_relics":[{"not_picked":["Calling Bell","Abe\u0027s Treasure"],"picked":"Sozu"},{"not_picked":["Replay:Grab Bag","bronze:MakeshiftBattery"],"picked":"Runic Pyramid"}],"items_purged_floors":[5,22,39],"is_endless":false,"potions_floor_spawned":[3,7,11,14,16,18,19,28,29,31,33,38,40,47],"killed_by":"Time Eater","ascension_level":4}}