{"host":"tnmp9bkutp0enjo6","time":1613922796,"event":{"mods":["2.2 Compatiblity","AchievementEnabler","Bard","BaseMod","Block Reminder","Colored Powertips","Highlight Path","Minty Spire (QoL Compilation)","Quick Restart","Random Character Button","Rare Cards Sparkle","Relic Stats","StSLib","The Poker Player","The Problem Sleuth","The Senshi"],"gold_per_floor":[114,289,364,364,97,127,127,157,169,181,223,265,277,319,331,443,455,482,494,506,533,23,53,53,83,158,188,3,3,3,18,18,118,118,133,133,133,148,148,178,178,208,208,538,538,538,568,250,250,250],"floor_reached":51,"language":"ENG","playtime":2178,"items_purged":[],"score":1097,"play_id":"843baee9-ee81-4814-9e28-7fef253e617a","local_time":"20210221165316","daily_mods":["SealedDeck","Flight","Elite Swarm"],"is_ascension_mode":false,"campfire_choices":[{"floor":10.0,"key":"REST"},{"data":"Barricade","floor":13.0,"key":"SMITH"},{"floor":15.0,"key":"REST"},{"floor":24.0,"key":"REST"},{"floor":29.0,"key":"REST"},{"data":"Offering","floor":32.0,"key":"SMITH"},{"floor":41.0,"key":"REST"},{"floor":45,"key":"REST"},{"data":"Berserk","floor":49,"key":"SMITH"}],"circlet_count":0,"master_deck":["Pommel Strike","Anger","Twin Strike","Pommel Strike","Anger","Inflame+1","Armaments+1","Armaments+1","Anger","Anger","Anger","Barricade+1","Flex+1","Anger","Offering+1","Bludgeon","Brutality","Berserk+1","Feed+1","Flex+1","Sword Boomerang+1","Sword Boomerang+1","Limit Break+1","Bludgeon+1","Reaper+1","Pummel+1","Iron Wave+1","Double Tap+1","Power Through","Armaments+1","Berserk","Demon Form","Demon Form+1","Bludgeon+1","Panache+1","Body Slam+1","Warcry+1","Finesse+1","Twin Strike+1","Dual Wield+1"],"relics":["Burning Blood","Magic Flower","MawBank","Molten Egg 2","Peace Pipe","Oddly Smooth Stone","Strawberry","Sozu","Kunai","Self Forming Clay","Matryoshka","Boot","War Paint","Eternal Feather","Letter Opener","Membership Card","Black Star","Singing Bowl","Nunchaku","PreservedInsect","Toxic Egg 2","Pen Nib","Frozen Egg 2","Old Coin","CaptainsWheel","Ornamental Fan","Toy Ornithopter","Blood Vial","Juzu Bracelet"],"acts_visited":["Exordium","TheCity","TheBeyond"],"potions_floor_usage":[],"damage_taken":[{"damage":0.0,"enemies":"Small Slimes","floor":1.0,"turns":2.0},{"damage":8.0,"enemies":"Gremlin Nob","floor":6.0,"turns":3.0},{"damage":18.0,"enemies":"Lagavulin","floor":8.0,"turns":4.0},{"damage":6.0,"enemies":"Gremlin Nob","floor":11.0,"turns":2.0},{"damage":13.0,"enemies":"Lagavulin","floor":12.0,"turns":5.0},{"damage":16.0,"enemies":"Gremlin Nob","floor":14.0,"turns":3.0},{"damage":56.0,"enemies":"The Guardian","floor":16.0,"turns":6.0},{"damage":0.0,"enemies":"Chosen","floor":18.0,"turns":3.0},{"damage":16.0,"enemies":"2 Thieves","floor":21.0,"turns":2.0},{"damage":32.0,"enemies":"Book of Stabbing","floor":23.0,"turns":3.0},{"damage":35.0,"enemies":"Slavers","floor":25.0,"turns":2.0},{"damage":40.0,"enemies":"Gremlin Leader","floor":27.0,"turns":5.0},{"damage":16.0,"enemies":"Cultist and Chosen","floor":31.0,"turns":3.0},{"damage":6.0,"enemies":"Collector","floor":33.0,"turns":3.0},{"damage":19.0,"enemies":"3 Darklings","floor":35.0,"turns":4.0},{"damage":27.0,"enemies":"3 Shapes","floor":38.0,"turns":3.0},{"damage":71.0,"enemies":"Reptomancer","floor":40.0,"turns":5.0},{"damage":32.0,"enemies":"Giant Head","floor":42.0,"turns":5.0},{"damage":51,"enemies":"Nemesis","floor":44,"turns":3},{"damage":26,"enemies":"Reptomancer","floor":47,"turns":4},{"damage":68,"enemies":"Donu and Deca","floor":50,"turns":6}],"seed_played":"-7397021786818157212","potions_obtained":[{"floor":6.0,"key":"FearPotion"},{"floor":11.0,"key":"EssenceOfSteel"}],"is_trial":false,"path_per_floor":["M","?","?","?","$","E","?","E","T","R","E","E","R","E","R","B",null,"M","?","?","M","$","E","R","E","T","E","$","R","?","M","R","B",null,"M","?","?","M","?","E","R","E","T","E","R","T","E","$","R","B",null],"character_chosen":"IRONCLAD","items_purchased":["Barricade","Flex","Anger","Kunai","Self Forming Clay","Sword Boomerang+1","Membership Card","Pummel+1","Panache+1","Juzu Bracelet","Body Slam+1","Warcry+1","Finesse+1","Twin Strike+1","Dual Wield+1"],"campfire_rested":6,"item_purchase_floors":[5,5,5,22,22,22,28,28,48,48,48,48,48,48,48],"current_hp_per_floor":[80,80,69,62,62,60,44,35,35,59,62,58,58,58,84,37,87,91,91,91,88,88,65,93,73,73,42,42,86,86,85,100,103,103,103,103,103,90,90,52,100,94,94,61,103,103,92,92,107,87],"gold":250,"neow_bonus":"","is_daily":true,"chose_seed":false,"campfire_upgraded":3,"win_rate":0.0,"timestamp":1613922796,"path_taken":["M","?","?","?","$","E","?","E","T","R","E","E","R","E","R","BOSS","M","?","?","M","$","E","R","E","T","E","$","R","?","?","R","BOSS","M","?","?","?","?","E","R","E","T","E","R","?","E","$","R","BOSS"],"items_purchased_type":["Card","Card","Card","Relic","Relic","Card","Relic","Card","Card","Relic","Card","Card","Card","Card","Card"],"build_version":"2020-12-22","purchased_purges":0,"victory":true,"max_hp_per_floor":[80,80,80,80,80,80,80,80,80,80,80,80,80,87,87,87,87,91,91,91,95,95,95,95,99,99,99,99,99,99,103,103,103,103,103,103,103,103,103,103,103,103,103,103,103,103,107,107,107,111],"relic_stats":{"Singing Bowl":0,"counters":[21,76],"Self Forming Clay":[111],"Magic Flower":[87],"Eternal Feather":81,"PreservedInsect":105,"Pen Nib":[4],"Juzu Bracelet":0,"Letter Opener":[40],"War Paint":["Flex","Limit Break"],"MawBank":168,"Boot":[46],"Burning Blood":159,"Peace Pipe":0,"Sozu":6,"Blood Vial":0,"Nunchaku":[6],"Ornamental Fan":[32],"Black Star":4,"Kunai":[36],"obtain_stats":[{"Singing Bowl":40,"Magic Flower":6,"Juzu Bracelet":48,"Boot":25,"Burning Blood":0,"Old Coin":44,"Sozu":17,"Blood Vial":47,"Nunchaku":40,"Matryoshka":23,"Strawberry":14,"Kunai":22,"Toxic Egg 2":42,"Self Forming Clay":22,"Oddly Smooth Stone":12,"Eternal Feather":26,"PreservedInsect":42,"Pen Nib":43,"Letter Opener":27,"War Paint":26,"Frozen Egg 2":43,"MawBank":8,"Peace Pipe":11,"CaptainsWheel":44,"Ornamental Fan":46,"Molten Egg 2":9,"Black Star":34,"Membership Card":28,"Toy Ornithopter":47},{"Singing Bowl":17,"Magic Flower":2,"Juzu Bracelet":20,"Boot":11,"Burning Blood":0,"Old Coin":19,"Sozu":7,"Blood Vial":20,"Nunchaku":17,"Matryoshka":10,"Strawberry":6,"Kunai":9,"Toxic Egg 2":18,"Self Forming Clay":9,"Oddly Smooth Stone":5,"Eternal Feather":11,"PreservedInsect":18,"Pen Nib":18,"Letter Opener":12,"War Paint":11,"Frozen Egg 2":18,"MawBank":3,"Peace Pipe":4,"CaptainsWheel":19,"Ornamental Fan":19,"Molten Egg 2":3,"Black Star":14,"Membership Card":12,"Toy Ornithopter":20},{"Singing Bowl":58,"Magic Flower":5,"Juzu Bracelet":70,"Boot":35,"Burning Blood":0,"Old Coin":66,"Sozu":25,"Blood Vial":70,"Nunchaku":58,"Matryoshka":33,"Strawberry":19,"Kunai":30,"Toxic Egg 2":63,"Self Forming Clay":30,"Oddly Smooth Stone":16,"Eternal Feather":35,"PreservedInsect":63,"Pen Nib":63,"Letter Opener":40,"War Paint":35,"Frozen Egg 2":63,"MawBank":9,"Peace Pipe":11,"CaptainsWheel":66,"Ornamental Fan":66,"Molten Egg 2":9,"Black Star":46,"Membership Card":40,"Toy Ornithopter":70}],"Toy Ornithopter":0},"card_choices":[{"not_picked":["Evolve","Armaments"],"picked":"Anger","floor":1.0},{"not_picked":["Corruption","Barricade"],"picked":"Offering","floor":6.0},{"not_picked":["Juggernaut","Fiend Fire"],"picked":"Bludgeon","floor":8.0},{"not_picked":["Barricade","Corruption"],"picked":"Brutality","floor":11.0},{"not_picked":["Exhume","Barricade"],"picked":"Berserk","floor":12.0},{"not_picked":["Juggernaut","Corruption"],"picked":"Feed+1","floor":14.0},{"not_picked":["Barricade","Immolate+1"],"picked":"Berserk","floor":16.0},{"not_picked":["Rage+1","Burning Pact+1"],"picked":"Flex+1","floor":18.0},{"not_picked":["Thunderclap+1","Bloodletting"],"picked":"Sword Boomerang+1","floor":21.0},{"not_picked":["Corruption","Brutality"],"picked":"Limit Break","floor":23.0},{"not_picked":["Corruption","Brutality"],"picked":"Bludgeon+1","floor":25.0},{"not_picked":["Fiend Fire+1","Limit Break"],"picked":"Reaper+1","floor":27.0},{"not_picked":["Power Through+1","Cleave+1"],"picked":"Iron Wave+1","floor":31.0},{"not_picked":["Feed+1","Offering"],"picked":"Double Tap","floor":33.0},{"not_picked":["Sword Boomerang+1","Uppercut+1"],"picked":"Power Through","floor":35.0},{"not_picked":["Clothesline+1","Power Through"],"picked":"Armaments+1","floor":38.0},{"not_picked":["Double Tap","Juggernaut"],"picked":"Berserk","floor":40.0},{"not_picked":["Limit Break+1","Brutality"],"picked":"Demon Form","floor":42.0},{"not_picked":["Impervious+1","Corruption+1"],"picked":"Demon Form+1","floor":44},{"not_picked":["Juggernaut+1","Offering+1"],"picked":"Bludgeon+1","floor":47}],"player_experience":196853,"relics_obtained":[{"floor":6.0,"key":"Magic Flower"},{"floor":8.0,"key":"MawBank"},{"floor":9.0,"key":"Molten Egg 2"},{"floor":11.0,"key":"Peace Pipe"},{"floor":12.0,"key":"Oddly Smooth Stone"},{"floor":14.0,"key":"Strawberry"},{"floor":23.0,"key":"Matryoshka"},{"floor":25.0,"key":"Boot"},{"floor":26.0,"key":"War Paint"},{"floor":26.0,"key":"Eternal Feather"},{"floor":27.0,"key":"Letter Opener"},{"floor":40.0,"key":"Singing Bowl"},{"floor":40.0,"key":"Nunchaku"},{"floor":42.0,"key":"PreservedInsect"},{"floor":42.0,"key":"Toxic Egg 2"},{"floor":43.0,"key":"Pen Nib"},{"floor":43.0,"key":"Frozen Egg 2"},{"floor":44,"key":"Old Coin"},{"floor":44,"key":"CaptainsWheel"},{"floor":46,"key":"Ornamental Fan"},{"floor":47,"key":"Toy Ornithopter"},{"floor":47,"key":"Blood Vial"}],"event_choices":[{"damage_healed":0.0,"max_hp_gain":0.0,"max_hp_loss":0.0,"gold_gain":175.0,"event_name":"Liars Game","player_choice":"AGREE","floor":2.0,"gold_loss":0.0,"damage_taken":0.0,"cards_obtained":["Doubt"]},{"damage_healed":0.0,"max_hp_gain":0.0,"max_hp_loss":0.0,"gold_gain":75.0,"event_name":"World of Goop","player_choice":"Gather Gold","floor":3.0,"gold_loss":0.0,"damage_taken":11.0},{"cards_removed":["Doubt"],"damage_healed":0.0,"max_hp_gain":0.0,"max_hp_loss":0.0,"gold_gain":0.0,"event_name":"Golden Wing","player_choice":"Card Removal","floor":4.0,"gold_loss":0.0,"damage_taken":7.0},{"damage_healed":0.0,"max_hp_gain":0.0,"max_hp_loss":0.0,"gold_gain":0.0,"event_name":"Shining Light","player_choice":"Entered Light","floor":7.0,"gold_loss":0.0,"damage_taken":16.0,"cards_upgraded":["Inflame","Armaments"]},{"damage_healed":0.0,"max_hp_gain":0.0,"max_hp_loss":0.0,"gold_gain":0.0,"event_name":"Beggar","player_choice":"Ignored","floor":19.0,"gold_loss":0.0,"damage_taken":0.0},{"damage_healed":0.0,"max_hp_gain":0.0,"max_hp_loss":0.0,"gold_gain":0.0,"event_name":"Back to Basics","player_choice":"Simplicity","floor":20.0,"gold_loss":0.0,"damage_taken":0.0,"cards_upgraded":[]},{"damage_healed":0.0,"max_hp_gain":0.0,"max_hp_loss":0.0,"gold_gain":0.0,"event_name":"Upgrade Shrine","player_choice":"Upgraded","floor":30.0,"gold_loss":0.0,"damage_taken":0.0,"cards_upgraded":["Armaments"]},{"damage_healed":0.0,"max_hp_gain":0.0,"max_hp_loss":0.0,"gold_gain":0.0,"event_name":"Accursed Blacksmith","player_choice":"Forge","floor":37.0,"gold_loss":0.0,"damage_taken":0.0,"cards_upgraded":["Double Tap"]},{"cards_removed":["Berserk"],"damage_healed":0.0,"max_hp_gain":0.0,"max_hp_loss":0.0,"gold_gain":0.0,"event_name":"Falling","player_choice":"Removed Power","floor":39.0,"gold_loss":0.0,"damage_taken":0.0}],"is_beta":false,"boss_relics":[{"not_picked":["Cursed Key","theSenshi:MoonKaleidoScopeRelic"],"picked":"Sozu"},{"not_picked":["Tiny House","Philosopher\u0027s Stone"],"picked":"Black Star"}],"items_purged_floors":[],"is_endless":false,"potions_floor_spawned":[6,11,21,25,31,38,42,47],"ascension_level":0}}