{"host":"test","time":1613914888,"event":{"mods":["BaseMod","Colored Map","Colored Powertips","Minty Spire (QoL Compilation)","Relic Stats","SpireBot","StSLib","Twitch Utils","ojb\u0027s Better Paths Mod","ojb\u0027s Info Mod"],"gold_per_floor":[116,135,149,149,172,172,210,230,255,255,278,13,29,100,100,196,196,212,233,158,29,119,159,172,172,199,220,220,260,260,3,3,99,99,123,123,181,212,230,230,570,570,570,570,608,608,305,325,325,325,325,325,325,26,61,61],"floor_reached":57,"language":"JPN","playtime":6076,"items_purged":["Defend_R","Strike_R","Strike_R"],"score":3021,"play_id":"8fbc4abf-5950-47ab-8dde-3d9884e1377f","local_time":"20210221224128","is_ascension_mode":true,"campfire_choices":[{"data":"Clothesline","floor":6,"key":"SMITH"},{"floor":10,"key":"REST"},{"data":"Bash","floor":15,"key":"SMITH"},{"data":"Armaments","floor":25,"key":"SMITH"},{"data":"Pommel Strike","floor":28,"key":"SMITH"},{"data":"Intimidate","floor":32,"key":"SMITH"},{"floor":40,"key":"DIG"},{"floor":44,"key":"DIG"},{"floor":46,"key":"RECALL"},{"floor":49,"key":"DIG"},{"floor":53,"key":"DIG"}],"circlet_count":0,"master_deck":["AscendersBane","Strike_R+1","Defend_R","Defend_R","Defend_R","Bash+1","Clothesline+1","Twin Strike","Sword Boomerang+1","Pommel Strike+1","Pummel","True Grit+1","Impervious+1","Ghostly Armor","Armaments+1","Intimidate+1","Necronomicurse","Headbutt","Offering","Feel No Pain","Bludgeon","Second Wind","Heavy Blade+1","Dark Shackles"],"relics":["Busted Crown","Golden Idol","The Courier","Whetstone","Brimstone","Bag of Preparation","PreservedInsect","Velvet Choker","War Paint","Blood Vial","Oddly Smooth Stone","Necronomicon","Runic Pyramid","Champion Belt","Shovel","Bottled Lightning","Old Coin","Vajra","Smiling Mask","Potion Belt","Anchor","White Beast Statue","Membership Card","Pen Nib","Bag of Marbles","Red Skull"],"acts_visited":["Exordium","TheCity","TheBeyond","TheEnding"],"potions_floor_usage":[7,13,14,19,23,31,56],"damage_taken":[{"damage":2,"enemies":"Cultist","floor":1,"turns":4},{"damage":7,"enemies":"2 Louse","floor":2,"turns":3},{"damage":7,"enemies":"Small Slimes","floor":3,"turns":3},{"damage":14,"enemies":"Exordium Wildlife","floor":5,"turns":4},{"damage":25,"enemies":"3 Sentries","floor":7,"turns":8},{"damage":7,"enemies":"Looter","floor":8,"turns":3},{"damage":4,"enemies":"3 Louse","floor":11,"turns":4},{"damage":2,"enemies":"Exordium Thugs","floor":13,"turns":2},{"damage":4,"enemies":"Lagavulin Event","floor":14,"turns":3},{"damage":0,"enemies":"Slime Boss","floor":16,"turns":3},{"damage":0,"enemies":"Spheric Guardian","floor":18,"turns":3},{"damage":5,"enemies":"3 Byrds","floor":19,"turns":3},{"damage":11,"enemies":"Book of Stabbing","floor":23,"turns":2},{"damage":0,"enemies":"Snecko","floor":24,"turns":3},{"damage":0,"enemies":"Snake Plant","floor":27,"turns":2},{"damage":0,"enemies":"Gremlin Leader","floor":29,"turns":3},{"damage":9,"enemies":"Champ","floor":33,"turns":7},{"damage":0,"enemies":"3 Shapes","floor":35,"turns":4},{"damage":12,"enemies":"2 Orb Walkers","floor":37,"turns":3},{"damage":0,"enemies":"Mind Bloom Boss Battle","floor":38,"turns":4},{"damage":0,"enemies":"Orb Walker","floor":39,"turns":2},{"damage":21,"enemies":"Reptomancer","floor":41,"turns":4},{"damage":0,"enemies":"Giant Head","floor":45,"turns":3},{"damage":0,"enemies":"Transient","floor":48,"turns":6},{"damage":15,"enemies":"Awakened One","floor":50,"turns":7},{"damage":18,"enemies":"Donu and Deca","floor":51,"turns":6},{"damage":4,"enemies":"Shield and Spear","floor":55,"turns":3},{"damage":82,"enemies":"The Heart","floor":56,"turns":7}],"seed_played":"-268876269244254753","potions_obtained":[{"floor":3,"key":"SteroidPotion"},{"floor":7,"key":"Block Potion"},{"floor":8,"key":"BloodPotion"},{"floor":13,"key":"SteroidPotion"},{"floor":14,"key":"Explosive Potion"},{"floor":24,"key":"SmokeBomb"},{"floor":27,"key":"BlessingOfTheForge"}],"is_trial":false,"path_per_floor":["M","M","M","?","M","R","E","M","T","R","M","$","M","?","R","B",null,"M","M","?","$","?","E","M","R","T","M","R","E","?","$","R","B",null,"M","?","?","?","M","R","E","?","T","R","E","R","$","M","R","B","B",null,"R","$","E","B",null],"character_chosen":"IRONCLAD","items_purchased":["Brimstone","Bag of Preparation","DuplicationPotion","BloodPotion","FairyPotion","Headbutt","Potion Belt","LiquidMemories","DuplicationPotion","Membership Card","Dark Shackles","Pen Nib","Bag of Marbles"],"campfire_rested":1,"item_purchase_floors":[12,12,21,31,31,31,47,47,47,54,54,54,54],"current_hp_per_floor":[66,59,52,52,38,38,13,6,6,26,22,22,33,29,29,29,58,58,53,53,53,41,30,30,30,30,32,32,34,13,26,26,19,56,58,58,48,50,52,52,33,33,33,33,35,35,35,37,37,24,8,51,51,51,49,16],"gold":61,"neow_bonus":"BOSS_RELIC","is_daily":false,"chose_seed":true,"campfire_upgraded":5,"win_rate":0.0,"timestamp":1613914888,"path_taken":["M","?","M","?","M","R","E","M","T","R","M","$","M","?","R","BOSS","M","M","?","$","?","E","M","R","T","?","R","E","?","$","R","BOSS","M","?","?","?","M","R","E","?","T","R","E","R","$","?","R","BOSS","BOSS","R","$","E","BOSS"],"items_purchased_type":["Relic","Relic","Potion","Potion","Potion","Card","Relic","Potion","Potion","Relic","Card","Relic","Relic"],"build_version":"2020-12-18","purchased_purges":3,"victory":true,"max_hp_per_floor":[75,75,75,68,68,68,68,68,68,68,68,68,68,68,68,68,68,68,68,68,68,68,68,68,68,68,68,68,68,68,68,68,68,68,68,65,65,65,65,65,65,65,65,65,65,65,65,65,65,65,65,65,65,65,65,65],"relic_stats":{"counters":[28,109],"Golden Idol":225,"PreservedInsect":356,"Pen Nib":[2],"Bag of Preparation":[42],"Whetstone":["Strike_R","Sword Boomerang"],"War Paint":["True Grit","Impervious"],"Smiling Mask":50,"Blood Vial":28,"Busted Crown":50,"Shovel":4,"Necronomicon":[38],"Champion Belt":[15],"obtain_stats":[{"Vajra":44,"Bag of Preparation":12,"Whetstone":9,"Smiling Mask":45,"Burning Blood":0,"Old Coin":41,"Blood Vial":26,"Shovel":38,"Necronomicon":30,"Red Skull":55,"Runic Pyramid":34,"Potion Belt":47,"Golden Idol":4,"Velvet Choker":17,"Oddly Smooth Stone":29,"The Courier":7,"PreservedInsect":14,"Pen Nib":54,"War Paint":23,"White Beast Statue":53,"Anchor":49,"Busted Crown":0,"Brimstone":12,"Bag of Marbles":54,"Champion Belt":37,"Bottled Lightning":40,"Membership Card":54},{"Vajra":22,"Bag of Preparation":7,"Whetstone":6,"Smiling Mask":23,"Burning Blood":0,"Old Coin":22,"Blood Vial":14,"Shovel":20,"Necronomicon":16,"Red Skull":27,"Runic Pyramid":17,"Potion Belt":23,"Golden Idol":3,"Velvet Choker":10,"Oddly Smooth Stone":16,"The Courier":5,"PreservedInsect":9,"Pen Nib":26,"War Paint":13,"White Beast Statue":26,"Anchor":24,"Busted Crown":0,"Brimstone":7,"Bag of Marbles":26,"Champion Belt":19,"Bottled Lightning":21,"Membership Card":26},{"Vajra":77,"Bag of Preparation":29,"Whetstone":25,"Smiling Mask":80,"Burning Blood":0,"Old Coin":77,"Blood Vial":48,"Shovel":71,"Necronomicon":53,"Red Skull":102,"Runic Pyramid":60,"Potion Belt":80,"Golden Idol":10,"Velvet Choker":37,"Oddly Smooth Stone":53,"The Courier":22,"PreservedInsect":34,"Pen Nib":99,"War Paint":45,"White Beast Statue":99,"Anchor":86,"Busted Crown":0,"Brimstone":29,"Bag of Marbles":99,"Champion Belt":67,"Bottled Lightning":73,"Membership Card":99}]},"card_choices":[{"not_picked":[],"picked":"Clothesline","floor":1},{"not_picked":["Seeing Red"],"picked":"SKIP","floor":2},{"not_picked":[],"picked":"Twin Strike","floor":3},{"not_picked":[],"picked":"Sword Boomerang","floor":5},{"not_picked":["Bloodletting"],"picked":"SKIP","floor":7},{"not_picked":["Bloodletting"],"picked":"SKIP","floor":7},{"not_picked":[],"picked":"Pommel Strike","floor":8},{"not_picked":["Rampage"],"picked":"SKIP","floor":11},{"not_picked":["Rampage"],"picked":"SKIP","floor":11},{"not_picked":[],"picked":"Pummel","floor":13},{"not_picked":[],"picked":"True Grit","floor":14},{"not_picked":[],"picked":"Impervious","floor":16},{"not_picked":[],"picked":"Ghostly Armor","floor":18},{"not_picked":["Inflame"],"picked":"SKIP","floor":19},{"not_picked":[],"picked":"Armaments","floor":23},{"not_picked":["Intimidate"],"picked":"SKIP","floor":24},{"not_picked":[],"picked":"Intimidate","floor":24},{"not_picked":["Rage"],"picked":"SKIP","floor":27},{"not_picked":["Warcry"],"picked":"SKIP","floor":29},{"not_picked":["Warcry"],"picked":"SKIP","floor":29},{"not_picked":[],"picked":"Offering","floor":33},{"not_picked":["Clothesline"],"picked":"SKIP","floor":35},{"not_picked":["Havoc"],"picked":"SKIP","floor":39},{"not_picked":["Havoc"],"picked":"SKIP","floor":39},{"not_picked":[],"picked":"Feel No Pain","floor":41},{"not_picked":[],"picked":"Second Wind","floor":45},{"not_picked":[],"picked":"Heavy Blade+1","floor":48},{"not_picked":["Bloodletting+1"],"picked":"SKIP","floor":55},{"not_picked":["Bloodletting+1"],"picked":"SKIP","floor":55}],"player_experience":2098858,"relics_obtained":[{"floor":7,"key":"The Courier"},{"floor":9,"key":"Whetstone"},{"floor":14,"key":"PreservedInsect"},{"floor":23,"key":"War Paint"},{"floor":26,"key":"Blood Vial"},{"floor":29,"key":"Oddly Smooth Stone"},{"floor":30,"key":"Necronomicon"},{"floor":37,"key":"Champion Belt"},{"floor":38,"key":"Shovel"},{"floor":40,"key":"Bottled Lightning"},{"floor":41,"key":"Old Coin"},{"floor":44,"key":"Vajra"},{"floor":45,"key":"Smiling Mask"},{"floor":49,"key":"Anchor"},{"floor":53,"key":"White Beast Statue"},{"floor":55,"key":"Red Skull"}],"event_choices":[{"damage_healed":0,"gold_gain":0,"player_choice":"Lose Max HP","damage_taken":0,"relics_obtained":["Golden Idol"],"max_hp_gain":0,"max_hp_loss":7,"event_name":"Golden Idol","floor":4,"gold_loss":0},{"damage_healed":0,"gold_gain":0,"player_choice":"Searched \u00272\u0027 times","damage_taken":0,"max_hp_gain":0,"max_hp_loss":0,"event_name":"Dead Adventurer","floor":14,"gold_loss":0},{"cards_removed":["Strike_R"],"damage_healed":0,"gold_gain":0,"player_choice":"Gave Gold","damage_taken":0,"max_hp_gain":0,"max_hp_loss":0,"event_name":"Beggar","floor":20,"gold_loss":75},{"damage_healed":0,"gold_gain":90,"player_choice":"GOLD ","damage_taken":12,"max_hp_gain":0,"max_hp_loss":0,"event_name":"Knowing Skull","floor":22,"potions_obtained":[],"gold_loss":0,"cards_obtained":[]},{"damage_healed":0,"gold_gain":0,"player_choice":"Obtained Book","damage_taken":21,"max_hp_gain":0,"max_hp_loss":0,"event_name":"Cursed Tome","floor":30,"gold_loss":0},{"damage_healed":0,"gold_gain":0,"player_choice":"Max HP","damage_taken":0,"max_hp_gain":0,"max_hp_loss":3,"event_name":"Winding Halls","floor":36,"gold_loss":0},{"damage_healed":0,"gold_gain":0,"player_choice":"Fight","damage_taken":0,"max_hp_gain":0,"max_hp_loss":0,"event_name":"Mysterious Sphere","floor":37,"gold_loss":0},{"damage_healed":0,"gold_gain":0,"player_choice":"Fight","damage_taken":0,"max_hp_gain":0,"max_hp_loss":0,"event_name":"MindBloom","floor":38,"gold_loss":0},{"damage_healed":0,"gold_gain":0,"cards_transformed":["Strike_R"],"player_choice":"Transformed","damage_taken":0,"max_hp_gain":0,"max_hp_loss":0,"event_name":"Transmorgrifier","floor":42,"gold_loss":0,"cards_obtained":["Bludgeon"]}],"is_beta":true,"boss_relics":[{"not_picked":["Cursed Key","Philosopher\u0027s Stone"],"picked":"Velvet Choker"},{"not_picked":["Runic Cube","Snecko Eye"],"picked":"Runic Pyramid"}],"items_purged_floors":[21,31,47],"is_endless":false,"potions_floor_spawned":[3,7,8,13,14,18,24,27,33,38,39,41,45,55],"ascension_level":20}}