{"host":"xp5rvh2jwe2ejyfm","time":1613935428,"event":{"mods":["2.2 Compatiblity","Aspiration","Bard","BaseMod","Beaked The Cultist","Better Altar","Better Match","Better Note","Better Sensory Stone","Better Skull","BetterRewards","Colored Powertips","Conspire","Downfall","GifTheSpireLib","Gremlin Mod","GungeonMod","Hermit","Hubris","Jorbs\u0027s Wanderer Trilogy","Mad Scientist","Minty Spire (QoL Compilation)","Potionbrewer","Quick Restart","Replay The Spire","Robot Space Explorer","Shade Mod","Somnambulant","StSLib","The Bug Knight","The Clintock","The Construct","The Cursed","The Disciple","The Forsaken","The Hierophant","The Marked","The Mystic","The Necromancer","The Runesmith","The Servant 0.9.4","The Valiant","The Witch","TheFirefly","TheVacant","thorton"],"gold_per_floor":[111,163,163,163,174,174,188,188,213,233,233,24,40,70,70,166,166,179,45,45,45,45,45,75,75,75,94,94,105,47,27,27],"floor_reached":31,"language":"ENG","playtime":1349,"items_purged":["ReplayTheSpireMod:Splinters"],"score":276,"play_id":"8b56e831-b22d-4ecd-a870-e0b48476ee1e","local_time":"20210221142348","is_ascension_mode":false,"campfire_choices":[{"floor":6,"key":"REST"},{"data":"1","floor":8,"key":"LIFT"},{"floor":11,"key":"REST"},{"floor":15,"key":"REST"},{"data":"2","floor":23,"key":"LIFT"},{"floor":25,"key":"REST"}],"circlet_count":0,"master_deck":["MadScienceMod:Strike_MadScience","MadScienceMod:Strike_MadScience","MadScienceMod:Strike_MadScience","MadScienceMod:Strike_MadScience","MadScienceMod:Defend_MadScience","MadScienceMod:Defend_MadScience","MadScienceMod:Defend_MadScience","MadScienceMod:Defend_MadScience","MadScienceMod:PoweredStrike","MadScienceMod:HideBehindJunk","MadScienceMod:Detonate","MadScienceMod:AntimatterBomb","MadScienceMod:FragmentationGrenade","MadScienceMod:MinatureWeapons","MadScienceMod:Virus","MadScienceMod:LabAccident+1","MadScienceMod:BandageBot","MadScienceMod:NowOrNever","MadScienceMod:OmniHammer","MadScienceMod:FlexibleSpear","MadScienceMod:AssemblyLine","MadScienceMod:SelfDestruct","MadScienceMod:FlammableWall","MadScienceMod:PowerArmor","MadScienceMod:GattlingGun","MadScienceMod:GattlingGun","MadScienceMod:Probe","MadScienceMod:RecyclingStation","MadScienceMod:LabAccident","MadScienceMod:RadioactiveSword+1","MadScienceMod:OilDrum","MadScienceMod:MinatureWeapons","MadScienceMod:ExtractOil","MadScienceMod:FlameThrower+1","MadScienceMod:AutoStrike","MadScienceMod:BandageBot+1"],"relics":["MadScienceMod:FuelTank","Girya","Durian","potionbrewer:BoosterPack","Vajra","aspiration:HiddenCompartment","conspire:SpecialSausage","Enchiridion","conspire:DeflatedDodgeball","Garlic","DemoMod:AgedBell","hubris:Towel"],"acts_visited":["Exordium","TheCity"],"potions_floor_usage":[13,14,16,16,24],"damage_taken":[{"damage":0,"enemies":"Jaw Worm","floor":1,"turns":1},{"damage":16,"enemies":"2 Louse","floor":5,"turns":4},{"damage":5,"enemies":"Small Slimes","floor":7,"turns":4},{"damage":12,"enemies":"Red Slaver","floor":10,"turns":3},{"damage":14,"enemies":"Exordium Wildlife","floor":13,"turns":5},{"damage":24,"enemies":"Lagavulin","floor":14,"turns":5},{"damage":48,"enemies":"The Guardian","floor":16,"turns":11},{"damage":0,"enemies":"Spheric Guardian","floor":18,"turns":5},{"damage":69,"enemies":"Gremlin Leader","floor":24,"turns":7},{"damage":18,"enemies":"Snecko","floor":27,"turns":6},{"damage":8,"enemies":"Shelled Parasite and Fungi","floor":29,"turns":5},{"damage":9,"enemies":"Sentry and Sphere","floor":31,"turns":3}],"seed_played":"6937501793397449711","potions_obtained":[{"floor":2,"key":"potionbrewer:AcidPotion"},{"floor":7,"key":"potionbrewer:BarricadePotion"},{"floor":10,"key":"Dexterity Potion"},{"floor":14,"key":"MadScienceMod:TrinketPotion"},{"floor":18,"key":"sneckomod:MuddlingPotion"}],"is_trial":false,"path_per_floor":["M","?","?","?","M","R","M","R","T","M","R","$","M","E","R","B",null,"M","$","?","?","T","R","E","R","T","M","?","M","$","M"],"character_chosen":"MAD_SCIENTIST","items_purchased":["Durian","potionbrewer:BoosterPack","MadScienceMod:BandageBot","MadScienceMod:PowerArmor","MadScienceMod:GattlingGun","MadScienceMod:OilDrum","MadScienceMod:MinatureWeapons","MadScienceMod:BandageBot+1"],"campfire_rested":4,"item_purchase_floors":[0,0,0,12,12,19,19,30],"current_hp_per_floor":[56,56,56,48,32,56,54,54,54,42,66,66,58,34,58,28,80,80,80,80,64,64,64,10,34,34,16,16,8,8,0,0],"gold":27,"neow_bonus":"","is_daily":false,"chose_seed":false,"campfire_upgraded":0,"win_rate":0.0,"timestamp":1613935428,"path_taken":["M","?","?","?","M","R","?","R","T","M","R","$","M","E","R","BOSS","M","$","?","?","?","R","E","R","T","?","?","M","$","M"],"items_purchased_type":["Relic","Relic","Card","Card","Card","Card","Card","Card"],"build_version":"2020-12-22","purchased_purges":1,"victory":false,"max_hp_per_floor":[80,80,80,80,80,80,80,80,80,80,80,80,80,80,80,80,80,80,80,80,80,80,80,80,80,80,80,80,80,80,80,80],"card_choices":[{"not_picked":["MadScienceMod:MindControlBeam","MadScienceMod:LightOnFire"],"picked":"MadScienceMod:NowOrNever","floor":1},{"not_picked":["MadScienceMod:FumeBlast","MadScienceMod:AntimatterBomb"],"picked":"MadScienceMod:OmniHammer","floor":2},{"not_picked":["MadScienceMod:FumeBlast","MadScienceMod:ExploreOptions"],"picked":"MadScienceMod:FlexibleSpear","floor":2},{"not_picked":["MadScienceMod:MakeOrBreak","MadScienceMod:ExploreOptions"],"picked":"MadScienceMod:AssemblyLine","floor":5},{"not_picked":["MadScienceMod:FlexibleSpear","MadScienceMod:Refuel"],"picked":"MadScienceMod:SelfDestruct","floor":7},{"not_picked":["MadScienceMod:ShrinkRay","MadScienceMod:FlexibleSpear"],"picked":"MadScienceMod:FlammableWall","floor":10},{"not_picked":["MadScienceMod:AcidSpray","MadScienceMod:Poke"],"picked":"MadScienceMod:Probe","floor":13},{"not_picked":["MadScienceMod:Tinker","MadScienceMod:Probe"],"picked":"MadScienceMod:RecyclingStation","floor":14},{"not_picked":["MadScienceMod:FumeHood","MadScienceMod:GoldenGun"],"picked":"MadScienceMod:LabAccident","floor":16},{"not_picked":["MadScienceMod:AutoStrike+1","MadScienceMod:Lightbulb"],"picked":"MadScienceMod:RadioactiveSword+1","floor":18},{"not_picked":["MadScienceMod:FumeBlast+1","MadScienceMod:FlameCannon+1"],"picked":"MadScienceMod:ExtractOil","floor":24},{"not_picked":["MadScienceMod:LightOnFire+1","MadScienceMod:AntimatterBomb+1"],"picked":"MadScienceMod:FlameThrower+1","floor":27},{"not_picked":["MadScienceMod:LightOnFire+1","MadScienceMod:FlexibleSpear"],"picked":"MadScienceMod:AutoStrike","floor":29}],"player_experience":552470,"relics_obtained":[{"floor":2,"key":"Vajra"},{"floor":14,"key":"aspiration:HiddenCompartment"},{"floor":21,"key":"Enchiridion"},{"floor":22,"key":"conspire:DeflatedDodgeball"},{"floor":24,"key":"Garlic"},{"floor":26,"key":"DemoMod:AgedBell"}],"event_choices":[{"damage_healed":0,"gold_gain":0,"player_choice":"Damaged","damage_taken":8,"max_hp_gain":0,"max_hp_loss":0,"event_name":"Wheel of Change","floor":4,"gold_loss":0},{"damage_healed":0,"gold_gain":0,"player_choice":"Ignored","damage_taken":0,"max_hp_gain":0,"max_hp_loss":0,"event_name":"betterNote:BetterNote","floor":20,"gold_loss":0,"cards_obtained":["hermit:Headshot"]},{"damage_healed":0,"gold_gain":0,"player_choice":"Obtained Book","damage_taken":16,"max_hp_gain":0,"max_hp_loss":0,"event_name":"Cursed Tome","floor":21,"gold_loss":0}],"is_beta":false,"boss_relics":[{"not_picked":["aspiration:MobileForge","Snecko Eye"],"picked":"conspire:SpecialSausage"}],"items_purged_floors":[12],"is_endless":false,"potions_floor_spawned":[7,10,14,18],"killed_by":"Sentry and Sphere","ascension_level":0}}