{"host":"g2yp6paluzgljz05","time":1613883182,"event":{"mods":["BaseMod","Bestiary","Colored Powertips","DeckTracker","Highlight Path","Minty Spire (QoL Compilation)","Quick Restart"],"gold_per_floor":[17,17,17,17,36,51,51,29,29,47,47,63,63,13,13,87,87,97,97,117,133,63,63,63,63],"floor_reached":24,"language":"ENG","playtime":936,"items_purged":[],"score":307,"play_id":"b1309f5c-8695-4b65-b90a-dd4400d23f8a","local_time":"20210221155302","is_ascension_mode":true,"campfire_choices":[{"data":"Body Slam","floor":7.0,"key":"SMITH"},{"floor":11.0,"key":"REST"},{"data":"Strike_R","floor":15.0,"key":"PURGE"},{"data":"Bludgeon","floor":23.0,"key":"PURGE"}],"circlet_count":0,"master_deck":["AscendersBane","Defend_R","Defend_R","Bash","Body Slam+1","Barricade","Berserk","Flame Barrier","Rage","Metallicize"],"relics":["Burning Blood","Peace Pipe","Cursed Key"],"acts_visited":["Exordium","TheCity"],"potions_floor_usage":[],"damage_taken":[{"damage":16.0,"enemies":"Jaw Worm","floor":1.0,"turns":5.0},{"damage":14.0,"enemies":"Small Slimes","floor":5.0,"turns":7.0},{"damage":23.0,"enemies":"Cultist","floor":6.0,"turns":6.0},{"damage":17.0,"enemies":"2 Fungi Beasts","floor":10.0,"turns":5.0},{"damage":22.0,"enemies":"3 Louse","floor":12.0,"turns":4.0},{"damage":23.0,"enemies":"Slime Boss","floor":16.0,"turns":9.0},{"damage":33.0,"enemies":"Shell Parasite","floor":18.0,"turns":7.0},{"damage":4.0,"enemies":"Spheric Guardian","floor":20.0,"turns":5.0},{"damage":15.0,"enemies":"Snake Plant","floor":21.0,"turns":4.0},{"damage":30,"enemies":"Gremlin Leader","floor":24,"turns":2}],"seed_played":"-3382653359367049576","potions_obtained":[{"floor":1.0,"key":"SteroidPotion"},{"floor":6.0,"key":"ColorlessPotion"},{"floor":16.0,"key":"Dexterity Potion"}],"is_trial":false,"path_per_floor":["M","$","?","?","M","M","R","?","T","M","R","M","?","?","R","B",null,"M","?","M","M","$","R","E"],"character_chosen":"IRONCLAD","items_purchased":["Metallicize"],"campfire_rested":1,"item_purchase_floors":[22],"current_hp_per_floor":[62,62,62,62,54,37,37,37,37,26,50,34,34,34,34,17,64,37,37,39,30,30,30,0,0],"gold":63,"neow_bonus":"REMOVE_TWO","is_daily":false,"chose_seed":false,"campfire_upgraded":1,"win_rate":0.0,"timestamp":1613883182,"path_taken":["M","$","?","?","?","M","R","?","T","M","R","M","?","?","R","BOSS","M","?","M","M","$","R","E"],"items_purchased_type":["Card"],"build_version":"2020-12-22","purchased_purges":0,"victory":false,"max_hp_per_floor":[80,80,80,80,80,80,80,80,80,80,80,80,80,80,80,80,80,80,80,80,80,80,80,80,80],"card_choices":[{"not_picked":["Blood for Blood","Shrug It Off"],"picked":"Body Slam","floor":1.0},{"not_picked":["Clothesline","Anger","Rage"],"picked":"SKIP","floor":5.0},{"not_picked":["Pummel","Sever Soul","Headbutt"],"picked":"SKIP","floor":6.0},{"not_picked":["Sword Boomerang","Inflame","Clash"],"picked":"SKIP","floor":10.0},{"not_picked":["Wild Strike","Bloodletting","Feed"],"picked":"SKIP","floor":12.0},{"not_picked":["Fiend Fire","Immolate"],"picked":"Berserk","floor":16.0},{"not_picked":["Searing Blow","Heavy Blade+1"],"picked":"Flame Barrier","floor":18.0},{"not_picked":["Perfected Strike+1","Wild Strike","Headbutt"],"picked":"SKIP","floor":20.0},{"not_picked":["Sentinel","Sword Boomerang","Shockwave"],"picked":"SKIP","floor":21.0}],"player_experience":399517,"relics_obtained":[{"floor":9.0,"key":"Peace Pipe"}],"event_choices":[{"cards_removed":["Strike_R"],"damage_healed":0.0,"max_hp_gain":0.0,"max_hp_loss":0.0,"gold_gain":0.0,"event_name":"Living Wall","player_choice":"Forget","floor":3.0,"gold_loss":0.0,"damage_taken":0.0},{"damage_healed":0.0,"max_hp_gain":0.0,"max_hp_loss":0.0,"gold_gain":0.0,"event_name":"Match and Keep!","player_choice":"1 cards matched","floor":4.0,"gold_loss":0.0,"damage_taken":0.0,"cards_obtained":["Barricade"]},{"damage_healed":0.0,"max_hp_gain":0.0,"max_hp_loss":0.0,"gold_gain":0.0,"event_name":"World of Goop","player_choice":"Left Gold","floor":8.0,"gold_loss":22.0,"damage_taken":0.0},{"damage_healed":0.0,"max_hp_gain":0.0,"max_hp_loss":0.0,"gold_gain":0.0,"event_name":"Dead Adventurer","player_choice":"Searched \u00270\u0027 times","floor":13.0,"gold_loss":0.0,"damage_taken":0.0},{"cards_removed":["Strike_R"],"damage_healed":0.0,"max_hp_gain":0.0,"max_hp_loss":0.0,"gold_gain":0.0,"event_name":"The Cleric","player_choice":"Card Removal","floor":14.0,"gold_loss":50.0,"damage_taken":0.0},{"damage_healed":0.0,"max_hp_gain":0.0,"max_hp_loss":0.0,"gold_gain":0.0,"cards_transformed":["Defend_R","Defend_R"],"event_name":"Drug Dealer","player_choice":"Became Test Subject","floor":19.0,"gold_loss":0.0,"damage_taken":0.0,"cards_obtained":["Rage","Bludgeon"]}],"is_beta":false,"boss_relics":[{"not_picked":["Tiny House","Busted Crown"],"picked":"Cursed Key"}],"items_purged_floors":[],"is_endless":false,"potions_floor_spawned":[1,6,16,18,20],"killed_by":"Gremlin Leader","ascension_level":13}}