{"host":"ilo0sg5cl3zcnqwd","time":1613867358,"event":{"mods":["BaseMod","Downfall","Minty Spire (QoL Compilation)","StSLib"],"gold_per_floor":[99,116,129,149,149,161,161,179,190,23,49,69,69,69,79,177,177,177,194,212,212,212,212],"floor_reached":21,"language":"ENG","playtime":1444,"items_purged":[],"score":194,"play_id":"990996a7-12e1-4df6-8bab-8ab02a1ed6c8","local_time":"20210221002918","is_ascension_mode":true,"campfire_choices":[{"data":"champ:Execute","floor":1.0,"key":"SMITH"},{"floor":13,"key":"REST"},{"data":"champ:BerserkerStyle","floor":18,"key":"SMITH"}],"circlet_count":0,"master_deck":["champ:Strike","champ:Strike","champ:Strike","champ:Defend","champ:Defend","champ:Defend","champ:Defend","champ:Execute+1","champ:Taunt","Blind","champ:StanceDance","champ:BerserkersShout","champ:TripleStrike","champ:BerserkerStyle+1","champ:EnragedBash","champ:CalledShot","champ:EnGarde","champ:UltimateStance","champ:RapidStrikes","champ:AdrenalArmor","champ:Improvising","champ:EnGarde+1"],"relics":["champ:ChampionCrown","Bottled Lightning","Blood Vial","Du-Vu Doll","Snecko Eye"],"acts_visited":["Exordium","TheCity"],"potions_floor_usage":[],"damage_taken":[{"damage":13.0,"enemies":"Jaw Worm","floor":2.0,"turns":3.0},{"damage":12.0,"enemies":"Cultist","floor":3.0,"turns":4.0},{"damage":16.0,"enemies":"2 Louse","floor":4.0,"turns":2.0},{"damage":41.0,"enemies":"Blue Slaver","floor":6.0,"turns":3.0},{"damage":49.0,"enemies":"Exordium Thugs","floor":8.0,"turns":5.0},{"damage":49.0,"enemies":"Large Slime","floor":9.0,"turns":5.0},{"damage":55.0,"enemies":"downfall:FleeingMerchant","floor":10.0,"turns":4.0},{"damage":78,"enemies":"3 Sentries","floor":11,"turns":8},{"damage":30,"enemies":"Exordium Wildlife","floor":12,"turns":2},{"damage":64,"enemies":"Exordium Thugs","floor":15,"turns":4},{"damage":110,"enemies":"SI_SHIV_ARCHETYPE","floor":16,"turns":8},{"damage":66,"enemies":"3 Byrds","floor":19,"turns":6},{"damage":86,"enemies":"downfall:LooterAlt2","floor":20,"turns":6},{"damage":66,"enemies":"Centurion and Healer","floor":21,"turns":5}],"seed_played":"-5007626245955187820","potions_obtained":[{"floor":2.0,"key":"Energy Potion"},{"floor":4.0,"key":"champ:UltimateStancePotion"},{"floor":11,"key":"Regen Potion"},{"floor":16,"key":"Regen Potion"}],"is_trial":false,"path_per_floor":["R","M","M","M","?","M","T","M","M","$","E","M","R","?","M","B",null,"R","M","M","M"],"character_chosen":"THE_CHAMP","items_purchased":["Blood Vial"],"campfire_rested":1,"item_purchase_floors":[10],"current_hp_per_floor":[90,87,85,79,79,75,75,69,64,54,34,36,63,90,81,64,90,90,90,61,0,0,0],"gold":212,"neow_bonus":"RANDOM_COLORLESS","is_daily":false,"chose_seed":false,"campfire_upgraded":2,"win_rate":0.0,"timestamp":1613867358,"path_taken":["R","M","M","M","?","M","T","M","M","?","E","M","R","?","M","BOSS","R","M","M","M"],"items_purchased_type":["Relic"],"build_version":"2020-12-22","purchased_purges":0,"victory":false,"max_hp_per_floor":[90,90,90,90,90,90,90,90,90,90,90,90,90,90,90,90,90,90,90,90,90,90,90],"card_choices":[{"not_picked":["Forethought","Purity"],"picked":"Blind","floor":0.0},{"not_picked":["champ:Haymaker","champ:TornadoPunch"],"picked":"champ:StanceDance","floor":2.0},{"not_picked":["champ:FalseCounter","champ:GutPunch"],"picked":"champ:BerserkersShout","floor":3.0},{"not_picked":["champ:FaceSlap","champ:Backstep"],"picked":"champ:TripleStrike","floor":4.0},{"not_picked":["champ:Circumvent","champ:DefensiveShout"],"picked":"champ:EnragedBash","floor":6.0},{"not_picked":["champ:ShieldWall","champ:TornadoPunch"],"picked":"champ:CalledShot","floor":8.0},{"not_picked":["champ:BladeFlurry","champ:Haymaker"],"picked":"champ:EnGarde","floor":9.0},{"not_picked":["champ:Backstep","champ:SetATrap"],"picked":"champ:UltimateStance","floor":10.0},{"not_picked":["champ:TornadoPunch","champ:Haymaker"],"picked":"champ:RapidStrikes","floor":11},{"not_picked":["champ:DefensiveShout","champ:CrownThrow","champ:Circumvent"],"picked":"SKIP","floor":12},{"not_picked":["champ:ArenaPreparation","champ:BerserkersShout"],"picked":"champ:AdrenalArmor","floor":15},{"not_picked":["champ:SteelEdge","champ:VampiricStrike"],"picked":"champ:Improvising","floor":16},{"not_picked":["champ:TornadoPunch","champ:EnGarde+1","champ:BladeFlurry"],"picked":"SKIP","floor":19},{"not_picked":["champ:TornadoPunch","champ:BladeFlurry"],"picked":"champ:EnGarde+1","floor":19},{"not_picked":["champ:Backstep","champ:DefensiveShout","champ:BladeFlurry+1"],"picked":"SKIP","floor":20}],"player_experience":291465,"relics_obtained":[{"floor":7.0,"key":"Bottled Lightning"},{"floor":11,"key":"Du-Vu Doll"}],"event_choices":[{"damage_healed":30,"gold_gain":0,"player_choice":"Banana","damage_taken":0,"max_hp_gain":0,"max_hp_loss":0,"event_name":"Big Fish","floor":14,"gold_loss":0}],"is_beta":false,"boss_relics":[{"not_picked":["Velvet Choker","Runic Dome"],"picked":"Snecko Eye"}],"items_purged_floors":[],"is_endless":false,"potions_floor_spawned":[2,4,11,12,16,20],"killed_by":"Centurion and Healer","ascension_level":1}}