{"host":"xkc7tfemhzdc5j5t","time":1613910183,"event":{"mods":["AchievementEnabler","Act Like it!","BaseMod","BetterRewards","Colored Map","Colored Powertips","Downfall","Gensokyo","Hallownest","Hermit","Highlight Path","Infinite Spire","Marisa£®ÏF”Í°°ƒß¿Ì…≥£©","Minty Spire (QoL Compilation)","Prisma Mod","Quick Restart","Reimu£®≤©¿ˆ¡È√Œ£©","Replay The Spire","Shop Mod","StSLib","SuperFastMode","The Bug Knight","The Construct","The Cursed","The Disciple","The Hierophant","The Jungle","The Necromancer","The Runesmith","The Servant 0.9.4","Youmu£®ªÍ∆«—˝√Œ£©"],"gold_per_floor":[112,77,2,17,32,32,46,46,71,83,95,288,300,312,324,410,422,448,460,183,183,196,196,196,213,261,261,279,279,279,294,294,369,369,369,369],"floor_reached":35,"language":"ZHS","playtime":1551,"items_purged":["Defend_B","BasicCrystalCard","Zap"],"score":642,"play_id":"443227f1-7c72-41ee-aa66-3c8cce9d8d12","local_time":"20210221202303","is_ascension_mode":true,"campfire_choices":[{"data":"Streamline","floor":6.0,"key":"SMITH"},{"data":"Darkness","floor":8.0,"key":"SMITH"},{"data":"Dualcast","floor":10.0,"key":"SMITH"},{"data":"Leap","floor":15.0,"key":"SMITH"},{"data":"Reinforced Body","floor":23.0,"key":"SMITH"},{"data":"infinitespire:Collect","floor":27.0,"key":"SMITH"},{"data":"Hologram","floor":30.0,"key":"SMITH"},{"floor":32.0,"key":"REST"}],"circlet_count":0,"master_deck":["AscendersBane","Dualcast+1","AbeCurse","Streamline+1","Darkness+1","Leap+1","Multi-Cast","Chaos","Hologram+1","Capacitor","FIFO Queue","BootSequence","Panic Button","Reinforced Body+1","Darkness","infinitespire:Collect+1","Darkness","Self Repair"],"relics":["Abe\u0027s Treasure","MawBank","Onion Ring","RuthlessExorcism:ReiMu","Pandora\u0027s Box","BargainBundle","Strawberry","Blue Candle","Mango","Replay:Fungal Core"],"acts_visited":["Exordium","TheCity","TheBeyond"],"potions_floor_usage":[],"damage_taken":[{"damage":7.0,"enemies":"Small Slimes","floor":1.0,"turns":3.0},{"damage":13.0,"enemies":"Jaw Worm","floor":4.0,"turns":3.0},{"damage":1.0,"enemies":"2 Louse","floor":5.0,"turns":2.0},{"damage":1.0,"enemies":"Looter","floor":7.0,"turns":2.0},{"damage":35.0,"enemies":"Slime Boss","floor":16.0,"turns":7.0},{"damage":22.0,"enemies":"2 Thieves","floor":18.0,"turns":3.0},{"damage":1.0,"enemies":"Spheric Guardian","floor":22.0,"turns":5.0},{"damage":7.0,"enemies":"Chosen and Byrds","floor":25.0,"turns":5.0},{"damage":8.0,"enemies":"Cultist and Chosen","floor":28.0,"turns":4.0},{"damage":13.0,"enemies":"Centurion and Healer","floor":31.0,"turns":4.0},{"damage":26.0,"enemies":"Automaton","floor":33.0,"turns":6.0},{"damage":77,"enemies":"3 Darklings","floor":35,"turns":4}],"seed_played":"-6322831819087808920","potions_obtained":[{"floor":1.0,"key":"GrandPatriotsElixir:ReiMu"},{"floor":4.0,"key":"FairyPotion"},{"floor":5.0,"key":"Venom Potion"},{"floor":22.0,"key":"FocusPotion"},{"floor":28.0,"key":"AttackPotion"}],"is_trial":false,"path_per_floor":["M","?","$","M","M","R","M","R","T","R","T","?","?","$","R","B",null,"M","?","$","?","M","R","AVR","M","T","R","M","?","R","M","R","B",null,"M"],"character_chosen":"DEFECT","items_purchased":["BargainBundle","Reinforced Body","Strawberry","Fire Potion","SpeedPotion"],"campfire_rested":1,"item_purchase_floors":[20,20,20,20,20],"current_hp_per_floor":[57,71,71,58,57,57,56,56,56,56,56,33,22,22,22,21,59,37,37,44,39,38,38,52,45,45,45,37,37,37,24,51,32,77,0,0],"gold":369,"neow_bonus":"BOSS_RELIC","is_daily":false,"chose_seed":false,"campfire_upgraded":7,"win_rate":0.0,"timestamp":1613910183,"path_taken":["M","?","$","M","M","R","M","R","T","R","?","?","?","?","R","BOSS","M","?","$","?","M","R","AVR","M","T","R","M","?","R","M","R","BOSS","M"],"items_purchased_type":["Relic","Card","Relic","Potion","Potion"],"build_version":"2020-12-22","purchased_purges":3,"victory":false,"max_hp_per_floor":[71,71,71,71,71,71,71,71,71,71,71,71,71,71,71,71,71,71,71,78,78,78,78,92,92,92,92,92,92,92,92,92,92,92,92,92],"card_choices":[{"not_picked":["BasicCrystalCard","Rebound"],"picked":"Streamline","floor":1.0},{"not_picked":["Lockon","Panic Button","Heatsinks"],"picked":"SKIP","floor":4.0},{"not_picked":["Sweeping Beam","Rebound","Static Discharge"],"picked":"SKIP","floor":5.0},{"not_picked":["Coolheaded","Turbo"],"picked":"Darkness","floor":7.0},{"not_picked":["Coolheaded","BasicCrystalCard"],"picked":"Leap","floor":12.0},{"not_picked":["Buffer","ReplayTheSpireMod:Fabricate Wheel"],"picked":"Multi-Cast","floor":16.0},{"not_picked":["BasicCrystalCard","Compile Driver","Skim"],"picked":"SKIP","floor":18.0},{"not_picked":["Compile Driver","Leap"],"picked":"Darkness","floor":22.0},{"not_picked":["Turbo","Barrage"],"picked":"Darkness","floor":25.0},{"not_picked":["Tempest","Meteor Strike","Compile Driver"],"picked":"SKIP","floor":28.0},{"not_picked":["Panic Button","Redo"],"picked":"Self Repair","floor":31.0}],"player_experience":805153,"relics_obtained":[{"floor":9.0,"key":"MawBank"},{"floor":11.0,"key":"Onion Ring"}],"event_choices":[{"damage_healed":17.0,"max_hp_gain":0.0,"max_hp_loss":0.0,"gold_gain":0.0,"event_name":"The Cleric","player_choice":"Healed","floor":2.0,"gold_loss":35.0,"damage_taken":0.0},{"damage_healed":0.0,"max_hp_gain":0.0,"max_hp_loss":0.0,"gold_gain":0.0,"event_name":"Scrap Ooze","player_choice":"Success","floor":13.0,"gold_loss":0.0,"damage_taken":11.0,"relics_obtained":["RuthlessExorcism:ReiMu"]}],"is_beta":false,"boss_relics":[{"not_picked":["bronze:MakeshiftBattery","Ectoplasm"],"picked":"Pandora\u0027s Box"},{"not_picked":["Astrolabe","Snecko Eye"],"picked":"Replay:Fungal Core"}],"items_purged_floors":[3,20,24],"is_endless":false,"potions_floor_spawned":[1,4,5,22,28],"killed_by":"3 Darklings","ascension_level":16}}