{"host":"v4nyfngrgywi7zc6","time":1613884543,"event":{"mods":["2.2 Compatiblity","Act Like it!","BaseMod","Custom Start","Friendly Minions","Minty Spire (QoL Compilation)","Reliquary","Ruina","Shade Mod","Shop Mod","StSLib","The Cursed","The Judge","The Jungle","The Marked","The Mystic","The Necromancer","The Saiyan"],"gold_per_floor":[16,32,49,63,63,98,98,98,144,163,173,184,184,32,32,136,136,152,167,86,86,104,104,138,148,148,148,148,148,163,177,177,280,280,300,319,319,319],"floor_reached":37,"language":"ENG","playtime":5106,"items_purged":["Pain"],"score":345,"play_id":"360b5b1b-0b74-4668-8a73-59a99e034521","local_time":"20210220231543","is_ascension_mode":false,"campfire_choices":[{"floor":13.0,"key":"REST"},{"data":"mysticmod:TomeOfSpells","floor":15.0,"key":"SMITH"},{"data":"ruina:FalseThrone","floor":23.0,"key":"SMITH"},{"floor":27.0,"key":"REST"},{"floor":29.0,"key":"REST"},{"floor":32,"key":"REST"}],"circlet_count":0,"master_deck":["mysticmod:Strike_Mystic","mysticmod:Strike_Mystic+1","mysticmod:Strike_Mystic","mysticmod:Defend_Mystic","mysticmod:Defend_Mystic","mysticmod:Defend_Mystic","mysticmod:ArcaneDodge+1","mysticmod:ShockingGrasp","mysticmod:TomeOfSpells+1","mysticmod:ComboCaster","mysticmod:CorrosiveTouch","mysticmod:ComboCaster","mysticmod:KnowledgePool","mysticmod:RapidCaster","ruina:FalseThrone+1","mysticmod:SuddenClarity","mysticmod:SuddenClarity","mysticmod:Lunge","mysticmod:TomeOfSpells+1"],"relics":["mysticmod:BlessedBook","Pantograph","Nunchaku","WarpedTongs","Runic Dome","InkBottle","White Beast Statue","ruina:Prescript"],"acts_visited":["Exordium","Exordium","TheBeyond"],"potions_floor_usage":[33,33,36,36,37,37,37],"damage_taken":[{"damage":1.0,"enemies":"Cultist","floor":1.0,"turns":4.0},{"damage":2.0,"enemies":"2 Louse","floor":2.0,"turns":3.0},{"damage":0.0,"enemies":"Small Slimes","floor":3.0,"turns":3.0},{"damage":4.0,"enemies":"Red Slaver","floor":4.0,"turns":6.0},{"damage":14.0,"enemies":"3 Sentries","floor":6.0,"turns":12.0},{"damage":21.0,"enemies":"2 Fungi Beasts","floor":10.0,"turns":6.0},{"damage":10.0,"enemies":"Large Slime","floor":11.0,"turns":7.0},{"damage":13.0,"enemies":"Exordium Wildlife","floor":12.0,"turns":5.0},{"damage":42.0,"enemies":"Hexaghost","floor":16.0,"turns":11.0},{"damage":23.0,"enemies":"ruina:BadWolf","floor":18.0,"turns":6.0},{"damage":10.0,"enemies":"ruina:2_Scarecrows","floor":19.0,"turns":6.0},{"damage":0.0,"enemies":"ruina:KingOfGreed","floor":22.0,"turns":6.0},{"damage":0.0,"enemies":"ruina:ServantOfWrath","floor":24.0,"turns":5.0},{"damage":20.0,"enemies":"ruina:Woodsman","floor":25.0,"turns":4.0},{"damage":14,"enemies":"ruina:Nos_and_Bat","floor":30,"turns":5},{"damage":5,"enemies":"ruina:KingOfGreed","floor":31,"turns":5},{"damage":9,"enemies":"ruina:JesterOfNihil","floor":33,"turns":13},{"damage":27,"enemies":"Orb Walker","floor":35,"turns":4},{"damage":12,"enemies":"3 Darklings","floor":36,"turns":6},{"damage":43,"enemies":"2 Orb Walkers","floor":37,"turns":3}],"seed_played":"-7440715909731154974","potions_obtained":[{"floor":2.0,"key":"SkillPotion"},{"floor":6.0,"key":"Regen Potion"},{"floor":12.0,"key":"Fruit Juice"},{"floor":16.0,"key":"EntropicBrew"},{"floor":18.0,"key":"Strength Potion"},{"floor":19.0,"key":"Strength Potion"},{"floor":24.0,"key":"DistilledChaos"},{"floor":30,"key":"SkillPotion"},{"floor":33,"key":"Explosive Potion"},{"floor":35,"key":"SkillPotion"},{"floor":36,"key":"BlessingOfTheForge"}],"is_trial":false,"path_per_floor":["M","M","M","M","?","E","?","?","T","M","M","M","R","$","R","B",null,"M","M","$","?","M","R","E","M","T","R","?","R","M","M","R","B",null,"M","M","?"],"character_chosen":"MYSTIC_CLASS","items_purchased":["mysticmod:ComboCaster","mysticmod:RapidCaster"],"campfire_rested":4,"item_purchase_floors":[14,20],"current_hp_per_floor":[76,74,74,70,55,41,34,34,34,28,18,10,34,34,34,17,82,59,49,49,49,49,49,49,29,29,53,53,77,63,58,82,73,82,55,43,0,0],"gold":319,"neow_bonus":"REMOVE_TWO","is_daily":false,"chose_seed":false,"campfire_upgraded":2,"win_rate":0.0,"timestamp":1613884543,"path_taken":["M","?","?","M","?","E","?","?","T","M","M","M","R","$","R","BOSS","M","M","$","?","M","R","E","M","T","R","?","R","?","M","R","BOSS","M","M","?"],"items_purchased_type":["Card","Card"],"build_version":"2020-12-22","purchased_purges":1,"victory":false,"max_hp_per_floor":[77,77,77,77,77,77,77,77,77,77,77,82,82,82,82,82,82,82,82,82,82,82,82,82,82,82,82,82,82,82,82,82,82,82,82,82,82,82],"card_choices":[{"not_picked":["mysticmod:PowerSlash","mysticmod:Disengage"],"picked":"mysticmod:TomeOfSpells","floor":1.0},{"not_picked":["mysticmod:Daze","mysticmod:Flourish","mysticmod:Disengage"],"picked":"SKIP","floor":2.0},{"not_picked":["mysticmod:Stoneskin","mysticmod:PreparedCaster"],"picked":"mysticmod:ComboCaster","floor":3.0},{"not_picked":["mysticmod:Disengage","mysticmod:PowerSlash","mysticmod:BulkUp"],"picked":"SKIP","floor":4.0},{"not_picked":["mysticmod:PunishingArmor","mysticmod:Flurry","mysticmod:ClosingBarrage"],"picked":"SKIP","floor":6.0},{"not_picked":["mysticmod:BladedDash","mysticmod:HeavyStrike","mysticmod:MightyMagic"],"picked":"SKIP","floor":10.0},{"not_picked":["mysticmod:ArcaneAccuracy","mysticmod:MagicWeapon","mysticmod:Probe"],"picked":"SKIP","floor":11.0},{"not_picked":["mysticmod:AllIn","mysticmod:PowerSlash"],"picked":"mysticmod:CorrosiveTouch","floor":12.0},{"not_picked":["mysticmod:SpellRecall","mysticmod:GreaterInvisibility"],"picked":"mysticmod:KnowledgePool","floor":16.0},{"not_picked":["mysticmod:KeenEdge+1","mysticmod:Alacrity","mysticmod:CorrosiveTouch"],"picked":"SKIP","floor":18.0},{"not_picked":["mysticmod:HeavyStrike","mysticmod:LightningBolt+1","mysticmod:CorrosiveTouch+1"],"picked":"SKIP","floor":19.0},{"not_picked":["mysticmod:Probe","mysticmod:ChargedParry","mysticmod:Disengage"],"picked":"SKIP","floor":22.0},{"not_picked":["mysticmod:CorrosiveTouch","mysticmod:Discipline","mysticmod:Sideswipe+1"],"picked":"SKIP","floor":24.0},{"not_picked":["mysticmod:SummonFamiliar","mysticmod:FiveFootStep"],"picked":"mysticmod:SuddenClarity","floor":25.0},{"not_picked":["mysticmod:SummonFamiliar","mysticmod:Daze","mysticmod:PunishingArmor+1"],"picked":"SKIP","floor":30},{"not_picked":["mysticmod:Shield+1","mysticmod:Riposte"],"picked":"mysticmod:SuddenClarity","floor":31},{"not_picked":["mysticmod:Haste","mysticmod:Natural20"],"picked":"mysticmod:Lunge","floor":33},{"not_picked":["mysticmod:Dedication","mysticmod:HeavyStrike+1","mysticmod:PreparedCaster+1"],"picked":"SKIP","floor":35},{"not_picked":["mysticmod:ChargedParry+1","mysticmod:PowerSlash+1"],"picked":"mysticmod:TomeOfSpells+1","floor":36}],"player_experience":288924,"relics_obtained":[{"floor":6.0,"key":"Pantograph"},{"floor":24.0,"key":"InkBottle"},{"floor":26.0,"key":"White Beast Statue"}],"event_choices":[{"damage_healed":0.0,"max_hp_gain":0.0,"max_hp_loss":0.0,"gold_gain":0.0,"event_name":"Shining Light","player_choice":"Entered Light","floor":5.0,"gold_loss":0.0,"damage_taken":15.0,"cards_upgraded":["mysticmod:ArcaneDodge","mysticmod:Strike_Mystic"]},{"damage_healed":0.0,"max_hp_gain":0.0,"max_hp_loss":0.0,"gold_gain":0.0,"event_name":"Scrap Ooze","player_choice":"Success","floor":7.0,"gold_loss":0.0,"damage_taken":7.0,"relics_obtained":["Nunchaku"]},{"damage_healed":0.0,"max_hp_gain":0.0,"max_hp_loss":0.0,"gold_gain":0.0,"event_name":"Accursed Blacksmith","player_choice":"Rummage","floor":8.0,"gold_loss":0.0,"damage_taken":0.0,"relics_obtained":["WarpedTongs"],"cards_obtained":["Pain"]},{"damage_healed":0,"gold_gain":0,"player_choice":"Fight","damage_taken":0,"max_hp_gain":0,"max_hp_loss":0,"event_name":"Mysterious Sphere","floor":37,"gold_loss":0}],"is_beta":false,"boss_relics":[{"not_picked":["reliquary:Craggleroot","Snecko Eye"],"picked":"Runic Dome"},{"not_picked":["Velvet Choker","SlaversCollar"],"picked":"mysticmod:BlessedBook"}],"items_purged_floors":[14],"is_endless":false,"potions_floor_spawned":[2,6,12,16,18,19,24,30,31,33,35,36],"killed_by":"2 Orb Walkers","ascension_level":0}}