{"host":"erogqkeozdzdhb46","time":1613942030,"event":{"mods":["AchievementEnabler","BaseMod","Bestiary","Colored Map","Colored Powertips","Minty Spire (QoL Compilation)","Rare Cards Sparkle","Relic Stats","Replay The Spire","StSLib","Together in Spire"],"gold_per_floor":[118,129,140,157,169,169,204,204,227,243,243,263,295,313,313,411,411,423,443,457,202,212,241,261,293,293,312,331,341,341,354,354,450,450,465,57,77,91,109,135,189,208,255,272,286,286,315,327,327],"floor_reached":48,"language":"ENG","playtime":4176,"items_purged":[],"score":630,"play_id":"73bf5cf3-2e22-4f75-ba4e-a421675f762d","local_time":"20210221151350","is_ascension_mode":false,"campfire_choices":[{"data":"Body Slam","floor":6,"key":"SMITH"},{"data":"Armaments","floor":15,"key":"SMITH"},{"data":"True Grit","floor":15,"key":"SMITH"},{"data":"Barricade","floor":30,"key":"SMITH"},{"data":"Berserk","floor":30,"key":"SMITH"},{"data":"ReplayTheSpireMod:Stacked","floor":32,"key":"SMITH"},{"data":"Searing Blow","floor":32,"key":"SMITH"}],"circlet_count":0,"master_deck":["Strike_R","Defend_R","Defend_R","Defend_R","Defend_R","Bash","Replay:Undeath\u0027s Touch","Cleave","Battle Trance","Body Slam+1","Armaments+1","Berserk+1","Power Through","True Grit+1","ReplayTheSpireMod:Stacked+1","Dropkick","Searing Blow+1","Barricade+1","Fire Breathing+1","Shrug It Off","The Bomb","Purity","ReplayTheSpireMod:Strike From Hell","Cleave+1","Replay:Undeath\u0027s Touch","Defy Death+1","Rampage+1","Reckless Charge","Reaper","Heavy Blade","ReplayTheSpireMod:Limb From Limb","Burning Pact","Warcry+1","Havoc+1","True Grit+1","ReplayTheSpireMod:Corrosion Curse+1","ReplayReversal+1"],"relics":["Burning Blood","Replay:Arrowhead","Vajra","Pen Nib","Busted Crown","Dream Catcher","ReplayTheSpireMod:Lightbulb","Chameleon Ring","Replay:Grab Bag","ReplayTheSpireMod:DimensionalGlitch","Coffee Dripper","Empty Cage","Snack Pack","Bag of Preparation","Replay:PocketPolymizer","Gremlin Food","MawBank"],"acts_visited":["Exordium","TheCity","TheBeyond"],"potions_floor_usage":[7,13,19,23,24,28,33,33,35,38,41,45,48],"damage_taken":[{"damage":5,"enemies":"Small Slimes","floor":1,"turns":2},{"damage":0,"enemies":"Cultist","floor":2,"turns":2},{"damage":1,"enemies":"Jaw Worm","floor":3,"turns":2},{"damage":2,"enemies":"Exordium Thugs","floor":4,"turns":3},{"damage":5,"enemies":"Looter","floor":5,"turns":2},{"damage":0,"enemies":"3 Sentries","floor":7,"turns":3},{"damage":5,"enemies":"Exordium Wildlife","floor":10,"turns":2},{"damage":0,"enemies":"Lots of Slimes","floor":12,"turns":1},{"damage":0,"enemies":"Gremlin Nob","floor":13,"turns":2},{"damage":0,"enemies":"Blue Slaver","floor":14,"turns":1},{"damage":25,"enemies":"The Guardian","floor":16,"turns":5},{"damage":0,"enemies":"Chosen","floor":18,"turns":2},{"damage":0,"enemies":"3 Byrds","floor":19,"turns":4},{"damage":0,"enemies":"Snecko","floor":20,"turns":3},{"damage":2,"enemies":"3 Cultists","floor":22,"turns":4},{"damage":9,"enemies":"Replay:Snechameleon","floor":23,"turns":2},{"damage":5,"enemies":"Snake Plant","floor":24,"turns":3},{"damage":13,"enemies":"Book of Stabbing","floor":25,"turns":4},{"damage":0,"enemies":"Chosen and Byrds","floor":27,"turns":4},{"damage":0,"enemies":"Snecko","floor":28,"turns":3},{"damage":0,"enemies":"Snake Plant","floor":29,"turns":3},{"damage":5,"enemies":"Cultist and Chosen","floor":31,"turns":2},{"damage":7,"enemies":"Automaton","floor":33,"turns":4},{"damage":10,"enemies":"3 Shapes","floor":35,"turns":2},{"damage":6,"enemies":"3 Darklings","floor":37,"turns":2},{"damage":20,"enemies":"Maw","floor":38,"turns":4},{"damage":0,"enemies":"Transient","floor":39,"turns":1},{"damage":0,"enemies":"Giant Head","floor":40,"turns":4},{"damage":50,"enemies":"2 Orb Walkers","floor":41,"turns":5},{"damage":2,"enemies":"Writhing Mass","floor":42,"turns":4},{"damage":18,"enemies":"3 Darklings","floor":44,"turns":3},{"damage":1,"enemies":"Sphere and 2 Shapes","floor":45,"turns":4},{"damage":22,"enemies":"4 Shapes","floor":47,"turns":3},{"damage":0,"enemies":"Writhing Mass","floor":48,"turns":1}],"seed_played":"-9181316489129734552","potions_obtained":[{"floor":2,"key":"Strength Potion"},{"floor":5,"key":"SkillPotion"},{"floor":7,"key":"Fire Potion"},{"floor":13,"key":"Weak Potion"},{"floor":14,"key":"Flashbang"},{"floor":20,"key":"EssenceOfSteel"},{"floor":22,"key":"Strength Potion"},{"floor":23,"key":"BlessingOfTheForge"},{"floor":27,"key":"Swift Potion"},{"floor":29,"key":"PowerPotion"},{"floor":31,"key":"Milkshake"},{"floor":37,"key":"SneckoOil"},{"floor":39,"key":"Venom Potion"},{"floor":41,"key":"SteroidPotion"},{"floor":44,"key":"AttackPotion"},{"floor":47,"key":"ColorlessPotion"}],"is_trial":false,"path_per_floor":["M","M","M","M","M","R","E","?","T","M","?","M","E","M","R","B",null,"M","M","M","$","M","E","M","E","T","M","M","M","R","M","R","B",null,"M","$","M","M","M","E","?","M","T","M","M","T","M","M"],"character_chosen":"IRONCLAD","items_purchased":["The Bomb","Purity","Snack Pack","ReplayTheSpireMod:Limb From Limb","Burning Pact"],"campfire_rested":0,"item_purchase_floors":[21,21,36,36,36],"current_hp_per_floor":[88,88,88,88,88,88,88,88,88,88,88,88,88,88,88,69,88,88,88,88,88,88,85,86,79,79,85,88,88,88,88,88,87,88,86,86,85,72,75,88,48,50,50,42,45,45,36,37,37],"gold":327,"neow_bonus":"TEN_PERCENT_HP_BONUS","is_daily":false,"chose_seed":false,"campfire_upgraded":7,"win_rate":0.0,"timestamp":1613942030,"path_taken":["M","M","M","M","M","R","E","?","T","M","?","?","E","M","R","BOSS","M","M","M","$","M","E","M","E","T","M","M","M","R","M","R","BOSS","M","$","M","M","M","E","?","M","T","M","M","?","?","M"],"items_purchased_type":["Card","Card","Relic","Card","Card"],"build_version":"2020-12-22","purchased_purges":0,"victory":false,"max_hp_per_floor":[88,88,88,88,88,88,88,88,88,88,88,88,88,88,88,88,88,88,88,88,88,88,88,88,88,88,88,88,88,88,88,88,88,88,88,88,88,88,88,88,88,88,88,88,88,88,88,88,88],"relic_stats":{"Dream Catcher":0,"Busted Crown":44,"counters":[34,96],"Pen Nib":[15],"Bag of Preparation":[12],"MawBank":24,"obtain_stats":[{"Gremlin Food":43,"Replay:PocketPolymizer":41,"Replay:Grab Bag":34,"Vajra":9,"Pen Nib":13,"Bag of Preparation":40,"Empty Cage":34,"MawBank":46,"Burning Blood":0,"Replay:Arrowhead":7,"Dream Catcher":23,"Busted Crown":17,"Chameleon Ring":26,"Coffee Dripper":34,"Snack Pack":36,"ReplayTheSpireMod:Lightbulb":25,"ReplayTheSpireMod:DimensionalGlitch":34},{"Gremlin Food":30,"Replay:PocketPolymizer":29,"Replay:Grab Bag":23,"Vajra":6,"Pen Nib":9,"Bag of Preparation":28,"Empty Cage":23,"MawBank":32,"Burning Blood":0,"Replay:Arrowhead":6,"Dream Catcher":16,"Busted Crown":11,"Chameleon Ring":18,"Coffee Dripper":23,"Snack Pack":24,"ReplayTheSpireMod:Lightbulb":18,"ReplayTheSpireMod:DimensionalGlitch":23},{"Gremlin Food":85,"Replay:PocketPolymizer":81,"Replay:Grab Bag":63,"Vajra":14,"Pen Nib":19,"Bag of Preparation":76,"Empty Cage":63,"MawBank":92,"Burning Blood":0,"Replay:Arrowhead":14,"Dream Catcher":40,"Busted Crown":25,"Chameleon Ring":47,"Coffee Dripper":63,"Snack Pack":65,"ReplayTheSpireMod:Lightbulb":47,"ReplayTheSpireMod:DimensionalGlitch":63}],"Burning Blood":93},"card_choices":[{"not_picked":["Anger","Shockwave","Perfected Strike"],"picked":"SKIP","floor":1},{"not_picked":["Fire Breathing","ReplayTheSpireMod:Corrosion Curse"],"picked":"Replay:Undeath\u0027s Touch","floor":2},{"not_picked":["Pommel Strike","Perfected Strike"],"picked":"Cleave","floor":3},{"not_picked":["True Grit","Rage"],"picked":"Battle Trance","floor":4},{"not_picked":["Armaments","Replay:Undeath\u0027s Touch"],"picked":"Body Slam","floor":5},{"not_picked":["Warcry","Limit Break"],"picked":"Armaments","floor":7},{"not_picked":["Perfected Strike","Cleave"],"picked":"Power Through","floor":10},{"not_picked":["Flex","Sword Boomerang"],"picked":"ReplayTheSpireMod:Stacked","floor":12},{"not_picked":["Corruption","Wild Strike"],"picked":"Dropkick","floor":13},{"not_picked":["Clash","Replay:Undeath\u0027s Touch"],"picked":"Searing Blow","floor":14},{"not_picked":["Juggernaut","Exhume"],"picked":"Barricade","floor":16},{"not_picked":[],"picked":"Fire Breathing+1","floor":18},{"not_picked":["Headbutt"],"picked":"SKIP","floor":19},{"not_picked":[],"picked":"Shrug It Off","floor":20},{"not_picked":[],"picked":"ReplayTheSpireMod:Strike From Hell","floor":22},{"not_picked":["Thunderclap"],"picked":"SKIP","floor":23},{"not_picked":[],"picked":"Cleave+1","floor":24},{"not_picked":[],"picked":"Replay:Undeath\u0027s Touch","floor":25},{"not_picked":[],"picked":"Defy Death+1","floor":27},{"not_picked":["ReplayTheSpireMod:Stacked"],"picked":"SKIP","floor":28},{"not_picked":[],"picked":"Rampage+1","floor":29},{"not_picked":[],"picked":"Reckless Charge","floor":31},{"not_picked":[],"picked":"Reaper","floor":33},{"not_picked":[],"picked":"Heavy Blade","floor":35},{"not_picked":["Cleave+1"],"picked":"SKIP","floor":37},{"not_picked":[],"picked":"Warcry+1","floor":38},{"not_picked":["Cleave"],"picked":"SKIP","floor":39},{"not_picked":["Rampage"],"picked":"SKIP","floor":40},{"not_picked":[],"picked":"Havoc+1","floor":41},{"not_picked":[],"picked":"True Grit+1","floor":42},{"not_picked":["Pummel"],"picked":"SKIP","floor":44},{"not_picked":[],"picked":"ReplayTheSpireMod:Corrosion Curse+1","floor":45},{"not_picked":[],"picked":"ReplayReversal+1","floor":47}],"player_experience":1039010,"relics_obtained":[{"floor":7,"key":"Replay:Arrowhead"},{"floor":9,"key":"Vajra"},{"floor":13,"key":"Pen Nib"},{"floor":23,"key":"Dream Catcher"},{"floor":25,"key":"ReplayTheSpireMod:Lightbulb"},{"floor":26,"key":"Chameleon Ring"},{"floor":40,"key":"Bag of Preparation"},{"floor":41,"key":"Replay:PocketPolymizer"},{"floor":43,"key":"Gremlin Food"},{"floor":46,"key":"MawBank"}],"event_choices":[{"damage_healed":0,"gold_gain":0,"cards_transformed":["Strike_R"],"player_choice":"Change","damage_taken":0,"max_hp_gain":0,"max_hp_loss":0,"event_name":"Living Wall","floor":8,"gold_loss":0,"cards_obtained":["Berserk"]},{"damage_healed":0,"gold_gain":0,"cards_transformed":["Strike_R"],"player_choice":"Transformed","damage_taken":0,"max_hp_gain":0,"max_hp_loss":0,"event_name":"Transmorgrifier","floor":11,"gold_loss":0,"cards_obtained":["True Grit"]},{"damage_healed":0,"gold_gain":0,"player_choice":"Fight","damage_taken":0,"max_hp_gain":0,"max_hp_loss":0,"event_name":"Mysterious Sphere","floor":41,"gold_loss":0}],"is_beta":false,"boss_relics":[{"not_picked":["Replay:Wanted Poster","ChewingGum"],"picked":"Busted Crown"},{"not_picked":["Electric Blood","Runic Cube"],"picked":"Replay:Grab Bag"},{"not_picked":["Fusion Hammer","ReplayTheSpireMod:Onyx Gauntlets"],"picked":"ReplayTheSpireMod:DimensionalGlitch"},{"not_picked":["Velvet Choker","Sozu"],"picked":"Coffee Dripper"},{"not_picked":["Ring of Chaos","Black Blood"],"picked":"Empty Cage"}],"items_purged_floors":[],"is_endless":false,"potions_floor_spawned":[2,5,7,13,14,16,20,22,23,27,29,31,37,39,41,44,47],"killed_by":"Writhing Mass","ascension_level":0}}