{"host":"sfkslwp4t49i7lrt","time":1613898479,"event":{"mods":["Act Like it!","BaseMod","Bestiary","Block Reminder","Downfall","Friendly Minions","Highlight Path","Lobotomy","Minty Spire (QoL Compilation)","Relic Stats","Ruina","Spire Arcade","StSLib","TheSurvivalist","Wide Potions","everything is the same but u backflip on backflip","slay the spire mod where everything is the same but ironclad has a cowboy hat"],"gold_per_floor":[110,130,130,153,169,192,231,231,231,252,252,268,268,288,288,413,413,429,453,467,488,513,513,513],"floor_reached":23,"language":"ENG","playtime":1074,"items_purged":[],"score":301,"play_id":"8ef2ae76-1676-457e-b239-3e3bedd54743","local_time":"20210221160759","is_ascension_mode":false,"campfire_choices":[{"floor":8,"key":"REST"},{"floor":15,"key":"REST"}],"circlet_count":0,"master_deck":["Strike_G","Strike_G","Strike_G","Strike_G","Strike_G","Defend_G","Defend_G","Defend_G","Defend_G","Defend_G","Survivor","Neutralize","ApocalypseBird","SilentOrchestra","SingingMachine","LaLuna","Bouncing Flask","UniverseFragment","PunishingBird","BigBird","FieryBird","LongBird"],"relics":["Ring of the Snake","CogitoBucket","Golden Idol","Lantern","AspirationHeart","HonorFeather","RabbitCall","ruina:Goodbye","ruina:FalsePresent","ruina:PrescriptsGrace","Yang_Lob","Twilight","Mango","sneckomod:SneckoTalon"],"acts_visited":["Exordium","TheCity"],"potions_floor_usage":[],"damage_taken":[{"damage":0.0,"enemies":"Small Slimes","floor":1.0,"turns":1.0},{"damage":0.0,"enemies":"Jaw Worm","floor":2.0,"turns":1.0},{"damage":0.0,"enemies":"2 Louse","floor":4.0,"turns":1.0},{"damage":0.0,"enemies":"Blue Slaver","floor":5.0,"turns":1.0},{"damage":0.0,"enemies":"Exordium Thugs","floor":6.0,"turns":1.0},{"damage":0.0,"enemies":"3 Sentries","floor":7.0,"turns":1.0},{"damage":4,"enemies":"Looter","floor":10,"turns":1},{"damage":0,"enemies":"Large Slime","floor":12,"turns":1},{"damage":0,"enemies":"Blue Slaver","floor":14,"turns":1},{"damage":0,"enemies":"The Guardian","floor":16,"turns":1},{"damage":0,"enemies":"Spheric Guardian","floor":18,"turns":1},{"damage":0,"enemies":"2 Thieves","floor":19,"turns":1},{"damage":0,"enemies":"Centurion and Healer","floor":20,"turns":1},{"damage":0,"enemies":"Snake Plant","floor":21,"turns":1},{"damage":0,"enemies":"3 Cultists","floor":22,"turns":1},{"damage":93,"enemies":"Cultist and Chosen","floor":23,"turns":1}],"seed_played":"-3237572478645086895","potions_obtained":[{"floor":1.0,"key":"Regen Potion"},{"floor":4.0,"key":"CunningPotion"}],"is_trial":false,"path_per_floor":["M","M","?","M","M","M","E","R","T","M","?","M","$","M","R","B",null,"M","M","M","M","M","M"],"character_chosen":"THE_SILENT","items_purchased":[],"campfire_rested":2,"item_purchase_floors":[],"current_hp_per_floor":[70,70,65,65,65,65,65,68,82,78,78,78,78,78,82,82,82,82,82,82,82,82,0,0],"gold":513,"neow_bonus":"","is_daily":false,"chose_seed":false,"campfire_upgraded":0,"win_rate":0.0,"timestamp":1613898479,"path_taken":["M","M","?","M","M","M","E","R","T","M","?","M","$","M","R","BOSS","M","M","M","M","M","M"],"items_purchased_type":[],"build_version":"2020-12-22","purchased_purges":0,"victory":false,"max_hp_per_floor":[70,70,65,65,65,65,65,68,82,82,82,82,82,82,82,82,82,82,82,82,82,82,82,82],"relic_stats":{"counters":[17,13],"Golden Idol":77,"obtain_stats":[{"RabbitCall":8,"ruina:FalsePresent":8,"Lantern":7,"HonorFeather":8,"Golden Idol":3,"AspirationHeart":8,"Yang":8,"Twilight":8,"Mango":9,"DeathAngel":8,"sneckomod:SneckoTalon":17,"Cables":8,"Nuclear Battery":8,"Yang_Lob":8,"CogitoBucket":0,"ruina:Goodbye":8,"ruina:Prescript":8,"ruina:PrescriptsGrace":8,"Ring of the Snake":0},{"RabbitCall":6,"ruina:FalsePresent":6,"Lantern":6,"HonorFeather":6,"Golden Idol":2,"AspirationHeart":6,"Yang":6,"Twilight":6,"Mango":6,"DeathAngel":6,"sneckomod:SneckoTalon":10,"Cables":6,"Nuclear Battery":6,"Yang_Lob":6,"CogitoBucket":0,"ruina:Goodbye":6,"ruina:Prescript":6,"ruina:PrescriptsGrace":6,"Ring of the Snake":0},{"RabbitCall":6,"ruina:FalsePresent":6,"Lantern":6,"HonorFeather":6,"Golden Idol":2,"AspirationHeart":6,"Yang":6,"Twilight":6,"Mango":6,"DeathAngel":6,"sneckomod:SneckoTalon":10,"Cables":6,"Nuclear Battery":6,"Yang_Lob":6,"CogitoBucket":0,"ruina:Goodbye":6,"ruina:Prescript":6,"ruina:PrescriptsGrace":6,"Ring of the Snake":0}],"Ring of the Snake":[24]},"card_choices":[{"not_picked":["Dash","Quick Slash","Sucker Punch"],"picked":"SKIP","floor":1.0},{"not_picked":["Dash","Quick Slash","Sucker Punch"],"picked":"SKIP","floor":1.0},{"not_picked":["Prepared","Choke","Escape Plan"],"picked":"SKIP","floor":2.0},{"not_picked":["Prepared","Choke","Escape Plan"],"picked":"SKIP","floor":2.0},{"not_picked":["Predator","Expertise","Bane"],"picked":"SKIP","floor":4.0},{"not_picked":["Predator","Expertise","Bane"],"picked":"SKIP","floor":4.0},{"not_picked":["UniverseFragment","MeatLantern"],"picked":"LaLuna","floor":5.0},{"not_picked":["Skewer","Terror","Flying Knee"],"picked":"SKIP","floor":5.0},{"not_picked":["Skewer","Concentrate","Well Laid Plans"],"picked":"SKIP","floor":6.0},{"not_picked":["Deadly Poison","Dagger Throw"],"picked":"Bouncing Flask","floor":7.0},{"not_picked":["Bloodbath","Murderer"],"picked":"UniverseFragment","floor":7.0},{"not_picked":["Caltrops","Dagger Throw","Backflip"],"picked":"SKIP","floor":10},{"not_picked":["Wraith Form v2","Outmaneuver","Bane"],"picked":"SKIP","floor":12},{"not_picked":["OSAHOGD","BlackSwan","WallGazer"],"picked":"Singing Bowl","floor":14},{"not_picked":["Flying Knee","Bane","Prepared"],"picked":"SKIP","floor":14},{"not_picked":["MeatLantern","MHz","QueenBee"],"picked":"Singing Bowl","floor":18},{"not_picked":["Deadly Poison","Underhanded Strike","Prepared+1"],"picked":"SKIP","floor":18},{"not_picked":["ShyLook","MeatLantern","GalaxyChild"],"picked":"Singing Bowl","floor":19},{"not_picked":["Poisoned Stab","Blade Dance","Finisher"],"picked":"SKIP","floor":19},{"not_picked":["HappyTeddy","SnowQueen","FairyFestival"],"picked":"Singing Bowl","floor":20},{"not_picked":["Blade Dance","Adrenaline","Bane"],"picked":"SKIP","floor":20},{"not_picked":["BeautyBeast","GreedKing","MeltingLove"],"picked":"Singing Bowl","floor":21},{"not_picked":["Acrobatics","Backflip","Bane+1"],"picked":"SKIP","floor":21},{"not_picked":["HappyTeddy","DreamingCurrent"],"picked":"LongBird","floor":22},{"not_picked":["Dagger Throw","Backstab+1","Acrobatics"],"picked":"SKIP","floor":22}],"player_experience":474780,"relics_obtained":[{"floor":7.0,"key":"Lantern"},{"floor":9,"key":"Mango"}],"event_choices":[{"damage_healed":0.0,"max_hp_gain":0.0,"max_hp_loss":5.0,"gold_gain":0.0,"event_name":"Golden Idol","player_choice":"Lose Max HP","floor":3.0,"gold_loss":0.0,"damage_taken":0.0,"relics_obtained":["Golden Idol"]},{"damage_healed":0,"gold_gain":0,"player_choice":"Ignored","damage_taken":0,"max_hp_gain":0,"max_hp_loss":0,"event_name":"Golden Wing","floor":11,"gold_loss":0}],"is_beta":false,"boss_relics":[{"not_picked":["Ring of the Serpent","Cursed Key"],"picked":"sneckomod:SneckoTalon"}],"items_purged_floors":[],"is_endless":false,"potions_floor_spawned":[1,4,7,21],"killed_by":"Cultist and Chosen","ascension_level":0}}