{"host":"roto7j7840a50pxh","time":1613878206,"event":{"mods":["Act Like it!","BaseMod","Better Altar","Better Note","Better Sensory Stone","Better Skull","Better Third Choice","BetterRewards","Colored Map","Colored Powertips","Downfall","Hermit","Highlight Path","Hubris","Infinite Spire","Minty Spire (QoL Compilation)","Replay The Spire","Robot Space Explorer","Shade Mod","Spicy Shops","StSLib","The Construct","The Cursed","The Dragon Tamer","The Hierophant","The Necromancer","The Runesmith","The Servant 0.9.4","TheVacant"],"gold_per_floor":[109,109,109,126,136,136,161,161,161,105,131,131,162,162,162,260,260,279,279,295,255,255,255,283,558,605,634,648,648,648,648,648,745,745,764,784,844,844,844,876,876,876,899,917,917,945,845,862,862,862],"floor_reached":51,"language":"ENG","playtime":3104,"items_purged":[],"score":1852,"play_id":"01f0d5f5-5ddc-46e7-8391-0b4b3b69a8ad","local_time":"20210220223006","is_ascension_mode":true,"campfire_choices":[{"data":"TheCursedMod:CircleOfWindfury","floor":6.0,"key":"SMITH"},{"floor":8.0,"key":"REST"},{"data":"TheCursedMod:HellfireBreathing","floor":15.0,"key":"SMITH"},{"data":"TheCursedMod:CircleOfCorruption","floor":23.0,"key":"SMITH"},{"floor":30.0,"key":"REST"},{"floor":32.0,"key":"DIG"},{"data":"TheCursedMod:CursedRelics","floor":41,"key":"SMITH"},{"floor":45,"key":"REST"},{"data":"TheCursedMod:HellfireBreathing","floor":49,"key":"SMITH"}],"circlet_count":0,"master_deck":["TheCursedMod:CursedWand+1","TheCursedMod:CleanUpWorkshop+1","TheCursedMod:Wield+1","Finesse+1","TheCursedMod:Stretching+1","TheCursedMod:Stretching+1","TheCursedMod:CircleOfCorruption+1","TheCursedMod:CircleOfCorruption+1","TheCursedMod:CircleOfWindfury+1","TheCursedMod:CircleOfAbyss+1","TheCursedMod:HellfireBreathing+1","TheCursedMod:Stretching+1","TheCursedMod:CursedWand+1","TheCursedMod:CircleOfCorruption+1","TheCursedMod:SoulReap+1","TheCursedMod:CursedShiv+1","TheCursedMod:FleshFromBone+1","TheCursedMod:EmpowerCircles+1","TheCursedMod:Hemoplague+1","TheCursedMod:Torture+1","TheCursedMod:BlessingInDisguise+1","TheCursedMod:CursedBoomerang+1","TheCursedMod:CursedArmor+1","TheCursedMod:SmokeScreen+1","TheCursedMod:CursedMace+1","CurseOfTheBell","CurseOfTheBell","TheCursedMod:RapidMovement+1","Decay","TheCursedMod:SaltUponWound+1","TheCursedMod:SaltUponWound+1","Master of Strategy+1","Parasite","TheCursedMod:CursedRelics+1","Clumsy","Voices","TheCursedMod:SpitefulPray+1","TheCursedMod:FleshFromBone+1","TheCursedMod:CircleOfCorruption+1","Regret","TheCursedMod:VitalStrike+1","TheCursedMod:Wield+1","TheCursedMod:NeowsMight+1","TheCursedMod:WearCloak+1","TheCursedMod:CircleOfCorruption+1","ReplayTheSpireMod:Splinters","TheCursedMod:AbyssShockwave+1","Looming Evil","ReplayTheSpireMod:Splinters","infinitespire:SevenWalls+1","TheCursedMod:CursedRelics+1","CommonCold","hubris:Insight+1","TheCursedMod:CursedWand+1","TheCursedMod:CircleOfCorruption+1","TheCursedMod:HellfireBreathing+1"],"relics":["TheCursedMod:PinkPellets","DollysMirror","Gremlin Horn","Frozen Eye","hubris:TenFootPole","Orrery","hubris:OldNail","Membership Card","Runesmith:AutoHammer","Bag of Preparation","downfall:ExtraCursedBell","sneckomod:BlankCard","Singing Bowl","hexamod:Sixitude","Pen Nib","Art of War","MealTicket","Replay:Ancient Bell","Juzu Bracelet","hubris:BottledRain","Durian","Happy Flower","Regal Pillow","hubris:CrystalStatue","hubris:Towel","Vajra","ChewingGum","Potion Belt","hubris:TinFlute","Mark of the Bloom","Bag of Marbles","Pondfish Scales"],"acts_visited":["Exordium","TheCity","TheBeyond"],"potions_floor_usage":[44,50,50],"damage_taken":[{"damage":0.0,"enemies":"2 Louse","floor":1.0,"turns":4.0},{"damage":0.0,"enemies":"Jaw Worm","floor":4.0,"turns":3.0},{"damage":0.0,"enemies":"Small Slimes","floor":5.0,"turns":2.0},{"damage":11.0,"enemies":"Lagavulin","floor":11.0,"turns":6.0},{"damage":2.0,"enemies":"Replay:BlueRogue","floor":13.0,"turns":3.0},{"damage":25.0,"enemies":"Slime Boss","floor":16.0,"turns":5.0},{"damage":0.0,"enemies":"Spheric Guardian","floor":18.0,"turns":4.0},{"damage":1.0,"enemies":"3 Byrds","floor":20.0,"turns":3.0},{"damage":23.0,"enemies":"Gremlin Leader","floor":24.0,"turns":6.0},{"damage":45.0,"enemies":"Slavers","floor":27.0,"turns":6.0},{"damage":3.0,"enemies":"3 Cultists","floor":28.0,"turns":3.0},{"damage":6.0,"enemies":"Collector","floor":33.0,"turns":6.0},{"damage":0.0,"enemies":"3 Darklings","floor":35.0,"turns":4.0},{"damage":0.0,"enemies":"3 Shapes","floor":36.0,"turns":2.0},{"damage":0,"enemies":"Reptomancer","floor":40,"turns":2},{"damage":0,"enemies":"Sphere and 2 Shapes","floor":44,"turns":2},{"damage":0,"enemies":"Nemesis","floor":46,"turns":1},{"damage":0,"enemies":"4 Shapes","floor":48,"turns":2},{"damage":20,"enemies":"infinitespire:MassOfShapes","floor":50,"turns":3}],"seed_played":"-1042686880483695061","potions_obtained":[{"floor":1.0,"key":"Elixir"},{"floor":11.0,"key":"BlessingOfTheForge"},{"floor":16.0,"key":"Languid Potion"},{"floor":19.0,"key":"bronze:BurnAndBuffPotion"},{"floor":19.0,"key":"ColorlessPotion"},{"floor":24.0,"key":"TheCursedMod:DregsPotion"},{"floor":28.0,"key":"LiquidMemories"},{"floor":36.0,"key":"Strength Potion"},{"floor":37.0,"key":"Swift Potion"},{"floor":37.0,"key":"Explosive Potion"},{"floor":48,"key":"Energy Potion"}],"is_trial":false,"path_per_floor":["M","?","?","M","M","R","T","R","T","$","E","?","E","?","R","B",null,"M","?","M","?","?","R","E","?","T","E","M","?","R","?","R_BF","B",null,"M","M","?","?","?","E","R","?","T","M","R","E","NS","M","R","B",null],"character_chosen":"THE_CURSED","items_purchased":["TheCursedMod:HellfireBreathing","TheCursedMod:Stretching","DollysMirror","Gremlin Horn","TheCursedMod:CircleOfCorruption","TheCursedMod:SoulReap","Frozen Eye","hubris:TenFootPole","TheCursedMod:CursedShiv","TheCursedMod:FleshFromBone","TheCursedMod:EmpowerCircles+1","Orrery","hubris:OldNail","TheCursedMod:DoubleShield","Membership Card","TheCursedMod:SmokeScreen","Art of War","TheCursedMod:SaltUponWound"],"campfire_rested":3,"item_purchase_floors":[0,0,0,0,0,0,0,0,0,0,0,0,0,0,0,0,10,10],"current_hp_per_floor":[20,18,18,20,20,20,20,43,43,43,39,39,54,74,74,54,79,79,79,83,83,83,83,60,60,60,22,24,24,64,64,64,67,81,81,81,81,81,81,81,81,81,81,81,81,81,81,81,81,61],"gold":862,"neow_bonus":"","is_daily":false,"chose_seed":false,"campfire_upgraded":5,"win_rate":0.0,"timestamp":1613878206,"path_taken":["M","?","?","M","M","R","?","R","T","?","E","?","E","?","R","BOSS","M","?","M","?","?","R","E","?","T","E","M","?","R","?","R_BF","BOSS","M","M","?","?","?","E","R","?","T","M","R","E","NS","M","R","BOSS"],"items_purchased_type":["Card","Card","Relic","Relic","Card","Card","Relic","Relic","Card","Card","Card","Relic","Relic","Card","Relic","Card","Relic","Card"],"build_version":"2020-12-22","purchased_purges":0,"victory":true,"max_hp_per_floor":[75,75,75,77,77,77,77,77,77,77,79,79,81,81,81,81,86,86,86,86,86,86,86,86,86,86,86,86,86,86,86,86,86,86,86,86,86,86,86,86,86,86,86,88,88,90,90,90,90,90],"card_choices":[{"not_picked":["TheCursedMod:PrepareRite","TheCursedMod:TacticalStrike"],"picked":"TheCursedMod:Hemoplague","floor":0.0},{"not_picked":["TheCursedMod:ManaCirculation","TheCursedMod:Hemoplague"],"picked":"TheCursedMod:Torture","floor":0.0},{"not_picked":["TheCursedMod:RavingStaff","TheCursedMod:Neurasthenia"],"picked":"TheCursedMod:BlessingInDisguise","floor":0.0},{"not_picked":["TheCursedMod:FleshFromBone","TheCursedMod:ManaBullet"],"picked":"TheCursedMod:CursedBoomerang","floor":0.0},{"not_picked":["TheCursedMod:SpitefulPray","TheCursedMod:Neurasthenia"],"picked":"TheCursedMod:CursedArmor","floor":0.0},{"not_picked":["TheCursedMod:Stretching","TheCursedMod:CursedAmulet"],"picked":"TheCursedMod:CursedMace","floor":1.0},{"not_picked":["TheCursedMod:AshesToAshes","TheCursedMod:Stigma","TheCursedMod:CircleOfFocus"],"picked":"Singing Bowl","floor":4.0},{"not_picked":["TheCursedMod:PrepareRite","TheCursedMod:SpreadPlague"],"picked":"TheCursedMod:RapidMovement","floor":5.0},{"not_picked":["TheCursedMod:SpitefulPray","TheCursedMod:EmpowerCircles","TheCursedMod:RavingStaff"],"picked":"Singing Bowl","floor":11.0},{"not_picked":["Panacea","Replay:BasicMightCard"],"picked":"Master of Strategy","floor":12.0},{"not_picked":["TheCursedMod:RavingStaff","TheCursedMod:OutForBlood","TheCursedMod:CircleOfFocus"],"picked":"Singing Bowl","floor":13.0},{"not_picked":["TheCursedMod:OutForBlood","TheCursedMod:DemonicPact"],"picked":"TheCursedMod:CursedRelics","floor":16.0},{"not_picked":["hubris:Sloth","Spreading Infection"],"picked":"Regret","floor":17.0},{"not_picked":["ReplayTheSpireMod:IOU","Overencumbered"],"picked":"Clumsy","floor":17.0},{"not_picked":["Normality","Doubt"],"picked":"Voices","floor":17.0},{"not_picked":["TheCursedMod:CursedAmulet+1","TheCursedMod:RapidMovement"],"picked":"TheCursedMod:SpitefulPray","floor":18.0},{"not_picked":["TheCursedMod:TacticalStrike+1","TheCursedMod:CursedMace"],"picked":"TheCursedMod:FleshFromBone","floor":20.0},{"not_picked":["TheCursedMod:FleshFromBone+1","TheCursedMod:TacticalStrike+1"],"picked":"TheCursedMod:CircleOfCorruption","floor":24.0},{"not_picked":["TheCursedMod:StingEye","TheCursedMod:CursedBlade"],"picked":"TheCursedMod:VitalStrike+1","floor":27.0},{"not_picked":["TheCursedMod:CursedShiv","TheCursedMod:Stigma"],"picked":"TheCursedMod:Wield","floor":28.0},{"not_picked":["TheCursedMod:UltimatePain","TheCursedMod:CircleOfAbyss"],"picked":"TheCursedMod:NeowsMight","floor":33.0},{"not_picked":["TheCursedMod:CursedAmulet","TheCursedMod:ReleasedStrength"],"picked":"TheCursedMod:WearCloak","floor":35.0},{"not_picked":["TheCursedMod:Evocation","TheCursedMod:TroublousMinions"],"picked":"TheCursedMod:CircleOfCorruption+1","floor":36.0},{"not_picked":["TheCursedMod:ManaBullet+1","TheCursedMod:Hemoplague+1"],"picked":"TheCursedMod:AbyssShockwave+1","floor":37.0},{"not_picked":["ReplayTheSpireMod:??????????????????????","ReplayTheSpireMod:Echoes of Time"],"picked":"infinitespire:SevenWalls","floor":38.0},{"not_picked":["TheCursedMod:FleshFromBone+1","TheCursedMod:SurpriseAttack+1"],"picked":"TheCursedMod:CircleOfCorruption+1","floor":40},{"not_picked":["TheCursedMod:SmokeScreen","TheCursedMod:Stretching","TheCursedMod:Stigma"],"picked":"Singing Bowl","floor":44},{"not_picked":["TheCursedMod:Grudge+1","TheCursedMod:VitalStrike+1","TheCursedMod:CursedAmulet+1"],"picked":"Singing Bowl","floor":46},{"not_picked":["TheCursedMod:BlessingInDisguise+1","TheCursedMod:CursedBlade"],"picked":"TheCursedMod:HellfireBreathing","floor":48}],"player_experience":1989118,"relics_obtained":[{"floor":3.0,"key":"sneckomod:BlankCard"},{"floor":3.0,"key":"Singing Bowl"},{"floor":3.0,"key":"hexamod:Sixitude"},{"floor":7.0,"key":"Pen Nib"},{"floor":11.0,"key":"MealTicket"},{"floor":24.0,"key":"Happy Flower"},{"floor":26.0,"key":"Regal Pillow"},{"floor":27.0,"key":"hubris:CrystalStatue"},{"floor":32.0,"key":"Vajra"},{"floor":37.0,"key":"Potion Belt"},{"floor":40,"key":"hubris:TinFlute"},{"floor":43,"key":"Bag of Marbles"},{"floor":46,"key":"Pondfish Scales"}],"event_choices":[{"damage_healed":0.0,"max_hp_gain":0.0,"max_hp_loss":0.0,"gold_gain":1.0,"event_name":"betterThird:BetterScrap","player_choice":"Relic Relic ","floor":2.0,"gold_loss":0.0,"damage_taken":6.0,"cards_obtained":["Hyperbeam"]},{"damage_healed":0.0,"max_hp_gain":0.0,"max_hp_loss":0.0,"gold_gain":1.0,"event_name":"betterStone:BetterStone","player_choice":"1","floor":12.0,"gold_loss":0.0,"damage_taken":0.0},{"damage_healed":20.0,"max_hp_gain":0.0,"max_hp_loss":0.0,"gold_gain":0.0,"event_name":"Mushrooms","player_choice":"Healed and dodged fight","floor":14.0,"gold_loss":0.0,"damage_taken":0.0,"cards_obtained":["Parasite"]},{"damage_healed":0.0,"max_hp_gain":0.0,"max_hp_loss":0.0,"gold_gain":0.0,"event_name":"Lab","player_choice":"Got Potions","floor":19.0,"gold_loss":0.0,"damage_taken":0.0},{"damage_healed":0.0,"max_hp_gain":0.0,"max_hp_loss":0.0,"gold_gain":0.0,"event_name":"Designer","player_choice":"Upgrade","floor":21.0,"gold_loss":40.0,"damage_taken":0.0,"cards_upgraded":["TheCursedMod:CursedRelics"]},{"damage_healed":0.0,"max_hp_gain":0.0,"max_hp_loss":0.0,"gold_gain":0.0,"event_name":"Fountain of Cleansing","player_choice":"Ignored","floor":22.0,"gold_loss":0.0,"damage_taken":0.0},{"damage_healed":0.0,"max_hp_gain":0.0,"max_hp_loss":0.0,"gold_gain":275.0,"event_name":"Golden Shrine","player_choice":"Desecrate","floor":25.0,"gold_loss":0.0,"damage_taken":0.0,"cards_obtained":["Regret"]},{"cards_removed":["Regret"],"damage_healed":0.0,"max_hp_gain":0.0,"max_hp_loss":0.0,"gold_gain":0.0,"event_name":"Purifier","player_choice":"Purged","floor":29.0,"gold_loss":0.0,"damage_taken":0.0},{"damage_healed":0,"gold_gain":0,"player_choice":"4 cards matched","damage_taken":0,"max_hp_gain":0,"max_hp_loss":0,"event_name":"Match and Keep!","floor":39,"gold_loss":0,"cards_obtained":["TheCursedMod:CursedRelics","CommonCold","hubris:Insight","TheCursedMod:CursedWand"]},{"damage_healed":0,"gold_gain":0,"player_choice":"Upgrade","damage_taken":0,"relics_obtained":["Mark of the Bloom"],"max_hp_gain":0,"max_hp_loss":0,"event_name":"MindBloom","floor":42,"gold_loss":0,"cards_upgraded":["TheCursedMod:CursedWand","TheCursedMod:CleanUpWorkshop","TheCursedMod:Wield","Finesse","TheCursedMod:Stretching","TheCursedMod:Stretching","TheCursedMod:CircleOfCorruption","TheCursedMod:CircleOfAbyss","TheCursedMod:HellfireBreathing","TheCursedMod:Stretching","TheCursedMod:CursedWand","TheCursedMod:CircleOfCorruption","TheCursedMod:SoulReap","TheCursedMod:CursedShiv","TheCursedMod:FleshFromBone","TheCursedMod:Hemoplague","TheCursedMod:Torture","TheCursedMod:BlessingInDisguise","TheCursedMod:CursedBoomerang","TheCursedMod:CursedArmor","TheCursedMod:DoubleShield","TheCursedMod:SmokeScreen","TheCursedMod:CursedMace","TheCursedMod:RapidMovement","TheCursedMod:SaltUponWound","TheCursedMod:SaltUponWound","Master of Strategy","TheCursedMod:SpitefulPray","TheCursedMod:FleshFromBone","TheCursedMod:CircleOfCorruption","TheCursedMod:Wield","TheCursedMod:NeowsMight","TheCursedMod:WearCloak","infinitespire:SevenWalls","hubris:Insight","TheCursedMod:CursedWand"]}],"is_beta":false,"boss_relics":[{"not_picked":["infinitespire:Cupcake","construct:WeddingRing"],"picked":"Replay:Ancient Bell"},{"not_picked":["Smiling Mask","Centennial Puzzle"],"picked":"Juzu Bracelet"},{"not_picked":["Pear","infinitespire:BottledMercury"],"picked":"hubris:BottledRain"},{"not_picked":["Guardian:GemstoneGun","hubris:GlazedTorus"],"picked":"Durian"},{"not_picked":["hubris:Backtick","ReplayTheSpireMod:SealedPack"],"picked":"ChewingGum"}],"items_purged_floors":[],"is_endless":false,"potions_floor_spawned":[1,11,16,20,24,27,28,35,36,48],"ascension_level":12}}