{"host":"dv29tre2e7vje47n","time":1613926905,"event":{"mods":["AchievementEnabler","BaseMod","Colored Map","Colored Powertips","DeckTracker","Displayed Cursed Tome","Downfall","Friendly Minions","Googly Eyes","Highlight Path","Key Reminder","Minty Spire (QoL Compilation)","Quick Restart","Random Character Button","Rare Cards Sparkle","Relic Sorter","Relic Stats","Replay The Spire","Spire Arcade","Spire Birthday Party","StSLib","SuperFastMode","Unceasing Turn Reminder"],"gold_per_floor":[110,110,126,126,143,171,171,171,171,502,502,113,144,161,173,191,191,203,203,203],"floor_reached":18,"language":"ENG","playtime":852,"items_purged":[],"score":139,"play_id":"8f9388f9-4f1e-4caf-bee1-9c3b759841fd","local_time":"20210221180145","is_ascension_mode":true,"campfire_choices":[{"floor":17,"key":"DIG"}],"circlet_count":0,"master_deck":["sneckomod:Strike","sneckomod:Strike","sneckomod:Strike","sneckomod:Defend","sneckomod:Defend","sneckomod:Defend","sneckomod:TailWhip","sneckomod:SnekBite","sneckomod:Unknown","sneckomod:Unknown","sneckomod:UnknownBlock","sneckomod:Rotation","sneckomod:UnknownDraw","sneckomod:RainOfDice","sneckomod:UnknownUncommonPower","ReplayTheSpireMod:Necrogeddon","Bandage Up","sneckomod:Restock","sneckomod:UnknownStrength","sneckomod:Nope"],"relics":["sneckomod:SneckoSoul","Blood Vial","Old Coin","Garlic","Replay:Wax Seal","Bag of Preparation","MawBank"],"acts_visited":["Exordium"],"potions_floor_usage":[18,18,18],"damage_taken":[{"damage":1,"enemies":"Jaw Worm","floor":1,"turns":3},{"damage":3,"enemies":"2 Louse","floor":3,"turns":2},{"damage":5,"enemies":"Small Slimes","floor":5,"turns":3},{"damage":37,"enemies":"3 Sentries","floor":6,"turns":5},{"damage":20,"enemies":"Replay:BlueRogue","floor":10,"turns":7},{"damage":14,"enemies":"Gremlin Nob","floor":13,"turns":4},{"damage":20,"enemies":"Gremlin Gang","floor":14,"turns":5},{"damage":7,"enemies":"Exordium Wildlife","floor":15,"turns":4},{"damage":8,"enemies":"2 Fungi Beasts","floor":16,"turns":2},{"damage":32,"enemies":"Slime Boss","floor":18,"turns":4}],"seed_played":"-2011170939040207407","potions_obtained":[{"floor":3,"key":"PowerPotion"},{"floor":4,"key":"Regen Potion"},{"floor":4,"key":"sneckomod:MuddlingPotion"}],"is_trial":false,"path_per_floor":["M","?","M","?","M","E","PTL","PTL","?","E","T","$","E","M","M","M","R_BF","B"],"character_chosen":"THE_SNECKO","items_purchased":["Replay:Wax Seal","sneckomod:UnknownUncommonPower","ReplayTheSpireMod:Necrogeddon","Bandage Up"],"campfire_rested":0,"item_purchase_floors":[12,12,12,12],"current_hp_per_floor":[89,89,86,86,81,44,44,44,44,26,26,26,18,4,3,1,1,0,0,0],"gold":203,"neow_bonus":"THREE_CARDS","is_daily":false,"chose_seed":false,"campfire_upgraded":0,"win_rate":0.0,"timestamp":1613926905,"path_taken":["M","?","M","?","M","E","PTL","PTL","?","E","T","$","E","M","?","M","R_BF","BOSS"],"items_purchased_type":["Relic","Card","Card","Card"],"build_version":"2020-12-22","purchased_purges":0,"victory":false,"max_hp_per_floor":[90,90,90,90,90,90,90,90,90,90,90,90,90,90,90,90,90,90,90,90],"relic_stats":{"Blood Vial":12,"counters":[10,39],"Bag of Preparation":[8],"MawBank":12,"obtain_stats":[{"Blood Vial":6,"Garlic":11,"Bag of Preparation":13,"Replay:Wax Seal":12,"sneckomod:SneckoSoul":0,"MawBank":17,"Old Coin":10},{"Blood Vial":4,"Garlic":5,"Bag of Preparation":6,"Replay:Wax Seal":5,"sneckomod:SneckoSoul":0,"MawBank":9,"Old Coin":5},{"Blood Vial":13,"Garlic":20,"Bag of Preparation":24,"Replay:Wax Seal":20,"sneckomod:SneckoSoul":0,"MawBank":35,"Old Coin":20}]},"card_choices":[{"not_picked":["sneckomod:UnknownCommonSkill","sneckomod:SoulDraw"],"picked":"sneckomod:UnknownBlock","floor":0},{"not_picked":["sneckomod:DiceBlock","sneckomod:UnknownCommonSkill"],"picked":"sneckomod:Rotation","floor":1},{"not_picked":["sneckomod:WideSting","sneckomod:SoulRoll"],"picked":"sneckomod:UnknownDraw","floor":3},{"not_picked":["sneckomod:DiceBlock","sneckomod:DiceCrush"],"picked":"sneckomod:RainOfDice","floor":5},{"not_picked":["sneckomod:SoulDraw","sneckomod:DiceCrush","sneckomod:TrashToTreasure"],"picked":"SKIP","floor":6},{"not_picked":["sneckomod:UnknownBlock","sneckomod:DiceCrush","sneckomod:DiceBlock"],"picked":"SKIP","floor":10},{"not_picked":["sneckomod:WideSting","sneckomod:UnknownDraw"],"picked":"sneckomod:Restock","floor":13},{"not_picked":["sneckomod:IronFang","sneckomod:ImprovisedAttack"],"picked":"sneckomod:UnknownStrength","floor":14},{"not_picked":["sneckomod:UnknownExhaust","sneckomod:SoulDraw"],"picked":"sneckomod:Nope","floor":15},{"not_picked":["sneckomod:QuickBite","sneckomod:SnekBeam","sneckomod:SoulCleanse"],"picked":"SKIP","floor":16}],"player_experience":12992,"relics_obtained":[{"floor":6,"key":"Blood Vial"},{"floor":10,"key":"Old Coin"},{"floor":11,"key":"Garlic"},{"floor":13,"key":"Bag of Preparation"},{"floor":17,"key":"MawBank"}],"event_choices":[{"damage_healed":0,"gold_gain":0,"player_choice":"Leave","damage_taken":0,"max_hp_gain":0,"max_hp_loss":0,"event_name":"The Cleric","floor":2,"gold_loss":0},{"damage_healed":0,"gold_gain":0,"player_choice":"Bought 0 Potions","damage_taken":0,"max_hp_gain":0,"max_hp_loss":0,"event_name":"The Woman in Blue","floor":9,"gold_loss":0}],"is_beta":false,"boss_relics":[],"items_purged_floors":[],"is_endless":false,"potions_floor_spawned":[3,13,14,16],"killed_by":"Slime Boss","ascension_level":1}}