{"host":"aapp7ew3jk5k1bvd","time":1613897544,"event":{"mods":["AchievementEnabler","BaseMod","Colored Map","Custom Start","Keyboard Shortcuts","Minty Spire (QoL Compilation)","Permanent Neow","Quick Restart","StSLib","SuperFastMode"],"gold_per_floor":[17,27,27,44,56,56,68,68,68,68,82,82,96,171,171,249,249,231,248,248,173,187,187,187,187],"floor_reached":24,"language":"KOR","playtime":656,"items_purged":["Decay"],"score":342,"play_id":"926f75f0-dcb1-4476-8850-6eeaca4aa14e","local_time":"20210221175224","is_ascension_mode":true,"campfire_choices":[{"data":"Zap","floor":6,"key":"SMITH"},{"data":"Capacitor","floor":8,"key":"SMITH"},{"data":"Dualcast","floor":10,"key":"SMITH"},{"data":"Conserve Battery","floor":12,"key":"SMITH"},{"floor":15,"key":"REST"},{"data":"Defragment","floor":23,"key":"SMITH"}],"circlet_count":0,"master_deck":["AscendersBane","Defend_B","Defend_B","Defend_B","Zap+1","Dualcast+1","Conserve Battery+1","Chill","Compile Driver","Conserve Battery","Cold Snap","Capacitor+1","Conserve Battery","Defragment","Hello World","Defragment+1"],"relics":["Cracked Core","Singing Bowl","Empty Cage"],"acts_visited":["Exordium","TheCity"],"potions_floor_usage":[7,24],"damage_taken":[{"damage":8.0,"enemies":"2 Louse","floor":1.0,"turns":2.0},{"damage":0,"enemies":"Jaw Worm","floor":2,"turns":2},{"damage":0,"enemies":"Small Slimes","floor":4,"turns":3},{"damage":0,"enemies":"Red Slaver","floor":5,"turns":5},{"damage":0,"enemies":"3 Louse","floor":7,"turns":2},{"damage":0,"enemies":"2 Fungi Beasts","floor":11,"turns":4},{"damage":34,"enemies":"Gremlin Gang","floor":13,"turns":6},{"damage":22,"enemies":"The Guardian","floor":16,"turns":13},{"damage":4,"enemies":"2 Thieves","floor":18,"turns":4},{"damage":5,"enemies":"Spheric Guardian","floor":19,"turns":8},{"damage":0,"enemies":"Centurion and Healer","floor":22,"turns":12},{"damage":21,"enemies":"Cultist and Chosen","floor":24,"turns":4}],"seed_played":"-4736456354665795990","potions_obtained":[{"floor":1.0,"key":"Fire Potion"},{"floor":11,"key":"SkillPotion"},{"floor":16,"key":"SpeedPotion"},{"floor":18,"key":"FocusPotion"}],"is_trial":false,"path_per_floor":["M","M","?","M","M","R","M","R","T","R","M","R","M","?","R","B",null,"M","M","?","$","M","R","M"],"character_chosen":"DEFECT","items_purchased":[],"campfire_rested":1,"item_purchase_floors":[],"current_hp_per_floor":[56,56,56,56,56,56,56,56,56,56,56,56,22,11,32,12,58,56,51,51,51,51,51,30,30],"gold":187,"neow_bonus":"REMOVE_TWO","is_daily":false,"chose_seed":false,"campfire_upgraded":5,"win_rate":0.0,"timestamp":1613897544,"path_taken":["M","M","?","M","M","R","M","R","T","R","M","R","M","?","R","BOSS","M","M","?","$","M","R","?"],"items_purchased_type":[],"build_version":"2020-12-22","purchased_purges":1,"victory":false,"max_hp_per_floor":[71,71,71,71,71,71,71,71,71,71,71,71,71,71,71,73,73,75,75,75,75,75,75,75,75],"card_choices":[{"not_picked":["FTL","Hologram"],"picked":"Conserve Battery","floor":1.0},{"not_picked":["Turbo","Doom and Gloom"],"picked":"Chill","floor":2},{"not_picked":["Sweeping Beam","Reprogram"],"picked":"Conserve Battery","floor":4},{"not_picked":["Multi-Cast","Force Field"],"picked":"Cold Snap","floor":5},{"not_picked":["Conserve Battery","White Noise"],"picked":"Capacitor","floor":7},{"not_picked":["Doom and Gloom","Barrage"],"picked":"Conserve Battery","floor":11},{"not_picked":["Cold Snap","Capacitor"],"picked":"Defragment","floor":13},{"not_picked":["All For One","Amplify","Hyperbeam"],"picked":"Singing Bowl","floor":16},{"not_picked":["Static Discharge","Rebound","Gash"],"picked":"Singing Bowl","floor":18},{"not_picked":["Gash","Fusion"],"picked":"Hello World","floor":19},{"not_picked":["Stack","Glacier"],"picked":"Defragment","floor":22}],"player_experience":1042354,"relics_obtained":[{"floor":9,"key":"Singing Bowl"}],"event_choices":[{"damage_healed":0,"gold_gain":0,"cards_transformed":["Strike_B"],"player_choice":"Change","damage_taken":0,"max_hp_gain":0,"max_hp_loss":0,"event_name":"Living Wall","floor":3,"gold_loss":0,"cards_obtained":["Compile Driver"]},{"damage_healed":0,"gold_gain":75,"player_choice":"Gather Gold","damage_taken":11,"max_hp_gain":0,"max_hp_loss":0,"event_name":"World of Goop","floor":14,"gold_loss":0},{"damage_healed":0,"gold_gain":0,"player_choice":"Cursed","damage_taken":0,"max_hp_gain":0,"max_hp_loss":0,"event_name":"Wheel of Change","floor":20,"gold_loss":0,"cards_obtained":["Decay"]}],"is_beta":false,"boss_relics":[{"not_picked":["SlaversCollar","Nuclear Battery"],"picked":"Empty Cage"}],"items_purged_floors":[21],"is_endless":false,"potions_floor_spawned":[1,11,16,18],"killed_by":"Cultist and Chosen","ascension_level":16}}