{"host":"5yoj846f700ld8qy","time":1613945122,"event":{"mods":["AchievementEnabler","BaseMod","Better Altar","Better Match","Better Note","Better Sensory Stone","Better Skull","Better Third Choice","Colored Map","Colored Powertips","Minty Spire (QoL Compilation)","StSLib","UnlockEverythingMod"],"gold_per_floor":[109,109,109,122,33,71,71,84,132,51,71,94,137,6,6,95,95,118,18,34,34,49,49,49,67,92,92,92,92,92,92],"floor_reached":30,"language":"ENG","playtime":882,"items_purged":[],"score":562,"play_id":"60f1f06d-c820-44c8-8a47-0d9ab9658177","local_time":"20210222000522","is_ascension_mode":true,"campfire_choices":[{"data":"Noxious Fumes","floor":7,"key":"SMITH"},{"data":"Footwork","floor":15,"key":"SMITH"},{"data":"Footwork","floor":23,"key":"SMITH"},{"floor":29,"key":"REST"}],"circlet_count":0,"master_deck":["AscendersBane","Strike_G","Strike_G","Strike_G","Strike_G","Strike_G","Defend_G","Defend_G","Defend_G","Defend_G","Defend_G","Survivor","Neutralize","Dash","Backflip","Finesse","Noxious Fumes+1","Catalyst","Leg Sweep","Footwork+1","Venomology","Footwork+1","Phantasmal Killer","Blade Dance","Dodge and Roll","Caltrops","Acrobatics","Backflip"],"relics":["Ring of the Snake","NeowsBlessing","Golden Idol","CultistMask","Juzu Bracelet","Nunchaku","Strawberry","Centennial Puzzle","Cursed Key","Bronze Scales"],"acts_visited":["Exordium","TheCity"],"potions_floor_usage":[13,13,16,18,22,22,22,22,24,30],"damage_taken":[{"damage":0,"enemies":"Small Slimes","floor":1,"turns":1},{"damage":0,"enemies":"2 Louse","floor":4,"turns":1},{"damage":0,"enemies":"Gremlin Nob","floor":6,"turns":1},{"damage":1,"enemies":"Cultist","floor":8,"turns":4},{"damage":9,"enemies":"Red Slaver","floor":11,"turns":5},{"damage":5,"enemies":"3 Sentries","floor":13,"turns":7},{"damage":5,"enemies":"The Guardian","floor":16,"turns":9},{"damage":2,"enemies":"Shell Parasite","floor":18,"turns":7},{"damage":13,"enemies":"Spheric Guardian","floor":20,"turns":7},{"damage":0,"enemies":"Shelled Parasite and Fungi","floor":22,"turns":5},{"damage":19,"enemies":"Slavers","floor":24,"turns":3},{"damage":26,"enemies":"Snake Plant","floor":25,"turns":6},{"damage":30,"enemies":"Chosen and Byrds","floor":30,"turns":4}],"seed_played":"-8675930389889360372","potions_obtained":[{"floor":1,"key":"DistilledChaos"},{"floor":4,"key":"Poison Potion"},{"floor":8,"key":"DistilledChaos"}],"is_trial":false,"path_per_floor":["M","?","?","M","$","E","R","M","T","$","M","T","E","$","R","B",null,"M","$","M","?","M","R","E","M","T","?","?","R","M"],"character_chosen":"THE_SILENT","items_purchased":["Finesse","Leg Sweep","Footwork","PowerPotion","Dodge and Roll","Caltrops"],"campfire_rested":1,"item_purchase_floors":[5,10,14,14,19,19],"current_hp_per_floor":[59,59,59,59,59,59,59,58,58,58,49,56,51,51,51,46,62,60,60,47,47,47,47,28,2,2,2,2,22,0,0],"gold":92,"neow_bonus":"THREE_ENEMY_KILL","is_daily":false,"chose_seed":false,"campfire_upgraded":3,"win_rate":0.0,"timestamp":1613945122,"path_taken":["M","?","?","?","$","E","R","M","T","?","M","?","E","$","R","BOSS","M","$","M","?","M","R","E","M","T","?","?","R","M"],"items_purchased_type":["Card","Card","Card","Potion","Card","Card"],"build_version":"2020-12-22","purchased_purges":0,"victory":false,"max_hp_per_floor":[66,60,60,60,60,60,60,60,60,60,60,67,67,67,67,67,67,67,67,67,67,67,67,67,67,67,67,67,67,67,67],"card_choices":[{"not_picked":["Sucker Punch","Outmaneuver"],"picked":"Dash","floor":1},{"not_picked":["Quick Slash","Distraction"],"picked":"Backflip","floor":4},{"not_picked":["Bane","Calculated Gamble"],"picked":"Noxious Fumes","floor":6},{"not_picked":["Bane","PiercingWail"],"picked":"Catalyst","floor":8},{"not_picked":["Sucker Punch","Skewer"],"picked":"Footwork","floor":11},{"not_picked":["Reflex","Poisoned Stab"],"picked":"Venomology","floor":13},{"not_picked":["Storm of Steel","Malaise"],"picked":"Phantasmal Killer","floor":16},{"not_picked":["Dagger Spray","Cloak And Dagger"],"picked":"Blade Dance","floor":18},{"not_picked":["Terror","Cloak And Dagger"],"picked":"Acrobatics","floor":20},{"not_picked":["Terror","Well Laid Plans"],"picked":"Backflip","floor":22},{"not_picked":["Dagger Throw","Slice","Finisher"],"picked":"SKIP","floor":25}],"player_experience":451787,"relics_obtained":[{"floor":6,"key":"Juzu Bracelet"},{"floor":9,"key":"Nunchaku"},{"floor":12,"key":"Strawberry"},{"floor":13,"key":"Centennial Puzzle"},{"floor":26,"key":"Bronze Scales"}],"event_choices":[{"damage_healed":0,"gold_gain":0,"player_choice":"Lose Max HP","damage_taken":0,"relics_obtained":["Golden Idol"],"max_hp_gain":0,"max_hp_loss":6,"event_name":"Golden Idol","floor":2,"gold_loss":0},{"damage_healed":0,"gold_gain":0,"player_choice":"Trade","damage_taken":0,"relics_obtained":["CultistMask"],"max_hp_gain":0,"max_hp_loss":0,"event_name":"FaceTrader","floor":3,"gold_loss":0},{"damage_healed":0,"gold_gain":0,"player_choice":"Ignored","damage_taken":0,"max_hp_gain":0,"max_hp_loss":0,"event_name":"Cursed Tome","floor":27,"gold_loss":0},{"cards_removed":["Decay"],"damage_healed":0,"gold_gain":0,"player_choice":"Removed Curses","damage_taken":0,"max_hp_gain":0,"max_hp_loss":0,"event_name":"Fountain of Cleansing","floor":28,"gold_loss":0}],"is_beta":false,"boss_relics":[{"not_picked":["Black Star","Astrolabe"],"picked":"Cursed Key"}],"items_purged_floors":[],"is_endless":false,"potions_floor_spawned":[1,4,6,8,20,24],"killed_by":"Chosen and Byrds","ascension_level":20}}