{"host":"jwrrfqk4fsz2wgjc","time":1613873942,"event":{"mods":["BaseMod","Colored Map","Minty Spire (QoL Compilation)","Relic Stats","StSLib"],"gold_per_floor":[116,41,41,41,41,41,71,87,87,87,101,120,195,208,208,310,310,310,323,223,223,237,237,264,264,264,280,9,28,39,52,52,156,206,222,235,235,86,86,86,100,112,112,126,126,126,142,156,156,156],"floor_reached":51,"language":"ENG","playtime":1492,"items_purged":["Strike_B","Strike_B","Strike_B"],"score":723,"play_id":"cdb5dabf-5862-44a2-bf1e-449fa6ac599a","local_time":"20210221051902","is_ascension_mode":false,"campfire_choices":[{"data":"Gash","floor":6,"key":"SMITH"},{"data":"Reprogram","floor":10,"key":"SMITH"},{"data":"Go for the Eyes","floor":15,"key":"SMITH"},{"data":"All For One","floor":23,"key":"SMITH"},{"data":"Gash","floor":25,"key":"SMITH"},{"floor":32,"key":"REST"},{"data":"Gash","floor":40,"key":"SMITH"},{"data":"Hologram","floor":45,"key":"SMITH"},{"floor":49,"key":"REST"}],"circlet_count":0,"master_deck":["Defend_B","Defend_B","Defend_B","Defend_B","Gash+1","Reprogram+1","Conserve Battery","Go for the Eyes+1","All For One+1","Gash+1","Gash+1","Reinforced Body+1","Gash+1","Hologram+1","Machine Learning+1","Gash+1","Beam Cell+1","Gash+1","Fusion+1"],"relics":["Cracked Core","NeowsBlessing","Thread and Needle","Kunai","Empty Cage","Vajra","PreservedInsect","Chemical X","Tiny House","Bronze Scales","Bottled Lightning"],"acts_visited":["Exordium","TheCity","TheBeyond"],"potions_floor_usage":[18,30,33,50,50,50],"damage_taken":[{"damage":0,"enemies":"Small Slimes","floor":1,"turns":1},{"damage":0,"enemies":"Gremlin Nob","floor":7,"turns":1},{"damage":0,"enemies":"2 Louse","floor":8,"turns":1},{"damage":0,"enemies":"Jaw Worm","floor":11,"turns":4},{"damage":4,"enemies":"Red Slaver","floor":12,"turns":4},{"damage":0,"enemies":"Looter","floor":14,"turns":4},{"damage":25,"enemies":"The Guardian","floor":16,"turns":14},{"damage":0,"enemies":"2 Thieves","floor":18,"turns":1},{"damage":8,"enemies":"Shell Parasite","floor":19,"turns":6},{"damage":0,"enemies":"Centurion and Healer","floor":22,"turns":4},{"damage":13,"enemies":"Slavers","floor":24,"turns":5},{"damage":2,"enemies":"3 Cultists","floor":27,"turns":3},{"damage":4,"enemies":"Snake Plant","floor":29,"turns":3},{"damage":5,"enemies":"Snecko","floor":30,"turns":5},{"damage":0,"enemies":"Sentry and Sphere","floor":31,"turns":4},{"damage":42,"enemies":"Collector","floor":33,"turns":7},{"damage":0,"enemies":"3 Shapes","floor":35,"turns":4},{"damage":1,"enemies":"Orb Walker","floor":36,"turns":2},{"damage":0,"enemies":"Spire Growth","floor":41,"turns":3},{"damage":27,"enemies":"4 Shapes","floor":42,"turns":3},{"damage":0,"enemies":"Sphere and 2 Shapes","floor":44,"turns":5},{"damage":0,"enemies":"3 Darklings","floor":47,"turns":3},{"damage":19,"enemies":"Writhing Mass","floor":48,"turns":5},{"damage":14,"enemies":"Awakened One","floor":50,"turns":8}],"seed_played":"-9050554732110178513","potions_obtained":[{"floor":8,"key":"SmokeBomb"},{"floor":27,"key":"SpeedPotion"},{"floor":29,"key":"Fruit Juice"},{"floor":30,"key":"GamblersBrew"},{"floor":34,"key":"LiquidBronze"},{"floor":36,"key":"Explosive Potion"},{"floor":47,"key":"PowerPotion"}],"is_trial":false,"path_per_floor":["M","$","?","?","$","R","E","M","T","R","M","M","?","M","R","B",null,"M","M","$","?","M","R","E","R","T","M","$","M","M","M","R","B",null,"M","M","?","$","?","R","M","M","T","M","R","?","M","M","R","B",null],"character_chosen":"DEFECT","items_purchased":["Chemical X","Bronze Scales"],"campfire_rested":2,"item_purchase_floors":[28,38],"current_hp_per_floor":[75,75,75,75,75,75,75,75,75,75,75,71,60,60,60,35,75,75,67,67,67,67,67,54,54,54,52,52,48,48,48,72,30,85,85,84,84,84,84,84,84,57,57,57,57,57,57,38,62,48],"gold":156,"neow_bonus":"THREE_ENEMY_KILL","is_daily":false,"chose_seed":false,"campfire_upgraded":7,"win_rate":0.0,"timestamp":1613873942,"path_taken":["M","$","?","?","?","R","E","?","T","R","M","M","?","M","R","BOSS","M","M","$","?","M","R","E","R","T","?","$","M","M","M","R","BOSS","M","M","?","$","?","R","?","M","T","M","R","?","M","M","R","BOSS"],"items_purchased_type":["Relic","Relic"],"build_version":"2020-12-22","purchased_purges":3,"victory":true,"max_hp_per_floor":[75,75,75,75,75,75,75,75,75,75,75,75,75,75,75,75,75,75,75,75,75,75,75,75,75,75,75,75,75,80,80,80,80,85,85,85,85,85,85,85,85,85,85,85,85,81,81,81,81,81],"relic_stats":{"counters":[24,100],"Bronze Scales":[81],"PreservedInsect":0,"Kunai":[50],"Chemical X":[12],"obtain_stats":[{"Tiny House":34,"NeowsBlessing":0,"Bronze Scales":38,"Vajra":24,"Thread and Needle":7,"PreservedInsect":26,"Kunai":9,"Chemical X":28,"Bottled Lightning":43,"Cracked Core":0,"Empty Cage":17},{"Tiny House":16,"NeowsBlessing":0,"Bronze Scales":18,"Vajra":11,"Thread and Needle":2,"PreservedInsect":11,"Kunai":3,"Chemical X":12,"Bottled Lightning":20,"Cracked Core":0,"Empty Cage":7},{"Tiny House":67,"NeowsBlessing":0,"Bronze Scales":73,"Vajra":45,"Thread and Needle":2,"PreservedInsect":45,"Kunai":3,"Chemical X":48,"Bottled Lightning":79,"Cracked Core":0,"Empty Cage":29}]},"card_choices":[{"not_picked":["Hologram","Sweeping Beam"],"picked":"Gash","floor":1},{"not_picked":["Static Discharge","Coolheaded"],"picked":"Reprogram","floor":7},{"not_picked":["Consume","Tempest"],"picked":"Conserve Battery","floor":8},{"not_picked":["Tempest","Skim"],"picked":"Go for the Eyes","floor":11},{"not_picked":["Coolheaded","Loop","Hello World"],"picked":"SKIP","floor":12},{"not_picked":["Blizzard","Redo","Go for the Eyes"],"picked":"SKIP","floor":14},{"not_picked":["Machine Learning","Buffer"],"picked":"All For One","floor":16},{"not_picked":["Conserve Battery+1","Cold Snap"],"picked":"Gash+1","floor":19},{"not_picked":["Tempest","Go for the Eyes"],"picked":"Reinforced Body+1","floor":22},{"not_picked":["Go for the Eyes","Steam+1"],"picked":"Gash","floor":24},{"not_picked":["Go for the Eyes","Glacier","Reinforced Body"],"picked":"SKIP","floor":27},{"not_picked":["Steam Power","Scrape","Hologram"],"picked":"SKIP","floor":29},{"not_picked":["Steam Power","Scrape"],"picked":"Hologram","floor":29},{"not_picked":["Stack","Blizzard+1","Cold Snap+1"],"picked":"SKIP","floor":30},{"not_picked":["Redo","Aggregate","Heatsinks"],"picked":"SKIP","floor":31},{"not_picked":["Reboot","All For One"],"picked":"Machine Learning","floor":33},{"not_picked":["Scrape","Static Discharge"],"picked":"Gash","floor":35},{"not_picked":["Melter","Loop+1","Barrage"],"picked":"SKIP","floor":36},{"not_picked":["Leap","Conserve Battery"],"picked":"Beam Cell+1","floor":41},{"not_picked":["Multi-Cast","BootSequence","Chill"],"picked":"SKIP","floor":42},{"not_picked":["Ball Lightning+1","Conserve Battery+1"],"picked":"Gash+1","floor":44},{"not_picked":["Darkness","Hologram","Stack+1"],"picked":"SKIP","floor":47},{"not_picked":["Capacitor","Cold Snap+1"],"picked":"Fusion+1","floor":48}],"player_experience":5958,"relics_obtained":[{"floor":7,"key":"Thread and Needle"},{"floor":9,"key":"Kunai"},{"floor":24,"key":"Vajra"},{"floor":26,"key":"PreservedInsect"},{"floor":43,"key":"Bottled Lightning"}],"event_choices":[{"cards_removed":["Strike_B"],"damage_healed":0,"gold_gain":0,"player_choice":"Forget","damage_taken":0,"max_hp_gain":0,"max_hp_loss":0,"event_name":"Living Wall","floor":3,"gold_loss":0},{"damage_healed":0,"gold_gain":0,"player_choice":"Leave","damage_taken":0,"max_hp_gain":0,"max_hp_loss":0,"event_name":"The Cleric","floor":4,"gold_loss":0},{"damage_healed":0,"gold_gain":75,"player_choice":"Gather Gold","damage_taken":11,"max_hp_gain":0,"max_hp_loss":0,"event_name":"World of Goop","floor":13,"gold_loss":0},{"damage_healed":0,"gold_gain":0,"player_choice":"Copied","damage_taken":0,"max_hp_gain":0,"max_hp_loss":0,"event_name":"Duplicator","floor":21,"gold_loss":0,"cards_obtained":["Gash"]},{"damage_healed":0,"gold_gain":0,"player_choice":"Ignored","damage_taken":0,"max_hp_gain":0,"max_hp_loss":0,"event_name":"Mysterious Sphere","floor":37,"gold_loss":0},{"damage_healed":0,"gold_gain":0,"player_choice":"Ignored","damage_taken":0,"max_hp_gain":0,"max_hp_loss":0,"event_name":"Transmorgrifier","floor":39,"gold_loss":0},{"damage_healed":0,"gold_gain":0,"player_choice":"Max HP","damage_taken":0,"max_hp_gain":0,"max_hp_loss":4,"event_name":"Winding Halls","floor":46,"gold_loss":0}],"is_beta":false,"boss_relics":[{"not_picked":["Snecko Eye","Runic Dome"],"picked":"Empty Cage"},{"not_picked":["Black Star","Coffee Dripper"],"picked":"Tiny House"}],"items_purged_floors":[2,20,28],"is_endless":false,"potions_floor_spawned":[8,27,29,30,36,41,47],"ascension_level":0}}