{"host":"qg654vxoo1kzp6cj","time":1613888632,"event":{"mods":["100% Spire Juice","2.2 Compatiblity","Act Like it!","Aspiration","BaseMod","Better Altar","Better Skull","Better Third Choice","Better Vampires","Bossed Relics","Displayed Cursed Tome","Downfall","Elementarium","Gensokyo","GifTheSpireLib","Hallownest","HololiveMod","Hubris","Ironclad Rager","Menagerie","Minty Spire (QoL Compilation)","MostiFishMod","Pale of the Ancients","Reliquary","Replay The Spire","Ruina","Shapeshifter Mod","Spicy Shops","StSLib","Stuff the Spire","The Animator","The Bug Knight","The Runesmith","The Senshi","The Servant 0.9.4","TheHero","Wandering Minibosses","WarShipGirlsR/????R mod"],"gold_per_floor":[20,20,20,38,263,288,299,328,381,413,432,432,432,22,22,166,166,227,29,29,91,142,224,224,318,318,358,358,14,64,64,64,240,240,280,280,608,642,687,748,748,801,801,801,838,887,887,1046,1046,1091,1091,1091,772,837,902],"floor_reached":56,"language":"ENG","playtime":4006,"items_purged":["Shame","Doubt"],"score":1475,"play_id":"2f0bead7-91f8-48eb-99d7-51377057767c","local_time":"20210221012352","is_ascension_mode":true,"campfire_choices":[{"data":"hubris:SharpeningStone","floor":12,"key":"SMITH"},{"data":"Limit Break","floor":15,"key":"SMITH"},{"floor":24,"key":"RECALL"},{"data":"MostiFishMod:PerfectStrikeMKII","floor":28,"key":"SMITH"},{"data":"Metallicize","floor":32,"key":"SMITH"},{"data":"Rage","floor":41,"key":"SMITH"},{"data":"MostiFishMod:WingOfPhoenix","floor":44,"key":"SMITH"},{"data":"Barricade","floor":47,"key":"SMITH"},{"data":"Metallicize","floor":49,"key":"SMITH"},{"data":"Menagerie:SagesJudgement","floor":52,"key":"SMITH"}],"circlet_count":0,"master_deck":["Bash","Twin Strike","Twin Strike","Twin Strike","Twin Strike","Twin Strike","Iron Wave","Iron Wave","Iron Wave","Iron Wave","Perfected Strike","Menagerie:SagesJudgement+1","hubris:SharpeningStone+1","MostiFishMod:#F4004+1","Flame Barrier","Perfected Strike","Limit Break+1","Ghostly Armor","hubris:StunningStrike+1","Perfected Strike+1","Metallicize+1","Cleave","Perfected Strike","MostiFishMod:PerfectStrikeMKII+1","MostiFishMod:DoubleSword","ICR:PowerAttack","Rage+1","Barricade+1","Perfected Strike+1","Metallicize+1","Feel No Pain","MostiFishMod:WingOfPhoenix+1","Metallicize+1","Carnage","Metallicize"],"relics":["Burning Blood","DaveBox","RhineSuit","SynthV:TestCard","hubris:64BitClover","StuffTheSpire:OldFever","StuffTheSpire:Experiment12","Pantograph","Membership Card","Replay:Bandana","Lee\u0027s Waffle","Gremlin Food","Painkiller Herb","Blue Candle","Guide Book","Replay:Ringing Soul","SynthV:C4","StuffTheSpire:Gunfinga","Shuriken","Replay:Bottled Eggs","ReplayTheSpireMod:TigerMarble","SentryEyes","Bronze Scales","Eternal Feather","JellyFishMachine","Gensokyo:EmptyGrave","hubris:TenFootPole","Simple Rune","ReplayTheSpireMod:Shallot","hubris:MysteriousPyramids","Replay:Rubber Ducky","Vajra","reliquary:JackalopeAntler","StuffTheSpire:Tea","HollowMod:PaleOreRelic"],"acts_visited":["Exordium","Menagerie:Menagerie","ruina:Briah","TheEnding"],"potions_floor_usage":[23,23,25,33,33,48,55],"damage_taken":[{"damage":0,"enemies":"Menagerie:StygianBoar","floor":1,"turns":1},{"damage":0,"enemies":"Menagerie:2_RABBITS","floor":4,"turns":2},{"damage":0,"enemies":"Menagerie:Hydra","floor":6,"turns":3},{"damage":0,"enemies":"Menagerie:WhisperingWraith","floor":7,"turns":1},{"damage":2,"enemies":"Menagerie:MaskedSummoner","floor":8,"turns":4},{"damage":3,"enemies":"Menagerie:Hydra","floor":10,"turns":3},{"damage":9,"enemies":"Menagerie:EntropyWarlock","floor":11,"turns":2},{"damage":11,"enemies":"Menagerie:Chimera","floor":16,"turns":5},{"damage":8,"enemies":"ruina:3_Bats","floor":18,"turns":4},{"damage":1,"enemies":"ruina:2_Scarecrows","floor":21,"turns":3},{"damage":0,"enemies":"ruina:KnightOfDespair","floor":22,"turns":3},{"damage":25,"enemies":"ruina:RoadHome","floor":23,"turns":4},{"damage":20,"enemies":"ruina:Mountain","floor":25,"turns":7},{"damage":0,"enemies":"ruina:QueenOfHate","floor":27,"turns":3},{"damage":1,"enemies":"ruina:ServantOfWrath","floor":30,"turns":2},{"damage":0,"enemies":"ruina:Ozma","floor":33,"turns":4},{"damage":0,"enemies":"Gensokyo:3_Bats","floor":35,"turns":2},{"damage":0,"enemies":"Gensokyo:3_Boulders","floor":38,"turns":3},{"damage":7,"enemies":"Gensokyo:Sharpion","floor":39,"turns":2},{"damage":0,"enemies":"Gensokyo:Doremy","floor":40,"turns":3},{"damage":0,"enemies":"Gensokyo:Marisa","floor":42,"turns":2},{"damage":11,"enemies":"Gensokyo:Dusk_and_Dawn","floor":45,"turns":2},{"damage":0,"enemies":"Gensokyo:AtlasGolem","floor":46,"turns":2},{"damage":0,"enemies":"Gensokyo:Kasen","floor":48,"turns":4},{"damage":0,"enemies":"Gensokyo:Shinki","floor":50,"turns":7},{"damage":0,"enemies":"Shield and Spear","floor":54,"turns":3},{"damage":3,"enemies":"The Heart","floor":55,"turns":6}],"seed_played":"791186960989404822","potions_obtained":[{"floor":1,"key":"BloodPotion"},{"floor":8,"key":"Reflective Coating"},{"floor":11,"key":"DuplicationPotion"},{"floor":16,"key":"Elixir"},{"floor":21,"key":"Ancient Potion"},{"floor":23,"key":"BlessingOfTheForge"},{"floor":30,"key":"AttackPotion"},{"floor":40,"key":"LiquidBronze"},{"floor":42,"key":"FearPotion"},{"floor":46,"key":"AttackPotion"},{"floor":48,"key":"BloodPotion"},{"floor":54,"key":"BloodPotion"}],"is_trial":false,"path_per_floor":["M","?","?","M","?","E","M","E","T","E","M","R","T","$","R","B",null,"?","T","?","?","?","E","T","E","T","?","T","T","E","?","T","B",null,"?","?","?","?","?","E","T","E","T","T","?","?","T","E","T","B",null,"T","T","E","B",null],"character_chosen":"IRONCLAD","items_purchased":["Membership Card","Replay:Bandana","Lee\u0027s Waffle","Gremlin Food","Metallicize","Cleave","Blue Candle","Guide Book","ReplayTheSpireMod:TigerMarble","SentryEyes","Bronze Scales","Vajra","reliquary:JackalopeAntler","StuffTheSpire:Tea"],"campfire_rested":0,"item_purchase_floors":[14,14,14,14,19,19,19,19,29,29,29,53,53,53],"current_hp_per_floor":[57,52,52,58,58,64,70,72,72,72,69,69,69,79,79,74,79,77,77,80,85,85,86,86,75,75,84,84,84,92,97,97,100,100,103,95,54,60,97,101,101,104,104,104,99,107,107,110,110,110,110,110,110,113,113],"gold":902,"neow_bonus":"IRONCLAD_BERSERKER","is_daily":false,"chose_seed":false,"campfire_upgraded":9,"win_rate":0.0,"timestamp":1613888632,"path_taken":["M","?","?","M","?","E","?","E","T","E","M","R","?","$","R","BOSS","?","T","?","?","?","E","T","E","T","?","T","T","E","?","T","BOSS","?","?","?","?","?","E","T","E","T","T","?","?","T","E","T","BOSS","T","T","E","BOSS"],"items_purchased_type":["Relic","Relic","Relic","Relic","Card","Card","Relic","Relic","Relic","Relic","Relic","Relic","Relic","Relic"],"build_version":"2020-12-22","purchased_purges":2,"victory":true,"max_hp_per_floor":[72,72,72,72,72,72,72,72,72,72,72,72,72,79,79,79,79,79,79,82,85,85,88,88,91,91,94,94,94,97,97,97,100,100,103,95,95,95,98,101,101,104,104,104,104,107,107,110,110,110,110,110,110,113,113],"card_choices":[{"not_picked":["Infernal Blade","Pummel"],"picked":"Perfected Strike","floor":1},{"not_picked":["Spot Weakness","Uppercut","StuffTheSpire:Slingshot","Sword Boomerang"],"picked":"hubris:SharpeningStone","floor":4},{"not_picked":["Iron Wave","StuffTheSpire:RockThrow","MostiFishMod:HellRitual","Thunderclap"],"picked":"MostiFishMod:#F4004","floor":6},{"not_picked":["Hemokinesis","Uppercut","Armaments","Wild Strike"],"picked":"Flame Barrier","floor":7},{"not_picked":["Demon Form","StuffTheSpire:BloodClot","Thunderclap","Clothesline"],"picked":"Perfected Strike","floor":8},{"not_picked":["Power Through","Havoc","Disarm","Wild Strike"],"picked":"Limit Break","floor":10},{"not_picked":["Shrug It Off","Spot Weakness","Burning Pact","StuffTheSpire:Resist"],"picked":"Ghostly Armor","floor":11},{"not_picked":["MostiFishMod:FireWorks","Fiend Fire","MostiFishMod:UltimateDefense","MostiFishMod:PerfectStrikeMKII"],"picked":"hubris:StunningStrike","floor":16},{"not_picked":["Iron Wave+1","Headbutt","hubris:CleavingFinish","Shrug It Off"],"picked":"Perfected Strike+1","floor":18},{"not_picked":["Rupture","Havoc","Burning Pact","Pommel Strike+1"],"picked":"Perfected Strike","floor":21},{"not_picked":["Havoc+1","Headbutt+1","Fire Breathing","Iron Wave","StuffTheSpire:RagingBull"],"picked":"SKIP","floor":22},{"not_picked":["StuffTheSpire:RockThrow","hubris:CleavingFinish","Blood for Blood","Sword Boomerang"],"picked":"MostiFishMod:PerfectStrikeMKII","floor":23},{"not_picked":["Intimidate+1","Second Wind","Clothesline","StuffTheSpire:RockThrow"],"picked":"MostiFishMod:DoubleSword","floor":25},{"not_picked":["Searing Blow+1","Evolve","Dual Wield+1","Pommel Strike"],"picked":"ICR:PowerAttack","floor":27},{"not_picked":["Clothesline","Combust","Disarm","MostiFishMod:FireWorks"],"picked":"Rage","floor":30},{"not_picked":["Fiend Fire","MostiFishMod:FireWorks","MostiFishMod:HellRitual","StuffTheSpire:TitanForm"],"picked":"Barricade","floor":33},{"not_picked":["Body Slam+1","Clash","Clothesline+1","Anger"],"picked":"Perfected Strike+1","floor":35},{"not_picked":["StuffTheSpire:Incineration","Sword Boomerang+1","Warcry","Havoc+1","Exhume"],"picked":"SKIP","floor":38},{"not_picked":["Cleave","StuffTheSpire:Incineration","Searing Blow","Armaments+1"],"picked":"Metallicize+1","floor":39},{"not_picked":["Cleave+1","Wild Strike+1","Rage+1","Battle Trance+1"],"picked":"Feel No Pain","floor":40},{"not_picked":["Warcry","hubris:SharpeningStone+1","Rage+1","Cleave"],"picked":"MostiFishMod:WingOfPhoenix","floor":42},{"not_picked":["Flex+1","Armaments+1","Ghostly Armor","Sword Boomerang","StuffTheSpire:Slingshot+1"],"picked":"SKIP","floor":45},{"not_picked":["Sever Soul+1","True Grit","MostiFishMod:#F4004","StuffTheSpire:Incineration+1"],"picked":"Metallicize","floor":46},{"not_picked":["Reckless Charge+1","Anger","StuffTheSpire:Slingshot+1","Inflame"],"picked":"Carnage","floor":48},{"not_picked":["Warcry+1","Entrench","Cleave+1","Second Wind+1"],"picked":"Metallicize","floor":54}],"player_experience":858365,"relics_obtained":[{"floor":1,"key":"SynthV:TestCard"},{"floor":6,"key":"hubris:64BitClover"},{"floor":8,"key":"StuffTheSpire:OldFever"},{"floor":9,"key":"StuffTheSpire:Experiment12"},{"floor":13,"key":"Pantograph"},{"floor":23,"key":"SynthV:C4"},{"floor":25,"key":"StuffTheSpire:Gunfinga"},{"floor":26,"key":"Shuriken"},{"floor":27,"key":"Replay:Bottled Eggs"},{"floor":30,"key":"Eternal Feather"},{"floor":40,"key":"ReplayTheSpireMod:Shallot"},{"floor":42,"key":"hubris:MysteriousPyramids"},{"floor":48,"key":"Replay:Rubber Ducky"},{"floor":54,"key":"HollowMod:PaleOreRelic"}],"event_choices":[{"damage_healed":0,"gold_gain":0,"player_choice":"Help the mage","damage_taken":5,"max_hp_gain":0,"max_hp_loss":0,"event_name":"Menagerie:MageAndMonster","floor":2,"gold_loss":0,"cards_obtained":["Menagerie:SagesJudgement"]},{"cards_removed":["Clumsy"],"damage_healed":0,"gold_gain":0,"player_choice":"Snake","damage_taken":0,"max_hp_gain":0,"max_hp_loss":0,"event_name":"Menagerie:ThreeAnimals","floor":3,"gold_loss":0},{"damage_healed":0,"gold_gain":225,"player_choice":"Raid","damage_taken":0,"max_hp_gain":0,"max_hp_loss":0,"event_name":"Menagerie:SpiderNest","floor":5,"gold_loss":0,"cards_obtained":["Shame"]},{"damage_healed":0,"gold_gain":328,"player_choice":"RE RE GO GO GO ","damage_taken":73,"relics_obtained":["hubris:TenFootPole","Simple Rune"],"max_hp_gain":0,"max_hp_loss":0,"event_name":"betterSkull:BetterSkull","floor":37,"gold_loss":0,"cards_upgraded":[]}],"is_beta":false,"boss_relics":[{"not_picked":["Runesmith:UraniumAnvil","FixedStarFall"],"picked":"Painkiller Herb"},{"not_picked":["GuanYuAspect","aspiration:RunicSpoon"],"picked":"JellyFishMachine"}],"items_purged_floors":[14,29],"is_endless":false,"potions_floor_spawned":[1,8,11,16,18,21,23,30,40,42,46,48,54],"ascension_level":1}}