{"host":"xg4r5pv6chpuampg","time":1613902200,"event":{"mods":["AchievementEnabler","BaseMod","Googly Eyes","Minty Spire (QoL Compilation)","StSLib","Together in Spire"],"gold_per_floor":[111,111,111,136,101,101,141,141,167,167,186,206,227,263,263,389,389,408,408,48,48,48,48,67,95,119,119,219,238,38,68,68,199,199,212,253,253,16,16,45,45,45,93,111,125,125,140,140,140,140,140],"floor_reached":50,"language":"ENG","playtime":2234,"items_purged":[],"score":619,"play_id":"dbb8b539-3705-4746-9d4d-05f0a01f473f","local_time":"20210221131000","is_ascension_mode":true,"campfire_choices":[{"data":"CarveReality","floor":6,"key":"SMITH"},{"data":"Wish","floor":10,"key":"SMITH"},{"floor":15,"key":"REST"},{"data":"Vault","floor":23,"key":"SMITH"},{"floor":27,"key":"REST"},{"floor":32,"key":"REST"},{"floor":41,"key":"REST"},{"floor":49,"key":"REST"}],"circlet_count":0,"master_deck":["Strike_P+1","Strike_P","Strike_P","Strike_P","Defend_P+1","Defend_P","Defend_P","Eruption","Vigilance","WaveOfTheHand+1","CarveReality+1","Wish+1","Devotion","EmptyFist","SashWhip","Vault+1","CutThroughFate+1","WheelKick+1","RitualDagger","FearNoEvil+1","SashWhip","FlurryOfBlows","FollowUp","DevaForm+1","EmptyBody+1","Conclude+1","Dark Shackles","SignatureMove"],"relics":["PureWater","NeowsBlessing","Bloody Idol","Art of War","Regal Pillow","Mummified Hand","Black Star","Pear","Smiling Mask","Pantograph","Nunchaku","Anchor","Sundial","Mercury Hourglass","Philosopher\u0027s Stone","Strawberry","TungstenRod","Oddly Smooth Stone","Whetstone"],"acts_visited":["Exordium","TheCity","TheBeyond"],"potions_floor_usage":[31,31,50],"damage_taken":[{"damage":0,"enemies":"Jaw Worm","floor":1,"turns":1},{"damage":0,"enemies":"Small Slimes","floor":4,"turns":1},{"damage":0,"enemies":"3 Sentries","floor":7,"turns":1},{"damage":1,"enemies":"Cultist","floor":11,"turns":4},{"damage":0,"enemies":"Looter","floor":12,"turns":2},{"damage":6,"enemies":"3 Louse","floor":13,"turns":5},{"damage":7,"enemies":"Lagavulin","floor":14,"turns":5},{"damage":15,"enemies":"Slime Boss","floor":16,"turns":6},{"damage":10,"enemies":"Chosen","floor":18,"turns":4},{"damage":25,"enemies":"3 Byrds","floor":24,"turns":8},{"damage":36,"enemies":"Book of Stabbing","floor":25,"turns":6},{"damage":61,"enemies":"3 Cultists","floor":29,"turns":9},{"damage":0,"enemies":"Gremlin Leader","floor":31,"turns":4},{"damage":29,"enemies":"Automaton","floor":33,"turns":7},{"damage":20,"enemies":"3 Darklings","floor":35,"turns":5},{"damage":10,"enemies":"3 Shapes","floor":36,"turns":4},{"damage":61,"enemies":"Nemesis","floor":40,"turns":10},{"damage":18,"enemies":"Maw","floor":44,"turns":8},{"damage":26,"enemies":"Spire Growth","floor":45,"turns":6},{"damage":7,"enemies":"Sphere and 2 Shapes","floor":47,"turns":4},{"damage":127,"enemies":"Donu and Deca","floor":50,"turns":7}],"seed_played":"-863709094690632056","potions_obtained":[{"floor":1,"key":"DistilledChaos"},{"floor":4,"key":"SteroidPotion"},{"floor":7,"key":"DistilledChaos"},{"floor":11,"key":"StancePotion"},{"floor":13,"key":"DuplicationPotion"},{"floor":31,"key":"FairyPotion"},{"floor":36,"key":"BottledMiracle"}],"is_trial":false,"path_per_floor":["M","?","?","M","?","R","E","?","T","R","M","M","M","E","R","B",null,"M","?","$","?","?","R","M","E","T","R","?","M","$","E","R","B",null,"M","M","?","$","?","E","R","$","T","M","M","$","M","$","R","B"],"character_chosen":"WATCHER","items_purchased":["FairyPotion","Pear","Anchor","Energy Potion","Strawberry","Dark Shackles"],"campfire_rested":5,"item_purchase_floors":[20,20,30,30,38,38],"current_hp_per_floor":[72,67,54,54,67,67,67,60,60,60,59,59,53,46,67,52,67,57,57,67,67,61,61,41,10,15,53,58,28,28,33,71,58,77,62,62,67,74,74,18,58,58,63,50,29,29,27,27,67,0,0],"gold":140,"neow_bonus":"THREE_ENEMY_KILL","is_daily":false,"chose_seed":false,"campfire_upgraded":3,"win_rate":0.0,"timestamp":1613902200,"path_taken":["M","?","?","M","?","R","E","?","T","R","?","M","M","E","R","BOSS","M","?","?","?","?","R","M","E","T","R","?","?","$","E","R","BOSS","M","M","?","?","?","E","R","$","T","M","M","$","?","$","R","BOSS"],"items_purchased_type":["Potion","Relic","Relic","Potion","Relic","Card"],"build_version":"2020-12-22","purchased_purges":0,"victory":false,"max_hp_per_floor":[72,67,67,67,67,67,67,67,67,67,67,67,67,67,67,67,67,67,67,77,77,77,77,77,77,77,77,77,77,77,77,77,77,77,77,77,77,84,84,84,84,84,84,84,84,84,84,84,84,84,84],"card_choices":[{"not_picked":["Worship","Study"],"picked":"WaveOfTheHand","floor":1},{"not_picked":["FlurryOfBlows","FollowUp"],"picked":"CarveReality","floor":4},{"not_picked":["Halt","Pray"],"picked":"Wish","floor":7},{"not_picked":["Consecrate","Halt"],"picked":"Evaluate","floor":11},{"not_picked":["ReachHeaven","Evaluate"],"picked":"Devotion","floor":12},{"not_picked":["ThirdEye","Consecrate"],"picked":"EmptyFist","floor":13},{"not_picked":["Devotion","ReachHeaven"],"picked":"SashWhip","floor":14},{"not_picked":["Alpha","Omniscience"],"picked":"Vault","floor":16},{"not_picked":["FearNoEvil","Protect"],"picked":"CutThroughFate+1","floor":18},{"not_picked":["LikeWater+1","WaveOfTheHand"],"picked":"FearNoEvil+1","floor":24},{"not_picked":["PathToVictory","Crescendo"],"picked":"SashWhip","floor":25},{"not_picked":["Halt","ThirdEye"],"picked":"FlurryOfBlows","floor":29},{"not_picked":["CarveReality+1","EmptyMind+1"],"picked":"FollowUp","floor":31},{"not_picked":["DeusExMachina","LessonLearned"],"picked":"DevaForm","floor":33},{"not_picked":["FollowUp","Pray+1"],"picked":"EmptyBody+1","floor":35},{"not_picked":["Worship","Consecrate+1"],"picked":"Conclude+1","floor":36},{"not_picked":["WheelKick","Vengeance+1","FollowUp"],"picked":"SKIP","floor":40},{"not_picked":["Evaluate","PathToVictory","CutThroughFate"],"picked":"SKIP","floor":44},{"not_picked":["Meditate+1","FollowUp","DeceiveReality"],"picked":"SKIP","floor":45},{"not_picked":["ReachHeaven+1","EmptyMind"],"picked":"SignatureMove","floor":47}],"player_experience":148949,"relics_obtained":[{"floor":7,"key":"Art of War"},{"floor":9,"key":"Regal Pillow"},{"floor":14,"key":"Mummified Hand"},{"floor":25,"key":"Smiling Mask"},{"floor":25,"key":"Pantograph"},{"floor":26,"key":"Nunchaku"},{"floor":31,"key":"Sundial"},{"floor":31,"key":"Mercury Hourglass"},{"floor":40,"key":"TungstenRod"},{"floor":40,"key":"Oddly Smooth Stone"},{"floor":43,"key":"Whetstone"}],"event_choices":[{"damage_healed":0,"gold_gain":0,"player_choice":"Lose Max HP","damage_taken":0,"relics_obtained":["Golden Idol"],"max_hp_gain":0,"max_hp_loss":5,"event_name":"Golden Idol","floor":2,"gold_loss":0},{"damage_healed":0,"gold_gain":0,"player_choice":"Entered Light","damage_taken":13,"max_hp_gain":0,"max_hp_loss":0,"event_name":"Shining Light","floor":3,"gold_loss":0,"cards_upgraded":["Defend_P","WaveOfTheHand"]},{"damage_healed":16,"gold_gain":0,"player_choice":"Healed","damage_taken":0,"max_hp_gain":0,"max_hp_loss":0,"event_name":"The Cleric","floor":5,"gold_loss":35},{"cards_removed":["Defend_P"],"damage_healed":0,"gold_gain":0,"player_choice":"Card Removal","damage_taken":7,"max_hp_gain":0,"max_hp_loss":0,"event_name":"Golden Wing","floor":8,"gold_loss":0},{"damage_healed":0,"gold_gain":0,"player_choice":"1 cards matched","damage_taken":0,"max_hp_gain":0,"max_hp_loss":0,"event_name":"Match and Keep!","floor":19,"gold_loss":0,"cards_obtained":["WheelKick"]},{"damage_healed":0,"gold_gain":0,"player_choice":"Gave Idol","damage_taken":0,"relics_obtained":["Bloody Idol"],"max_hp_gain":0,"max_hp_loss":0,"event_name":"Forgotten Altar","floor":21,"relics_lost":["Golden Idol"],"gold_loss":0},{"damage_healed":0,"gold_gain":0,"player_choice":"Joined the Cult","damage_taken":6,"max_hp_gain":0,"max_hp_loss":0,"event_name":"Nest","floor":22,"gold_loss":0,"cards_obtained":["RitualDagger"]},{"damage_healed":0,"gold_gain":100,"player_choice":"Pray","damage_taken":0,"max_hp_gain":0,"max_hp_loss":0,"event_name":"Golden Shrine","floor":28,"gold_loss":0},{"cards_removed":["Evaluate"],"damage_healed":5,"gold_gain":0,"player_choice":"Offered Common","damage_taken":0,"max_hp_gain":0,"max_hp_loss":0,"event_name":"Bonfire Elementals","floor":37,"gold_loss":0},{"cards_removed":["Evaluate"],"damage_healed":5,"gold_gain":0,"player_choice":"Offered Special","damage_taken":0,"max_hp_gain":0,"max_hp_loss":0,"event_name":"Bonfire Elementals","floor":37,"gold_loss":0},{"damage_healed":0,"gold_gain":0,"player_choice":"Upgraded","damage_taken":0,"max_hp_gain":0,"max_hp_loss":0,"event_name":"Upgrade Shrine","floor":39,"gold_loss":0,"cards_upgraded":["DevaForm"]}],"is_beta":false,"boss_relics":[{"not_picked":["Sozu","Tiny House"],"picked":"Black Star"},{"not_picked":["Velvet Choker","Busted Crown"],"picked":"Philosopher\u0027s Stone"}],"items_purged_floors":[],"is_endless":false,"potions_floor_spawned":[1,4,7,11,13,18,25,31,36,40,45],"killed_by":"Donu and Deca","ascension_level":1}}