{"host":"5bsc0nab6whpyrbj","time":1613893781,"event":{"mods":["BaseMod","Highlight Path","Minty Spire (QoL Compilation)"],"gold_per_floor":[109,125,225,236,254,254,429,429,504,101,101,121,136,154,154,259,259,271,281,281,281,292,326,326,326,404,404,417,417,431,530,530,634,684,704,724,724,1723,1723,1723,1723],"floor_reached":40,"language":"ENG","playtime":1024,"items_purged":[],"score":523,"play_id":"8d2a2952-069d-49df-86f4-0ad61842c9b2","local_time":"20210221024941","is_ascension_mode":false,"campfire_choices":[{"data":"Self Repair","floor":6.0,"key":"SMITH"},{"data":"Zap","floor":8.0,"key":"SMITH"},{"floor":15.0,"key":"REST"},{"floor":27.0,"key":"REST"},{"floor":32.0,"key":"REST"}],"circlet_count":0,"master_deck":["Strike_B+1","Strike_B+1","Strike_B+1","Strike_B+1","Defend_B+1","Defend_B+1","Defend_B+1","Defend_B+1","Zap+1","Dualcast","Self Repair+1","Redo","Multi-Cast","Barrage","Hello World","Ball Lightning","Ball Lightning","Ball Lightning+1","Skim","Biased Cognition","Machine Learning","Self Repair","Defragment+1","Ball Lightning","Amplify","Barrage","Biased Cognition","Transmutation","Normality","Normality","Writhe"],"relics":["Cracked Core","NeowsBlessing","Pantograph","Symbiotic Virus","Orrery","SlaversCollar","Nunchaku","Centennial Puzzle","Gremlin Horn","Tiny House"],"acts_visited":["Exordium","TheCity","TheBeyond"],"potions_floor_usage":[40],"damage_taken":[{"damage":0.0,"enemies":"2 Louse","floor":1.0,"turns":1.0},{"damage":0.0,"enemies":"Cultist","floor":2.0,"turns":1.0},{"damage":0.0,"enemies":"Small Slimes","floor":4.0,"turns":1.0},{"damage":5.0,"enemies":"3 Louse","floor":5.0,"turns":3.0},{"damage":32.0,"enemies":"Gremlin Gang","floor":12.0,"turns":4.0},{"damage":7.0,"enemies":"Blue Slaver","floor":13.0,"turns":2.0},{"damage":7.0,"enemies":"2 Fungi Beasts","floor":14.0,"turns":3.0},{"damage":20.0,"enemies":"Slime Boss","floor":16.0,"turns":8.0},{"damage":27.0,"enemies":"3 Byrds","floor":18.0,"turns":5.0},{"damage":25.0,"enemies":"2 Thieves","floor":19.0,"turns":3.0},{"damage":32.0,"enemies":"Snake Plant","floor":22.0,"turns":3.0},{"damage":34.0,"enemies":"Book of Stabbing","floor":23.0,"turns":5.0},{"damage":18.0,"enemies":"Cultist and Chosen","floor":28.0,"turns":4.0},{"damage":52.0,"enemies":"Centurion and Healer","floor":30.0,"turns":5.0},{"damage":69.0,"enemies":"Automaton","floor":33.0,"turns":8.0},{"damage":65.0,"enemies":"3 Darklings","floor":35.0,"turns":5.0},{"damage":22.0,"enemies":"3 Shapes","floor":36.0,"turns":4.0},{"damage":81,"enemies":"Giant Head","floor":40,"turns":6}],"seed_played":"5652615311548756204","potions_obtained":[{"floor":4.0,"key":"Fruit Juice"},{"floor":5.0,"key":"Regen Potion"},{"floor":11.0,"key":"EntropicBrew"},{"floor":11.0,"key":"EntropicBrew"},{"floor":19.0,"key":"Swift Potion"},{"floor":23.0,"key":"FairyPotion"},{"floor":30.0,"key":"PotionOfCapacity"},{"floor":33.0,"key":"Dexterity Potion"},{"floor":34.0,"key":"Fruit Juice"},{"floor":35.0,"key":"Block Potion"}],"is_trial":false,"path_per_floor":["M","M","?","M","M","R","?","R","T","$","?","M","M","M","R","B",null,"M","M","?","?","M","E","?","?","T","R","M","?","M","?","R","B",null,"M","M","?","?","?","E"],"character_chosen":"DEFECT","items_purchased":["Symbiotic Virus","Orrery"],"campfire_rested":3,"item_purchase_floors":[10,10],"current_hp_per_floor":[75,75,75,80,80,80,80,80,80,80,80,58,51,54,78,60,80,63,43,43,69,47,23,23,23,23,47,39,39,29,29,53,9,90,35,30,30,30,53,0,0],"gold":1723,"neow_bonus":"THREE_ENEMY_KILL","is_daily":false,"chose_seed":false,"campfire_upgraded":2,"win_rate":0.0,"timestamp":1613893781,"path_taken":["M","M","?","?","?","R","?","R","T","$","?","M","M","M","R","BOSS","M","?","?","?","M","E","?","?","T","R","?","?","?","?","R","BOSS","M","M","?","?","?","E"],"items_purchased_type":["Relic","Relic"],"build_version":"2020-12-22","purchased_purges":0,"victory":false,"max_hp_per_floor":[75,75,75,80,80,80,80,80,80,80,80,80,80,80,80,80,80,80,80,80,80,80,80,80,80,80,80,80,80,80,80,80,80,90,90,90,90,90,90,90,90],"card_choices":[{"not_picked":["Coolheaded","Genetic Algorithm","Turbo"],"picked":"SKIP","floor":1.0},{"not_picked":["Rebound","Stack"],"picked":"Self Repair","floor":2.0},{"not_picked":["Glacier","Sweeping Beam"],"picked":"Redo","floor":4.0},{"not_picked":["Leap","Gash","Stack"],"picked":"SKIP","floor":5.0},{"not_picked":["Meteor Strike","Glacier"],"picked":"Multi-Cast","floor":10.0},{"not_picked":["Conserve Battery","Turbo"],"picked":"Barrage","floor":10.0},{"not_picked":["Auto Shields","Coolheaded"],"picked":"Hello World","floor":10.0},{"not_picked":["Hologram","Cold Snap"],"picked":"Ball Lightning","floor":10.0},{"not_picked":["White Noise","Barrage"],"picked":"Ball Lightning","floor":10.0},{"not_picked":["Sweeping Beam","Gash","Recycle"],"picked":"SKIP","floor":12.0},{"not_picked":["Machine Learning","Streamline"],"picked":"Ball Lightning","floor":13.0},{"not_picked":["Recycle","Glacier"],"picked":"Skim","floor":14.0},{"not_picked":["Echo Form","Rainbow"],"picked":"Biased Cognition","floor":16.0},{"not_picked":["Sweeping Beam+1","Conserve Battery","Go for the Eyes"],"picked":"SKIP","floor":18.0},{"not_picked":["Doom and Gloom","Go for the Eyes+1"],"picked":"Machine Learning","floor":19.0},{"not_picked":["Hologram","Turbo+1"],"picked":"Self Repair","floor":22.0},{"not_picked":["Beam Cell","Hologram+1"],"picked":"Defragment+1","floor":23.0},{"not_picked":["Redo+1","Go for the Eyes"],"picked":"Ball Lightning","floor":28.0},{"not_picked":["Beam Cell","Sweeping Beam+1","Stack"],"picked":"SKIP","floor":30.0},{"not_picked":["Multi-Cast","Fission"],"picked":"Amplify","floor":33.0},{"not_picked":["Leap","Steam"],"picked":"Barrage","floor":34.0},{"not_picked":["Cold Snap+1","Hologram","Reprogram+1"],"picked":"SKIP","floor":35.0},{"not_picked":["Leap","Fusion+1"],"picked":"Biased Cognition","floor":36.0},{"not_picked":["Trip","Purity"],"picked":"Transmutation","floor":37.0}],"player_experience":85662,"relics_obtained":[{"floor":9.0,"key":"Pantograph"},{"floor":23.0,"key":"Nunchaku"},{"floor":25.0,"key":"Centennial Puzzle"},{"floor":26.0,"key":"Gremlin Horn"}],"event_choices":[{"damage_healed":0.0,"max_hp_gain":0.0,"max_hp_loss":0.0,"gold_gain":100.0,"event_name":"Golden Shrine","player_choice":"Pray","floor":3.0,"gold_loss":0.0,"damage_taken":0.0},{"damage_healed":0.0,"max_hp_gain":0.0,"max_hp_loss":0.0,"gold_gain":175.0,"event_name":"Liars Game","player_choice":"AGREE","floor":7.0,"gold_loss":0.0,"damage_taken":0.0,"cards_obtained":["Doubt"]},{"damage_healed":0.0,"max_hp_gain":0.0,"max_hp_loss":0.0,"gold_gain":0.0,"event_name":"Lab","player_choice":"Got Potions","floor":11.0,"gold_loss":0.0,"damage_taken":0.0},{"damage_healed":0.0,"max_hp_gain":0.0,"max_hp_loss":0.0,"gold_gain":0.0,"event_name":"Forgotten Altar","player_choice":"Smashed Altar","floor":20.0,"gold_loss":0.0,"damage_taken":0.0,"cards_obtained":["Decay"]},{"damage_healed":26.0,"max_hp_gain":0.0,"max_hp_loss":0.0,"gold_gain":0.0,"event_name":"The Library","player_choice":"Heal","floor":21.0,"gold_loss":0.0,"damage_taken":0.0},{"damage_healed":0.0,"max_hp_gain":0.0,"max_hp_loss":0.0,"gold_gain":0.0,"event_name":"Back to Basics","player_choice":"Simplicity","floor":24.0,"gold_loss":0.0,"damage_taken":0.0,"cards_upgraded":["Strike_B","Strike_B","Strike_B","Strike_B","Defend_B","Defend_B","Defend_B","Defend_B"]},{"damage_healed":0.0,"max_hp_gain":0.0,"max_hp_loss":0.0,"gold_gain":0.0,"event_name":"Wheel of Change","player_choice":"Relic","floor":25.0,"gold_loss":0.0,"damage_taken":0.0},{"cards_removed":["Decay","Doubt"],"damage_healed":0.0,"max_hp_gain":0.0,"max_hp_loss":0.0,"gold_gain":0.0,"event_name":"Fountain of Cleansing","player_choice":"Removed Curses","floor":29.0,"gold_loss":0.0,"damage_taken":0.0},{"damage_healed":0.0,"max_hp_gain":0.0,"max_hp_loss":0.0,"gold_gain":99.0,"event_name":"Nest","player_choice":"Stole From Cult","floor":31.0,"gold_loss":0.0,"damage_taken":0.0},{"damage_healed":0.0,"max_hp_gain":0.0,"max_hp_loss":0.0,"gold_gain":0.0,"event_name":"SensoryStone","player_choice":"Memory 1","floor":37.0,"gold_loss":0.0,"damage_taken":0.0},{"damage_healed":0.0,"max_hp_gain":0.0,"max_hp_loss":0.0,"gold_gain":999.0,"event_name":"MindBloom","player_choice":"Gold","floor":38.0,"gold_loss":0.0,"damage_taken":0.0,"cards_obtained":["Normality","Normality"]},{"damage_healed":23.0,"max_hp_gain":0.0,"max_hp_loss":0.0,"gold_gain":0.0,"event_name":"Winding Halls","player_choice":"Writhe","floor":39.0,"gold_loss":0.0,"damage_taken":0.0,"cards_obtained":["Writhe"]}],"is_beta":false,"boss_relics":[{"not_picked":["SacredBark","Runic Dome"],"picked":"SlaversCollar"},{"not_picked":["Runic Pyramid","Philosopher\u0027s Stone"],"picked":"Tiny House"}],"items_purged_floors":[],"is_endless":false,"potions_floor_spawned":[4,5,13,19,23,30,33,35],"killed_by":"Giant Head","ascension_level":0}}