{"host":"hrvs05np4ys7itky","time":1613871557,"event":{"mods":["BaseMod","Colored Map","Colored Powertips","Downfall","Emptier Cage","Hermit","Highlight Path","Minty Spire (QoL Compilation)","Permanent Neow","Rare Cards Sparkle","Relic Stats","StSLib","everything is the same but u backflip on backflip"],"gold_per_floor":[117,134,134,144,164,164,195,195,275,275,42,117,117,132,132,209,209,224,224,239,259,2,2,33,50,73,73,93,122,142,142,142,221,221,238,257,272,147,147,147],"floor_reached":39,"language":"ENG","playtime":2780,"items_purged":["Strike_G","Defend_G","Choke+1"],"score":921,"play_id":"4671adcf-e9e0-44a6-b2a1-59a50af63884","local_time":"20210220203917","is_ascension_mode":true,"campfire_choices":[{"data":"Neutralize","floor":6.0,"key":"SMITH"},{"data":"Footwork","floor":10.0,"key":"SMITH"},{"floor":15.0,"key":"REST"},{"data":"Doppelganger","floor":23.0,"key":"SMITH"},{"floor":32,"key":"REST"}],"circlet_count":0,"master_deck":["AscendersBane","Strike_G","Defend_G","Defend_G","Survivor","Neutralize+1","Slice","Footwork+1","Deflect","Deflect","Noxious Fumes+1","Doppelganger+1","Dagger Spray","Deflect","Deflect","Footwork+1","Caltrops","Deadly Poison+1"],"relics":["Ring of the Snake","Unceasing Top","White Beast Statue","Blue Candle","Mercury Hourglass","Orrery","Empty Cage","DollysMirror","Happy Flower","Bronze Scales","Prayer Wheel","Black Star"],"acts_visited":["Exordium","TheCity","TheBeyond"],"potions_floor_usage":[33,36,36],"damage_taken":[{"damage":3.0,"enemies":"Cultist","floor":1.0,"turns":4.0},{"damage":2.0,"enemies":"Jaw Worm","floor":2.0,"turns":6.0},{"damage":7.0,"enemies":"Small Slimes","floor":4.0,"turns":5.0},{"damage":2.0,"enemies":"Red Slaver","floor":5.0,"turns":7.0},{"damage":19.0,"enemies":"3 Sentries","floor":7.0,"turns":13.0},{"damage":3.0,"enemies":"Exordium Wildlife","floor":14.0,"turns":4.0},{"damage":0.0,"enemies":"The Guardian","floor":16.0,"turns":11.0},{"damage":1.0,"enemies":"Chosen","floor":18.0,"turns":7.0},{"damage":0.0,"enemies":"3 Byrds","floor":20.0,"turns":4.0},{"damage":0.0,"enemies":"Snecko","floor":21.0,"turns":7.0},{"damage":0.0,"enemies":"Book of Stabbing","floor":24.0,"turns":8.0},{"damage":12.0,"enemies":"Chosen and Byrds","floor":25.0,"turns":7.0},{"damage":0.0,"enemies":"Cultist and Chosen","floor":28.0,"turns":6.0},{"damage":20.0,"enemies":"Slavers","floor":29.0,"turns":6.0},{"damage":8,"enemies":"Sentry and Sphere","floor":30,"turns":6},{"damage":15,"enemies":"Champ","floor":33,"turns":13},{"damage":4,"enemies":"3 Shapes","floor":35,"turns":4},{"damage":34,"enemies":"3 Darklings","floor":36,"turns":4},{"damage":0,"enemies":"Maw","floor":37,"turns":8},{"damage":14,"enemies":"4 Shapes","floor":39,"turns":1}],"seed_played":"-158378983595135221","potions_obtained":[{"floor":4.0,"key":"BlessingOfTheForge"},{"floor":5.0,"key":"Ancient Potion"},{"floor":14.0,"key":"bronze:BurnAndBuffPotion"},{"floor":16.0,"key":"Energy Potion"},{"floor":21.0,"key":"Block Potion"},{"floor":25.0,"key":"PowerPotion"},{"floor":28.0,"key":"SkillPotion"},{"floor":29.0,"key":"PowerPotion"},{"floor":30,"key":"SpeedPotion"},{"floor":33,"key":"Ancient Potion"},{"floor":36,"key":"Strength Potion"},{"floor":37,"key":"SteroidPotion"}],"is_trial":false,"path_per_floor":["M","M","?","M","M","R","E","T","T","R","$","?","?","M","R","B",null,"M","?","M","M","$","R","E","M","T","?","M","E","M","?","R","B",null,"M","M","M","$","M"],"character_chosen":"THE_SILENT","items_purchased":["Orrery","DollysMirror"],"campfire_rested":2,"item_purchase_floors":[11,22],"current_hp_per_floor":[56,54,54,47,45,45,26,26,26,26,26,15,15,12,30,30,53,52,52,52,52,52,52,52,40,40,40,40,20,12,12,30,15,49,45,11,11,11,0,0],"gold":147,"neow_bonus":"ONE_RARE_RELIC","is_daily":false,"chose_seed":false,"campfire_upgraded":3,"win_rate":0.0,"timestamp":1613871557,"path_taken":["M","M","?","M","M","R","E","?","T","R","$","?","?","M","R","BOSS","M","?","M","M","$","R","E","M","T","?","M","E","M","?","R","BOSS","M","?","M","$","M"],"items_purchased_type":["Relic","Relic"],"build_version":"2020-12-22","purchased_purges":3,"victory":false,"max_hp_per_floor":[60,60,60,60,60,60,60,60,60,60,60,60,60,60,60,60,60,60,60,60,60,60,60,60,60,60,60,60,60,60,60,60,60,60,60,60,60,60,60,60],"relic_stats":{"Happy Flower":[18],"counters":[20,129],"Blue Candle":[0],"Bronze Scales":[134],"Prayer Wheel":4,"Black Star":0,"obtain_stats":[{"Happy Flower":24,"DollysMirror":22,"Blue Candle":8,"Bronze Scales":26,"Orrery":11,"Prayer Wheel":29,"Black Star":34,"Empty Cage":17,"Unceasing Top":0,"White Beast Statue":7,"Ring of the Snake":0,"Mercury Hourglass":9},{"Happy Flower":11,"DollysMirror":10,"Blue Candle":5,"Bronze Scales":12,"Orrery":5,"Prayer Wheel":14,"Black Star":16,"Empty Cage":7,"Unceasing Top":0,"White Beast Statue":5,"Ring of the Snake":0,"Mercury Hourglass":5},{"Happy Flower":75,"DollysMirror":67,"Blue Candle":35,"Bronze Scales":82,"Orrery":35,"Prayer Wheel":94,"Black Star":112,"Empty Cage":50,"Unceasing Top":0,"White Beast Statue":35,"Ring of the Snake":0,"Mercury Hourglass":35}],"Unceasing Top":[122],"Ring of the Snake":[40],"Mercury Hourglass":[350]},"card_choices":[{"not_picked":["Poisoned Stab","Bane","Heel Hook"],"picked":"SKIP","floor":1.0},{"not_picked":["Dagger Spray","Riddle With Holes"],"picked":"Slice","floor":2.0},{"not_picked":["Bane","Flying Knee"],"picked":"Footwork","floor":4.0},{"not_picked":["Quick Slash","Concentrate"],"picked":"Deflect","floor":5.0},{"not_picked":["Quick Slash","Skewer","Blade Dance"],"picked":"SKIP","floor":7.0},{"not_picked":["Tools of the Trade","PiercingWail"],"picked":"Deflect","floor":11.0},{"not_picked":["Distraction","Skewer"],"picked":"Noxious Fumes","floor":11.0},{"not_picked":["Blade Dance","Distraction","Leg Sweep"],"picked":"SKIP","floor":14.0},{"not_picked":["Wraith Form v2","Venomology"],"picked":"Doppelganger","floor":16.0},{"not_picked":["Acrobatics","Accuracy"],"picked":"Dagger Spray","floor":18.0},{"not_picked":["PiercingWail","Underhanded Strike"],"picked":"Deflect","floor":20.0},{"not_picked":["Riddle With Holes","Deadly Poison"],"picked":"Deflect","floor":21.0},{"not_picked":["Flying Knee","Catalyst","Sucker Punch"],"picked":"SKIP","floor":24.0},{"not_picked":["Acrobatics+1","Poisoned Stab","Well Laid Plans"],"picked":"SKIP","floor":25.0},{"not_picked":["Bouncing Flask","Backflip","Acrobatics"],"picked":"SKIP","floor":28.0},{"not_picked":["Phantasmal Killer","Masterful Stab"],"picked":"Choke","floor":29.0},{"not_picked":["Calculated Gamble+1","Underhanded Strike"],"picked":"Caltrops","floor":30},{"not_picked":["Dodge and Roll+1","Acrobatics","Blade Dance+1"],"picked":"SKIP","floor":30},{"not_picked":["Acrobatics","Backflip"],"picked":"Deadly Poison+1","floor":35},{"not_picked":["Dagger Throw","Dagger Spray+1","Dodge and Roll"],"picked":"SKIP","floor":35},{"not_picked":["Quick Slash","Distraction+1","Deadly Poison"],"picked":"SKIP","floor":36},{"not_picked":["Outmaneuver","Calculated Gamble+1","Setup"],"picked":"SKIP","floor":36},{"not_picked":["Acrobatics","Outmaneuver+1","Leg Sweep+1"],"picked":"SKIP","floor":37},{"not_picked":["Cloak And Dagger","Prepared","Terror"],"picked":"SKIP","floor":37}],"player_experience":1109479,"relics_obtained":[{"floor":7.0,"key":"White Beast Statue"},{"floor":8.0,"key":"Blue Candle"},{"floor":9.0,"key":"Mercury Hourglass"},{"floor":24.0,"key":"Happy Flower"},{"floor":26.0,"key":"Bronze Scales"},{"floor":29.0,"key":"Prayer Wheel"}],"event_choices":[{"cards_removed":["Strike_G"],"damage_healed":0.0,"max_hp_gain":0.0,"max_hp_loss":0.0,"gold_gain":0.0,"event_name":"Living Wall","player_choice":"Forget","floor":3.0,"gold_loss":0.0,"damage_taken":0.0},{"damage_healed":0.0,"max_hp_gain":0.0,"max_hp_loss":0.0,"gold_gain":75.0,"event_name":"World of Goop","player_choice":"Gather Gold","floor":12.0,"gold_loss":0.0,"damage_taken":11.0},{"damage_healed":0.0,"max_hp_gain":0.0,"max_hp_loss":0.0,"gold_gain":0.0,"event_name":"Accursed Blacksmith","player_choice":"Forge","floor":13.0,"gold_loss":0.0,"damage_taken":0.0,"cards_upgraded":["Noxious Fumes"]},{"cards_removed":["Defend_G"],"damage_healed":0.0,"max_hp_gain":0.0,"max_hp_loss":0.0,"gold_gain":0.0,"event_name":"Back to Basics","player_choice":"Elegance","floor":19.0,"gold_loss":0.0,"damage_taken":0.0},{"damage_healed":0.0,"max_hp_gain":0.0,"max_hp_loss":0.0,"gold_gain":0.0,"event_name":"The Mausoleum","player_choice":"Ignored","floor":27.0,"gold_loss":0.0,"damage_taken":0.0},{"damage_healed":0,"gold_gain":0,"player_choice":"Upgraded","damage_taken":0,"max_hp_gain":0,"max_hp_loss":0,"event_name":"Upgrade Shrine","floor":31,"gold_loss":0,"cards_upgraded":["Choke"]}],"is_beta":false,"boss_relics":[{"not_picked":["HoveringKite","Cursed Key"],"picked":"Empty Cage"},{"not_picked":["bronze:MakeshiftBattery","Tiny House"],"picked":"Black Star"}],"items_purged_floors":[11,22,38],"is_endless":false,"potions_floor_spawned":[4,5,14,16,18,20,21,24,25,28,29,30,33,35,36,37],"killed_by":"4 Shapes","ascension_level":16}}