{"host":"y9t3brv5y5t41vuj","time":1613922723,"event":{"mods":["AchievementEnabler","BaseMod","BetterRewards","Block Reminder","Colored Map","Colored Powertips","Conspire","Highlight Path","Hubris","Infinite Spire","Minty Spire (QoL Compilation)","Quick Restart","Replay The Spire","Shop Mod","StSLib","SuperFastMode","Unceasing Turn Reminder"],"gold_per_floor":[116,127,10,10,24,53,53,53,53,65,76,87,142,169,169,268,268,278,278,292,74,74,89,108,108,108,134,146,163,177,187,187,289,289,305,49,74,74,94,126,126,139,163,188,201,226,226,238,238,342,342,353,366,364,364,439,438,438,454,477,477,256,263,263,275,275,332,332,333,346,346,39,43,43,43,43,43,55,117,183,202,224,236,248,327,339,349,369,381,393,401,419,431,431,443,455,467,492,508,513,525,609,621,634,279,279,286,286,286,298,363,414,414,424,449,399,399,399,500,500,511,510,460,465,465,452,452],"floor_reached":126,"language":"ENG","playtime":2608,"items_purged":["Strike_R","Defend_R","Strike_R","Strike_R","Defend_R","Strike_R+1","Defend_R","ReplayTheSpireMod:Muscle Training+1","Iron Wave+1","Flame Barrier+1"],"score":2656,"play_id":"8cf68006-4e3e-4752-87d7-5b22dc34f40f","local_time":"20210221165203","is_ascension_mode":false,"campfire_choices":[{"data":"Flame Barrier","floor":7,"key":"SMITH"},{"floor":15,"key":"REST"},{"floor":25,"key":"REST"},{"data":"Whirlwind","floor":32,"key":"SMITH"},{"data":"Iron Wave","floor":41,"key":"SMITH"},{"data":"Bash","floor":47,"key":"SMITH"},{"floor":49,"key":"DIG"},{"data":"infinitespire:Execution","floor":58,"key":"SMITH"},{"data":"Flame Barrier","floor":61,"key":"SMITH"},{"data":"Defend_R+1","floor":64,"key":"SMITH"},{"data":"Defend_R+2","floor":66,"key":"SMITH"},{"data":"Fire Breathing+1","floor":74,"key":"SMITH"},{"data":"Fire Breathing+2","floor":76,"key":"SMITH"},{"data":"Heavy Blade","floor":84,"key":"SMITH"},{"floor":93,"key":"REST"},{"data":"Iron Wave","floor":101,"key":"PURGE"},{"data":"Cleave","floor":109,"key":"PURGE"},{"data":"Twin Strike+1","floor":118,"key":"PURGE"}],"circlet_count":0,"master_deck":["Defend_R+3","Bash+1","Replay:Undeath\u0027s Touch+1","Reckless Charge+1","Offering+1","Evolve+1","Metallicize+1","Flame Barrier+1","Evolve+1","Whirlwind+1","Dark Embrace+1","Inflame+1","Reckless Charge+1","Metallicize+1","Fire Breathing+3","infinitespire:Execution+1","Flame Barrier+1","Inflame+1","Limit Break+1","Limit Break+1","Heavy Blade+1","ReplayReversal","Limit Break+1","Power Through","ReplayReversal"],"relics":["Burning Blood","NeowsBlessing","Golden Egg","Frozen Egg 2","Tiny Chest","PreservedInsect","Mark of Pain","hubris:Icosahedron","Replay:Rubber Ducky","infinitespire:Cupcake","MerchantsRug","Blood Vial","ReplayFunnel","Boot","hubris:ToyBattleship","Lantern","CaptainsWheel","conspire:BottledYoYo","Philosopher\u0027s Stone","Mirror","Smiling Mask","Oddly Smooth Stone","Vajra","conspire:InfiniteJournal","DollysMirror","Omamori","Potion Belt","infinitespire:Eraser","infinitespire:Satchel","Replay:Wax Seal","Art of War","Black Star","hubris:TenFootPole","Durian","infinitespire:Joker Card","Darkstone Periapt","hubris:FunFungus","Sozu","hubris:SlimyHat","Replay:Multitool","Golden Idol","Replay:PocketPolymizer","Bronze Scales","infinitespire:Bottled Soul","Pen Nib","Pet Ghost","Gambling Chip","hubris:Stopwatch","infinitespire:FocusingShard"],"acts_visited":["Exordium","TheCity","TheBeyond","Exordium","TheCity","TheBeyond","Exordium","TheCity"],"potions_floor_usage":[10,13,16,27,57,88,88,94,99],"damage_taken":[{"damage":0,"enemies":"Cultist","floor":1,"turns":1},{"damage":0,"enemies":"2 Louse","floor":2,"turns":1},{"damage":0,"enemies":"Small Slimes","floor":5,"turns":1},{"damage":30,"enemies":"3 Sentries","floor":6,"turns":8},{"damage":0,"enemies":"2 Fungi Beasts","floor":10,"turns":2},{"damage":6,"enemies":"Lots of Slimes","floor":11,"turns":4},{"damage":10,"enemies":"Exordium Thugs","floor":12,"turns":4},{"damage":23,"enemies":"Gremlin Nob","floor":13,"turns":5},{"damage":24,"enemies":"Lagavulin","floor":14,"turns":8},{"damage":67,"enemies":"Slime Boss","floor":16,"turns":13},{"damage":23,"enemies":"Spheric Guardian","floor":18,"turns":6},{"damage":6,"enemies":"Chosen","floor":20,"turns":3},{"damage":22,"enemies":"Shelled Parasite and Fungi","floor":23,"turns":6},{"damage":13,"enemies":"Centurion and Healer","floor":24,"turns":11},{"damage":8,"enemies":"Nightmare","floor":27,"turns":6},{"damage":5,"enemies":"Snecko","floor":28,"turns":5},{"damage":6,"enemies":"3 Cultists","floor":29,"turns":5},{"damage":9,"enemies":"Snake Plant","floor":30,"turns":5},{"damage":6,"enemies":"Centurion and Healer","floor":31,"turns":6},{"damage":44,"enemies":"Automaton","floor":33,"turns":13},{"damage":12,"enemies":"Orb Walker","floor":35,"turns":3},{"damage":8,"enemies":"3 Shapes","floor":39,"turns":3},{"damage":8,"enemies":"R_Hoarder","floor":40,"turns":8},{"damage":1,"enemies":"Sphere and 2 Shapes","floor":42,"turns":4},{"damage":6,"enemies":"Nemesis","floor":44,"turns":3},{"damage":2,"enemies":"3 Darklings","floor":45,"turns":3},{"damage":31,"enemies":"Reptomancer","floor":46,"turns":5},{"damage":6,"enemies":"Spire Growth","floor":48,"turns":4},{"damage":38,"enemies":"Awakened One","floor":50,"turns":14},{"damage":0,"enemies":"2 Louse","floor":52,"turns":2},{"damage":0,"enemies":"Jaw Worm","floor":53,"turns":2},{"damage":0,"enemies":"Cultist","floor":54,"turns":3},{"damage":36,"enemies":"Nightmare","floor":57,"turns":7},{"damage":0,"enemies":"Gremlin Nob","floor":59,"turns":4},{"damage":6,"enemies":"Large Slime","floor":63,"turns":2},{"damage":6,"enemies":"3 Louse","floor":65,"turns":1},{"damage":6,"enemies":"Fading Forest","floor":67,"turns":7},{"damage":6,"enemies":"Chosen","floor":69,"turns":2},{"damage":14,"enemies":"2 Thieves","floor":70,"turns":3},{"damage":0,"enemies":"Snecko","floor":73,"turns":3},{"damage":6,"enemies":"Snake Plant","floor":81,"turns":2},{"damage":1,"enemies":"3 Cultists","floor":82,"turns":1},{"damage":23,"enemies":"Automaton","floor":85,"turns":5},{"damage":33,"enemies":"3 Darklings","floor":87,"turns":3},{"damage":33,"enemies":"3 Shapes","floor":88,"turns":3},{"damage":6,"enemies":"Spire Growth","floor":91,"turns":2},{"damage":28,"enemies":"R_Hoarder","floor":92,"turns":5},{"damage":16,"enemies":"Writhing Mass","floor":94,"turns":5},{"damage":9,"enemies":"Sphere and 2 Shapes","floor":98,"turns":1},{"damage":5,"enemies":"Jaw Worm Horde","floor":99,"turns":2},{"damage":6,"enemies":"4 Shapes","floor":100,"turns":4},{"damage":32,"enemies":"Time Eater","floor":102,"turns":5},{"damage":0,"enemies":"Cultist","floor":104,"turns":4},{"damage":0,"enemies":"Small Slimes","floor":107,"turns":2},{"damage":11,"enemies":"Jaw Worm","floor":110,"turns":2},{"damage":0,"enemies":"Lagavulin Event","floor":111,"turns":3},{"damage":25,"enemies":"Exordium Thugs","floor":114,"turns":2},{"damage":0,"enemies":"Gremlin Nob","floor":115,"turns":4},{"damage":0,"enemies":"Fading Forest","floor":119,"turns":3},{"damage":2,"enemies":"Chosen","floor":121,"turns":2},{"damage":1,"enemies":"Spheric Guardian","floor":122,"turns":3},{"damage":43,"enemies":"Snake Plant","floor":124,"turns":3},{"damage":69,"enemies":"Slavers","floor":126,"turns":2}],"seed_played":"5408717354941162400","potions_obtained":[{"floor":1,"key":"PowerPotion"},{"floor":2,"key":"Death Potion"},{"floor":6,"key":"FairyPotion"},{"floor":10,"key":"Fruit Juice"},{"floor":11,"key":"Elixir"},{"floor":23,"key":"LiquidMemories"},{"floor":27,"key":"Dexterity Potion"},{"floor":29,"key":"PowerPotion"},{"floor":33,"key":"GamblersBrew"},{"floor":40,"key":"Elixir"},{"floor":45,"key":"PowerPotion"},{"floor":50,"key":"Venom Potion"},{"floor":57,"key":"SpeedPotion"},{"floor":63,"key":"Milkshake"},{"floor":65,"key":"Explosive Potion"},{"floor":70,"key":"PowerPotion"},{"floor":85,"key":"Death Potion"},{"floor":91,"key":"SteroidPotion"},{"floor":92,"key":"Adrenaline Potion"},{"floor":98,"key":"Swift Potion"},{"floor":100,"key":"BlessingOfTheForge"},{"floor":102,"key":"BlessingOfTheForge"}],"is_trial":false,"path_per_floor":["M","M","$","?","M","E","R","?","T","M","M","M","?","E","R","B",null,"M","?","M","$","?","M","M","R","T","NM","M","M","M","M","R","B",null,"M","$","T","AVR","M","E","R","M","T","E","M","E","R","M","R_BF","B",null,"M","M","M","AVR","?","NM","R","E","T","R","$","M","R","M","R_BF","B",null,"M","M","?","$","M","R","T","R","T","?","T","?","M","M","T","R","B",null,"M","M","?","?","M","E","R","M","T","T","AVR","M","M","M","R_BF","B",null,"M","$","?","M","?","R","M","?","T","T","M","E","?","AVR","R","B",null,"M","M","$","M","AVR","E"],"character_chosen":"IRONCLAD","items_purchased":["Inflame","Cleave","Replay:Rubber Ducky","Metallicize+1","MerchantsRug","Blood Vial","Vajra","Guide Book","DollysMirror","Omamori","Potion Belt","hubris:SlimyHat","Replay:Multitool"],"campfire_rested":3,"item_purchase_floors":[3,3,21,21,36,36,62,62,72,72,72,105,105],"current_hp_per_floor":[80,80,80,80,80,56,56,56,56,67,67,63,46,28,53,20,85,68,68,68,68,68,52,45,70,70,68,69,69,66,66,66,28,85,79,79,79,79,79,79,79,85,85,85,85,60,60,62,62,32,85,85,85,85,85,74,46,46,54,54,54,54,56,56,58,58,70,85,85,77,77,77,85,85,85,85,85,85,85,85,85,85,85,85,68,85,58,33,33,33,35,20,47,39,39,39,39,38,42,50,50,34,90,90,90,90,90,79,79,76,90,90,90,76,90,90,90,90,90,90,90,90,90,56,56,0,0],"gold":452,"neow_bonus":"THREE_ENEMY_KILL","is_daily":false,"chose_seed":false,"campfire_upgraded":11,"win_rate":0.0,"timestamp":1613922723,"path_taken":["M","?","$","?","M","E","R","?","T","M","M","?","?","E","R","BOSS","M","?","M","$","?","M","M","R","T","NM","M","?","M","M","R","BOSS","M","$","?","AVR","M","E","R","M","T","E","M","E","R","M","R_BF","BOSS","M","?","M","AVR","?","NM","R","E","T","R","$","M","R","M","R_BF","BOSS","M","M","?","$","M","R","?","R","T","?","?","?","M","?","?","R","BOSS","M","M","?","?","M","E","R","?","T","?","AVR","M","M","M","R_BF","BOSS","M","$","?","M","?","R","M","?","T","?","M","E","?","AVR","R","BOSS","M","M","$","M","AVR","E"],"items_purchased_type":["Card","Card","Relic","Card","Relic","Relic","Relic","Relic","Relic","Relic","Relic","Relic","Relic"],"build_version":"2020-12-22","purchased_purges":10,"victory":false,"max_hp_per_floor":[80,80,80,80,80,80,80,80,80,85,85,85,85,85,85,85,85,85,85,85,85,85,85,85,85,85,85,85,85,85,85,85,85,85,85,85,85,85,85,85,85,85,85,85,85,85,85,85,85,85,85,85,85,85,85,85,85,85,85,85,85,85,85,85,85,85,85,85,85,85,85,85,85,85,85,85,85,85,85,85,85,85,85,85,85,85,85,85,85,85,85,90,90,90,90,90,90,90,90,90,90,90,90,90,90,90,90,90,90,90,90,90,90,90,90,90,90,90,90,90,90,90,90,90,90,90,90],"card_choices":[{"not_picked":["Thunderclap","Perfected Strike"],"picked":"Twin Strike","floor":1},{"not_picked":["Pommel Strike","Replay:Undeath\u0027s Touch","Dark Embrace"],"picked":"SKIP","floor":2},{"not_picked":["Perfected Strike","Second Wind"],"picked":"Reckless Charge","floor":5},{"not_picked":["Body Slam","Battle Trance"],"picked":"Flame Barrier","floor":6},{"not_picked":["Rupture+1","Pummel","Body Slam"],"picked":"SKIP","floor":10},{"not_picked":["hubris:ReadiedAction","Second Wind"],"picked":"Iron Wave","floor":11},{"not_picked":["Abandon","Demonic Infusion","Defy Death"],"picked":"SKIP","floor":12},{"not_picked":["Wild Strike","hubris:SharpeningStone"],"picked":"Iron Wave","floor":14},{"not_picked":["Corruption+1","conspire:Purge"],"picked":"Offering","floor":16},{"not_picked":["Heavy Blade","Pommel Strike","hubris:CleavingFinish+1"],"picked":"SKIP","floor":18},{"not_picked":["Warcry","Wild Strike+1"],"picked":"Evolve+1","floor":20},{"not_picked":["Heavy Blade+1","ReplayTheSpireMod:Strike From Hell+1"],"picked":"Flame Barrier+1","floor":23},{"not_picked":["Clash","Shrug It Off"],"picked":"Iron Wave","floor":24},{"not_picked":["Body Slam","Armaments","Dodge and Roll"],"picked":"Evolve+1","floor":27},{"not_picked":["Armaments","Body Slam","Havoc","Backflip"],"picked":"SKIP","floor":28},{"not_picked":["Carnage+1","Disarm","conspire:ExplosiveBarrier+1","Dodge and Roll"],"picked":"SKIP","floor":29},{"not_picked":["Battle Trance+1","Warcry","Cloak And Dagger"],"picked":"Whirlwind","floor":30},{"not_picked":["Twin Strike+1","hubris:CleavingFinish","Setup"],"picked":"Dark Embrace+1","floor":31},{"not_picked":["Spot Weakness+1","True Grit+1","Anger+1","Dodge and Roll"],"picked":"SKIP","floor":35},{"not_picked":["Entrench","conspire:ExplosiveBarrier+1","Replay:Undeath\u0027s Touch+1"],"picked":"SKIP","floor":39},{"not_picked":["Defy Death","hubris:ReadiedAction"],"picked":"Inflame+1","floor":40},{"not_picked":["Twin Strike+1","Flex+1","Pommel Strike+1"],"picked":"SKIP","floor":42},{"not_picked":["Armaments","hubris:ReadiedAction+1","Sentinel"],"picked":"SKIP","floor":44},{"not_picked":["Sword Boomerang+1","Run Through","Clash"],"picked":"SKIP","floor":45},{"not_picked":["Battle Trance+1","Thunderclap"],"picked":"Reckless Charge+1","floor":46},{"not_picked":["True Grit","ReplayTheSpireMod:Limb From Limb+1","hubris:ReadiedAction"],"picked":"SKIP","floor":48},{"not_picked":["True Grit","ReplayTheSpireMod:Limb From Limb+1","hubris:ReadiedAction"],"picked":"SKIP","floor":48},{"not_picked":["Hemokinesis","hubris:ReadiedAction","Iron Wave"],"picked":"SKIP","floor":52},{"not_picked":["Heavy Blade","Headbutt"],"picked":"Metallicize+1","floor":53},{"not_picked":["Shrug It Off","Berserk+1"],"picked":"Fire Breathing+1","floor":54},{"not_picked":["Heavy Blade","Dropkick","Sever Soul"],"picked":"SKIP","floor":57},{"not_picked":["Pommel Strike","hubris:ReadiedAction"],"picked":"Flame Barrier","floor":59},{"not_picked":["hubris:ReadiedAction","Cleave","Sever Soul"],"picked":"SKIP","floor":63},{"not_picked":["conspire:ExplosiveBarrier","Hemokinesis"],"picked":"Inflame+1","floor":65},{"not_picked":["Corruption+1","Hemogenesis"],"picked":"Limit Break","floor":67},{"not_picked":["hubris:ReadiedAction","Rampage","Clothesline"],"picked":"SKIP","floor":69},{"not_picked":["Anger","Wild Strike"],"picked":"ReplayTheSpireMod:Muscle Training+1","floor":70},{"not_picked":["Flex+1","Fiend Fire","Sword Boomerang"],"picked":"SKIP","floor":73},{"not_picked":["Clash","ReplayTheSpireMod:Muscle Training+1","Uppercut+1"],"picked":"SKIP","floor":81},{"not_picked":["Ghostly Armor","ReplayTheSpireMod:Corrosion Curse+1"],"picked":"Heavy Blade","floor":82},{"not_picked":["ReplayTheSpireMod:Strike From Hell+1","Flame Barrier+1"],"picked":"ReplayReversal","floor":87},{"not_picked":["hubris:SharpeningStone+1","Sword Boomerang","Ghostly Armor+1"],"picked":"SKIP","floor":88},{"not_picked":["Wild Strike+1","Run Through","Havoc"],"picked":"SKIP","floor":91},{"not_picked":["Sever Soul+1","Twin Strike+1","Clothesline+1"],"picked":"SKIP","floor":92},{"not_picked":["Clash","hubris:CleavingFinish","Evolve+1"],"picked":"SKIP","floor":94},{"not_picked":["Clothesline+1","Sentinel+1","Iron Wave+1"],"picked":"SKIP","floor":98},{"not_picked":["Sword Boomerang","Searing Blow","Heavy Blade+1"],"picked":"SKIP","floor":99},{"not_picked":["conspire:Charge","Shrug It Off","Havoc"],"picked":"SKIP","floor":100},{"not_picked":["Sever Soul","Infernal Blade","hubris:CleavingFinish"],"picked":"SKIP","floor":104},{"not_picked":["Iron Wave","Headbutt","Clothesline"],"picked":"SKIP","floor":107},{"not_picked":["Anger","Clothesline"],"picked":"Power Through","floor":110},{"not_picked":["ReplayTheSpireMod:Strike From Hell","Perfected Strike","Warcry"],"picked":"SKIP","floor":114},{"not_picked":["Replay:Many Hands","Uppercut","Cleave"],"picked":"SKIP","floor":115},{"not_picked":["True Grit","Iron Wave","Dropkick"],"picked":"SKIP","floor":121},{"not_picked":["Battle Trance","Wild Strike"],"picked":"ReplayReversal","floor":122},{"not_picked":["Cleave+1","Anger","Twin Strike+1"],"picked":"SKIP","floor":124}],"player_experience":542306,"relics_obtained":[{"floor":6,"key":"Golden Egg"},{"floor":9,"key":"Frozen Egg 2"},{"floor":13,"key":"Tiny Chest"},{"floor":14,"key":"PreservedInsect"},{"floor":26,"key":"hubris:DisguiseKit"},{"floor":27,"key":"Red Skull"},{"floor":37,"key":"ReplayFunnel"},{"floor":40,"key":"Boot"},{"floor":43,"key":"hubris:ToyBattleship"},{"floor":44,"key":"Lantern"},{"floor":46,"key":"CaptainsWheel"},{"floor":49,"key":"conspire:BottledYoYo"},{"floor":57,"key":"Smiling Mask"},{"floor":59,"key":"Oddly Smooth Stone"},{"floor":60,"key":"Simple Rune"},{"floor":75,"key":"infinitespire:Eraser"},{"floor":77,"key":"MawBank"},{"floor":79,"key":"infinitespire:Satchel"},{"floor":80,"key":"Replay:Wax Seal"},{"floor":83,"key":"Art of War"},{"floor":92,"key":"hubris:TenFootPole"},{"floor":92,"key":"Durian"},{"floor":95,"key":"infinitespire:Joker Card"},{"floor":96,"key":"Darkstone Periapt"},{"floor":112,"key":"Bronze Scales"},{"floor":113,"key":"infinitespire:Bottled Soul"},{"floor":115,"key":"Pen Nib"},{"floor":115,"key":"Pet Ghost"}],"event_choices":[{"damage_healed":0,"gold_gain":0,"player_choice":"Bought 0 Potions","damage_taken":0,"max_hp_gain":0,"max_hp_loss":0,"event_name":"The Woman in Blue","floor":8,"gold_loss":0},{"damage_healed":0,"gold_gain":0,"player_choice":"Searched \u00271\u0027 times","damage_taken":0,"max_hp_gain":0,"max_hp_loss":0,"event_name":"Dead Adventurer","floor":13,"gold_loss":0},{"cards_removed":["Strike_R"],"damage_healed":0,"gold_gain":0,"player_choice":"Offered Basic","damage_taken":0,"max_hp_gain":0,"max_hp_loss":0,"event_name":"Bonfire Elementals","floor":22,"gold_loss":0},{"damage_healed":0,"gold_gain":75,"player_choice":"Gather Gold","damage_taken":11,"max_hp_gain":0,"max_hp_loss":0,"event_name":"World of Goop","floor":56,"gold_loss":0},{"damage_healed":0,"gold_gain":0,"player_choice":"Ignored","damage_taken":0,"max_hp_gain":0,"max_hp_loss":0,"event_name":"NoteForYourself","floor":71,"gold_loss":0},{"damage_healed":0,"gold_gain":0,"player_choice":"Copied","damage_taken":0,"max_hp_gain":0,"max_hp_loss":0,"event_name":"Duplicator","floor":90,"gold_loss":0,"cards_obtained":["Limit Break"]},{"damage_healed":0,"gold_gain":0,"player_choice":"Take Damage","damage_taken":22,"relics_obtained":["Golden Idol"],"max_hp_gain":0,"max_hp_loss":0,"event_name":"Golden Idol","floor":108,"gold_loss":0},{"damage_healed":0,"gold_gain":0,"player_choice":"Searched \u00272\u0027 times","damage_taken":0,"relics_obtained":["Replay:PocketPolymizer"],"max_hp_gain":0,"max_hp_loss":0,"event_name":"Dead Adventurer","floor":111,"gold_loss":0},{"cards_removed":["Iron Wave"],"damage_healed":0,"gold_gain":0,"player_choice":"Card Removal","damage_taken":0,"max_hp_gain":0,"max_hp_loss":0,"event_name":"The Cleric","floor":116,"gold_loss":50}],"is_beta":false,"boss_relics":[{"not_picked":["Velvet Choker","Calling Bell"],"picked":"Mark of Pain"},{"not_picked":["Pandora\u0027s Box","infinitespire:Burning Sword"],"picked":"infinitespire:Cupcake"},{"not_picked":["Runic Pyramid","hubris:TerracottaHorce"],"picked":"Philosopher\u0027s Stone"},{"not_picked":["conspire:RunicOctahedron","Pandora\u0027s Box"],"picked":"hubris:Backtick"},{"not_picked":["hubris:TerracottaHorce","ReplayTheSpireMod:SealedPack"],"picked":"Black Star"},{"not_picked":["conspire:RoyalGoblet","Replay:Bronze Core"],"picked":"Sozu"},{"not_picked":["Honey Jar","Velvet Choker"],"picked":"hubris:Stopwatch"}],"items_purged_floors":[36,38,55,62,72,97,105,117,123,125],"is_endless":true,"potions_floor_spawned":[1,2,6,10,11,23,27,29,33,35,40,45,50,53,57,63,65,70,81,85,91,92,98,100,102,107,114,121,124],"killed_by":"Slavers","ascension_level":0}}