{"host":"v86vpwf004p2esb7","time":1613947679,"event":{"mods":["AchievementEnabler","BaseMod","BetterRewards","Colored Powertips","Minty Spire (QoL Compilation)","Quick Restart","StSLib","Transform Curses"],"gold_per_floor":[111,111,128,128,56,56,56],"floor_reached":6,"language":"ENG","playtime":1331,"items_purged":[],"score":43,"play_id":"96ce0599-9236-4baf-89f6-b1ebc06737d6","local_time":"20210221144759","is_ascension_mode":true,"campfire_choices":[],"circlet_count":0,"master_deck":["Strike_R","Strike_R","Strike_R","Strike_R","Defend_R","Defend_R","Defend_R","Defend_R","Bash","Body Slam","Anger+1","Shrug It Off","Flex+1","Pummel","Anger","Power Through+1","Entrench"],"relics":["Burning Blood","Anchor","Oddly Smooth Stone","Meat on the Bone"],"acts_visited":["Exordium"],"potions_floor_usage":[],"damage_taken":[{"damage":0,"enemies":"2 Louse","floor":1,"turns":2},{"damage":0,"enemies":"Jaw Worm","floor":3,"turns":3},{"damage":44,"enemies":"Lagavulin","floor":6,"turns":6}],"seed_played":"2499124814561822724","potions_obtained":[],"is_trial":false,"path_per_floor":["M","?","M","?","$","E"],"character_chosen":"IRONCLAD","items_purchased":["Anchor","Oddly Smooth Stone","Body Slam","Meat on the Bone","Anger","Shrug It Off","Flex","Pummel","Entrench"],"campfire_rested":0,"item_purchase_floors":[0,0,0,0,0,0,0,0,5],"current_hp_per_floor":[50,50,56,40,40,0,0],"gold":56,"neow_bonus":"","is_daily":false,"chose_seed":false,"campfire_upgraded":0,"win_rate":0.0,"timestamp":1613947679,"path_taken":["M","?","M","?","$","E"],"items_purchased_type":["Relic","Relic","Card","Relic","Card","Card","Card","Card","Card"],"build_version":"2020-12-22","purchased_purges":0,"victory":false,"max_hp_per_floor":[80,80,80,80,80,80,80],"card_choices":[{"not_picked":["Heavy Blade","Dark Embrace"],"picked":"Anger","floor":1},{"not_picked":["Sever Soul","True Grit"],"picked":"Power Through","floor":3}],"player_experience":191939,"relics_obtained":[],"event_choices":[{"damage_healed":0,"gold_gain":0,"player_choice":"Grow","damage_taken":0,"max_hp_gain":0,"max_hp_loss":0,"event_name":"Living Wall","floor":2,"gold_loss":0,"cards_upgraded":["Flex"]},{"damage_healed":0,"gold_gain":0,"player_choice":"Entered Light","damage_taken":16,"max_hp_gain":0,"max_hp_loss":0,"event_name":"Shining Light","floor":4,"gold_loss":0,"cards_upgraded":["Anger","Power Through"]}],"is_beta":false,"boss_relics":[],"items_purged_floors":[],"is_endless":false,"potions_floor_spawned":[],"killed_by":"Lagavulin","ascension_level":5}}