{"host":"Garrett","time":1613882052,"event":{"mods":["AchievementEnabler","BaseMod","Hubris","Minty Spire (QoL Compilation)","Permanent Neow","Replay The Spire","StSLib","The Disciple","The Mystic"],"gold_per_floor":[19,19,19,30,30,30,30,65,65,65,65,83,118,130,130,226,226,238,14,14,14,33,33,49,72,72,72,83,102,102,102],"floor_reached":30,"language":"ENG","playtime":1803,"items_purged":["Strike_B"],"score":238,"play_id":"5f203ecf-24d8-4f14-ad3a-828137b2756e","local_time":"20210220223412","is_ascension_mode":false,"campfire_choices":[{"data":"Electrodynamics","floor":6,"key":"SMITH"},{"data":"ReplayTheSpireMod:Calculation Training","floor":11,"key":"SMITH"},{"data":"Buffer","floor":23,"key":"SMITH"},{"data":"Zap","floor":27,"key":"SMITH"}],"circlet_count":0,"master_deck":["Zap+1","Dualcast","Electrodynamics+1","Coolheaded","ReplayTheSpireMod:Calculation Training+1","Compile Driver","Pot Of Greed","Pot Of Greed","ReplayRNGCard+1","Buffer+1","hubris:Disease","Shame","ReplayTheSpireMod:System Scan","Auto Shields","Shame","Chill+1","Leap+1","Streamline","Pot Of Greed"],"relics":["Cracked Core","hubris:Teleporter","Potion Belt","Pocketwatch","Oddly Smooth Stone","Grinning Jar","Kintsugi","hubris:HerbalPaste","Bag of Marbles","Orichalcum","hubris:SoftwareUpdate"],"acts_visited":["Exordium","TheCity"],"potions_floor_usage":[16,16,18,18,24],"damage_taken":[{"damage":1,"enemies":"Jaw Worm","floor":1,"turns":4},{"damage":0,"enemies":"2 Louse","floor":4,"turns":1},{"damage":27,"enemies":"Lagavulin","floor":8,"turns":8},{"damage":0,"enemies":"Cultist","floor":12,"turns":3},{"damage":21,"enemies":"Replay:BlueRogue","floor":13,"turns":4},{"damage":6,"enemies":"Exordium Wildlife","floor":14,"turns":2},{"damage":1,"enemies":"The Guardian","floor":16,"turns":10},{"damage":0,"enemies":"2 Thieves","floor":18,"turns":2},{"damage":0,"enemies":"Spheric Guardian","floor":22,"turns":5},{"damage":22,"enemies":"Shelled Parasite and Fungi","floor":24,"turns":5},{"damage":7,"enemies":"Cultist and Chosen","floor":28,"turns":6},{"damage":0,"enemies":"Snake Plant","floor":29,"turns":4},{"damage":21,"enemies":"Shelled Parasite and Fungi","floor":30,"turns":7}],"seed_played":"7429474707272109730","potions_obtained":[{"floor":3,"key":"SkillPotion"},{"floor":3,"key":"LiquidBronze"},{"floor":3,"key":"ColorlessPotion"},{"floor":12,"key":"SmokeBomb"},{"floor":13,"key":"AttackPotion"},{"floor":14,"key":"Block Potion"},{"floor":16,"key":"LiquidMemories"},{"floor":22,"key":"SkillPotion"}],"is_trial":false,"path_per_floor":["M","?","?","M","?","R","?","E","T","$","R","M","E","M","R","B",null,"M","$","?","?","M","R","M","T","T","R","M","M","M"],"character_chosen":"DEFECT","items_purchased":["hubris:HerbalPaste"],"campfire_rested":0,"item_purchase_floors":[19],"current_hp_per_floor":[74,67,67,67,67,67,67,40,40,40,40,40,19,13,35,34,75,75,75,75,75,75,75,56,56,56,56,55,61,46,46],"gold":102,"neow_bonus":"THREE_RARE_CARDS","is_daily":false,"chose_seed":false,"campfire_upgraded":4,"win_rate":0.0,"timestamp":1613882052,"path_taken":["M","?","?","?","?","R","?","E","T","$","R","M","E","?","R","BOSS","M","$","?","?","M","R","M","?","T","R","M","M","M"],"items_purchased_type":["Relic"],"build_version":"2020-12-18","purchased_purges":1,"victory":false,"max_hp_per_floor":[75,75,75,75,75,75,75,75,75,75,75,75,75,75,75,75,75,75,75,75,75,75,75,75,75,75,75,75,75,75,75],"card_choices":[{"not_picked":["Fission","ReplayTheSpireMod:Fabricate Wheel"],"picked":"Electrodynamics","floor":0},{"not_picked":["Beam Cell","Cold Snap"],"picked":"Coolheaded","floor":1},{"not_picked":["Gash","Fusion","Heatsinks"],"picked":"SKIP","floor":4},{"not_picked":["Ball Lightning","Hello World"],"picked":"ReplayTheSpireMod:Calculation Training","floor":8},{"not_picked":["Melter","Beam Cell"],"picked":"Compile Driver","floor":12},{"not_picked":["Reprogram","Stack"],"picked":"ReplayRNGCard","floor":13},{"not_picked":["Reinforced Body","Conserve Battery","ReplaySort"],"picked":"SKIP","floor":14},{"not_picked":["hubris:Prefetch","Amplify"],"picked":"Buffer","floor":16},{"not_picked":["Barrage+1","Force Field","Sweeping Beam"],"picked":"SKIP","floor":18},{"not_picked":["Sweeping Beam+1","Cold Snap","Go for the Eyes+1"],"picked":"SKIP","floor":22},{"not_picked":["Rebound+1","Lockon"],"picked":"Chill+1","floor":24},{"not_picked":["Steam","Cold Snap+1"],"picked":"Leap+1","floor":28},{"not_picked":["ReplayTheSpireMod:System Scan","Cold Snap"],"picked":"Streamline","floor":29}],"player_experience":782435,"relics_obtained":[{"floor":8,"key":"Pocketwatch"},{"floor":9,"key":"Oddly Smooth Stone"},{"floor":13,"key":"Grinning Jar"},{"floor":25,"key":"Orichalcum"},{"floor":26,"key":"hubris:SoftwareUpdate"}],"event_choices":[{"damage_healed":0,"gold_gain":0,"player_choice":"Success","damage_taken":7,"relics_obtained":["hubris:Teleporter"],"max_hp_gain":0,"max_hp_loss":0,"event_name":"Scrap Ooze","floor":2,"gold_loss":0},{"damage_healed":0,"gold_gain":0,"player_choice":"Got Potions","damage_taken":0,"max_hp_gain":0,"max_hp_loss":0,"event_name":"Lab","floor":3,"gold_loss":0},{"damage_healed":0,"gold_gain":0,"player_choice":"Ignored","damage_taken":0,"max_hp_gain":0,"max_hp_loss":0,"event_name":"Liars Game","floor":5,"gold_loss":0},{"damage_healed":0,"gold_gain":0,"player_choice":"Gave Potion","damage_taken":0,"relics_obtained":["Potion Belt"],"max_hp_gain":0,"max_hp_loss":0,"event_name":"WeMeetAgain","floor":7,"gold_loss":0},{"damage_healed":0,"gold_gain":0,"cards_transformed":["Defend_B","Defend_B"],"player_choice":"Became Test Subject","damage_taken":0,"max_hp_gain":0,"max_hp_loss":0,"event_name":"Drug Dealer","floor":20,"gold_loss":0,"cards_obtained":["ReplayTheSpireMod:System Scan","Auto Shields"]},{"damage_healed":0,"gold_gain":0,"player_choice":"Stole Relic","damage_taken":0,"relics_obtained":["Bag of Marbles"],"max_hp_gain":0,"max_hp_loss":0,"event_name":"Addict","floor":21,"gold_loss":0,"cards_obtained":["Shame"]}],"is_beta":true,"boss_relics":[{"not_picked":["hubris:HollowSoul","SacredBark"],"picked":"Kintsugi"}],"items_purged_floors":[19],"is_endless":false,"potions_floor_spawned":[12,13,14,16,22],"killed_by":"Shelled Parasite and Fungi","ascension_level":0}}