{"host":"gm50ke85n5jz306u","time":1613948036,"event":{"mods":["AchievementEnabler","AlwaysNeverKeys","Aspiration","BaseMod","Bestiary","Better Altar","Better Match","Better Note","Better Sensory Stone","Better Skull","Better Third Choice","Better Vampires","Better-Laid Plans","BetterRewards","Colored Powertips","Curses Come First","DNKmod","Defuse TimeMaze Blight","Disable Question Mark Monsters","Displayed Cursed Tome","Downfall","Emptier Cage","Extra Virgin Snecko Oil","Filter the Spire","Friendly Minions","Gremlin Skip","Hermit","Hubris","Hyrulean Relics","Ironclad Rager","Jorbs\u0027s Wanderer Trilogy","Koishi","Lobotomy","Marisa????????","Marked Mod","Minty Spire (QoL Compilation)","Permanent Neow","Poor People Problems","Quick Restart","Reimu??????","Relic Filter Mod","Relic Sorter","Remilia??????","Remove Card Discount Mod","Reorder Act Four","Replay The Spire","Shop Mod","StSLib","Synergy Search","Td1madao Mod","The Administrix","The Animator","The Blue Laboratory","The Bug Knight","The Construct","The Cursed","The Disciple","The Hierophant","The Necromancer","The Poker Player","The Runesmith","The Senshi","The Servant 0.9.4","Thieving Mod","Transform Curses","WarShipGirlsR/????R mod","Youmu??????"],"gold_per_floor":[10011,9221,9247,8698,8728,8773,8685,8685,8765,8792,8828,8858,8858,8884,8884,9002,9002,9011,9011,8420,8404,8396,8396,8417,8417,8417,8417,8454,8476,8476,8476,8476,8595,8595,8599,8599,8599,8145,8158,8183,8183,8183,8171,8171,8171,8171,8185,8199,7815,7854,7854,7816],"floor_reached":53,"language":"ENG","playtime":4226,"items_purged":["construct:DefenseMode","construct:AttackMode","construct:Strike_Gold","construct:Defend_Gold","construct:Strike_Gold","construct:Strike_Gold","construct:Strike_Gold","construct:SweepLaser","construct:SyphonStrike","construct:SweepLaser","construct:ScopeCore","construct:Boost","construct:Defend_Gold","construct:Defend_Gold","construct:Defend_Gold"],"score":693,"play_id":"716e7eef-329b-4c6e-992c-ece80b3eb092","local_time":"20210221235356","is_ascension_mode":false,"campfire_choices":[{"data":"Blind","floor":8.0,"key":"SMITH"},{"data":"construct:ReactiveShield","floor":15.0,"key":"SMITH"},{"data":"construct:FlameCore","floor":23.0,"key":"SMITH"},{"data":"construct:Autoturret","floor":25.0,"key":"SMITH"},{"data":"construct:Enhance","floor":27.0,"key":"SMITH"},{"floor":32.0,"key":"REST"},{"data":"construct:GoldenBullet","floor":44,"key":"SMITH"},{"data":"construct:SuppressiveFire","floor":46,"key":"SMITH"},{"data":"construct:GoldenBullet","floor":51,"key":"SMITH"}],"circlet_count":0,"master_deck":["construct:Defend_Gold+1","construct:SuppressiveFire+1","construct:Forcefield","Blind+1","construct:CriticalHit+2","construct:SweepLaser+1","construct:Enhance+1","construct:ReactiveShield+1","construct:GoldenBullet+1","construct:GuardCore+1","construct:Autoturret+1","construct:ModeShift+1","construct:FlameCore+1","construct:SweepLaser+1","construct:SyphonStrike+1","construct:Disrupt+1","construct:ScopeCore+1","construct:Autoturret+1","construct:GoldenBullet+1"],"relics":["construct:Cogwheel","Letter Opener","Replay:Bandana","construct:ClawGrip","MerchantsRug","Membership Card","hubris:ToyBattleship","Ancient Tea Set","Centennial Puzzle","Lizard Tail","PreservedInsect","construct:RocketBooster","Bronze Scales","Philosopher\u0027s Stone","Frozen Eye","construct:MegaBattery","hubris:TenFootPole","hubris:PeanutButter","Pondfish Scales","Ginger","Bag of Marbles","TheAbacus","hubris:MedicalManual","Replay:Multitool"],"acts_visited":["Exordium","TheCity","TheBeyond"],"potions_floor_usage":[],"damage_taken":[{"damage":1.0,"enemies":"2 Louse","floor":1.0,"turns":3.0},{"damage":1.0,"enemies":"Cultist","floor":3.0,"turns":4.0},{"damage":1.0,"enemies":"Jaw Worm","floor":5.0,"turns":4.0},{"damage":18.0,"enemies":"3 Sentries","floor":6.0,"turns":9.0},{"damage":0.0,"enemies":"Red Slaver","floor":10.0,"turns":3.0},{"damage":0.0,"enemies":"2 Fungi Beasts","floor":11.0,"turns":2.0},{"damage":3.0,"enemies":"3 Louse","floor":12.0,"turns":2.0},{"damage":8.0,"enemies":"Red Slaver","floor":14.0,"turns":4.0},{"damage":43.0,"enemies":"Fading Forest","floor":16.0,"turns":11.0},{"damage":4.0,"enemies":"Chosen","floor":18.0,"turns":4.0},{"damage":13.0,"enemies":"Shell Parasite","floor":21.0,"turns":5.0},{"damage":18.0,"enemies":"Snake Plant","floor":22.0,"turns":4.0},{"damage":5.0,"enemies":"Centurion and Healer","floor":24.0,"turns":4.0},{"damage":12.0,"enemies":"Shelled Parasite and Fungi","floor":28.0,"turns":1.0},{"damage":19.0,"enemies":"Snake Plant","floor":29.0,"turns":3.0},{"damage":4,"enemies":"Automaton","floor":33,"turns":5},{"damage":0,"enemies":"Orb Walker","floor":35,"turns":3},{"damage":0,"enemies":"3 Shapes","floor":39,"turns":3},{"damage":0,"enemies":"Nemesis","floor":40,"turns":3},{"damage":0,"enemies":"Spire Growth","floor":43,"turns":3},{"damage":5,"enemies":"Writhing Mass","floor":47,"turns":3},{"damage":12,"enemies":"Jaw Worm Horde","floor":48,"turns":4},{"damage":20,"enemies":"4 Shapes","floor":50,"turns":3},{"damage":12,"enemies":"Awakened One","floor":52,"turns":5}],"seed_played":"4955697086531637142","potions_obtained":[{"floor":3.0,"key":"Ancient Potion"},{"floor":10.0,"key":"blueLaboratory:BubblePotion"},{"floor":11.0,"key":"PowerPotion"},{"floor":22.0,"key":"Death Potion"}],"is_trial":false,"path_per_floor":["M","$","M","$","M","E","?","R","T","M","M","M","?","M","R","B",null,"M","?","$","M","M","R","M","R","T","R","M","M","?","T","R","B",null,"M","?","T","$","M","E","PTL","PTL","M","R","T","R","M","M","$","M","R","B",null],"character_chosen":"THE_CONSTRUCT_MOD","items_purchased":["Lizard Tail","Replay:Bandana","construct:Forcefield","Blind","construct:CriticalHit","MerchantsRug","construct:RocketBooster","construct:SweepLaser","construct:SyphonStrike","DuplicationPotion","blueLaboratory:EmptyBottle","Frozen Eye","construct:MegaBattery","hubris:ToyBattleship","construct:Autoturret","construct:Boost","Membership Card","Pondfish Scales","Centennial Puzzle","Energy Potion","blueLaboratory:ImpenetrablePotion","TheAbacus","hubris:MedicalManual","Replay:Multitool"],"campfire_rested":1,"item_purchase_floors":[2,2,2,2,2,2,4,4,4,4,4,20,20,20,20,20,38,38,38,38,38,49,49,49],"current_hp_per_floor":[84,84,83,83,82,64,64,64,64,64,64,61,61,53,53,20,85,81,85,85,72,54,54,49,49,49,49,37,18,18,18,43,39,85,85,85,85,85,85,85,85,85,85,85,85,85,80,68,68,48,48,36],"gold":7816,"neow_bonus":"RANDOM_COMMON_RELIC","is_daily":false,"chose_seed":false,"campfire_upgraded":8,"win_rate":0.0,"timestamp":1613948036,"path_taken":["M","$","M","$","M","E","?","R","T","M","M","?","?","M","R","BOSS","M","?","$","M","M","R","M","R","T","R","?","M","?","?","R","BOSS","M","?","?","$","M","E","PTL","PTL","M","R","T","R","M","?","$","M","R","BOSS"],"items_purchased_type":["Relic","Relic","Card","Card","Card","Relic","Relic","Card","Card","Potion","Potion","Relic","Relic","Relic","Card","Card","Relic","Relic","Relic","Potion","Potion","Relic","Relic","Relic"],"build_version":"2020-12-22","purchased_purges":15,"victory":true,"max_hp_per_floor":[85,85,85,85,85,85,85,85,85,85,85,85,85,85,85,85,85,85,85,85,85,85,85,85,85,85,85,85,85,85,85,85,85,85,85,85,85,85,85,85,85,85,85,85,85,85,85,85,85,85,85,85],"card_choices":[{"not_picked":["construct:Backfire","construct:ScrapCannon"],"picked":"construct:SuppressiveFire","floor":1.0},{"not_picked":["construct:Missile","construct:Accumulate","construct:ClusterMines"],"picked":"SKIP","floor":3.0},{"not_picked":["construct:Autoturret","construct:ScrapCannon","construct:Overcharge"],"picked":"SKIP","floor":5.0},{"not_picked":["construct:Bunker","construct:ShieldBurst"],"picked":"construct:SweepLaser","floor":6.0},{"not_picked":["construct:ClusterMines","construct:Anticipate"],"picked":"construct:Enhance","floor":10.0},{"not_picked":["construct:Autoturret","construct:Anticipate"],"picked":"construct:FlakBarrage","floor":11.0},{"not_picked":["construct:ClusterMines","construct:ModeShift","construct:Construct_Overclock"],"picked":"SKIP","floor":12.0},{"not_picked":["construct:HastyRepair","construct:Accumulate"],"picked":"construct:SweepLaser","floor":14.0},{"not_picked":["construct:Reserves","construct:PanicFire"],"picked":"construct:GoldenBullet","floor":16.0},{"not_picked":["construct:Anticipate+1","construct:ElectricArmor"],"picked":"construct:GuardCore+1","floor":18.0},{"not_picked":["construct:ScrapCannon","construct:Anticipate"],"picked":"construct:ModeShift+1","floor":21.0},{"not_picked":["construct:Chainstrike+1","construct:CripplingShot"],"picked":"construct:FlameCore","floor":22.0},{"not_picked":["construct:ScrapCannon","construct:VentSteam"],"picked":"construct:SweepLaser+1","floor":24.0},{"not_picked":["construct:ModeShift+1","construct:Antimatter","construct:OmegaCannon"],"picked":"SKIP","floor":28.0},{"not_picked":["construct:QuickAttack","construct:Chainstrike"],"picked":"construct:ScopeCore","floor":29.0},{"not_picked":["construct:Versatility+1","construct:Chainstrike"],"picked":"construct:SyphonStrike+1","floor":35},{"not_picked":["construct:ModeShift","construct:HeavyBolt"],"picked":"construct:Disrupt+1","floor":39},{"not_picked":["construct:VentSteam","construct:Autoturret"],"picked":"construct:ScopeCore+1","floor":40},{"not_picked":["construct:SyphonStrike","construct:Versatility"],"picked":"construct:Autoturret+1","floor":43},{"not_picked":["construct:Autoturret+1","construct:ScrapCannon"],"picked":"construct:GoldenBullet","floor":47},{"not_picked":["construct:Stasis","construct:Anticipate+1","construct:Analyze+1"],"picked":"SKIP","floor":48},{"not_picked":["construct:ModeShift+1","construct:Antimatter","construct:Autoturret+1"],"picked":"SKIP","floor":50}],"player_experience":371472,"relics_obtained":[{"floor":6.0,"key":"Ancient Tea Set"},{"floor":26.0,"key":"hubris:TenFootPole"},{"floor":31.0,"key":"hubris:PeanutButter"},{"floor":37,"key":"Letter Opener"},{"floor":40,"key":"Ginger"},{"floor":45,"key":"Bag of Marbles"}],"event_choices":[{"damage_healed":0.0,"max_hp_gain":0.0,"max_hp_loss":0.0,"gold_gain":0.0,"event_name":"WeMeetAgain","player_choice":"Paid Gold","floor":7.0,"gold_loss":88.0,"damage_taken":0.0,"relics_obtained":["Bronze Scales"]},{"damage_healed":0.0,"max_hp_gain":0.0,"max_hp_loss":0.0,"gold_gain":0.0,"cards_transformed":["construct:Strike_Gold"],"event_name":"Transmorgrifier","player_choice":"Transformed","floor":13.0,"gold_loss":0.0,"damage_taken":0.0,"cards_obtained":["construct:ReactiveShield"]},{"cards_removed":["construct:FlakBarrage"],"damage_healed":4.0,"max_hp_gain":0.0,"max_hp_loss":0.0,"gold_gain":0.0,"event_name":"Bonfire Elementals","player_choice":"Offered Uncommon","floor":19.0,"gold_loss":0.0,"damage_taken":0.0},{"damage_healed":0.0,"max_hp_gain":0.0,"max_hp_loss":0.0,"gold_gain":0.0,"event_name":"betterNote:BetterNote","player_choice":"Ignored","floor":30.0,"gold_loss":0.0,"damage_taken":0.0,"cards_obtained":["Finesse"]},{"damage_healed":0,"gold_gain":0,"player_choice":"Ignored","damage_taken":0,"max_hp_gain":0,"max_hp_loss":0,"event_name":"Tomb of Lord Red Mask","floor":36,"gold_loss":0}],"is_beta":false,"boss_relics":[{"not_picked":["bronze:MakeshiftBattery","hubris:VirtuousBlindfold"],"picked":"Philosopher\u0027s Stone"},{"not_picked":["Pandora\u0027s Box","Cursed Key"],"picked":"construct:ClawGrip"}],"items_purged_floors":[2,2,2,2,4,4,20,20,38,38,49,49,49,49,49],"is_endless":false,"potions_floor_spawned":[3,10,11,14,21,22,24,43,47,48],"ascension_level":0}}