{"host":"xumidyqji6pg2yy3","time":1613912083,"event":{"mods":["ATMod(°¢èªMod)","Act Like it!","BaseMod","Colored Map","Gensokyo","Minty Spire (QoL Compilation)","MostiFishMod","Quick Restart","StSLib"],"gold_per_floor":[117,117,45,45,65,90,90,105,105,130,155,181,181,209,209,306,306,325,343,343,268,288,322,322,322,322,322,202,230,249,249,249,353,353,367,367,384,114,128,155,155,181,227,243,253,279,154,154,154,154,154,154,4,35,35],"floor_reached":56,"language":"ZHS","playtime":2263,"items_purged":["AT_Dispersion","Defend_R","Defend_R","Defend_R"],"score":1822,"play_id":"31c7ff45-1b52-44ff-a5ac-b008f114ccd6","local_time":"20210221205443","is_ascension_mode":true,"campfire_choices":[{"data":"Armaments","floor":7.0,"key":"SMITH"},{"data":"MostiFishMod:HellRitual","floor":13.0,"key":"SMITH"},{"data":"MostiFishMod:WinterMarkForm","floor":15.0,"key":"SMITH"},{"data":"Thunderclap","floor":24.0,"key":"SMITH"},{"data":"Gensokyo:LittleGreenMen","floor":32.0,"key":"SMITH"},{"floor":49.0,"key":"RECALL"},{"data":"Gensokyo:PrivateSquare","floor":52.0,"key":"SMITH"}],"circlet_count":0,"master_deck":["Strike_R","Strike_R","Strike_R","Strike_R","Strike_R","Defend_R","Bash","AT_Dispersion+1","MostiFishMod:FrostNova","MostiFishMod:WinterMarkForm+1","Bloodletting","Armaments+1","MostiFishMod:HellRitual+1","Second Wind","MostiFishMod:CullingBlade","Thunderclap+1","Gensokyo:LittleGreenMen+1","Warcry+1","MostiFishMod:StoryBook","Twin Strike+1","Gensokyo:PrivateSquare+1","Pride"],"relics":["Burning Blood","AT_ATBox","DaveBox","FrostBlade","AT_SunfireAegis","SynthV:TestCard","Gensokyo:PortableGap","Bottled Lightning","Centennial Puzzle","Bird Faced Urn","Orichalcum","Art of War","MostiFishMod:Haymaker","Red Skull","PatriotShield","AT_ImmortalShieldbow","Gensokyo:DemonMask","Strawberry","Runic Dome","StoneCalendar","Boot","Dream Catcher","AT_BellDemon"],"acts_visited":["Exordium","Gensokyo:Gensokyo","Gensokyo:Gensokyoer","TheEnding"],"potions_floor_usage":[55],"damage_taken":[{"damage":0.0,"enemies":"Gensokyo:Python","floor":1.0,"turns":2.0},{"damage":0.0,"enemies":"Gensokyo:3_Fairies","floor":5.0,"turns":3.0},{"damage":0.0,"enemies":"Gensokyo:Mamizou","floor":6.0,"turns":5.0},{"damage":3.0,"enemies":"Gensokyo:2_Kodama","floor":8.0,"turns":2.0},{"damage":7.0,"enemies":"Gensokyo:Cirno","floor":10.0,"turns":5.0},{"damage":5.0,"enemies":"Gensokyo:Aya","floor":11.0,"turns":5.0},{"damage":0.0,"enemies":"Gensokyo:Cirno","floor":12.0,"turns":7.0},{"damage":0.0,"enemies":"Gensokyo:Aya","floor":14.0,"turns":3.0},{"damage":13.0,"enemies":"Gensokyo:Kokoro","floor":16.0,"turns":8.0},{"damage":0.0,"enemies":"Gensokyo:2_Gloops","floor":18.0,"turns":3.0},{"damage":0.0,"enemies":"Gensokyo:3_Dogs","floor":19.0,"turns":5.0},{"damage":0.0,"enemies":"Gensokyo:3_Gloops","floor":22.0,"turns":4.0},{"damage":23.0,"enemies":"Gensokyo:Tenshi","floor":23.0,"turns":2.0},{"damage":3.0,"enemies":"Gensokyo:Reisen","floor":29.0,"turns":3.0},{"damage":0.0,"enemies":"Gensokyo:Wraith","floor":30.0,"turns":4.0},{"damage":3.0,"enemies":"Gensokyo:Kaguya","floor":33.0,"turns":3.0},{"damage":0.0,"enemies":"Gensokyo:3_Bats","floor":35.0,"turns":3.0},{"damage":0.0,"enemies":"Gensokyo:AncientGuardian","floor":37.0,"turns":2.0},{"damage":0.0,"enemies":"Gensokyo:SeedOfUnknown","floor":39.0,"turns":2.0},{"damage":8.0,"enemies":"Gensokyo:Marisa","floor":40.0,"turns":3.0},{"damage":0.0,"enemies":"Gensokyo:Kasen","floor":42.0,"turns":2.0},{"damage":0.0,"enemies":"Gensokyo:3_Boulders","floor":44.0,"turns":2.0},{"damage":0.0,"enemies":"Gensokyo:Rafflesia","floor":45.0,"turns":3.0},{"damage":0.0,"enemies":"Gensokyo:Marisa","floor":46.0,"turns":1.0},{"damage":0.0,"enemies":"Gensokyo:Yuyuko","floor":50.0,"turns":2.0},{"damage":0.0,"enemies":"Shield and Spear","floor":54.0,"turns":2.0},{"damage":25,"enemies":"The Heart","floor":55,"turns":5}],"seed_played":"-3636315135727616810","potions_obtained":[{"floor":5.0,"key":"SkillPotion"},{"floor":6.0,"key":"AttackPotion"},{"floor":18.0,"key":"Swift Potion"},{"floor":44.0,"key":"DistilledChaos"}],"is_trial":false,"path_per_floor":["M","?","COS","?","M","E","R","M","T","E","?","E","R","E","R","B",null,"M","M","?","$","M","E","R","?","T","?","?","E","M","?","R","B",null,"M","COS","M","$","M","E","?","E","T","M","M","E","$","?","R","B",null,"R","$","E","B",null],"character_chosen":"IRONCLAD","items_purchased":["MostiFishMod:StoryBook"],"campfire_rested":0,"item_purchase_floors":[38],"current_hp_per_floor":[80,80,80,72,72,72,72,72,72,72,72,72,72,72,72,67,72,72,72,72,72,72,55,55,55,55,55,55,69,77,72,72,72,72,72,72,72,72,72,70,70,72,72,72,69,66,66,66,66,66,66,66,66,66,49],"gold":35,"neow_bonus":"RANDOM_COMMON_RELIC","is_daily":false,"chose_seed":false,"campfire_upgraded":6,"win_rate":0.0,"timestamp":1613912083,"path_taken":["M","?","COS","?","?","E","R","M","T","E","?","E","R","E","R","BOSS","M","M","?","$","?","E","R","?","T","?","?","E","?","?","R","BOSS","M","COS","M","$","M","E","?","E","T","M","M","E","$","?","R","BOSS","R","$","E","BOSS"],"items_purchased_type":["Card"],"build_version":"2020-12-22","purchased_purges":4,"victory":true,"max_hp_per_floor":[80,80,80,72,72,72,72,72,72,72,72,72,72,72,72,72,72,72,72,72,72,72,72,72,72,72,72,72,79,79,72,72,72,72,72,72,72,72,72,72,72,72,72,72,69,66,66,66,66,66,66,66,66,66,66],"card_choices":[{"not_picked":["AT_IchimonjiDouble","Body Slam"],"picked":"Bloodletting","floor":1.0},{"not_picked":["Fire Breathing","AT_IchimonjiDouble","Wild Strike","Infernal Blade","Iron Wave"],"picked":"SKIP","floor":5.0},{"not_picked":["Rupture","Anger","Disarm","Clothesline"],"picked":"Armaments","floor":6.0},{"not_picked":["Rupture","Iron Wave","Body Slam","Twin Strike","Sword Boomerang"],"picked":"SKIP","floor":8.0},{"not_picked":["Inflame","Cleave","Uppercut","Shrug It Off"],"picked":"MostiFishMod:HellRitual","floor":10.0},{"not_picked":["MostiFishMod:ChineseTea","Flame Barrier","Iron Wave","Infernal Blade"],"picked":"AT_Dispersion","floor":11.0},{"not_picked":["Bloodletting","Pummel","Iron Wave","Infernal Blade","Sentinel"],"picked":"SKIP","floor":12.0},{"not_picked":["Sword Boomerang","Wild Strike","Havoc","Clash"],"picked":"Second Wind","floor":14.0},{"not_picked":["Bludgeon","MostiFishMod:ChineseTea","Impervious","MostiFishMod:FlyOverUtopia"],"picked":"MostiFishMod:CullingBlade","floor":16.0},{"not_picked":["Wild Strike+1","Heavy Blade","Pommel Strike+1","Thunderclap+1","Searing Blow"],"picked":"SKIP","floor":18.0},{"not_picked":["Dropkick+1","Perfected Strike","Flex","Iron Wave"],"picked":"Thunderclap","floor":19.0},{"not_picked":["Flex","Armaments","Burning Pact+1","MostiFishMod:RacingGame","Ghostly Armor"],"picked":"SKIP","floor":22.0},{"not_picked":["Wild Strike","AT_CaressingTears+1","Havoc+1","Spot Weakness","Hemokinesis"],"picked":"SKIP","floor":23.0},{"not_picked":["MostiFishMod:NewArrival","True Grit","Demon Form","Armaments","Twin Strike+1"],"picked":"SKIP","floor":29.0},{"not_picked":["Sentinel","MostiFishMod:BrandingRite+1","Shrug It Off","Thunderclap","Clash"],"picked":"SKIP","floor":30.0},{"not_picked":["Gensokyo:Doppelganger","Gensokyo:Kunekune","Gensokyo:TekeTeke","Gensokyo:TurboGranny"],"picked":"Gensokyo:LittleGreenMen","floor":31.0},{"not_picked":["AT_IchimonjiDouble","Wild Strike+1","Cleave","Body Slam+1"],"picked":"Warcry+1","floor":35.0},{"not_picked":["Clothesline","Wild Strike","Rage","Reckless Charge","Flame Barrier"],"picked":"SKIP","floor":37.0},{"not_picked":["Sentinel","Spot Weakness","Searing Blow+1","Shrug It Off+1","Metallicize+1"],"picked":"SKIP","floor":39.0},{"not_picked":["Twin Strike+1","Havoc","Flex","Carnage","Dark Embrace+1"],"picked":"SKIP","floor":40.0},{"not_picked":["Intimidate+1","Shrug It Off","Rampage","Thunderclap+1","Clash"],"picked":"SKIP","floor":42.0},{"not_picked":["Clash","True Grit+1","Barricade","Headbutt","Power Through"],"picked":"SKIP","floor":44.0},{"not_picked":["Anger","Twin Strike+1","Clash","Spot Weakness","Intimidate"],"picked":"SKIP","floor":45.0},{"not_picked":["Anger","Clash","Spot Weakness","Intimidate"],"picked":"Twin Strike+1","floor":45.0},{"not_picked":["Havoc","Sword Boomerang","Perfected Strike+1","Wild Strike","Feed"],"picked":"SKIP","floor":46.0},{"not_picked":["Heavy Blade+1","Sword Boomerang","Ghostly Armor+1","Clothesline+1","Dual Wield+1"],"picked":"SKIP","floor":54.0}],"player_experience":84237,"relics_obtained":[{"floor":1.0,"key":"SynthV:TestCard"},{"floor":6.0,"key":"Bottled Lightning"},{"floor":9.0,"key":"Centennial Puzzle"},{"floor":10.0,"key":"Orichalcum"},{"floor":11.0,"key":"Art of War"},{"floor":12.0,"key":"MostiFishMod:Haymaker"},{"floor":14.0,"key":"Red Skull"},{"floor":23.0,"key":"AT_ImmortalShieldbow"},{"floor":29.0,"key":"Strawberry"},{"floor":42.0,"key":"StoneCalendar"},{"floor":43.0,"key":"Boot"},{"floor":46.0,"key":"Dream Catcher"},{"floor":54.0,"key":"AT_BellDemon"}],"event_choices":[],"is_beta":false,"boss_relics":[{"not_picked":["Velvet Choker","RhineSuit"],"picked":"PatriotShield"},{"not_picked":["Runic Pyramid","FixedStarFall"],"picked":"Runic Dome"}],"items_purged_floors":[21,38,47,53],"is_endless":false,"potions_floor_spawned":[5,6,18,19,37,39,40,44,54],"ascension_level":2}}