{"host":"sxnl403xm2xmiyj1","time":1613895518,"event":{"mods":["BaseMod","Colored Map","Keyboard Shortcuts","Koishi","Minty Spire (QoL Compilation)","Quick Restart","StSLib","SuperFastMode"],"gold_per_floor":[20,30,30,105,123,123,123,123,123,42,42,75,75,88,88,181,181,201,221,13,37,57,57,57,57],"floor_reached":24,"language":"KOR","playtime":550,"items_purged":[],"score":382,"play_id":"019bb49e-3c44-425d-9578-16ba49a15666","local_time":"20210221171838","is_ascension_mode":true,"campfire_choices":[{"data":"Koishi:HauntingSlash","floor":6.0,"key":"SMITH"},{"floor":8.0,"key":"REST"},{"data":"Koishi:DNAsFlaw","floor":11.0,"key":"SMITH"},{"data":"Koishi:PredatoryInstincts","floor":13.0,"key":"SMITH"},{"data":"Koishi:RacingHeart","floor":15.0,"key":"SMITH"},{"data":"Koishi:EmbryosDream","floor":23.0,"key":"SMITH"}],"circlet_count":0,"master_deck":["AscendersBane","Koishi:BasicStrike","Koishi:BasicStrike","Koishi:BasicStrike","Koishi:BasicStrike","Koishi:BasicDefend","Koishi:BasicDefend","Koishi:BasicDefend","Koishi:BasicDefend","Koishi:Provoke","Koishi:HauntingSlash+1","Koishi:PhantomStrike","Koishi:PhantomStrike","Koishi:DreadfulBlow","Koishi:DNAsFlaw+1","Koishi:PredatoryInstincts+1","Koishi:RacingHeart+1","Koishi:SpiritedAway","Koishi:PhantomBarrier","Koishi:EmbryosDream+1","Koishi:PhantomBarrier"],"relics":["Koishi:ImaginaryFriend","Pocketwatch","Golden Idol","InkBottle","Pen Nib","Runic Dome","TheAbacus"],"acts_visited":["Exordium","TheCity"],"potions_floor_usage":[24],"damage_taken":[{"damage":2.0,"enemies":"2 Louse","floor":1.0,"turns":4.0},{"damage":2.0,"enemies":"Jaw Worm","floor":2.0,"turns":4.0},{"damage":0.0,"enemies":"Cultist","floor":5.0,"turns":3.0},{"damage":10.0,"enemies":"3 Sentries","floor":12.0,"turns":7.0},{"damage":0.0,"enemies":"Large Slime","floor":14.0,"turns":5.0},{"damage":21.0,"enemies":"The Guardian","floor":16.0,"turns":13.0},{"damage":21.0,"enemies":"2 Thieves","floor":18.0,"turns":5.0},{"damage":26.0,"enemies":"Chosen","floor":19.0,"turns":6.0},{"damage":26.0,"enemies":"Shelled Parasite and Fungi","floor":21.0,"turns":6.0},{"damage":14.0,"enemies":"Centurion and Healer","floor":22.0,"turns":9.0},{"damage":41,"enemies":"Book of Stabbing","floor":24,"turns":6}],"seed_played":"6039089687386935009","potions_obtained":[{"floor":5.0,"key":"AttackPotion"},{"floor":7.0,"key":"Swift Potion"},{"floor":14.0,"key":"BlessingOfTheForge"},{"floor":22.0,"key":"Strength Potion"}],"is_trial":false,"path_per_floor":["M","M","?","?","M","R","?","R","T","$","R","E","R","M","R","B",null,"M","M","$","M","M","R","E"],"character_chosen":"KOISHI","items_purchased":["Koishi:DNAsFlaw","TheAbacus","Koishi:EmbryosDream"],"campfire_rested":1,"item_purchase_floors":[10,20,20],"current_hp_per_floor":[50,49,30,19,21,21,21,38,38,38,38,32,32,47,47,57,57,54,43,43,32,41,41,0,0],"gold":57,"neow_bonus":"ONE_RARE_RELIC","is_daily":false,"chose_seed":false,"campfire_upgraded":5,"win_rate":0.0,"timestamp":1613895518,"path_taken":["M","M","?","?","M","R","?","R","T","$","R","E","R","M","R","BOSS","M","M","$","?","M","R","E"],"items_purchased_type":["Card","Relic","Card"],"build_version":"2020-12-22","purchased_purges":0,"victory":false,"max_hp_per_floor":[57,57,57,57,57,57,57,57,57,57,57,57,57,57,57,57,57,57,57,57,57,57,57,57,57],"card_choices":[{"not_picked":["Koishi:DreadfulBlow","Koishi:SubterraneanRose"],"picked":"Koishi:PhantomStrike","floor":1.0},{"not_picked":["Koishi:LastRemote","Koishi:DNAsFlaw"],"picked":"Koishi:PhantomStrike","floor":2.0},{"not_picked":["Koishi:SubconsciousSweep","Koishi:ReflexRadar"],"picked":"Koishi:DreadfulBlow","floor":5.0},{"not_picked":["Koishi:YoukaiPolygraph","Koishi:ParalyzingFear"],"picked":"Koishi:PredatoryInstincts","floor":12.0},{"not_picked":["Koishi:SubconsciousSweep","Koishi:JumpScare"],"picked":"Koishi:RacingHeart","floor":14.0},{"not_picked":["Koishi:FidgetySnatcher+1","Koishi:StingingMind"],"picked":"Koishi:SpiritedAway","floor":18.0},{"not_picked":["Koishi:BloodcurdlingScream+1","Koishi:FreudianInstinct"],"picked":"Koishi:PhantomBarrier","floor":19.0},{"not_picked":["Koishi:Whimsy","Koishi:StingingMind"],"picked":"Koishi:PhantomBarrier","floor":21.0},{"not_picked":["Koishi:IdleWhim","Koishi:Jaunt","Koishi:YoukaiPolygraph"],"picked":"SKIP","floor":22.0}],"player_experience":286227,"relics_obtained":[{"floor":9.0,"key":"InkBottle"},{"floor":12.0,"key":"Pen Nib"}],"event_choices":[{"damage_healed":0.0,"max_hp_gain":0.0,"max_hp_loss":0.0,"gold_gain":0.0,"event_name":"Golden Idol","player_choice":"Take Damage","floor":3.0,"gold_loss":0.0,"damage_taken":19.0,"relics_obtained":["Golden Idol"]},{"damage_healed":0.0,"max_hp_gain":0.0,"max_hp_loss":0.0,"gold_gain":75.0,"event_name":"World of Goop","player_choice":"Gather Gold","floor":4.0,"gold_loss":0.0,"damage_taken":11.0},{"damage_healed":0.0,"max_hp_gain":0.0,"max_hp_loss":0.0,"gold_gain":0.0,"event_name":"Lab","player_choice":"Got Potions","floor":7.0,"gold_loss":0.0,"damage_taken":0.0}],"is_beta":false,"boss_relics":[{"not_picked":["Runic Pyramid","Busted Crown"],"picked":"Runic Dome"}],"items_purged_floors":[],"is_endless":false,"potions_floor_spawned":[5,14,22],"killed_by":"Book of Stabbing","ascension_level":19}}