{"host":"mi0eibewekhugwl1","time":1613882109,"event":{"mods":["AchievementEnabler","BaseMod","Colored Map","Colored Powertips","DeckTracker","Keyboard Shortcuts","Minty Spire (QoL Compilation)","Quick Restart","Rare Cards Sparkle","Relic Stats","StSLib","SuperFastMode","everything is the same but u backflip on backflip"],"gold_per_floor":[365,376,75,75,75,75,87,115,192,224,93,93,93,119,119,195,195,207,132,147,147,162,162,73,73,73,85,98,112,112,12,12,12,12],"floor_reached":33,"language":"KOR","playtime":532,"items_purged":["Strike_R","Decay"],"score":506,"play_id":"a9bceb72-42e9-4bc5-a302-faef21b4f282","local_time":"20210221133509","is_ascension_mode":true,"campfire_choices":[{"data":"Immolate","floor":6,"key":"SMITH"},{"data":"Intimidate","floor":13,"key":"SMITH"},{"data":"Bash","floor":15,"key":"SMITH"},{"data":"Feed","floor":23,"key":"SMITH"},{"data":"Inflame","floor":25,"key":"SMITH"},{"data":"Disarm","floor":32,"key":"SMITH"}],"circlet_count":0,"master_deck":["AscendersBane","Strike_R","Strike_R","Strike_R","Defend_R","Defend_R","Defend_R","Bash+1","Clothesline","Uppercut+1","Immolate+1","Shrug It Off","Intimidate+1","Feed+1","Power Through","Cleave","Fiend Fire","Wild Strike","Inflame+1","Shrug It Off","True Grit+1","Disarm+1"],"relics":["Burning Blood","Dream Catcher","Boot","StrikeDummy","Centennial Puzzle","Odd Mushroom","Cursed Key"],"acts_visited":["Exordium","TheCity"],"potions_floor_usage":[8,10,11,16,33,33],"damage_taken":[{"damage":20,"enemies":"Small Slimes","floor":1,"turns":5},{"damage":8,"enemies":"2 Louse","floor":2,"turns":4},{"damage":4,"enemies":"Cultist","floor":7,"turns":3},{"damage":8,"enemies":"Gremlin Nob","floor":8,"turns":3},{"damage":10,"enemies":"3 Sentries","floor":10,"turns":6},{"damage":0,"enemies":"The Mushroom Lair","floor":14,"turns":1},{"damage":31,"enemies":"Hexaghost","floor":16,"turns":9},{"damage":8,"enemies":"2 Thieves","floor":18,"turns":2},{"damage":12,"enemies":"3 Byrds","floor":20,"turns":3},{"damage":9,"enemies":"Snecko","floor":22,"turns":4},{"damage":0,"enemies":"3 Cultists","floor":27,"turns":3},{"damage":4,"enemies":"Centurion and Healer","floor":28,"turns":4},{"damage":13,"enemies":"Snake Plant","floor":29,"turns":4},{"damage":95,"enemies":"Champ","floor":33,"turns":14}],"seed_played":"5058087853120653063","potions_obtained":[{"floor":7,"key":"SteroidPotion"},{"floor":8,"key":"ColorlessPotion"},{"floor":10,"key":"PowerPotion"},{"floor":18,"key":"BloodPotion"},{"floor":27,"key":"Dexterity Potion"}],"is_trial":false,"path_per_floor":["M","M","$","?","?","R","M","E","T","E","$","?","R","?","R","B",null,"M","?","M","?","M","R","$","R","T","M","M","M","?","$","R","B"],"character_chosen":"IRONCLAD","items_purchased":["Immolate","Shrug It Off","Power Through","BloodPotion","Inflame"],"campfire_rested":0,"item_purchase_floors":[3,3,11,11,24],"current_hp_per_floor":[36,34,34,29,29,29,31,29,29,25,40,33,33,39,39,17,63,61,61,58,58,55,55,55,55,55,65,71,64,64,64,64,0,0],"gold":12,"neow_bonus":"TWO_FIFTY_GOLD","is_daily":false,"chose_seed":false,"campfire_upgraded":6,"win_rate":0.0,"timestamp":1613882109,"path_taken":["M","M","$","?","?","R","?","E","T","E","?","?","R","?","R","BOSS","M","?","M","?","M","R","$","R","T","M","M","M","?","?","R","BOSS"],"items_purchased_type":["Card","Card","Card","Potion","Card"],"build_version":"2020-12-22","purchased_purges":2,"victory":false,"max_hp_per_floor":[75,75,75,75,75,75,75,75,75,75,75,75,75,75,75,78,78,78,78,81,81,81,81,81,81,81,85,89,89,89,89,89,89,89],"relic_stats":{"Dream Catcher":0,"Centennial Puzzle":[21],"counters":[14,65],"Boot":[17],"Cursed Key":0,"obtain_stats":[{"Dream Catcher":4,"Centennial Puzzle":10,"Odd Mushroom":14,"Boot":8,"StrikeDummy":9,"Cursed Key":17,"Burning Blood":0},{"Dream Catcher":2,"Centennial Puzzle":5,"Odd Mushroom":6,"Boot":4,"StrikeDummy":4,"Cursed Key":7,"Burning Blood":0},{"Dream Catcher":9,"Centennial Puzzle":21,"Odd Mushroom":22,"Boot":15,"StrikeDummy":15,"Cursed Key":31,"Burning Blood":0}],"Burning Blood":78},"card_choices":[{"not_picked":["Clash","Armaments"],"picked":"Clothesline","floor":1},{"not_picked":["Rage","Wild Strike"],"picked":"Uppercut","floor":2},{"not_picked":["Second Wind","Entrench"],"picked":"Intimidate","floor":7},{"not_picked":["Sword Boomerang","Heavy Blade"],"picked":"Feed","floor":8},{"not_picked":["Intimidate","Rupture","Headbutt"],"picked":"SKIP","floor":10},{"not_picked":["Intimidate","Havoc"],"picked":"Cleave","floor":14},{"not_picked":["Impervious","Bludgeon"],"picked":"Fiend Fire","floor":16},{"not_picked":["Bloodletting","Perfected Strike","Blood for Blood"],"picked":"SKIP","floor":18},{"not_picked":["True Grit","Perfected Strike","Iron Wave"],"picked":"SKIP","floor":20},{"not_picked":["Flex","Bloodletting"],"picked":"Wild Strike","floor":22},{"not_picked":["Warcry","Pummel"],"picked":"Shrug It Off","floor":27},{"not_picked":["Perfected Strike","Cleave"],"picked":"True Grit+1","floor":28},{"not_picked":["Hemokinesis","Whirlwind"],"picked":"Disarm","floor":29}],"player_experience":1815145,"relics_obtained":[{"floor":8,"key":"Boot"},{"floor":9,"key":"StrikeDummy"},{"floor":10,"key":"Centennial Puzzle"},{"floor":14,"key":"Odd Mushroom"}],"event_choices":[{"damage_healed":0,"gold_gain":0,"player_choice":"Success","damage_taken":5,"relics_obtained":["Dream Catcher"],"max_hp_gain":0,"max_hp_loss":0,"event_name":"Scrap Ooze","floor":4,"gold_loss":0},{"damage_healed":0,"gold_gain":0,"player_choice":"Upgraded","damage_taken":0,"max_hp_gain":0,"max_hp_loss":0,"event_name":"Upgrade Shrine","floor":5,"gold_loss":0,"cards_upgraded":["Uppercut"]},{"cards_removed":["Strike_R"],"damage_healed":0,"gold_gain":0,"player_choice":"Card Removal","damage_taken":7,"max_hp_gain":0,"max_hp_loss":0,"event_name":"Golden Wing","floor":12,"gold_loss":0},{"damage_healed":0,"gold_gain":0,"player_choice":"Fought Mushrooms","damage_taken":0,"max_hp_gain":0,"max_hp_loss":0,"event_name":"Mushrooms","floor":14,"gold_loss":0},{"cards_removed":["Defend_R"],"damage_healed":0,"gold_gain":0,"player_choice":"Gave Gold","damage_taken":0,"max_hp_gain":0,"max_hp_loss":0,"event_name":"Beggar","floor":19,"gold_loss":75},{"damage_healed":0,"gold_gain":0,"player_choice":"Ignored","damage_taken":0,"max_hp_gain":0,"max_hp_loss":0,"event_name":"Ghosts","floor":21,"gold_loss":0},{"damage_healed":0,"gold_gain":0,"player_choice":"Smashed Altar","damage_taken":0,"max_hp_gain":0,"max_hp_loss":0,"event_name":"Forgotten Altar","floor":30,"gold_loss":0,"cards_obtained":["Decay"]}],"is_beta":false,"boss_relics":[{"not_picked":["Ectoplasm","Busted Crown"],"picked":"Cursed Key"}],"items_purged_floors":[3,31],"is_endless":false,"potions_floor_spawned":[7,8,10,18,27,28],"killed_by":"Champ","ascension_level":20}}