{"host":"bf5upntvbdompq33","time":1613939884,"event":{"mods":["BaseMod","Bestiary","Colored Map","Colored Powertips","Curses Come First","Highlight Path","Minty Spire (QoL Compilation)","StSLib","ojb\u0027s Info Mod"],"gold_per_floor":[114,189,203,34,44,44,74,74,74,20,95,95,95],"floor_reached":12,"language":"ENG","playtime":454,"items_purged":["Normality"],"score":122,"play_id":"ced21921-f18a-4ef8-8f41-575460b463c4","local_time":"20210221133804","is_ascension_mode":true,"campfire_choices":[{"data":"Apotheosis","floor":6,"key":"SMITH"},{"floor":8,"key":"REST"}],"circlet_count":0,"master_deck":["AscendersBane","Strike_B","Strike_B","Strike_B","Strike_B","Defend_B","Defend_B","Defend_B","Defend_B","Zap","Dualcast","Apotheosis+1","Steam","Finesse","Loop","Darkness","Hologram"],"relics":["Cracked Core","Orichalcum","Ornamental Fan"],"acts_visited":["Exordium"],"potions_floor_usage":[],"damage_taken":[{"damage":2,"enemies":"Small Slimes","floor":1,"turns":4},{"damage":2,"enemies":"Cultist","floor":3,"turns":4},{"damage":7,"enemies":"2 Louse","floor":5,"turns":2},{"damage":21,"enemies":"3 Sentries","floor":7,"turns":7},{"damage":40,"enemies":"Gremlin Nob","floor":12,"turns":4}],"seed_played":"4259715054182146837","potions_obtained":[{"floor":1,"key":"GamblersBrew"}],"is_trial":false,"path_per_floor":["M","?","M","$","M","R","E","R","T","$","?","E"],"character_chosen":"DEFECT","items_purchased":["Finesse","Hologram"],"campfire_rested":1,"item_purchase_floors":[4,10],"current_hp_per_floor":[66,59,57,57,50,50,29,51,51,51,40,0,0],"gold":95,"neow_bonus":"RANDOM_COLORLESS_2","is_daily":false,"chose_seed":false,"campfire_upgraded":1,"win_rate":0.0,"timestamp":1613939884,"path_taken":["M","?","M","$","M","R","E","R","T","?","?","E"],"items_purchased_type":["Card","Card"],"build_version":"2020-12-22","purchased_purges":1,"victory":false,"max_hp_per_floor":[75,75,75,75,75,75,75,75,75,75,75,75,75],"card_choices":[{"not_picked":["Secret Technique","Thinking Ahead"],"picked":"Apotheosis","floor":0},{"not_picked":["Hello World","Beam Cell"],"picked":"Steam","floor":1},{"not_picked":["Barrage","Double Energy","Steam"],"picked":"SKIP","floor":3},{"not_picked":["Lockon","Cold Snap"],"picked":"Loop","floor":5},{"not_picked":["Consume","Heatsinks"],"picked":"Darkness","floor":7}],"player_experience":1687057,"relics_obtained":[{"floor":7,"key":"Orichalcum"},{"floor":9,"key":"Ornamental Fan"}],"event_choices":[{"damage_healed":0,"gold_gain":75,"player_choice":"Touch","damage_taken":7,"max_hp_gain":0,"max_hp_loss":0,"event_name":"FaceTrader","floor":2,"gold_loss":0},{"damage_healed":0,"gold_gain":75,"player_choice":"Gather Gold","damage_taken":11,"max_hp_gain":0,"max_hp_loss":0,"event_name":"World of Goop","floor":11,"gold_loss":0}],"is_beta":false,"boss_relics":[],"items_purged_floors":[4],"is_endless":false,"potions_floor_spawned":[1],"killed_by":"Gremlin Nob","ascension_level":12}}