{"host":"hjajo0rafoe1e6c4","time":1613870339,"event":{"mods":["AchievementEnabler","BaseMod","Colored Map","Colored Powertips","Highlight Path","Minty Spire (QoL Compilation)","Relic Stats","Slay the Relics Exporter","StSLib"],"gold_per_floor":[111,286,286,286,302,328,343,343,419,434,434,466,466,466,466,466,466],"floor_reached":16,"language":"ENG","playtime":459,"items_purged":[],"score":186,"play_id":"62bf82d8-b9ed-4231-ba1d-362d3c01ddba","local_time":"20210220201859","is_ascension_mode":true,"campfire_choices":[{"data":"Dagger Spray","floor":8,"key":"SMITH"},{"data":"Flying Knee","floor":11,"key":"SMITH"},{"data":"Blade Dance","floor":13,"key":"SMITH"},{"floor":15,"key":"REST"}],"circlet_count":0,"master_deck":["Strike_G","Strike_G+1","Strike_G","Strike_G","Strike_G","Defend_G","Defend_G+1","Defend_G","Defend_G","Defend_G","Survivor","Neutralize","Dagger Spray+1","Doubt","Backflip","Flying Knee+1","Blade Dance+1","Blade Dance"],"relics":["Ring of the Snake","NeowsBlessing","Ancient Tea Set","GremlinMask","The Courier","Sundial","Snake Skull"],"acts_visited":["Exordium"],"potions_floor_usage":[12,16],"damage_taken":[{"damage":0,"enemies":"Small Slimes","floor":1,"turns":1},{"damage":0,"enemies":"2 Louse","floor":5,"turns":1},{"damage":0,"enemies":"3 Sentries","floor":6,"turns":1},{"damage":2,"enemies":"Cultist","floor":7,"turns":4},{"damage":1,"enemies":"2 Fungi Beasts","floor":10,"turns":3},{"damage":25,"enemies":"Lagavulin","floor":12,"turns":6},{"damage":40,"enemies":"Slime Boss","floor":16,"turns":7}],"seed_played":"4435988562676654183","potions_obtained":[{"floor":1,"key":"SteroidPotion"},{"floor":6,"key":"Regen Potion"},{"floor":10,"key":"EssenceOfSteel"}],"is_trial":false,"path_per_floor":["M","?","?","?","M","E","M","R","T","M","R","E","R","?","R","B"],"character_chosen":"THE_SILENT","items_purchased":[],"campfire_rested":1,"item_purchase_floors":[],"current_hp_per_floor":[63,63,60,60,60,60,58,58,58,57,57,32,32,18,39,11,11],"gold":466,"neow_bonus":"THREE_ENEMY_KILL","is_daily":false,"chose_seed":false,"campfire_upgraded":3,"win_rate":0.0,"timestamp":1613870339,"path_taken":["M","?","?","?","?","E","M","R","T","M","R","E","R","?","R","BOSS"],"items_purchased_type":[],"build_version":"2020-12-22","purchased_purges":0,"victory":false,"max_hp_per_floor":[70,70,70,70,70,70,70,70,70,70,70,70,70,70,70,70,70],"relic_stats":{"counters":[7,23],"Sundial":[2],"Snake Skull":[0],"obtain_stats":[{"NeowsBlessing":0,"Sundial":9,"GremlinMask":4,"The Courier":6,"Snake Skull":12,"Ancient Tea Set":3,"Ring of the Snake":0},{"NeowsBlessing":0,"Sundial":4,"GremlinMask":1,"The Courier":3,"Snake Skull":6,"Ancient Tea Set":1,"Ring of the Snake":0},{"NeowsBlessing":0,"Sundial":7,"GremlinMask":1,"The Courier":3,"Snake Skull":16,"Ancient Tea Set":1,"Ring of the Snake":0}],"Ring of the Snake":[14]},"card_choices":[{"not_picked":["Heel Hook","Quick Slash"],"picked":"Dagger Spray","floor":1},{"not_picked":["Deadly Poison","Grand Finale"],"picked":"Backflip","floor":5},{"not_picked":["Underhanded Strike","Dagger Throw"],"picked":"Flying Knee","floor":6},{"not_picked":["Bane","Expertise","Masterful Stab"],"picked":"SKIP","floor":7},{"not_picked":["Infinite Blades","Sucker Punch"],"picked":"Blade Dance","floor":10},{"not_picked":["Sucker Punch","Choke"],"picked":"Blade Dance","floor":12}],"player_experience":229212,"relics_obtained":[{"floor":6,"key":"The Courier"},{"floor":9,"key":"Sundial"},{"floor":12,"key":"Snake Skull"}],"event_choices":[{"damage_healed":0,"gold_gain":175,"player_choice":"AGREE","damage_taken":0,"max_hp_gain":0,"max_hp_loss":0,"event_name":"Liars Game","floor":2,"gold_loss":0,"cards_obtained":["Doubt"]},{"damage_healed":0,"gold_gain":0,"player_choice":"Success","damage_taken":3,"relics_obtained":["Ancient Tea Set"],"max_hp_gain":0,"max_hp_loss":0,"event_name":"Scrap Ooze","floor":3,"gold_loss":0},{"damage_healed":0,"gold_gain":0,"player_choice":"Trade","damage_taken":0,"relics_obtained":["GremlinMask"],"max_hp_gain":0,"max_hp_loss":0,"event_name":"FaceTrader","floor":4,"gold_loss":0},{"damage_healed":0,"gold_gain":0,"player_choice":"Entered Light","damage_taken":14,"max_hp_gain":0,"max_hp_loss":0,"event_name":"Shining Light","floor":14,"gold_loss":0,"cards_upgraded":["Strike_G","Defend_G"]}],"is_beta":false,"boss_relics":[],"items_purged_floors":[],"is_endless":false,"potions_floor_spawned":[1,6,10],"killed_by":"Slime Boss","ascension_level":8}}