{"host":"xp5rvh2jwe2ejyfm","time":1613938333,"event":{"mods":["2.2 Compatiblity","Aspiration","Bard","BaseMod","Beaked The Cultist","Better Altar","Better Match","Better Note","Better Sensory Stone","Better Skull","BetterRewards","Colored Powertips","Conspire","Downfall","GifTheSpireLib","Gremlin Mod","GungeonMod","Hermit","Hubris","Jorbs\u0027s Wanderer Trilogy","Mad Scientist","Minty Spire (QoL Compilation)","Potionbrewer","Quick Restart","Replay The Spire","Robot Space Explorer","Shade Mod","Somnambulant","StSLib","The Bug Knight","The Clintock","The Construct","The Cursed","The Disciple","The Forsaken","The Hierophant","The Marked","The Mystic","The Necromancer","The Runesmith","The Servant 0.9.4","The Valiant","The Witch","TheFirefly","TheVacant","thorton"],"gold_per_floor":[113,129,1,13,30,30,30,30],"floor_reached":7,"language":"ENG","playtime":287,"items_purged":[],"score":43,"play_id":"ad773af6-0587-4d8f-8f20-45a5e5d1dfc9","local_time":"20210221151213","is_ascension_mode":false,"campfire_choices":[{"floor":6,"key":"RECALL"}],"circlet_count":0,"master_deck":["MadScienceMod:Strike_MadScience","MadScienceMod:Strike_MadScience","MadScienceMod:Strike_MadScience","MadScienceMod:Strike_MadScience","MadScienceMod:Defend_MadScience","MadScienceMod:Defend_MadScience","MadScienceMod:Defend_MadScience","MadScienceMod:Defend_MadScience","MadScienceMod:PoweredStrike","MadScienceMod:HideBehindJunk","conspire:Banana","MadScienceMod:Weaponize","MadScienceMod:BandageBot","MadScienceMod:AssemblyLine","MadScienceMod:EnergyBarrier","MadScienceMod:FumeHood","MadScienceMod:AutoStrike"],"relics":["MadScienceMod:FuelTank"],"acts_visited":["Exordium"],"potions_floor_usage":[7],"damage_taken":[{"damage":1,"enemies":"Jaw Worm","floor":1,"turns":5},{"damage":7,"enemies":"2 Louse","floor":2,"turns":2},{"damage":12,"enemies":"Small Slimes","floor":4,"turns":6},{"damage":18,"enemies":"Blue Slaver","floor":5,"turns":6},{"damage":80,"enemies":"Gremlin Nob","floor":7,"turns":5}],"seed_played":"741913332153506776","potions_obtained":[{"floor":2,"key":"Dexterity Potion"},{"floor":4,"key":"FearPotion"}],"is_trial":false,"path_per_floor":["M","M","$","M","M","R","E"],"character_chosen":"MAD_SCIENTIST","items_purchased":["MadScienceMod:AssemblyLine","MadScienceMod:EnergyBarrier"],"campfire_rested":0,"item_purchase_floors":[3,3],"current_hp_per_floor":[75,69,69,58,44,44,0,0],"gold":30,"neow_bonus":"RANDOM_COLORLESS","is_daily":false,"chose_seed":false,"campfire_upgraded":0,"win_rate":0.0,"timestamp":1613938333,"path_taken":["M","M","$","M","M","R","E"],"items_purchased_type":["Card","Card"],"build_version":"2020-12-22","purchased_purges":0,"victory":false,"max_hp_per_floor":[76,77,77,78,79,79,80,80],"card_choices":[{"not_picked":["Replay:BasicMightCard","Dark Shackles"],"picked":"conspire:Banana","floor":0},{"not_picked":["MadScienceMod:MindControlBeam","MadScienceMod:FumeBlast"],"picked":"MadScienceMod:Weaponize","floor":1},{"not_picked":["MadScienceMod:RadioactiveSword","MadScienceMod:LightOnFire"],"picked":"MadScienceMod:BandageBot","floor":2},{"not_picked":["MadScienceMod:MechanicalClaw","MadScienceMod:Detonate"],"picked":"MadScienceMod:FumeHood","floor":4},{"not_picked":["MadScienceMod:Virus","MadScienceMod:AntimatterBomb"],"picked":"MadScienceMod:AutoStrike","floor":5}],"player_experience":552470,"relics_obtained":[],"event_choices":[],"is_beta":false,"boss_relics":[],"items_purged_floors":[],"is_endless":false,"potions_floor_spawned":[2,4],"killed_by":"Gremlin Nob","ascension_level":0}}