{"host":"93bjq340p293ukqy","time":1613907789,"event":{"mods":["BaseMod","Hermit","Minty Spire (QoL Compilation)","StSLib","The Cursed"],"gold_per_floor":[112,123,198,212,224,224,258,258,308,308,325,325,335,368,368,470,470,487,499,499,0,10,10,21,21,21],"floor_reached":25,"language":"ENG","playtime":1319,"items_purged":["Shame"],"score":290,"play_id":"f1942fc7-2945-4a2a-b12a-ba977079c7a7","local_time":"20210221134309","is_ascension_mode":true,"campfire_choices":[{"floor":6,"key":"REST"},{"data":"Noxious Fumes","floor":8,"key":"SMITH"},{"data":"Footwork","floor":10,"key":"SMITH"},{"data":"Dash","floor":15,"key":"SMITH"},{"floor":23,"key":"REST"}],"circlet_count":0,"master_deck":["Strike_G","Strike_G","Strike_G","Strike_G","Defend_G","Defend_G","Defend_G","Defend_G","Survivor","Neutralize","Dagger Spray","Deadly Poison","Footwork+1","Noxious Fumes+1","Dash+1","Parasite","After Image","Poisoned Stab+1","Dagger Throw","Escape Plan","Footwork","Quick Slash+1"],"relics":["Ring of the Snake","NeowsBlessing","Singing Bowl","Regal Pillow","Juzu Bracelet","Empty Cage","Pen Nib","TwistedFunnel","Molten Egg 2"],"acts_visited":["Exordium","TheCity"],"potions_floor_usage":[11,14,16,19,19,22],"damage_taken":[{"damage":0,"enemies":"Small Slimes","floor":1,"turns":1},{"damage":0,"enemies":"Jaw Worm","floor":2,"turns":1},{"damage":0,"enemies":"2 Louse","floor":4,"turns":1},{"damage":3,"enemies":"Exordium Wildlife","floor":5,"turns":4},{"damage":16,"enemies":"3 Sentries","floor":7,"turns":6},{"damage":4,"enemies":"Exordium Thugs","floor":11,"turns":5},{"damage":1,"enemies":"Red Slaver","floor":13,"turns":4},{"damage":7,"enemies":"Gremlin Nob","floor":14,"turns":5},{"damage":17,"enemies":"The Guardian","floor":16,"turns":9},{"damage":11,"enemies":"Chosen","floor":18,"turns":7},{"damage":7,"enemies":"3 Byrds","floor":19,"turns":5},{"damage":30,"enemies":"Snake Plant","floor":22,"turns":4},{"damage":2,"enemies":"Cultist and Chosen","floor":24,"turns":7},{"damage":38,"enemies":"Book of Stabbing","floor":25,"turns":8}],"seed_played":"6859619217428237936","potions_obtained":[{"floor":2,"key":"Swift Potion"},{"floor":5,"key":"Poison Potion"},{"floor":14,"key":"LiquidMemories"},{"floor":16,"key":"PowerPotion"},{"floor":18,"key":"SpeedPotion"},{"floor":19,"key":"PowerPotion"}],"is_trial":false,"path_per_floor":["M","M","?","M","M","R","E","R","T","R","M","?","M","E","R","B",null,"M","M","?","$","M","R","M","E"],"character_chosen":"THE_SILENT","items_purchased":["TwistedFunnel","Molten Egg 2","Escape Plan"],"campfire_rested":2,"item_purchase_floors":[21,21,21],"current_hp_per_floor":[63,63,52,52,49,70,56,56,56,56,52,70,71,66,66,49,69,58,51,51,51,21,58,56,18,18],"gold":21,"neow_bonus":"THREE_ENEMY_KILL","is_daily":false,"chose_seed":false,"campfire_upgraded":3,"win_rate":0.0,"timestamp":1613907789,"path_taken":["M","M","?","M","M","R","E","R","T","R","M","?","M","E","R","BOSS","M","M","?","$","M","R","M","E"],"items_purchased_type":["Relic","Relic","Card"],"build_version":"2020-12-22","purchased_purges":1,"victory":false,"max_hp_per_floor":[70,70,70,70,70,70,72,72,72,72,72,72,74,76,76,76,76,76,76,76,76,76,76,76,76,76],"card_choices":[{"not_picked":["Finisher","Deadly Poison"],"picked":"Dagger Spray","floor":1},{"not_picked":["Bane","Deflect"],"picked":"Deadly Poison","floor":2},{"not_picked":["Acrobatics","Prepared"],"picked":"Footwork","floor":4},{"not_picked":["Poisoned Stab","Predator"],"picked":"Noxious Fumes","floor":5},{"not_picked":["Bane","Slice","Dagger Throw"],"picked":"Singing Bowl","floor":7},{"not_picked":["Acrobatics","Quick Slash"],"picked":"Dash","floor":11},{"not_picked":["Dodge and Roll","Cloak And Dagger","Corpse Explosion"],"picked":"Singing Bowl","floor":13},{"not_picked":["Underhanded Strike","Acrobatics","Sucker Punch"],"picked":"Singing Bowl","floor":14},{"not_picked":["Burst","A Thousand Cuts"],"picked":"After Image","floor":16},{"not_picked":["Dagger Throw","Reflex"],"picked":"Poisoned Stab+1","floor":18},{"not_picked":["Dagger Spray","Riddle With Holes+1"],"picked":"Dagger Throw","floor":19},{"not_picked":["Bane+1","Dodge and Roll+1"],"picked":"Footwork","floor":22},{"not_picked":["Flechettes+1","Dagger Spray+1"],"picked":"Quick Slash+1","floor":24}],"player_experience":262894,"relics_obtained":[{"floor":7,"key":"Singing Bowl"},{"floor":9,"key":"Regal Pillow"},{"floor":14,"key":"Juzu Bracelet"}],"event_choices":[{"damage_healed":0,"gold_gain":75,"player_choice":"Gather Gold","damage_taken":11,"max_hp_gain":0,"max_hp_loss":0,"event_name":"World of Goop","floor":3,"gold_loss":0},{"damage_healed":18,"gold_gain":0,"player_choice":"Healed and dodged fight","damage_taken":0,"max_hp_gain":0,"max_hp_loss":0,"event_name":"Mushrooms","floor":12,"gold_loss":0,"cards_obtained":["Parasite"]},{"damage_healed":0,"gold_gain":0,"player_choice":"Stole Relic","damage_taken":0,"relics_obtained":["Pen Nib"],"max_hp_gain":0,"max_hp_loss":0,"event_name":"Addict","floor":20,"gold_loss":0,"cards_obtained":["Shame"]}],"is_beta":false,"boss_relics":[{"not_picked":["Philosopher\u0027s Stone","HoveringKite"],"picked":"Empty Cage"}],"items_purged_floors":[21],"is_endless":false,"potions_floor_spawned":[2,5,14,16,18,19],"killed_by":"Book of Stabbing","ascension_level":7}}