{"host":"tflcqymx638r02qb","time":1613921578,"event":{"mods":["BaseMod","Downfall","Marisa£®ÏF”Í°°ƒß¿Ì…≥£©","Minty Spire (QoL Compilation)","READ ME - Snecko Mod","Remilia£®¿Ÿ√◊¿Ú—«£©","Replay The Spire","StSLib","Td1madao Mod","The Animator","The Bug Knight","The Construct","The Cursed","The Disciple","The Necromancer","The Poker Player","The Runesmith","The Servant 0.9.4","Yuri Mod"],"gold_per_floor":[126,144,144,154,154,199,199,47,100,126,138,138,138,153,170,183,183,183,183],"floor_reached":18,"language":"ZHS","playtime":895,"items_purged":["animator:Defend"],"score":149,"play_id":"4786e81b-89cc-4b71-bf05-9eb4ab7d2ca8","local_time":"20210221233258","is_ascension_mode":false,"campfire_choices":[{"floor":7,"key":"RECALL"},{"data":"animator:Megumin","floor":17,"key":"SMITH"}],"circlet_count":0,"master_deck":["animator:Strike_Konosuba","animator:Defend_Konosuba","animator:Strike","animator:Strike","animator:Strike+1","animator:Defend","animator:Defend+1","animator:Kazuma","animator:Aqua","Shame","animator:Hibiki+1","animator:Vanir","animator:Emonzaemon","animator:Mitsurugi","Amnesia","animator:Darkness","animator:YunYun","animator:Emonzaemon","animator:Azekura","animator:TsurugaMeisai","animator:Mitsurugi","animator:Megumin+2"],"relics":["animator:LivingPicture","animator:TheMissingPiece","Ring of Searing","Ring of Fury","Simple Rune","Golden Egg"],"acts_visited":["Exordium"],"potions_floor_usage":[6,18],"damage_taken":[{"damage":7,"enemies":"2 Louse","floor":1,"turns":3},{"damage":5,"enemies":"Cultist","floor":2,"turns":4},{"damage":5,"enemies":"Small Slimes","floor":4,"turns":3},{"damage":5,"enemies":"Gremlin Nob","floor":6,"turns":2},{"damage":21,"enemies":"Lagavulin","floor":10,"turns":4},{"damage":6,"enemies":"3 Louse","floor":11,"turns":2},{"damage":0,"enemies":"Exordium Wildlife","floor":14,"turns":3},{"damage":0,"enemies":"2 Fungi Beasts","floor":15,"turns":2},{"damage":4,"enemies":"Lots of Slimes","floor":16,"turns":2},{"damage":35,"enemies":"The Guardian","floor":18,"turns":4}],"seed_played":"-4212271534536510129","potions_obtained":[{"floor":2,"key":"champ:CounterPotion"},{"floor":4,"key":"Fire Potion"},{"floor":10,"key":"Energy Potion"},{"floor":14,"key":"Elixir"}],"is_trial":false,"path_per_floor":["M","M","?","M","?","E","R","$","T","E","M","PTL","PTL","M","M","M","R","B"],"character_chosen":"THE_ANIMATOR","items_purchased":["animator:YunYun"],"campfire_rested":0,"item_purchase_floors":[8],"current_hp_per_floor":[61,58,58,56,56,53,53,53,53,34,30,30,30,30,32,31,31,0,0],"gold":183,"neow_bonus":"RANDOM_COLORLESS_2","is_daily":false,"chose_seed":false,"campfire_upgraded":1,"win_rate":0.0,"timestamp":1613921578,"path_taken":["M","M","?","?","?","E","R","$","T","E","M","PTL","PTL","M","M","M","R","BOSS"],"items_purchased_type":["Card"],"build_version":"2020-12-22","purchased_purges":1,"victory":false,"max_hp_per_floor":[66,66,66,67,67,67,67,67,67,67,67,67,67,67,67,68,68,68,68],"card_choices":[{"not_picked":["animator:HarukoHaruhara","animator:KotoriKanbe"],"picked":"animator:Hibiki","floor":0},{"not_picked":["animator:Spearman","animator:Shinoa"],"picked":"animator:Vanir","floor":1},{"not_picked":["animator:Hakurou","animator:IrohaTamaki"],"picked":"animator:Emonzaemon","floor":2},{"not_picked":["animator:Shuna","animator:Nanami"],"picked":"animator:Mitsurugi","floor":4},{"not_picked":["animator:Mitsurugi","animator:Kazuma"],"picked":"animator:Darkness","floor":6},{"not_picked":["animator:DwarfShaman","animator:TsurugaMeisai"],"picked":"animator:Emonzaemon","floor":10},{"not_picked":["animator:Shinoa","animator:Kazuma"],"picked":"animator:Azekura","floor":11},{"not_picked":["animator:Azekura","animator:ZankiKiguchi"],"picked":"animator:TsurugaMeisai","floor":14},{"not_picked":["animator:Vanir","animator:Chris"],"picked":"animator:Mitsurugi","floor":15},{"not_picked":["animator:UneriGinkaku","animator:Vesta"],"picked":"animator:Megumin","floor":16}],"player_experience":106014,"relics_obtained":[{"floor":5,"key":"Ring of Searing"},{"floor":5,"key":"Ring of Fury"},{"floor":6,"key":"Simple Rune"},{"floor":10,"key":"Golden Egg"}],"event_choices":[{"damage_healed":0,"gold_gain":0,"player_choice":"Upgraded","damage_taken":0,"max_hp_gain":0,"max_hp_loss":0,"event_name":"Upgrade Shrine","floor":3,"gold_loss":0,"cards_upgraded":["animator:Hibiki"]}],"is_beta":false,"boss_relics":[],"items_purged_floors":[8],"is_endless":false,"potions_floor_spawned":[2,4,10,14],"killed_by":"The Guardian","ascension_level":0}}