{"host":"ndpbn7fqb3wjbd7p","time":1613944892,"event":{"mods":["AchievementEnabler","Act Like it!","AlwaysNeverKeys","BaseMod","Better Vampires","Block Reminder","Colored Powertips","DeckTracker","Defuse TimeMaze Blight","Friendly Minions","Highlight Path","MarisaÅiñ∂âJÅ@ñÇóùçπÅj","Minty Spire (QoL Compilation)","Permanent Neow","StSLib","SuperFastMode","Synergy Search","Unceasing Turn Reminder","Wandering Minibosses"],"gold_per_floor":[117,117,117,217,228,228,248,248,272,298,298,308,327,252,252,351,351,368,278,178,53,53,84,101,117,117,117,117,117],"floor_reached":28,"language":"ENG","playtime":1184,"items_purged":["Strike_P","Defend_P","Defend_P"],"score":339,"play_id":"1bd17573-57b3-47f0-af63-6bf2305b745c","local_time":"20210221230132","is_ascension_mode":true,"campfire_choices":[{"data":"Evaluate","floor":6,"key":"SMITH"},{"data":"ReachHeaven","floor":8,"key":"SMITH"},{"data":"Study","floor":11,"key":"SMITH"},{"data":"MentalFortress","floor":15,"key":"SMITH"},{"floor":27,"key":"REST"}],"circlet_count":0,"master_deck":["Defend_P","Eruption+1","Vigilance","ReachHeaven+1","Evaluate+1","WreathOfFlame+1","Study+1","Halt+1","MentalFortress+1","DevaForm","FollowUp+1","Crescendo","ClearTheMind"],"relics":["PureWater","MealTicket","Lantern","Empty Cage","Bronze Scales","Turnip"],"acts_visited":["Exordium","TheCity"],"potions_floor_usage":[10,16,23,23,24],"damage_taken":[{"damage":4,"enemies":"Small Slimes","floor":1,"turns":3},{"damage":4,"enemies":"Jaw Worm","floor":5,"turns":4},{"damage":0,"enemies":"2 Louse","floor":7,"turns":3},{"damage":0,"enemies":"Gremlin Nob","floor":10,"turns":3},{"damage":0,"enemies":"Gremlin Gang","floor":12,"turns":4},{"damage":0,"enemies":"2 Fungi Beasts","floor":13,"turns":3},{"damage":32,"enemies":"The Guardian","floor":16,"turns":10},{"damage":0,"enemies":"Spheric Guardian","floor":18,"turns":3},{"damage":31,"enemies":"Gremlin Leader","floor":23,"turns":4},{"damage":10,"enemies":"3 Byrds","floor":24,"turns":4},{"damage":18,"enemies":"Shelled Parasite and Fungi","floor":25,"turns":4},{"damage":39,"enemies":"Slavers","floor":28,"turns":5}],"seed_played":"-316676741221693556","potions_obtained":[{"floor":5,"key":"SkillPotion"},{"floor":7,"key":"FearPotion"},{"floor":13,"key":"SpeedPotion"},{"floor":18,"key":"Swift Potion"},{"floor":23,"key":"BlessingOfTheForge"}],"is_trial":false,"path_per_floor":["M","?","?","?","M","R","M","R","T","E","R","M","M","$","R","B",null,"M","?","$","$","?","E","M","M","T","R","E"],"character_chosen":"WATCHER","items_purchased":[],"campfire_rested":1,"item_purchase_floors":[],"current_hp_per_floor":[61,61,61,61,57,57,57,57,57,57,57,57,57,72,72,40,64,64,64,72,72,72,41,31,13,13,34,0,0],"gold":117,"neow_bonus":"UPGRADE_CARD","is_daily":false,"chose_seed":false,"campfire_upgraded":4,"win_rate":0.0,"timestamp":1613944892,"path_taken":["M","?","?","?","?","R","M","R","T","E","R","M","M","$","R","BOSS","M","?","?","$","?","E","?","M","T","R","E"],"items_purchased_type":[],"build_version":"2020-12-22","purchased_purges":3,"victory":false,"max_hp_per_floor":[72,72,72,72,72,72,72,72,72,72,72,72,72,72,72,72,72,72,72,72,72,72,72,72,72,72,72,72,72],"card_choices":[{"not_picked":["Evaluate","Prostrate"],"picked":"ReachHeaven","floor":1},{"not_picked":["SashWhip","FollowUp"],"picked":"Evaluate","floor":5},{"not_picked":["Tantrum","EmptyFist"],"picked":"WreathOfFlame","floor":7},{"not_picked":["BowlingBash","Evaluate"],"picked":"Study","floor":10},{"not_picked":["EmptyFist","Collect"],"picked":"Halt","floor":12},{"not_picked":["SignatureMove","JustLucky"],"picked":"MentalFortress","floor":13},{"not_picked":["DeusExMachina","LessonLearned"],"picked":"DevaForm","floor":16},{"not_picked":["Evaluate","SandsOfTime"],"picked":"FollowUp+1","floor":18},{"not_picked":["Weave+1","JustLucky"],"picked":"Crescendo","floor":23},{"not_picked":["Prostrate+1","Consecrate+1"],"picked":"ClearTheMind","floor":24},{"not_picked":["CutThroughFate+1","Prostrate","Protect"],"picked":"SKIP","floor":25}],"player_experience":1209526,"relics_obtained":[{"floor":9,"key":"MealTicket"},{"floor":10,"key":"Lantern"},{"floor":23,"key":"Bronze Scales"},{"floor":26,"key":"Turnip"}],"event_choices":[{"damage_healed":0,"gold_gain":0,"player_choice":"Ignored","damage_taken":0,"max_hp_gain":0,"max_hp_loss":0,"event_name":"Liars Game","floor":2,"gold_loss":0},{"cards_removed":["Strike_P"],"damage_healed":0,"gold_gain":0,"player_choice":"Forget","damage_taken":0,"max_hp_gain":0,"max_hp_loss":0,"event_name":"Living Wall","floor":3,"gold_loss":0},{"damage_healed":0,"gold_gain":100,"player_choice":"Pray","damage_taken":0,"max_hp_gain":0,"max_hp_loss":0,"event_name":"Golden Shrine","floor":4,"gold_loss":0},{"cards_removed":["Defend_P"],"damage_healed":0,"gold_gain":0,"player_choice":"Upgrade and Remove","damage_taken":0,"max_hp_gain":0,"max_hp_loss":0,"event_name":"Designer","floor":19,"gold_loss":90,"cards_upgraded":["Halt"]},{"damage_healed":0,"gold_gain":0,"player_choice":"Upgraded","damage_taken":0,"max_hp_gain":0,"max_hp_loss":0,"event_name":"Upgrade Shrine","floor":22,"gold_loss":0,"cards_upgraded":["WreathOfFlame"]}],"is_beta":false,"boss_relics":[{"not_picked":["Philosopher\u0027s Stone","Calling Bell"],"picked":"Empty Cage"}],"items_purged_floors":[14,20,21],"is_endless":false,"potions_floor_spawned":[5,7,13,18,23],"killed_by":"Slavers","ascension_level":6}}