{"host":"dd8lqbxt1rnwhzth","time":1613878054,"event":{"mods":["Act Like it!","Aspiration","Bard","BaseMod","Beaked The Cultist","BetterRewards","Challenge The Spire","Colored Map","Conspire","Halation","Hermit","Highlight Path","Hubris","Infinite Spire","Jorbs\u0027s Wanderer Trilogy","Marisa????????","Minty Spire (QoL Compilation)","Rare Cards Sparkle","Replay The Spire","Ruina","Shop Mod","StSLib","SuperFastMode","Synergy Search","The Bladedancer","The Construct","The Cursed","The Disciple","The Elementalist","The Forsaken","The Hierophant","The Judge","The Mystic","The Necromancer","The Runesmith","The Servant 0.9.4","The Valiant","The Wild Card","TheBandit","egg"],"gold_per_floor":[644,45,71,100,130,130,130,130,163,192,226,226,226,34,66,99,130,164],"floor_reached":19,"language":"ENG","playtime":1617,"items_purged":["Strike_B","Reprogram"],"score":495,"play_id":"0ec98e12-5a6c-4f07-855d-75e1dae6f9dd","local_time":"20210220235734","daily_mods":["challengethespire:Bronze Difficulty","challengethespire:Elite Rush","Uncertain Future"],"is_ascension_mode":false,"campfire_choices":[{"data":"ReplayTheSpireMod:Omega Cannon","floor":7,"key":"SMITH"},{"data":"Chill","floor":8,"key":"SMITH"},{"data":"Static Discharge","floor":13,"key":"SMITH"}],"circlet_count":0,"master_deck":["Zap","Dualcast","ReplayTheSpireMod:Omega Cannon+1","Static Discharge+1","Defragment+1","FTL+1","Chill+1","Genetic Algorithm","Self Repair","Capacitor","Conserve Battery","Glacier","Reboot","Hologram","Gash","Thunder Strike","Loop","Fission","Finesse","Seek","Echo Form","Cold Snap","Force Field"],"relics":["Cracked Core","Black Star","Sling","PreservedInsect","ClockworkSouvenir","halation:Gekota","TungstenRod","hubris:ToyBattleship","infinitespire:WardingShard","Counterbalance","hubris:BottledRain","hubris:ScarierMask","aspiration:FrozenJewel","Runesmith:AutoHammer","Pen Nib","Replay:Baseball","infinitespire:Midas Blood","Whetstone","Pandora\u0027s Box","Oddly Smooth Stone","aspiration:HiddenCompartment","hubris:GlazedTorus","Boot","halation:IllGainedPizza","theForsaken:ScaryMask","infinitespire:Freezer","infinitespire:CursedDice"],"acts_visited":["Exordium"],"potions_floor_usage":[9,16,17],"damage_taken":[{"damage":0,"enemies":"Lagavulin","floor":3,"turns":3},{"damage":0,"enemies":"3 Sentries","floor":4,"turns":1},{"damage":3,"enemies":"Gremlin Nob","floor":5,"turns":3},{"damage":14,"enemies":"Book of Stabbing","floor":9,"turns":5},{"damage":0,"enemies":"Slavers","floor":10,"turns":1},{"damage":8,"enemies":"Gremlin Leader","floor":11,"turns":5},{"damage":26,"enemies":"Reptomancer","floor":15,"turns":3},{"damage":14,"enemies":"Giant Head","floor":16,"turns":8},{"damage":16,"enemies":"Nemesis","floor":17,"turns":6},{"damage":0,"enemies":"Shield and Spear","floor":18,"turns":4}],"seed_played":"6767976877980737558","potions_obtained":[{"floor":4,"key":"Block Potion"},{"floor":10,"key":"FairyPotion"},{"floor":17,"key":"Explosive Potion"}],"is_trial":true,"path_per_floor":["$","$","E","E","E","T","R","R","E","E","E","T","R","$","E","E","E","E",null],"character_chosen":"DEFECT","items_purchased":["Fire Potion","ReplayTheSpireMod:Omega Cannon","Static Discharge","Defragment+1","FTL","ClockworkSouvenir","halation:Gekota","FocusPotion","Finesse"],"campfire_rested":0,"item_purchase_floors":[1,1,1,2,2,2,2,2,14],"current_hp_per_floor":[75,75,75,75,72,72,72,72,65,65,64,64,64,64,38,31,22,22],"gold":164,"neow_bonus":"","is_daily":false,"chose_seed":false,"campfire_upgraded":3,"win_rate":0.0,"timestamp":1613878054,"path_taken":["$","$","E","E","E","T","R","R","E","E","E","T","R","$","E","E","E","E"],"items_purchased_type":["Potion","Card","Card","Card","Card","Relic","Relic","Potion","Card"],"build_version":"2020-12-22","purchased_purges":2,"victory":true,"max_hp_per_floor":[75,75,75,75,75,75,75,75,75,75,75,75,75,75,75,75,75,75],"card_choices":[],"player_experience":497024,"relics_obtained":[{"floor":3,"key":"TungstenRod"},{"floor":3,"key":"hubris:ToyBattleship"},{"floor":4,"key":"infinitespire:WardingShard"},{"floor":5,"key":"Counterbalance"},{"floor":5,"key":"hubris:BottledRain"},{"floor":9,"key":"aspiration:FrozenJewel"},{"floor":9,"key":"Runesmith:AutoHammer"},{"floor":10,"key":"Pen Nib"},{"floor":10,"key":"Replay:Baseball"},{"floor":11,"key":"infinitespire:Midas Blood"},{"floor":11,"key":"Whetstone"},{"floor":15,"key":"Oddly Smooth Stone"},{"floor":15,"key":"aspiration:HiddenCompartment"},{"floor":16,"key":"hubris:GlazedTorus"},{"floor":16,"key":"Boot"},{"floor":17,"key":"halation:IllGainedPizza"},{"floor":17,"key":"theForsaken:ScaryMask"},{"floor":18,"key":"infinitespire:Freezer"},{"floor":18,"key":"infinitespire:CursedDice"}],"event_choices":[],"is_beta":false,"boss_relics":[{"not_picked":["conspire:RoyalGoblet","Abe\u0027s Treasure"],"picked":"hubris:ScarierMask"},{"not_picked":["Philosopher\u0027s Stone","Inserter"],"picked":"Pandora\u0027s Box"}],"items_purged_floors":[1,14],"is_endless":false,"potions_floor_spawned":[4,10,15,17],"ascension_level":0}}