{"host":"qfmqsclrfy207o1q","time":1613898064,"event":{"mods":["2.2 Compatiblity","AchievementEnabler","BaseMod","BetterRewards","Colored Map","Colored Powertips","Curses Come First","Dark Map","Downfall","Infinite Spire","Minty Spire (QoL Compilation)","Quick Restart","Rare Cards Sparkle","Relic Stats","StSLib"],"gold_per_floor":[113,139,139,155,174,174,189,209,209,209,31,61,7,7,7,111,111,122,172,187,203,3,3,3,3,3,29,29,43,54,74,74,174,174,187,187,157,157,175,204,204,214,214,228,240,272,38,55,55,55],"floor_reached":51,"language":"ENG","playtime":3228,"items_purged":[],"score":744,"play_id":"f8df3e3e-6e1f-4661-9b0a-7b838f22d1df","local_time":"20210221020103","is_ascension_mode":false,"campfire_choices":[{"data":"Dualcast","floor":6.0,"key":"SMITH"},{"data":"Loop","floor":10.0,"key":"SMITH"},{"data":"Capacitor","floor":15.0,"key":"SMITH"},{"floor":23.0,"key":"REST"},{"floor":28.0,"key":"REST"},{"data":"Defragment","floor":32.0,"key":"SMITH"},{"floor":41.0,"key":"REST"},{"floor":49,"key":"REST"}],"circlet_count":0,"master_deck":["Strike_B+1","Strike_B+1","Strike_B+1","Strike_B+1","Defend_B+1","Defend_B+1","Defend_B+1","Defend_B+1","Zap+1","Dualcast+1","Sweeping Beam","Chill","Leap","Capacitor+1","Loop+1","Loop+1","Stack+1","Redo+1","Thunder Strike","Cold Snap","Conserve Battery+1","Coolheaded+1","Defragment+1","Redo+1","Decay","Glacier+1","White Noise+1","Leap+1","White Noise+1","Rainbow+1","Beam Cell+1","Reinforced Body+1","Skim+1","Rebound+1","Genetic Algorithm+1","Redo+1","Fission+1","Redo+1","Barrage","Flash of Steel","Consume+1"],"relics":["FrozenCore","NeowsBlessing","Vajra","Toxic Egg 2","DollysMirror","Pantograph","infinitespire:PuzzleCube","Inserter","Busted Crown","InkBottle","infinitespire:SolderingIron","Kunai","Darkstone Periapt"],"acts_visited":["Exordium","TheCity","TheBeyond"],"potions_floor_usage":[46,48,50,50],"damage_taken":[{"damage":0.0,"enemies":"Cultist","floor":1.0,"turns":1.0},{"damage":0.0,"enemies":"2 Louse","floor":4.0,"turns":1.0},{"damage":0.0,"enemies":"Jaw Worm","floor":5.0,"turns":1.0},{"damage":1.0,"enemies":"Large Slime","floor":7.0,"turns":7.0},{"damage":0.0,"enemies":"Exordium Wildlife","floor":8.0,"turns":2.0},{"damage":40.0,"enemies":"Hexaghost","floor":16.0,"turns":12.0},{"damage":0.0,"enemies":"Spheric Guardian","floor":18.0,"turns":9.0},{"damage":15.0,"enemies":"3 Byrds","floor":20.0,"turns":9.0},{"damage":13.0,"enemies":"3 Cultists","floor":21.0,"turns":7.0},{"damage":18.0,"enemies":"Slavers","floor":27.0,"turns":9.0},{"damage":0.0,"enemies":"Snake Plant","floor":29.0,"turns":8.0},{"damage":0.0,"enemies":"Cultist and Chosen","floor":30.0,"turns":6.0},{"damage":16.0,"enemies":"Chosen and Byrds","floor":31.0,"turns":10.0},{"damage":26.0,"enemies":"Champ","floor":33.0,"turns":10.0},{"damage":2.0,"enemies":"Orb Walker","floor":35.0,"turns":7.0},{"damage":11.0,"enemies":"3 Darklings","floor":39.0,"turns":6.0},{"damage":8.0,"enemies":"Nemesis","floor":40.0,"turns":13.0},{"damage":9.0,"enemies":"4 Shapes","floor":42.0,"turns":8.0},{"damage":0.0,"enemies":"Sphere and 2 Shapes","floor":44.0,"turns":11.0},{"damage":0.0,"enemies":"3 Darklings","floor":45.0,"turns":8.0},{"damage":21,"enemies":"Reptomancer","floor":46,"turns":8},{"damage":5,"enemies":"Maw","floor":48,"turns":7},{"damage":6,"enemies":"infinitespire:MassOfShapes","floor":50,"turns":18}],"seed_played":"-4374485761688232554","potions_obtained":[{"floor":1.0,"key":"sneckomod:MuddlingPotion"},{"floor":5.0,"key":"Block Potion"},{"floor":16.0,"key":"bronze:BurnAndBuffPotion"},{"floor":21.0,"key":"champ:CounterPotion"},{"floor":29.0,"key":"Regen Potion"},{"floor":33.0,"key":"hexamod:SoulburnPotion"},{"floor":37.0,"key":"Slimebound:ThreeZeroPotion"},{"floor":37.0,"key":"CultistPotion"},{"floor":44.0,"key":"ColorlessPotion"},{"floor":45.0,"key":"hexamod:SoulburnPotion"}],"is_trial":false,"path_per_floor":["M","T","?","M","M","R","M","M","T","R","$","?","$","?","R","B",null,"M","?","M","M","$","R","?","?","T","E","R","M","M","M","R","B",null,"M","?","?","AVR","M","E","R","M","T","M","M","E","$","M","R","B",null],"character_chosen":"DEFECT","items_purchased":["DollysMirror","Stack+1","Redo+1","Defragment","Redo+1","DistilledChaos","Redo+1","Barrage","Regen Potion","Flash of Steel"],"campfire_rested":4,"item_purchase_floors":[11,11,13,22,22,22,47,47,47,47],"current_hp_per_floor":[75,75,75,75,75,75,74,74,74,74,74,74,74,74,74,34,75,75,75,60,47,47,69,69,69,69,51,73,73,73,69,69,49,75,73,73,73,73,62,54,75,66,66,66,66,45,45,55,75,69],"gold":55,"neow_bonus":"THREE_ENEMY_KILL","is_daily":false,"chose_seed":false,"campfire_upgraded":4,"win_rate":0.0,"timestamp":1613898063,"path_taken":["M","?","?","M","?","R","M","M","T","R","$","?","$","?","R","BOSS","M","?","M","?","$","R","?","?","T","E","R","?","M","M","R","BOSS","M","?","?","AVR","?","E","R","M","T","M","M","E","$","M","R","BOSS"],"items_purchased_type":["Relic","Card","Card","Card","Card","Potion","Card","Card","Potion","Card"],"build_version":"2020-12-22","purchased_purges":0,"victory":true,"max_hp_per_floor":[75,75,75,75,75,75,75,75,75,75,75,75,75,75,75,75,75,75,75,75,75,75,75,75,75,75,75,75,75,75,75,75,75,75,75,75,75,75,75,75,75,75,75,75,75,75,75,75,75,75],"relic_stats":{"Darkstone Periapt":0,"Inserter":[24],"Busted Crown":16,"counters":[23,177],"Pantograph":6,"Kunai":[6],"obtain_stats":[{"Darkstone Periapt":46,"Inserter":34,"NeowsBlessing":0,"Vajra":2,"FrozenCore":17,"Busted Crown":38,"infinitespire:SolderingIron":40,"DollysMirror":11,"Pantograph":26,"Kunai":43,"Toxic Egg 2":9,"Cracked Core":0,"infinitespire:PuzzleCube":27,"InkBottle":38},{"Darkstone Periapt":21,"Inserter":14,"NeowsBlessing":0,"Vajra":1,"FrozenCore":6,"Busted Crown":15,"infinitespire:SolderingIron":17,"DollysMirror":5,"Pantograph":9,"Kunai":18,"Toxic Egg 2":5,"Cracked Core":0,"infinitespire:PuzzleCube":10,"InkBottle":15},{"Darkstone Periapt":152,"Inserter":92,"NeowsBlessing":0,"Vajra":1,"FrozenCore":24,"Busted Crown":99,"infinitespire:SolderingIron":118,"DollysMirror":12,"Pantograph":49,"Kunai":126,"Toxic Egg 2":12,"Cracked Core":0,"infinitespire:PuzzleCube":58,"InkBottle":99}],"InkBottle":[33],"FrozenCore":[70]},"card_choices":[{"not_picked":["Beam Cell","Leap"],"picked":"Sweeping Beam","floor":1.0},{"not_picked":["Chaos","Darkness"],"picked":"Chill","floor":4.0},{"not_picked":["Darkness","Streamline"],"picked":"Leap","floor":5.0},{"not_picked":["Redo","Streamline"],"picked":"Capacitor","floor":7.0},{"not_picked":["Seek","Rip and Tear"],"picked":"Loop","floor":8.0},{"not_picked":["Fission+1","Biased Cognition"],"picked":"Thunder Strike","floor":16.0},{"not_picked":["Barrage","Stack+1"],"picked":"Cold Snap","floor":18.0},{"not_picked":["Streamline","Stack+1"],"picked":"Conserve Battery+1","floor":20.0},{"not_picked":["Rebound","Sweeping Beam"],"picked":"Coolheaded+1","floor":21.0},{"not_picked":["Steam Power+1","Tempest+1"],"picked":"Glacier+1","floor":27.0},{"not_picked":["Hologram+1","Conserve Battery+1"],"picked":"White Noise+1","floor":29.0},{"not_picked":["Steam Power+1","Reprogram+1"],"picked":"Leap+1","floor":30.0},{"not_picked":["Cold Snap","Storm"],"picked":"White Noise+1","floor":31.0},{"not_picked":["Reboot+1","Multi-Cast+1"],"picked":"Rainbow+1","floor":33.0},{"not_picked":["Compile Driver","Conserve Battery+1"],"picked":"Beam Cell+1","floor":35.0},{"not_picked":[],"picked":"Reinforced Body+1","floor":39.0},{"not_picked":[],"picked":"Skim+1","floor":40.0},{"not_picked":[],"picked":"Rebound+1","floor":42.0},{"not_picked":[],"picked":"Genetic Algorithm+1","floor":44.0},{"not_picked":[],"picked":"Redo+1","floor":45.0},{"not_picked":[],"picked":"Fission+1","floor":46},{"not_picked":[],"picked":"Consume+1","floor":48}],"player_experience":6655,"relics_obtained":[{"floor":2.0,"key":"Vajra"},{"floor":9.0,"key":"Toxic Egg 2"},{"floor":26.0,"key":"Pantograph"},{"floor":27.0,"key":"infinitespire:PuzzleCube"},{"floor":40.0,"key":"infinitespire:SolderingIron"},{"floor":43.0,"key":"Kunai"},{"floor":46,"key":"Darkstone Periapt"}],"event_choices":[{"damage_healed":0.0,"max_hp_gain":0.0,"max_hp_loss":0.0,"gold_gain":0.0,"event_name":"Upgrade Shrine","player_choice":"Upgraded","floor":3.0,"gold_loss":0.0,"damage_taken":0.0,"cards_upgraded":["Zap"]},{"damage_healed":0.0,"max_hp_gain":0.0,"max_hp_loss":0.0,"gold_gain":30.0,"event_name":"Dead Adventurer","player_choice":"Searched \u00271\u0027 times","floor":12.0,"gold_loss":0.0,"damage_taken":0.0},{"damage_healed":0.0,"max_hp_gain":0.0,"max_hp_loss":0.0,"gold_gain":0.0,"event_name":"Golden Wing","player_choice":"Ignored","floor":14.0,"gold_loss":0.0,"damage_taken":0.0},{"damage_healed":0.0,"max_hp_gain":0.0,"max_hp_loss":0.0,"gold_gain":100.0,"event_name":"The Joust","player_choice":"Bet on Murderer","floor":19.0,"gold_loss":50.0,"damage_taken":0.0},{"damage_healed":0.0,"max_hp_gain":0.0,"max_hp_loss":0.0,"gold_gain":0.0,"event_name":"Forgotten Altar","player_choice":"Smashed Altar","floor":24.0,"gold_loss":0.0,"damage_taken":0.0,"cards_obtained":["Decay"]},{"damage_healed":0.0,"max_hp_gain":0.0,"max_hp_loss":0.0,"gold_gain":0.0,"event_name":"Back to Basics","player_choice":"Simplicity","floor":25.0,"gold_loss":0.0,"damage_taken":0.0,"cards_upgraded":["Strike_B","Strike_B","Strike_B","Strike_B","Defend_B","Defend_B","Defend_B","Defend_B"]},{"damage_healed":0.0,"max_hp_gain":0.0,"max_hp_loss":0.0,"gold_gain":0.0,"event_name":"The Woman in Blue","player_choice":"Bought 2 Potions","floor":37.0,"gold_loss":0.0,"damage_taken":0.0}],"is_beta":false,"boss_relics":[{"not_picked":["Nuclear Battery","Calling Bell"],"picked":"FrozenCore"},{"not_picked":["Fusion Hammer","Coffee Dripper"],"picked":"Inserter"}],"items_purged_floors":[],"is_endless":false,"potions_floor_spawned":[1,5,16,21,29,33,39,44,45],"ascension_level":0}}