{"host":"zybdh2ue20qfjbiz","time":1613929927,"event":{"mods":["AchievementEnabler","BaseMod","Better Altar","Better Skull","BetterRewards","Friendly Minions","Koishi","Lobotomy","LobotomyExtend","Minty Spire (QoL Compilation)","RemiliaÅiÂQïƒ‰ª?Åj","StSLib"],"gold_per_floor":[116,90,15,90,90,124,124,184,234,260,260,270,295,325,325,399,399,415,415,340,40,40,69,69,101,127,144,175,195,195,205,205,277,277,290,290,343,33,33,33,63,91,114,144,169,195,195,214,214,214,214,214,214,214,7,40,40],"floor_reached":58,"language":"ENG","playtime":3458,"items_purged":["Koishi:BasicStrike","Koishi:BasicStrike","Koishi:BasicStrike","Koishi:BasicStrike","Koishi:HauntingSlash","Koishi:BasicDefend","Koishi:BasicDefend","Koishi:BasicDefend","Koishi:Provoke","Koishi:HeartAttack+1","Koishi:SubconsciousSweep+1"],"score":4702,"play_id":"b24d1ec6-2f97-48a0-a2e4-9a6dea7cc3d4","local_time":"20210221205207","is_ascension_mode":true,"campfire_choices":[{"data":"Koishi:HeartAttack","floor":7,"key":"SMITH"},{"floor":15,"key":"RECALL"},{"data":"1","floor":32,"key":"LIFT"},{"data":"2","floor":40,"key":"LIFT"},{"data":"3","floor":49,"key":"LIFT"},{"floor":54,"key":"REST"}],"circlet_count":0,"master_deck":["AscendersBane","Koishi:ReflexRadar+1","Koishi:ReflexRadar+1","Koishi:SubconsciousSweep+1","Koishi:ReflexRadar+1","Necronomicurse","Koishi:HeartAttack","Koishi:FreudianInstinct"],"relics":["Koishi:ImaginaryFriend","Membership Card","White Beast Statue","Centennial Puzzle","Koishi:BloodstainedWhiteRose","Bag of Marbles","Koishi:AHoleWhereASisterShouldBe","ClockworkSouvenir","Anchor","Pear","Lee\u0027s Waffle","Potion Belt","Orrery","Medical Kit","Juzu Bracelet","LetterFromLob","Ornamental Fan","WingedGreaves","War Paint","Toy Ornithopter","Calipers","Girya","Singing Bowl","InkBottle","Necronomicon","Whetstone","Orichalcum","Pen Nib","Black Star","Torii","Lizard Tail","Boot","Oddly Smooth Stone","Pantograph","Strawberry","CaptainsWheel","HornCleat","Turnip","Ginger","Meat on the Bone","Koishi:TeethAndClaws","Bag of Preparation"],"acts_visited":["Exordium","TheCity","TheBeyond","TheEnding"],"potions_floor_usage":[0],"damage_taken":[{"damage":0,"enemies":"Cultist","floor":1,"turns":1},{"damage":0,"enemies":"Lagavulin","floor":6,"turns":1},{"damage":0,"enemies":"Lagavulin Event","floor":8,"turns":1},{"damage":0,"enemies":"Gremlin Nob","floor":10,"turns":1},{"damage":0,"enemies":"Small Slimes","floor":12,"turns":1},{"damage":0,"enemies":"Lagavulin","floor":13,"turns":1},{"damage":0,"enemies":"Gremlin Nob","floor":14,"turns":1},{"damage":0,"enemies":"Hexaghost","floor":16,"turns":1},{"damage":0,"enemies":"Shell Parasite","floor":18,"turns":1},{"damage":0,"enemies":"Gremlin Leader","floor":23,"turns":1},{"damage":0,"enemies":"Slavers","floor":25,"turns":1},{"damage":0,"enemies":"3 Byrds","floor":27,"turns":1},{"damage":0,"enemies":"Gremlin Leader","floor":28,"turns":1},{"damage":0,"enemies":"Sentry and Sphere","floor":29,"turns":1},{"damage":0,"enemies":"Chosen and Byrds","floor":31,"turns":1},{"damage":0,"enemies":"Collector","floor":33,"turns":1},{"damage":0,"enemies":"Orb Walker","floor":35,"turns":1},{"damage":0,"enemies":"2 Orb Walkers","floor":37,"turns":1},{"damage":0,"enemies":"Nemesis","floor":41,"turns":1},{"damage":0,"enemies":"Giant Head","floor":42,"turns":1},{"damage":0,"enemies":"Nemesis","floor":44,"turns":1},{"damage":0,"enemies":"Mind Bloom Boss Battle","floor":45,"turns":1},{"damage":0,"enemies":"Giant Head","floor":46,"turns":1},{"damage":0,"enemies":"3 Darklings","floor":48,"turns":1},{"damage":0,"enemies":"Awakened One","floor":50,"turns":2},{"damage":11,"enemies":"Time Eater","floor":51,"turns":6},{"damage":0,"enemies":"Shield and Spear","floor":56,"turns":1},{"damage":1,"enemies":"The Heart","floor":57,"turns":4}],"seed_played":"6526351188161719713","potions_obtained":[{"floor":1,"key":"LiquidMemories"},{"floor":6,"key":"DistilledChaos"},{"floor":8,"key":"ColorlessPotion"},{"floor":10,"key":"Swift Potion"},{"floor":29,"key":"Swift Potion"}],"is_trial":false,"path_per_floor":["M","$","?","?","$","E","R","?","T","E","?","M","E","E","R","B",null,"M","?","?","$","$","E","?","E","T","M","E","M","?","M","R","B",null,"M","?","?","$","?","R","E","E","T","E","?","E","?","M","R","B","B",null,null,"R","$","E","B",null],"character_chosen":"KOISHI","items_purchased":["Membership Card","White Beast Statue","Centennial Puzzle","FairyPotion","Koishi:BloodstainedWhiteRose","Bag of Marbles","Koishi:ReflexRadar","Koishi:ReflexRadar","Koishi:HeartAttack","Koishi:AHoleWhereASisterShouldBe","Fruit Juice","ClockworkSouvenir","Anchor","Pear","Lee\u0027s Waffle","Potion Belt","Koishi:SubconsciousSweep","Orrery","Medical Kit","Juzu Bracelet","Koishi:ReflexRadar","Girya","Singing Bowl","Lizard Tail","Koishi:HeartAttack"],"campfire_rested":1,"item_purchase_floors":[0,0,0,0,0,0,0,0,0,0,0,0,0,0,0,0,0,0,0,0,2,21,21,38,55],"current_hp_per_floor":[79,79,79,68,68,71,71,74,74,77,53,56,59,62,62,65,76,79,79,79,79,79,81,60,65,65,70,75,77,77,82,82,87,92,93,93,95,95,90,90,92,94,101,103,105,107,107,109,109,109,98,98,106,109,109,109,109],"gold":40,"neow_bonus":"","is_daily":false,"chose_seed":false,"campfire_upgraded":1,"win_rate":0.0,"timestamp":1613929927,"path_taken":["M","?","?","?","$","E","R","?","T","E","?","M","E","E","R","BOSS","M","?","?","?","$","E","?","E","T","M","E","M","?","M","R","BOSS","M","?","?","$","?","R","E","E","T","E","?","E","?","M","R","BOSS","BOSS","R","$","E","BOSS"],"items_purchased_type":["Relic","Relic","Relic","Potion","Relic","Relic","Card","Card","Card","Relic","Potion","Relic","Relic","Relic","Relic","Relic","Card","Relic","Relic","Relic","Card","Relic","Relic","Relic","Card"],"build_version":"2020-12-22","purchased_purges":11,"victory":true,"max_hp_per_floor":[79,79,79,79,79,79,79,79,79,79,79,79,79,79,79,79,79,79,79,79,79,79,81,81,83,83,85,87,89,89,91,91,93,93,93,93,95,95,90,90,92,94,101,103,105,107,107,109,109,109,109,109,109,109,109,109,109],"card_choices":[{"not_picked":["Koishi:PhantomBarrier","Koishi:DreadfulBlow","Koishi:Prune"],"picked":"SKIP","floor":1},{"not_picked":["Koishi:UnseenTerror","Koishi:HeartAttack","Koishi:TremblingHands"],"picked":"SKIP","floor":6},{"not_picked":["Koishi:RorschachInDanmaku","Koishi:SpiritedAway","Koishi:UnansweredLove"],"picked":"SKIP","floor":10},{"not_picked":["Koishi:GhostParty","Koishi:HeartfeltFancy","Koishi:FleetingPhantom"],"picked":"SKIP","floor":12},{"not_picked":["Koishi:PhilosophyOfTheDespised","Koishi:PhantomStrike","Koishi:ReleaseOfTheId"],"picked":"SKIP","floor":13},{"not_picked":["Koishi:FourthEye","Koishi:PhantomBarrier","Koishi:MentalBreakdown"],"picked":"SKIP","floor":14},{"not_picked":["Koishi:FidgetySnatcher","Koishi:Catatonia","Koishi:RacingHeart"],"picked":"SKIP","floor":18},{"not_picked":["Koishi:Bloodlust","Koishi:FleetingPhantom","Koishi:PhantomBarrier"],"picked":"Singing Bowl","floor":23},{"not_picked":["Koishi:EmbryosDream","Koishi:HeartfeltFancy","Koishi:BloodcurdlingScream"],"picked":"Singing Bowl","floor":25},{"not_picked":["Koishi:CatchAndRose","Koishi:MassHysteria+1","Koishi:SubterraneanRose"],"picked":"Singing Bowl","floor":27},{"not_picked":["Koishi:HeartfeltFancy","Koishi:MassHysteria","Koishi:ReleaseOfTheId"],"picked":"Singing Bowl","floor":28},{"not_picked":["Koishi:PredatoryInstincts+1","Koishi:GrowingPain","Koishi:FleetingPhantom"],"picked":"Singing Bowl","floor":29},{"not_picked":["Koishi:DreadfulBlow","Koishi:TraumaticStroke","Koishi:CatchAndRose"],"picked":"Singing Bowl","floor":31},{"not_picked":["Koishi:ConfinedInnocent","Koishi:MentalBreakdown","Koishi:HeartStoppingHorror"],"picked":"Singing Bowl","floor":33},{"not_picked":["Koishi:Catatonia+1","Koishi:CatchAndRose"],"picked":"Koishi:SubconsciousSweep+1","floor":35},{"not_picked":["Koishi:PhilosophyOfTheDespised","Koishi:ParalyzingFear","Koishi:Prune"],"picked":"Singing Bowl","floor":37},{"not_picked":["Koishi:HeartfeltFancy","Koishi:VengefulSpirit","Koishi:DNAsFlaw+1"],"picked":"Singing Bowl","floor":41},{"not_picked":["Koishi:Possession","Koishi:BloodcurdlingScream+1","Koishi:UnconsciousUprising+1"],"picked":"Singing Bowl","floor":42},{"not_picked":["Koishi:LastRemote","Koishi:CatchAndRose","Koishi:FleetingPhantom+1"],"picked":"Singing Bowl","floor":44},{"not_picked":["Koishi:Prune","Koishi:DreadfulBlow","Koishi:UnansweredLove"],"picked":"Singing Bowl","floor":45},{"not_picked":["Koishi:DreadfulBlow+1","Koishi:SprinkleStarAndHeart","Koishi:JumpScare"],"picked":"Singing Bowl","floor":46},{"not_picked":["Koishi:BramblyRoseGarden","Koishi:RacingHeart","Koishi:UnseenTerror+1"],"picked":"Singing Bowl","floor":48},{"not_picked":["Koishi:Untouchable","Koishi:EmbersOfLove"],"picked":"Koishi:FreudianInstinct","floor":56}],"player_experience":430671,"relics_obtained":[{"floor":1,"key":"LetterFromLob"},{"floor":6,"key":"Ornamental Fan"},{"floor":10,"key":"War Paint"},{"floor":13,"key":"Toy Ornithopter"},{"floor":14,"key":"Calipers"},{"floor":23,"key":"InkBottle"},{"floor":24,"key":"Necronomicon"},{"floor":25,"key":"Whetstone"},{"floor":26,"key":"Orichalcum"},{"floor":28,"key":"Pen Nib"},{"floor":37,"key":"Torii"},{"floor":41,"key":"Boot"},{"floor":41,"key":"Oddly Smooth Stone"},{"floor":42,"key":"Pantograph"},{"floor":43,"key":"Strawberry"},{"floor":44,"key":"CaptainsWheel"},{"floor":44,"key":"HornCleat"},{"floor":45,"key":"Turnip"},{"floor":46,"key":"Ginger"},{"floor":46,"key":"Meat on the Bone"},{"floor":56,"key":"Koishi:TeethAndClaws"},{"floor":56,"key":"Bag of Preparation"}],"event_choices":[{"cards_removed":["Koishi:BasicDefend"],"damage_healed":0,"gold_gain":0,"player_choice":"Card Removal","damage_taken":0,"max_hp_gain":0,"max_hp_loss":0,"event_name":"The Cleric","floor":3,"gold_loss":75},{"damage_healed":0,"gold_gain":75,"player_choice":"Gather Gold","damage_taken":11,"max_hp_gain":0,"max_hp_loss":0,"event_name":"World of Goop","floor":4,"gold_loss":0},{"damage_healed":0,"gold_gain":0,"player_choice":"Searched \u00272\u0027 times","damage_taken":0,"relics_obtained":["WingedGreaves"],"max_hp_gain":0,"max_hp_loss":0,"event_name":"Dead Adventurer","floor":8,"gold_loss":0},{"damage_healed":0,"gold_gain":0,"player_choice":"Entered Light","damage_taken":24,"max_hp_gain":0,"max_hp_loss":0,"event_name":"Shining Light","floor":11,"gold_loss":0,"cards_upgraded":["Koishi:SubconsciousSweep","Koishi:ReflexRadar"]},{"cards_removed":["Wrath_TH"],"damage_healed":0,"gold_gain":0,"player_choice":"Gave Gold","damage_taken":0,"max_hp_gain":0,"max_hp_loss":0,"event_name":"Beggar","floor":20,"gold_loss":75},{"damage_healed":0,"gold_gain":0,"player_choice":"Obtained Book","damage_taken":21,"max_hp_gain":0,"max_hp_loss":0,"event_name":"Cursed Tome","floor":24,"gold_loss":0},{"cards_removed":["EndlessPower"],"damage_healed":0,"gold_gain":0,"player_choice":"Elegance","damage_taken":0,"max_hp_gain":0,"max_hp_loss":0,"event_name":"Back to Basics","floor":30,"gold_loss":0},{"damage_healed":0,"gold_gain":0,"player_choice":"Ignored","damage_taken":0,"max_hp_gain":0,"max_hp_loss":0,"event_name":"Transmorgrifier","floor":36,"gold_loss":0},{"damage_healed":0,"gold_gain":0,"player_choice":"Fight","damage_taken":0,"max_hp_gain":0,"max_hp_loss":0,"event_name":"Mysterious Sphere","floor":37,"gold_loss":0},{"damage_healed":0,"gold_gain":0,"player_choice":"Max HP","damage_taken":0,"max_hp_gain":0,"max_hp_loss":5,"event_name":"Winding Halls","floor":39,"gold_loss":0},{"damage_healed":0,"gold_gain":0,"player_choice":"Fight","damage_taken":0,"max_hp_gain":0,"max_hp_loss":0,"event_name":"MindBloom","floor":45,"gold_loss":0}],"is_beta":false,"boss_relics":[{"not_picked":["Fusion Hammer","Philosopher\u0027s Stone","Runic Dome"]},{"not_picked":["Velvet Choker","Runic Pyramid"],"picked":"Black Star"}],"items_purged_floors":[0,0,0,0,0,0,0,0,0,38,55],"is_endless":false,"potions_floor_spawned":[1,6,8,10,12,13,14,16,18,23,25,27,28,29,31,33,35,37,41,42,44,45,46,48,56],"ascension_level":20}}