{"host":"8ps3pfk2b2drr3ex","time":1613940188,"event":{"mods":["2.2 Compatiblity","AchievementEnabler","Act Like it!","BaseMod","Bestiary","Better Match","BetterRewards","Colored Map","Colored Powertips","Conspire","Downfall","Evolution","Gensokyo","GifTheSpireLib","Gold Saver","Hallownest","Hubris","Minty Spire (QoL Compilation)","Permanent Neow","Relic Filter","Replay The Spire","Shop Mod","StSLib","Stuff the Spire","The Bug Knight"],"gold_per_floor":[1289,1306,1306,1306,1306,1341,1365,1376,1376,1376,1376],"floor_reached":9,"language":"ENG","playtime":695,"items_purged":[],"score":162,"play_id":"cc85a713-3e15-4f78-9bd0-3b32775f9d6f","local_time":"20210221154308","is_ascension_mode":true,"campfire_choices":[{"data":"hexamod:Float","floor":1,"key":"SMITH"}],"circlet_count":0,"master_deck":["hexamod:Firestarter","hexamod:Strike","hexamod:Strike","hexamod:Defend","hexamod:Defend","hexamod:Defend","hexamod:Defend","hexamod:Sear","hexamod:Float+1","Decay","ReplayUltimateDefense","hexamod:StepThrough","downfall:Haunted","downfall:Haunted","hubris:Despair","hexamod:FifthSeal","ReplayTheSpireMod:Faulty Equipment","hexamod:FirstSeal","hexamod:GhostShield","hexamod:SixthSeal","hexamod:StepThrough"],"relics":["hexamod:SpiritBrand","EVO:Axolotl","hubris:Icosahedron","Du-Vu Doll","Snack Pack","hubris:SlimyHat"],"acts_visited":["Exordium"],"potions_floor_usage":[9],"damage_taken":[{"damage":6,"enemies":"Jaw Worm","floor":2,"turns":3},{"damage":54,"enemies":"Gremlin Nob","floor":6,"turns":6},{"damage":4,"enemies":"2 Louse","floor":8,"turns":4},{"damage":18,"enemies":"3 Sentries","floor":9,"turns":4}],"seed_played":"-1418267619839994975","potions_obtained":[{"floor":8,"key":"Weak Potion"}],"is_trial":false,"path_per_floor":["R","M","?","?","?","E","T","M","E"],"character_chosen":"THE_SPIRIT","items_purchased":[],"campfire_rested":0,"item_purchase_floors":[],"current_hp_per_floor":[70,64,64,64,69,15,15,18,0,0,0],"gold":1376,"neow_bonus":"RANDOM_COLORLESS_2","is_daily":false,"chose_seed":false,"campfire_upgraded":1,"win_rate":0.0,"timestamp":1613940188,"path_taken":["R","M","?","?","?","E","T","M","E"],"items_purchased_type":[],"build_version":"2020-12-22","purchased_purges":0,"victory":false,"max_hp_per_floor":[70,70,70,70,75,75,75,75,75,75,75],"card_choices":[{"not_picked":["Master of Strategy","Mayhem"],"picked":"ReplayUltimateDefense","floor":0},{"not_picked":["hexamod:ShieldOfDarkness","hexamod:Hexaguard"],"picked":"hexamod:StepThrough","floor":2},{"not_picked":["hexamod:ThirdSeal","hexamod:SecondSeal"],"picked":"hexamod:FirstSeal","floor":6},{"not_picked":["hexamod:FlamesFromBeyond","hexamod:GhostOfSpirePast"],"picked":"hexamod:GhostShield","floor":6},{"not_picked":["hexamod:ThirdSeal","hexamod:FirstSeal"],"picked":"hexamod:SixthSeal","floor":8},{"not_picked":["hexamod:SuperheatedStrike","hexamod:NightmareStrike"],"picked":"hexamod:StepThrough","floor":8}],"player_experience":1129616,"relics_obtained":[{"floor":6,"key":"Snack Pack"},{"floor":7,"key":"hubris:SlimyHat"}],"event_choices":[],"is_beta":false,"boss_relics":[],"items_purged_floors":[],"is_endless":false,"potions_floor_spawned":[8],"killed_by":"3 Sentries","ascension_level":1}}