{"host":"5ezk7t18wcb10u1o","time":1613867449,"event":{"mods":["BaseMod","Bestiary","Colored Powertips","Minty Spire (QoL Compilation)","Relic Sorter"],"gold_per_floor":[112,122,140,152,168,168,183,211,211,222,238,238,238,271,271,375,375,388,407,224,242,242,242,274,274,274,274,286,286,296,306,306,401,401,418,444,287,306,325,325,350,350,373,43,43,61,61,76,76,76],"floor_reached":51,"language":"ENG","playtime":4011,"items_purged":["Outmaneuver","Flechettes"],"score":1141,"play_id":"c8f3983d-b83e-42f4-a411-c010430a4e94","local_time":"20210221003049","is_ascension_mode":true,"campfire_choices":[{"data":"Neutralize","floor":6.0,"key":"SMITH"},{"floor":12.0,"key":"REST"},{"data":"Backflip","floor":15.0,"key":"SMITH"},{"floor":23.0,"key":"REST"},{"data":"Deflect","floor":25.0,"key":"SMITH"},{"floor":27.0,"key":"REST"},{"data":"Footwork","floor":29.0,"key":"SMITH"},{"floor":32.0,"key":"REST"},{"floor":40,"key":"REST"},{"floor":45,"key":"REST"},{"data":"Sucker Punch","floor":49,"key":"SMITH"}],"circlet_count":0,"master_deck":["AscendersBane","Survivor","Neutralize+1","Bane","Backflip+1","Deadly Poison","Deflect","Sucker Punch+1","Quick Slash","Terror","Deflect+1","Envenom","Unload","Die Die Die","Phantasmal Killer","Quick Slash","Footwork+1","Caltrops","Backflip+1","Riddle With Holes","Backstab","Corpse Explosion","CurseOfTheBell","Noxious Fumes","PiercingWail+1","Sadistic Nature","Infinite Blades"],"relics":["Busted Crown","Blue Candle","Pandora\u0027s Box","Membership Card","Centennial Puzzle","Akabeko","Kunai","Ornamental Fan","Calling Bell","Pear","Gambling Chip","Dream Catcher","Omamori","TungstenRod","Paper Crane","Anchor","CaptainsWheel"],"acts_visited":["Exordium","TheCity","TheBeyond"],"potions_floor_usage":[35,35,38,41,48,50],"damage_taken":[{"damage":0.0,"enemies":"Cultist","floor":1.0,"turns":4.0},{"damage":6.0,"enemies":"Jaw Worm","floor":2.0,"turns":5.0},{"damage":0.0,"enemies":"2 Louse","floor":3.0,"turns":3.0},{"damage":4.0,"enemies":"Red Slaver","floor":4.0,"turns":4.0},{"damage":3.0,"enemies":"Exordium Thugs","floor":5.0,"turns":5.0},{"damage":7.0,"enemies":"Lots of Slimes","floor":7.0,"turns":5.0},{"damage":20.0,"enemies":"Lagavulin","floor":8.0,"turns":6.0},{"damage":0.0,"enemies":"Blue Slaver","floor":10.0,"turns":3.0},{"damage":0.0,"enemies":"Looter","floor":11.0,"turns":3.0},{"damage":0.0,"enemies":"3 Sentries","floor":14.0,"turns":5.0},{"damage":12.0,"enemies":"Hexaghost","floor":16.0,"turns":10.0},{"damage":4.0,"enemies":"Chosen","floor":18.0,"turns":3.0},{"damage":7.0,"enemies":"3 Byrds","floor":19.0,"turns":4.0},{"damage":21.0,"enemies":"Centurion and Healer","floor":21.0,"turns":5.0},{"damage":19.0,"enemies":"Book of Stabbing","floor":24.0,"turns":5.0},{"damage":0.0,"enemies":"3 Cultists","floor":28.0,"turns":5.0},{"damage":26.0,"enemies":"Sentry and Sphere","floor":30.0,"turns":6.0},{"damage":3.0,"enemies":"Snecko","floor":31.0,"turns":5.0},{"damage":34.0,"enemies":"Collector","floor":33.0,"turns":8.0},{"damage":3,"enemies":"3 Darklings","floor":35,"turns":3},{"damage":10,"enemies":"3 Shapes","floor":38,"turns":2},{"damage":17,"enemies":"3 Darklings","floor":39,"turns":3},{"damage":29,"enemies":"Giant Head","floor":41,"turns":8},{"damage":29,"enemies":"Maw","floor":46,"turns":5},{"damage":5,"enemies":"Transient","floor":48,"turns":5},{"damage":38,"enemies":"Donu and Deca","floor":50,"turns":7}],"seed_played":"2410414530511654000","potions_obtained":[{"floor":3.0,"key":"SpeedPotion"},{"floor":7.0,"key":"CunningPotion"},{"floor":8.0,"key":"Swift Potion"},{"floor":10.0,"key":"SkillPotion"},{"floor":11.0,"key":"BlessingOfTheForge"},{"floor":14.0,"key":"Explosive Potion"},{"floor":19.0,"key":"BlessingOfTheForge"},{"floor":21.0,"key":"Ancient Potion"},{"floor":30.0,"key":"FearPotion"},{"floor":31.0,"key":"EssenceOfSteel"},{"floor":33.0,"key":"EntropicBrew"},{"floor":35,"key":"BlessingOfTheForge"},{"floor":41,"key":"GamblersBrew"},{"floor":46,"key":"Poison Potion"}],"is_trial":false,"path_per_floor":["M","M","M","M","M","R","M","E","T","M","M","R","?","E","R","B",null,"M","M","$","M","?","R","E","R","T","R","M","R","M","M","R","B",null,"M","T","$","M","M","R","E","?","T","$","R","M","?","M","R","B",null],"character_chosen":"THE_SILENT","items_purchased":["Membership Card","TungstenRod","Sadistic Nature","CaptainsWheel","LiquidBronze"],"campfire_rested":6,"item_purchase_floors":[20,37,44,44,44],"current_hp_per_floor":[63,57,57,53,50,50,43,23,23,23,23,44,70,70,70,58,67,63,56,56,35,35,56,37,37,37,58,58,58,32,29,50,16,67,64,64,64,54,37,61,32,32,32,32,56,27,80,75,75,37],"gold":76,"neow_bonus":"BOSS_RELIC","is_daily":false,"chose_seed":false,"campfire_upgraded":5,"win_rate":0.0,"timestamp":1613867449,"path_taken":["M","?","M","?","M","R","?","E","T","M","M","R","?","E","R","BOSS","M","?","$","M","?","R","E","R","T","R","M","R","M","M","R","BOSS","M","?","?","M","?","R","E","?","T","$","R","M","?","M","R","BOSS"],"items_purchased_type":["Relic","Relic","Card","Relic","Potion"],"build_version":"2020-12-22","purchased_purges":2,"victory":true,"max_hp_per_floor":[70,70,70,70,70,70,70,70,70,70,70,70,70,70,70,70,70,70,70,70,70,70,70,70,70,70,70,70,70,70,70,70,70,80,80,80,80,80,80,80,80,80,80,80,80,80,80,80,80,80],"card_choices":[{"not_picked":[],"picked":"Bane","floor":1.0},{"not_picked":[],"picked":"Backflip","floor":2.0},{"not_picked":[],"picked":"Deadly Poison","floor":3.0},{"not_picked":[],"picked":"Deflect","floor":4.0},{"not_picked":["Sucker Punch"],"picked":"SKIP","floor":5.0},{"not_picked":[],"picked":"Sucker Punch","floor":7.0},{"not_picked":["Dash"],"picked":"SKIP","floor":8.0},{"not_picked":["Infinite Blades"],"picked":"SKIP","floor":10.0},{"not_picked":[],"picked":"Quick Slash","floor":11.0},{"not_picked":[],"picked":"Terror","floor":14.0},{"not_picked":["Slice"],"picked":"SKIP","floor":18.0},{"not_picked":["Bane"],"picked":"SKIP","floor":19.0},{"not_picked":["Underhanded Strike"],"picked":"SKIP","floor":21.0},{"not_picked":["Outmaneuver"],"picked":"SKIP","floor":24.0},{"not_picked":[],"picked":"Riddle With Holes","floor":28.0},{"not_picked":[],"picked":"Backstab","floor":30.0},{"not_picked":["Leg Sweep"],"picked":"SKIP","floor":31.0},{"not_picked":[],"picked":"Corpse Explosion","floor":33.0},{"not_picked":["Prepared"],"picked":"SKIP","floor":35},{"not_picked":["Bouncing Flask"],"picked":"SKIP","floor":38},{"not_picked":[],"picked":"Noxious Fumes","floor":39},{"not_picked":[],"picked":"PiercingWail+1","floor":40},{"not_picked":["Poisoned Stab"],"picked":"SKIP","floor":41},{"not_picked":["Bouncing Flask"],"picked":"SKIP","floor":46},{"not_picked":[],"picked":"Infinite Blades","floor":48}],"player_experience":1238911,"relics_obtained":[{"floor":8.0,"key":"Kunai"},{"floor":9.0,"key":"Akabeko"},{"floor":14.0,"key":"Ornamental Fan"},{"floor":24.0,"key":"Centennial Puzzle"},{"floor":26.0,"key":"Blue Candle"},{"floor":34.0,"key":"Pear"},{"floor":34.0,"key":"Gambling Chip"},{"floor":34.0,"key":"Dream Catcher"},{"floor":36,"key":"Omamori"},{"floor":41,"key":"Paper Crane"},{"floor":43,"key":"Anchor"}],"event_choices":[{"damage_healed":26.0,"max_hp_gain":0.0,"max_hp_loss":0.0,"gold_gain":0.0,"event_name":"Wheel of Change","player_choice":"Full Heal","floor":13.0,"gold_loss":0.0,"damage_taken":0.0},{"damage_healed":0.0,"max_hp_gain":0.0,"max_hp_loss":0.0,"gold_gain":0.0,"event_name":"Duplicator","player_choice":"Copied","floor":22.0,"gold_loss":0.0,"damage_taken":0.0,"cards_obtained":["Backflip"]},{"damage_healed":0,"gold_gain":0,"player_choice":"Ignored","damage_taken":0,"max_hp_gain":0,"max_hp_loss":0,"event_name":"Tomb of Lord Red Mask","floor":42,"gold_loss":0},{"damage_healed":53,"gold_gain":0,"player_choice":"Heal","damage_taken":0,"max_hp_gain":0,"max_hp_loss":0,"event_name":"MindBloom","floor":47,"gold_loss":0,"cards_obtained":["Doubt"]}],"is_beta":false,"boss_relics":[{"not_picked":["HoveringKite","Runic Pyramid"],"picked":"Pandora\u0027s Box"},{"not_picked":["Velvet Choker","SacredBark"],"picked":"Calling Bell"}],"items_purged_floors":[20,44],"is_endless":false,"potions_floor_spawned":[3,7,8,10,11,14,19,21,30,31,33,35,41,46],"ascension_level":12}}