{"host":"ndpbn7fqb3wjbd7p","time":1613874893,"event":{"mods":["AchievementEnabler","Act Like it!","AlwaysNeverKeys","BaseMod","Better Vampires","Block Reminder","Colored Powertips","DeckTracker","Defuse TimeMaze Blight","Friendly Minions","Highlight Path","MarisaÅiñ∂âJÅ@ñÇóùçπÅj","Minty Spire (QoL Compilation)","Permanent Neow","StSLib","SuperFastMode","Synergy Search","Unceasing Turn Reminder","Wandering Minibosses"],"gold_per_floor":[110,122,136,136,148,176,176,201,252,202,202,215,232,307,307,407,407,418,159,159,159,184,219,219,249,249,284,296,307,317,344,344,442,442,462,269,287,299,101,101,116,116,116,127,127,127,127,127,127,127],"floor_reached":51,"language":"ENG","playtime":3977,"items_purged":["Eruption","Vigilance","Defend_P"],"score":877,"play_id":"011622d3-aa96-48c6-a3d0-46582a0404ad","local_time":"20210221033453","is_ascension_mode":true,"campfire_choices":[{"data":"Meditate","floor":7,"key":"SMITH"},{"data":"Eruption","floor":15,"key":"SMITH"},{"data":"ForeignInfluence","floor":24,"key":"SMITH"},{"data":"Trip","floor":32,"key":"SMITH"},{"data":"SpiritShield","floor":40,"key":"SMITH"},{"data":"Madness","floor":42,"key":"SMITH"},{"data":"Scrawl","floor":45,"key":"SMITH"},{"data":"InnerPeace","floor":49,"key":"SMITH"}],"circlet_count":0,"master_deck":["Defend_P","Defend_P","Eruption+1","Trip+1","Prostrate","LikeWater+1","SandsOfTime","BattleHymn","SandsOfTime","Meditate+1","Wireheading+1","Bandage Up","ForeignInfluence+1","SpiritShield+1","WheelKick+1","CutThroughFate+1","WindmillStrike+1","WreathOfFlame","LikeWater+1","Ghostly","Ghostly","Ghostly","Ghostly","Ghostly","FollowUp","InnerPeace+1","DevaForm+1","DeusExMachina","Madness+1","Scrawl+1","Study+1","DevaForm+1","Madness","Madness"],"relics":["PureWater","Prayer Wheel","Pen Nib","Frozen Egg 2","Blood Vial","Astrolabe","Strange Spoon","Happy Flower","Kunai","Meat on the Bone","Torii","Dream Catcher","Juzu Bracelet","Sozu","Molten Egg 2"],"acts_visited":["Exordium","TheCity","TheBeyond"],"potions_floor_usage":[6,8,12,25,27,28,31,33],"damage_taken":[{"damage":1,"enemies":"Cultist","floor":1,"turns":3},{"damage":0,"enemies":"2 Louse","floor":2,"turns":3},{"damage":2,"enemies":"Jaw Worm","floor":3,"turns":3},{"damage":0,"enemies":"Red Slaver","floor":5,"turns":4},{"damage":10,"enemies":"Lagavulin","floor":6,"turns":5},{"damage":10,"enemies":"3 Sentries","floor":8,"turns":6},{"damage":15,"enemies":"2 Fungi Beasts","floor":12,"turns":4},{"damage":17,"enemies":"3 Louse","floor":13,"turns":3},{"damage":3,"enemies":"Hexaghost","floor":16,"turns":6},{"damage":35,"enemies":"2 Thieves","floor":18,"turns":4},{"damage":14,"enemies":"Book of Stabbing","floor":23,"turns":6},{"damage":4,"enemies":"Gremlin Leader","floor":25,"turns":6},{"damage":3,"enemies":"Slavers","floor":27,"turns":7},{"damage":0,"enemies":"Spheric Guardian","floor":28,"turns":2},{"damage":1,"enemies":"Shelled Parasite and Fungi","floor":29,"turns":7},{"damage":0,"enemies":"3 Cultists","floor":30,"turns":2},{"damage":24,"enemies":"Gremlin Leader","floor":31,"turns":5},{"damage":6,"enemies":"Collector","floor":33,"turns":6},{"damage":2,"enemies":"3 Shapes","floor":35,"turns":4},{"damage":7,"enemies":"Orb Walker","floor":37,"turns":4},{"damage":5,"enemies":"4 Shapes","floor":38,"turns":7},{"damage":3,"enemies":"3 Darklings","floor":41,"turns":6},{"damage":0,"enemies":"Jaw Worm Horde","floor":44,"turns":5},{"damage":27,"enemies":"Awakened One","floor":50,"turns":7}],"seed_played":"5473003871071544874","potions_obtained":[{"floor":1,"key":"Dexterity Potion"},{"floor":5,"key":"BottledMiracle"},{"floor":8,"key":"Block Potion"},{"floor":16,"key":"Explosive Potion"},{"floor":23,"key":"StancePotion"},{"floor":25,"key":"StancePotion"},{"floor":27,"key":"BlessingOfTheForge"},{"floor":29,"key":"EssenceOfSteel"}],"is_trial":false,"path_per_floor":["M","M","M","T","M","E","R","E","T","?","?","M","M","?","R","B",null,"M","$","?","?","T","E","R","E","T","E","M","M","M","E","R","B",null,"M","$","M","M","$","R","M","R","T","M","R","?","?","?","R","B",null],"character_chosen":"WATCHER","items_purchased":["Strange Spoon","LikeWater+1","Madness","Study+1"],"campfire_rested":0,"item_purchase_floors":[19,19,36,39],"current_hp_per_floor":[71,71,69,69,69,59,59,49,49,49,49,40,29,18,18,21,72,41,41,36,36,36,30,30,32,32,36,36,36,36,20,20,20,36,34,34,30,31,31,31,36,36,36,36,36,36,31,31,31,22],"gold":127,"neow_bonus":"RANDOM_COLORLESS","is_daily":false,"chose_seed":false,"campfire_upgraded":8,"win_rate":0.0,"timestamp":1613874893,"path_taken":["M","M","M","?","?","E","R","E","T","?","?","M","?","?","R","BOSS","M","$","?","?","?","E","R","E","T","E","M","M","?","E","R","BOSS","M","$","M","M","$","R","M","R","T","M","R","?","?","?","R","BOSS"],"items_purchased_type":["Relic","Card","Card","Card"],"build_version":"2020-12-22","purchased_purges":3,"victory":true,"max_hp_per_floor":[72,72,72,72,72,72,72,72,72,72,72,72,72,72,72,72,72,72,72,36,36,36,36,36,36,36,36,36,36,36,36,36,36,36,36,36,36,36,36,36,36,36,36,36,36,36,36,36,36,36],"card_choices":[{"not_picked":["Mind Blast","Enlightenment"],"picked":"Trip","floor":0},{"not_picked":["Collect","Crescendo"],"picked":"Prostrate","floor":1},{"not_picked":["PathToVictory","Indignation"],"picked":"LikeWater","floor":2},{"not_picked":["FollowUp","DeceiveReality"],"picked":"SandsOfTime","floor":3},{"not_picked":["Evaluate","Consecrate"],"picked":"BattleHymn","floor":5},{"not_picked":["Protect","FollowUp","SandsOfTime"],"picked":"SKIP","floor":5},{"not_picked":["Protect","FollowUp"],"picked":"SandsOfTime","floor":5},{"not_picked":["TalkToTheHand","ThirdEye"],"picked":"Meditate","floor":6},{"not_picked":["FlyingSleeves","Halt","Evaluate"],"picked":"SKIP","floor":8},{"not_picked":["Halt","FlurryOfBlows"],"picked":"ForeignInfluence","floor":12},{"not_picked":["Crescendo","Consecrate","BowlingBash"],"picked":"SKIP","floor":12},{"not_picked":["Crescendo","Consecrate","BowlingBash"],"picked":"SKIP","floor":12},{"not_picked":["Consecrate","ForeignInfluence","CarveReality"],"picked":"SKIP","floor":13},{"not_picked":["BowlingBash","Halt","EmptyFist"],"picked":"SKIP","floor":13},{"not_picked":["Blasphemy","Brilliance"],"picked":"SpiritShield","floor":16},{"not_picked":["FollowUp+1","EmptyFist"],"picked":"WreathOfFlame","floor":18},{"not_picked":["FlyingSleeves+1","MentalFortress+1","FlurryOfBlows"],"picked":"SKIP","floor":18},{"not_picked":["JustLucky","Adaptation+1"],"picked":"FollowUp","floor":23},{"not_picked":["Consecrate","CutThroughFate"],"picked":"InnerPeace","floor":25},{"not_picked":["FlyingSleeves","EmptyFist","Protect"],"picked":"SKIP","floor":27},{"not_picked":["InnerPeace+1","WindmillStrike+1","ClearTheMind"],"picked":"SKIP","floor":28},{"not_picked":["BowlingBash","Indignation","BattleHymn+1"],"picked":"SKIP","floor":28},{"not_picked":["SashWhip","Protect","Fasting2+1"],"picked":"SKIP","floor":29},{"not_picked":["Vengeance+1","EmptyFist+1","Sanctity+1"],"picked":"SKIP","floor":29},{"not_picked":["SandsOfTime","SignatureMove"],"picked":"DevaForm+1","floor":30},{"not_picked":["Halt","ThirdEye+1","CrushJoints"],"picked":"SKIP","floor":30},{"not_picked":["Halt","ThirdEye+1","CrushJoints"],"picked":"SKIP","floor":30},{"not_picked":["Indignation","Crescendo","EmptyMind+1"],"picked":"SKIP","floor":31},{"not_picked":["Blasphemy","Wish"],"picked":"DeusExMachina","floor":33},{"not_picked":["FlurryOfBlows","WheelKick","Sanctity+1"],"picked":"SKIP","floor":35},{"not_picked":["BowlingBash+1","Meditate","Halt+1"],"picked":"SKIP","floor":35},{"not_picked":["Crescendo+1","Meditate","InnerPeace"],"picked":"SKIP","floor":37},{"not_picked":["EmptyFist","FollowUp","CarveReality"],"picked":"SKIP","floor":37},{"not_picked":["ClearTheMind","CrushJoints"],"picked":"Scrawl","floor":38},{"not_picked":["ForeignInfluence","InnerPeace","CrushJoints"],"picked":"SKIP","floor":38},{"not_picked":["Crescendo+1","JustLucky"],"picked":"DevaForm+1","floor":41},{"not_picked":["SashWhip","EmptyFist+1","FlyingSleeves"],"picked":"SKIP","floor":41},{"not_picked":["Indignation","Protect","Halt+1"],"picked":"SKIP","floor":44},{"not_picked":["JustLucky+1","EmptyBody+1","Prostrate"],"picked":"SKIP","floor":44}],"player_experience":1199984,"relics_obtained":[{"floor":4,"key":"Prayer Wheel"},{"floor":6,"key":"Pen Nib"},{"floor":8,"key":"Frozen Egg 2"},{"floor":9,"key":"Blood Vial"},{"floor":22,"key":"Happy Flower"},{"floor":23,"key":"Kunai"},{"floor":25,"key":"Meat on the Bone"},{"floor":26,"key":"Torii"},{"floor":27,"key":"Dream Catcher"},{"floor":31,"key":"Juzu Bracelet"},{"floor":43,"key":"Molten Egg 2"}],"event_choices":[{"cards_removed":["Strike_P"],"damage_healed":0,"gold_gain":0,"player_choice":"Card Removal","damage_taken":0,"max_hp_gain":0,"max_hp_loss":0,"event_name":"The Cleric","floor":10,"gold_loss":50},{"damage_healed":0,"gold_gain":0,"player_choice":"3 cards matched","damage_taken":0,"max_hp_gain":0,"max_hp_loss":0,"event_name":"Match and Keep!","floor":11,"gold_loss":0,"cards_obtained":["Eruption","Wireheading","Bandage Up"]},{"damage_healed":0,"gold_gain":75,"player_choice":"Gather Gold","damage_taken":11,"max_hp_gain":0,"max_hp_loss":0,"event_name":"World of Goop","floor":14,"gold_loss":0},{"damage_healed":0,"gold_gain":0,"player_choice":"Became a Ghost","damage_taken":0,"max_hp_gain":0,"max_hp_loss":36,"event_name":"Ghosts","floor":20,"gold_loss":0,"cards_obtained":["Ghostly","Ghostly","Ghostly","Ghostly","Ghostly"]},{"damage_healed":0,"gold_gain":0,"player_choice":"Ignored","damage_taken":0,"max_hp_gain":0,"max_hp_loss":0,"event_name":"Vampires","floor":21,"gold_loss":0},{"damage_healed":0,"gold_gain":0,"player_choice":"Upgraded","damage_taken":0,"max_hp_gain":0,"max_hp_loss":0,"event_name":"Upgrade Shrine","floor":46,"gold_loss":0,"cards_upgraded":["LikeWater"]},{"damage_healed":0,"gold_gain":0,"player_choice":"Embrace Madness","damage_taken":5,"max_hp_gain":0,"max_hp_loss":0,"event_name":"Winding Halls","floor":47,"gold_loss":0,"cards_obtained":["Madness","Madness"]},{"cards_removed":["Defend_P"],"damage_healed":0,"gold_gain":0,"player_choice":"Purged","damage_taken":0,"max_hp_gain":0,"max_hp_loss":0,"event_name":"Purifier","floor":48,"gold_loss":0}],"is_beta":false,"boss_relics":[{"not_picked":["Cursed Key","Runic Pyramid"],"picked":"Astrolabe"},{"not_picked":["Runic Dome","Snecko Eye"],"picked":"Sozu"}],"items_purged_floors":[19,36,39],"is_endless":false,"potions_floor_spawned":[1,5,8,16,23,25,27,29,38],"ascension_level":4}}