{"host":"ow66nzv2xecjoor3","time":1613868106,"event":{"mods":["BaseMod","Bestiary","Block Reminder","Colored Powertips","Curses Come First","Highlight Path","Keyboard Shortcuts","Minty Spire (QoL Compilation)","Permanent Neow","Relic Stats","StSLib","UnlockEverythingMod"],"gold_per_floor":[119,119,132,207,225,225,225,225],"floor_reached":7,"language":"ENG","playtime":161,"items_purged":[],"score":82,"play_id":"fc2d69a0-3236-43aa-a3cc-db88e452b944","local_time":"20210220184146","is_ascension_mode":true,"campfire_choices":[{"data":"Rupture","floor":6.0,"key":"SMITH"}],"circlet_count":0,"master_deck":["AscendersBane","Strike_R","Strike_R","Strike_R","Strike_R","Strike_R","Defend_R","Defend_R","Defend_R","Defend_R","Bash","Hemokinesis","Headbutt","Rupture+1"],"relics":["Burning Blood","Gambling Chip","Bronze Scales"],"acts_visited":["Exordium"],"potions_floor_usage":[7],"damage_taken":[{"damage":7.0,"enemies":"Small Slimes","floor":1.0,"turns":4.0},{"damage":4.0,"enemies":"Jaw Worm","floor":3.0,"turns":3.0},{"damage":2.0,"enemies":"2 Louse","floor":5.0,"turns":3.0},{"damage":39,"enemies":"3 Sentries","floor":7,"turns":5}],"seed_played":"-5672551841853868956","potions_obtained":[{"floor":5.0,"key":"SteroidPotion"}],"is_trial":false,"path_per_floor":["M","?","M","?","M","R","E"],"character_chosen":"IRONCLAD","items_purchased":[],"campfire_rested":0,"item_purchase_floors":[],"current_hp_per_floor":[49,44,46,35,39,39,0,0],"gold":225,"neow_bonus":"ONE_RARE_RELIC","is_daily":false,"chose_seed":false,"campfire_upgraded":1,"win_rate":0.0,"timestamp":1613868106,"path_taken":["M","?","M","?","M","R","E"],"items_purchased_type":[],"build_version":"2020-12-22","purchased_purges":0,"victory":false,"max_hp_per_floor":[75,75,75,75,75,75,75,75],"relic_stats":{"counters":[4,15],"Gambling Chip":[5],"Bronze Scales":[24],"obtain_stats":[{"Gambling Chip":0,"Bronze Scales":2,"Burning Blood":0},{"Gambling Chip":0,"Bronze Scales":1,"Burning Blood":0},{"Gambling Chip":0,"Bronze Scales":4,"Burning Blood":0}],"Burning Blood":18},"card_choices":[{"not_picked":["Warcry","Metallicize"],"picked":"Hemokinesis","floor":1.0},{"not_picked":["Flex","Perfected Strike"],"picked":"Headbutt","floor":3.0},{"not_picked":["Thunderclap","Iron Wave"],"picked":"Rupture","floor":5.0}],"player_experience":2915579,"relics_obtained":[],"event_choices":[{"damage_healed":0.0,"max_hp_gain":0.0,"max_hp_loss":0.0,"gold_gain":0.0,"event_name":"Scrap Ooze","player_choice":"Success","floor":2.0,"gold_loss":0.0,"damage_taken":5.0,"relics_obtained":["Bronze Scales"]},{"damage_healed":0.0,"max_hp_gain":0.0,"max_hp_loss":0.0,"gold_gain":75.0,"event_name":"World of Goop","player_choice":"Gather Gold","floor":4.0,"gold_loss":0.0,"damage_taken":11.0}],"is_beta":false,"boss_relics":[],"items_purged_floors":[],"is_endless":false,"potions_floor_spawned":[5],"killed_by":"3 Sentries","ascension_level":20}}