{"host":"qy1e0kd24tpj3i2m","time":1613891345,"event":{"mods":["Act Like it!","BaseMod","Better Skull","Better Vampires","Bossed Relics","Colored Map","Colored Powertips","Curses Come First","Custom Start","Extra Virgin Snecko Oil","Faster Ascension Climbing","Friendly Minions","GifTheSpireLib","Gremlin Skip","Highlight Path","Minty Spire (QoL Compilation)","Permanent Neow","Poor People Problems","Quick Restart","Red Circlet Mod","Relic Filter Mod","Relic Sorter","Reorder Act Four","SacredBarkPlus","Shop Mod","StSLib","SuperFastMode","Transform Curses"],"gold_per_floor":[113,113,113,263,263,263,294,53,78,78,101,145,168,6,6,95,95,108,158,73,73,20,58,58,92,116,135,79,95,95,113,113,202,202,202],"floor_reached":34,"language":"ZHS","playtime":1460,"items_purged":["Doubt"],"score":1013,"play_id":"9ef338ed-a50b-4b54-bf34-78ca6b583e07","local_time":"20210221160905","is_ascension_mode":true,"campfire_choices":[{"data":"Apotheosis","floor":6.0,"key":"SMITH"},{"floor":10.0,"key":"RECALL"},{"floor":15.0,"key":"REST"},{"data":"Machine Learning","floor":32.0,"key":"SMITH"}],"circlet_count":0,"master_deck":["AscendersBane","Defend_B","Defend_B","Defend_B","Defend_B","Zap","Dualcast","Apotheosis+1","Defragment","Coolheaded","Defragment","Loop","Seek","Buffer","Defragment","Bite","Bite","Bite","Bite","Capacitor","Buffer","Ball Lightning","Go for the Eyes","Machine Learning+1","Hologram","Buffer"],"relics":["Cracked Core","Golden Idol","PreservedInsect","Medical Kit","Bag of Marbles","Meat on the Bone","Runic Capacitor","Nuclear Battery","FossilizedHelix","Toy Ornithopter","Blue Candle","Happy Flower","Shuriken","Runic Pyramid"],"acts_visited":["Exordium","TheCity","TheBeyond"],"potions_floor_usage":[33],"damage_taken":[{"damage":4.0,"enemies":"Jaw Worm","floor":1.0,"turns":3.0},{"damage":18.0,"enemies":"Lagavulin","floor":7.0,"turns":7.0},{"damage":4.0,"enemies":"2 Louse","floor":11.0,"turns":2.0},{"damage":16.0,"enemies":"3 Sentries","floor":12.0,"turns":8.0},{"damage":2.0,"enemies":"Small Slimes","floor":13.0,"turns":3.0},{"damage":0.0,"enemies":"Slime Boss","floor":16.0,"turns":6.0},{"damage":0.0,"enemies":"Chosen","floor":18.0,"turns":4.0},{"damage":33.0,"enemies":"Slavers","floor":23.0,"turns":7.0},{"damage":11.0,"enemies":"Gremlin Leader","floor":25.0,"turns":7.0},{"damage":31.0,"enemies":"3 Byrds","floor":27.0,"turns":4.0},{"damage":0.0,"enemies":"Snecko","floor":29.0,"turns":5.0},{"damage":0.0,"enemies":"Centurion and Healer","floor":31.0,"turns":5.0},{"damage":0,"enemies":"Automaton","floor":33,"turns":10}],"seed_played":"6135120433560695944","potions_obtained":[{"floor":1.0,"key":"Block Potion"},{"floor":7.0,"key":"Strength Potion"},{"floor":12.0,"key":"ColorlessPotion"},{"floor":13.0,"key":"Fire Potion"},{"floor":18.0,"key":"BlessingOfTheForge"},{"floor":23.0,"key":"DistilledChaos"}],"is_trial":false,"path_per_floor":["M","?","?","?","?","R","E","$","T","R","M","E","M","$","R","B",null,"M","?","?","?","$","E","?","E","T","M","$","M","T","M","R","B",null],"character_chosen":"DEFECT","items_purchased":["Medical Kit","Runic Capacitor","PowerPotion","AttackPotion"],"campfire_rested":1,"item_purchase_floors":[8,14,22,28],"current_hp_per_floor":[60,60,53,53,53,53,35,35,35,35,31,15,25,25,44,44,59,59,59,59,48,48,33,33,48,48,29,29,45,45,48,48,48,48,48],"gold":202,"neow_bonus":"RANDOM_COLORLESS_2","is_daily":false,"chose_seed":false,"campfire_upgraded":2,"win_rate":0.0,"timestamp":1613891345,"path_taken":["M","?","?","?","?","R","E","$","T","R","M","E","M","?","R","BOSS","M","?","?","?","$","E","?","E","T","?","?","M","?","M","R","BOSS"],"items_purchased_type":["Relic","Relic","Potion","Potion"],"build_version":"2020-12-22","purchased_purges":1,"victory":false,"max_hp_per_floor":[71,64,64,64,64,64,64,64,64,64,64,64,64,64,64,64,64,64,64,64,48,48,48,48,48,48,48,48,48,48,48,48,48,48,48],"card_choices":[{"not_picked":["Violence","Metamorphosis"],"picked":"Apotheosis","floor":0.0},{"not_picked":["Redo","Steam"],"picked":"Defragment","floor":1.0},{"not_picked":["Steam","Hologram"],"picked":"Coolheaded","floor":7.0},{"not_picked":["Gash","Tempest"],"picked":"Defragment","floor":11.0},{"not_picked":["Rip and Tear","FTL"],"picked":"Loop","floor":12.0},{"not_picked":["Rebound","Conserve Battery"],"picked":"Seek","floor":13.0},{"not_picked":["Multi-Cast","Seek"],"picked":"Buffer","floor":16.0},{"not_picked":["Coolheaded","Sweeping Beam"],"picked":"Defragment","floor":18.0},{"not_picked":["Tempest","Leap"],"picked":"Capacitor","floor":23.0},{"not_picked":["Rip and Tear","Steam Power"],"picked":"Ball Lightning","floor":25.0},{"not_picked":["Aggregate+1","Sweeping Beam"],"picked":"Go for the Eyes","floor":27.0},{"not_picked":["Turbo","Leap"],"picked":"Machine Learning","floor":29.0},{"not_picked":["Go for the Eyes","Sweeping Beam"],"picked":"Hologram","floor":31.0},{"not_picked":["Creative AI","Biased Cognition"],"picked":"Buffer","floor":33}],"player_experience":912967,"relics_obtained":[{"floor":7.0,"key":"PreservedInsect"},{"floor":9.0,"key":"Bag of Marbles"},{"floor":12.0,"key":"Meat on the Bone"},{"floor":23.0,"key":"Toy Ornithopter"},{"floor":25.0,"key":"Blue Candle"},{"floor":26.0,"key":"Happy Flower"},{"floor":30.0,"key":"Shuriken"}],"event_choices":[{"damage_healed":0.0,"max_hp_gain":0.0,"max_hp_loss":7.0,"gold_gain":0.0,"event_name":"Golden Idol","player_choice":"Lose Max HP","floor":2.0,"gold_loss":0.0,"damage_taken":0.0,"relics_obtained":["Golden Idol"]},{"cards_removed":["Injury"],"damage_healed":0.0,"max_hp_gain":0.0,"max_hp_loss":0.0,"gold_gain":0.0,"event_name":"Golden Wing","player_choice":"Card Removal","floor":3.0,"gold_loss":0.0,"damage_taken":7.0},{"damage_healed":0.0,"max_hp_gain":0.0,"max_hp_loss":0.0,"gold_gain":150.0,"event_name":"Liars Game","player_choice":"AGREE","floor":4.0,"gold_loss":0.0,"damage_taken":0.0,"cards_obtained":["Doubt"]},{"damage_healed":0.0,"max_hp_gain":0.0,"max_hp_loss":0.0,"gold_gain":0.0,"event_name":"Shining Light","player_choice":"Ignored","floor":5.0,"gold_loss":0.0,"damage_taken":0.0},{"damage_healed":0.0,"max_hp_gain":0.0,"max_hp_loss":0.0,"gold_gain":50.0,"event_name":"Nest","player_choice":"Stole From Cult","floor":19.0,"gold_loss":0.0,"damage_taken":0.0},{"damage_healed":0.0,"max_hp_gain":0.0,"max_hp_loss":0.0,"gold_gain":0.0,"event_name":"Addict","player_choice":"Obtained Relic","floor":20.0,"gold_loss":85.0,"damage_taken":0.0,"relics_obtained":["FossilizedHelix"]},{"damage_healed":0.0,"max_hp_gain":0.0,"max_hp_loss":16.0,"gold_gain":0.0,"event_name":"Vampires","player_choice":"Became a vampire","floor":21.0,"gold_loss":0.0,"damage_taken":0.0,"cards_obtained":["Bite","Bite","Bite","Bite"]},{"damage_healed":0.0,"max_hp_gain":0.0,"max_hp_loss":0.0,"gold_gain":0.0,"event_name":"Duplicator","player_choice":"Copied","floor":24.0,"gold_loss":0.0,"damage_taken":0.0,"cards_obtained":["Buffer"]}],"is_beta":false,"boss_relics":[{"not_picked":["Philosopher\u0027s Stone","Busted Crown"],"picked":"Nuclear Battery"},{"not_picked":["Fusion Hammer","Snecko Eye"],"picked":"Runic Pyramid"}],"items_purged_floors":[8],"is_endless":false,"potions_floor_spawned":[1,7,12,13,18,23,29],"ascension_level":20}}