{"host":"q0zivyteofxuwz3g","time":1613951988,"event":{"mods":["AchievementEnabler","BaseMod","Minty Spire (QoL Compilation)","StSLib"],"gold_per_floor":[115,131,146,146,108,134,144,144,191,191,219,219,232,87,87,191,191,203,213,312,4,279,279,294,307,357,370,370,46,72,85,85,189,189,201,201,253,100,110,110,138,153,225,244,244,244],"floor_reached":45,"language":"ENG","playtime":2888,"items_purged":[],"score":628,"play_id":"ad17fd06-2a45-419b-84b7-011088b13bbf","local_time":"20210221205948","is_ascension_mode":true,"campfire_choices":[{"data":"Consume","floor":8,"key":"SMITH"},{"data":"White Noise","floor":10,"key":"SMITH"},{"data":"Hello World","floor":15,"key":"SMITH"},{"floor":23,"key":"REST"},{"floor":28,"key":"REST"},{"floor":32,"key":"REST"},{"floor":40,"key":"RECALL"}],"circlet_count":0,"master_deck":["Zap","Dualcast","Rebound","White Noise+1","Streamline","Auto Shields","Consume+1","Amplify","Lockon","Dramatic Entrance","Clumsy","Hello World+1","Hello World","Glacier","Machine Learning","Creative AI","Lockon","Electrodynamics","Multi-Cast","Doom and Gloom","Stack","Hologram","Creative AI","Melter","Streamline+1","Regret","Defragment","Rebound","Capacitor","Consume","Barrage+1","Streamline+1","CurseOfTheBell","Conserve Battery+1","Blind","HandOfGreed","Enlightenment","Ball Lightning+1","Rebound+1","Auto Shields","Tempest+1","Tempest+1","Turbo+1","Ball Lightning+1","Ball Lightning+1"],"relics":["Velvet Choker","Singing Bowl","Nunchaku","Ancient Tea Set","Pandora\u0027s Box","Bag of Marbles","Blood Vial","Bag of Preparation","Anchor","Pen Nib","Calling Bell","Tiny Chest","HornCleat","Torii","Ginger","Orrery","DataDisk"],"acts_visited":["Exordium","TheCity","TheBeyond"],"potions_floor_usage":[6,11,11,18,25,27,30,30,30,31,31,41,44,44,44,44,44,44,44,44,44,45],"damage_taken":[{"damage":0,"enemies":"2 Louse","floor":1,"turns":3},{"damage":1,"enemies":"Cultist","floor":2,"turns":3},{"damage":0,"enemies":"Small Slimes","floor":3,"turns":3},{"damage":18,"enemies":"3 Sentries","floor":6,"turns":5},{"damage":5,"enemies":"Gremlin Gang","floor":7,"turns":4},{"damage":3,"enemies":"Gremlin Nob","floor":11,"turns":4},{"damage":0,"enemies":"Lots of Slimes","floor":13,"turns":2},{"damage":0,"enemies":"Slime Boss","floor":16,"turns":4},{"damage":16,"enemies":"Spheric Guardian","floor":18,"turns":4},{"damage":40,"enemies":"3 Byrds","floor":19,"turns":5},{"damage":2,"enemies":"Centurion and Healer","floor":24,"turns":5},{"damage":24,"enemies":"Snake Plant","floor":25,"turns":2},{"damage":13,"enemies":"3 Cultists","floor":27,"turns":5},{"damage":11,"enemies":"Slavers","floor":30,"turns":5},{"damage":13,"enemies":"Snecko","floor":31,"turns":3},{"damage":23,"enemies":"Champ","floor":33,"turns":11},{"damage":2,"enemies":"3 Darklings","floor":35,"turns":3},{"damage":21,"enemies":"2 Orb Walkers","floor":37,"turns":4},{"damage":1,"enemies":"3 Shapes","floor":39,"turns":3},{"damage":38,"enemies":"Nemesis","floor":41,"turns":7},{"damage":3,"enemies":"Maw","floor":42,"turns":6},{"damage":0,"enemies":"Writhing Mass","floor":44,"turns":2},{"damage":20,"enemies":"Reptomancer","floor":45,"turns":3}],"seed_played":"-4387239532622849868","potions_obtained":[{"floor":3,"key":"DistilledChaos"},{"floor":4,"key":"SkillPotion"},{"floor":4,"key":"Block Potion"},{"floor":6,"key":"Energy Potion"},{"floor":24,"key":"Swift Potion"},{"floor":25,"key":"BlessingOfTheForge"},{"floor":27,"key":"SpeedPotion"},{"floor":30,"key":"Dexterity Potion"},{"floor":37,"key":"GamblersBrew"},{"floor":41,"key":"EntropicBrew"},{"floor":42,"key":"SkillPotion"},{"floor":44,"key":"Fire Potion"}],"is_trial":false,"path_per_floor":["M","M","M","?","$","E","M","R","T","R","E","?","M","$","R","B",null,"M","M","?","$","?","R","M","M","T","M","R","$","E","M","R","B",null,"M","?","?","$","M","R","E","M","T","M","E"],"character_chosen":"DEFECT","items_purchased":["Auto Shields","Hello World","Glacier","Bag of Marbles","Blood Vial","Consume","Anchor","EntropicBrew","Orrery"],"campfire_rested":3,"item_purchase_floors":[5,14,14,21,21,29,29,29,38],"current_hp_per_floor":[75,74,74,74,74,56,51,51,51,51,48,48,48,48,48,48,75,59,19,19,19,19,41,41,19,19,8,30,30,21,10,32,13,77,75,65,48,48,49,49,13,12,12,16,0,0],"gold":244,"neow_bonus":"BOSS_RELIC","is_daily":false,"chose_seed":false,"campfire_upgraded":3,"win_rate":0.0,"timestamp":1613951988,"path_taken":["M","M","M","?","?","E","M","R","T","R","E","?","M","$","R","BOSS","M","M","?","$","?","R","M","M","T","?","R","?","E","M","R","BOSS","M","?","?","$","M","R","E","M","T","M","E"],"items_purchased_type":["Card","Card","Card","Relic","Relic","Card","Relic","Potion","Relic"],"build_version":"2020-12-22","purchased_purges":0,"victory":false,"max_hp_per_floor":[75,75,75,75,75,75,75,75,75,75,75,75,75,75,75,75,75,75,75,75,75,75,75,75,75,75,75,75,75,75,75,75,77,77,77,77,79,79,79,79,79,79,79,81,81,81],"card_choices":[{"not_picked":["Turbo","Beam Cell"],"picked":"Rebound","floor":1},{"not_picked":["Chaos","Stack"],"picked":"White Noise","floor":2},{"not_picked":["Fusion","Cold Snap"],"picked":"Streamline","floor":3},{"not_picked":["Turbo","Sweeping Beam"],"picked":"Consume","floor":6},{"not_picked":["Gash","Stack"],"picked":"Amplify","floor":7},{"not_picked":["Tempest","Steam Power"],"picked":"Lockon","floor":11},{"not_picked":["Leap","Turbo"],"picked":"Hello World","floor":13},{"not_picked":["Reboot","Core Surge"],"picked":"Machine Learning","floor":16},{"not_picked":["Leap","Barrage"],"picked":"Melter","floor":18},{"not_picked":["Beam Cell+1","Sweeping Beam"],"picked":"Streamline+1","floor":19},{"not_picked":["Reinforced Body","BootSequence+1"],"picked":"Defragment","floor":24},{"not_picked":["Turbo+1","Redo"],"picked":"Rebound","floor":25},{"not_picked":["Rebound","Cold Snap"],"picked":"Capacitor","floor":27},{"not_picked":["Amplify","Hologram+1"],"picked":"Barrage+1","floor":30},{"not_picked":["Cold Snap","Beam Cell"],"picked":"Streamline+1","floor":31},{"not_picked":["Creative AI","Multi-Cast","Hyperbeam"],"picked":"Singing Bowl","floor":33},{"not_picked":["Steam","Barrage+1"],"picked":"Conserve Battery+1","floor":35},{"not_picked":["Good Instincts","PanicButton"],"picked":"Blind","floor":36},{"not_picked":["Purity","Sadistic Nature"],"picked":"HandOfGreed","floor":36},{"not_picked":["Trip","Panache"],"picked":"Enlightenment","floor":36},{"not_picked":["Coolheaded+1","BootSequence","Undo"],"picked":"Singing Bowl","floor":37},{"not_picked":["Barrage+1","Compile Driver+1"],"picked":"Ball Lightning+1","floor":38},{"not_picked":["Go for the Eyes+1","Ball Lightning"],"picked":"Rebound+1","floor":38},{"not_picked":["BootSequence","Turbo+1"],"picked":"Auto Shields","floor":38},{"not_picked":["Rebound","Hologram"],"picked":"Tempest+1","floor":38},{"not_picked":["Creative AI","Cold Snap"],"picked":"Tempest+1","floor":38},{"not_picked":["Doom and Gloom","Rebound+1"],"picked":"Turbo+1","floor":39},{"not_picked":["Turbo","Streamline"],"picked":"Ball Lightning+1","floor":41},{"not_picked":["Chill","Redo"],"picked":"Ball Lightning+1","floor":42},{"not_picked":["Go for the Eyes+1","Compile Driver+1","Coolheaded"],"picked":"Singing Bowl","floor":44}],"player_experience":172768,"relics_obtained":[{"floor":6,"key":"Singing Bowl"},{"floor":9,"key":"Nunchaku"},{"floor":11,"key":"Ancient Tea Set"},{"floor":26,"key":"Bag of Preparation"},{"floor":30,"key":"Pen Nib"},{"floor":34,"key":"Tiny Chest"},{"floor":34,"key":"HornCleat"},{"floor":34,"key":"Torii"},{"floor":37,"key":"Ginger"},{"floor":41,"key":"DataDisk"}],"event_choices":[{"damage_healed":0,"gold_gain":0,"player_choice":"Got Potions","damage_taken":0,"max_hp_gain":0,"max_hp_loss":0,"event_name":"Lab","floor":4,"gold_loss":0},{"damage_healed":0,"gold_gain":0,"player_choice":"2 cards matched","damage_taken":0,"max_hp_gain":0,"max_hp_loss":0,"event_name":"Match and Keep!","floor":12,"gold_loss":0,"cards_obtained":["Dramatic Entrance","Clumsy"]},{"damage_healed":0,"gold_gain":99,"player_choice":"Stole From Cult","damage_taken":0,"max_hp_gain":0,"max_hp_loss":0,"event_name":"Nest","floor":20,"gold_loss":0},{"damage_healed":0,"gold_gain":275,"player_choice":"Desecrate","damage_taken":0,"max_hp_gain":0,"max_hp_loss":0,"event_name":"Golden Shrine","floor":22,"gold_loss":0,"cards_obtained":["Regret"]},{"damage_healed":0,"gold_gain":0,"player_choice":"Memory 3","damage_taken":10,"max_hp_gain":0,"max_hp_loss":0,"event_name":"SensoryStone","floor":36,"gold_loss":0},{"damage_healed":0,"gold_gain":0,"player_choice":"Fight","damage_taken":0,"max_hp_gain":0,"max_hp_loss":0,"event_name":"Mysterious Sphere","floor":37,"gold_loss":0}],"is_beta":false,"boss_relics":[{"not_picked":["Runic Pyramid","Empty Cage"],"picked":"Pandora\u0027s Box"},{"not_picked":["Runic Dome","SacredBark"],"picked":"Calling Bell"}],"items_purged_floors":[],"is_endless":false,"potions_floor_spawned":[3,6,7,24,25,27,30,37,41,42,44],"killed_by":"Reptomancer","ascension_level":2}}