{"host":"2820e8i2y38gm4bp","time":1613871775,"event":{"mods":["2.2 Compatiblity","Act Like it!","BaseMod","Better Note","BetterRewards","Downfall","Elementarium","Gensokyo","GungeonMod","Hermit","Hubris","Marisa????????","Minty Spire (QoL Compilation)","Rare Cards Sparkle","Replay The Spire","StSLib","The Cursed","The Jungle","The Servant 0.9.4"],"gold_per_floor":[109,135,135,135,154,154,168,201,201,241,43,43,74,89,89,237,237,270,68,84,84,84,127,163,163,189,220,263,263,178,201,201,321,321,336,336,361,361,25,25,25,25],"floor_reached":41,"language":"ENG","playtime":3503,"items_purged":[],"score":621,"play_id":"47735688-f4e4-482f-a191-b4960d80fb32","local_time":"20210220204255","is_ascension_mode":true,"campfire_choices":[{"data":"MaximisePower","floor":6,"key":"SMITH"},{"floor":15,"key":"REST"},{"floor":25,"key":"REST"},{"data":"RefractionSpark","floor":29,"key":"SMITH"},{"data":"MaximisePower","floor":32,"key":"SMITH"},{"data":"Gensokyo:MenInBlack","floor":40,"key":"SMITH"}],"circlet_count":0,"master_deck":["Strike_MRS","Defend_MRS","Defend_MRS","MasterSpark","UpSweep","WitchOfGreed","RefractionSpark+1","MaximisePower+1","LuminesStrike","PowerUp","GasGiant","MilkyWay","PropBag","CasketOfStar+1","MillisecondPulsars+1","LuminesStrike+1","ChargeUpSpray+1","TalkToTheHand","SporeBomb","AsteroidBelt","SatelliteIllusion+1","BottledTime","MagicChant","PowerUp","MaximisePower+1","StarDustReverie","Hallucinations","GrandCross+1","Gensokyo:RisingWorld+1","Gensokyo:Shovel","Gensokyo:MenInBlack+1","Gensokyo:DepletedGenerator"],"relics":["MiniHakkero","Frozen Egg 2","hubris:SlimyHat","StrikeDummy","hubris:DisguiseKit","Medical Kit","Golden Idol","Astrolabe","MealTicket","Regal Pillow","Replay:Rubber Ducky","Ornamental Fan","DemoMod:MeltedRock","ReplayTheSpireMod:DimensionalGlitch","Ring of Panic","Meat on the Bone"],"acts_visited":["Exordium","TheCity","Gensokyo:Gensokyoest"],"potions_floor_usage":[7,8,8,10,18,18,23,24,27,33,33,33,38],"damage_taken":[{"damage":2,"enemies":"Small Slimes","floor":1,"turns":3},{"damage":1,"enemies":"Jaw Worm","floor":2,"turns":4},{"damage":0,"enemies":"Cultist","floor":5,"turns":3},{"damage":0,"enemies":"Blue Slaver","floor":7,"turns":2},{"damage":0,"enemies":"Lagavulin","floor":8,"turns":4},{"damage":6,"enemies":"3 Sentries","floor":10,"turns":5},{"damage":11,"enemies":"Large Slime","floor":13,"turns":4},{"damage":7,"enemies":"Exordium Thugs","floor":14,"turns":5},{"damage":40,"enemies":"Hexaghost","floor":16,"turns":10},{"damage":9,"enemies":"3 Byrds","floor":18,"turns":4},{"damage":17,"enemies":"2 Thieves","floor":20,"turns":3},{"damage":7,"enemies":"Book of Stabbing","floor":23,"turns":4},{"damage":16,"enemies":"Shelled Parasite and Fungi","floor":24,"turns":5},{"damage":0,"enemies":"Replay:Snechameleon","floor":27,"turns":3},{"damage":5,"enemies":"3 Cultists","floor":28,"turns":4},{"damage":16,"enemies":"Centurion and Healer","floor":31,"turns":4},{"damage":10,"enemies":"hubris:MusketHawk","floor":33,"turns":4},{"damage":26,"enemies":"Gensokyo:3_Boulders","floor":35,"turns":4},{"damage":6,"enemies":"Gensokyo:3_Bats","floor":37,"turns":4},{"damage":10,"enemies":"Gensokyo:3_Bats","floor":38,"turns":7},{"damage":67,"enemies":"Gensokyo:Sharpion","floor":41,"turns":7}],"seed_played":"8321308724222023920","potions_obtained":[{"floor":2,"key":"FearPotion"},{"floor":2,"key":"Fire Potion"},{"floor":5,"key":"hexamod:SoulburnPotion"},{"floor":7,"key":"Strength Potion"},{"floor":8,"key":"Energy Potion"},{"floor":13,"key":"Fire Potion"},{"floor":16,"key":"ColorlessPotion"},{"floor":18,"key":"SteroidPotion"},{"floor":20,"key":"DemoMod:BlankPotion"},{"floor":23,"key":"sneckomod:MuddlingPotion"},{"floor":24,"key":"Block Potion"},{"floor":24,"key":"Reflective Coating"},{"floor":28,"key":"Block Potion"},{"floor":33,"key":"Weak Potion"}],"is_trial":false,"path_per_floor":["M","M","?","T","M","R","M","E","T","E","$","?","M","M","R","B",null,"M","$","M","?","?","E","M","R","T","E","M","R","?","M","R","B",null,"M","?","M","?","COS","R","M"],"character_chosen":"MARISA","items_purchased":["Medical Kit","MilkyWay","SporeBomb","MealTicket"],"campfire_rested":2,"item_purchase_floors":[11,11,19,19],"current_hp_per_floor":[80,79,79,79,79,79,79,79,79,73,73,53,42,35,59,19,82,73,73,56,56,56,49,33,72,72,72,67,67,67,51,51,41,82,56,56,50,50,50,50,0,0],"gold":25,"neow_bonus":"TEN_PERCENT_HP_BONUS","is_daily":false,"chose_seed":false,"campfire_upgraded":4,"win_rate":0.0,"timestamp":1613871775,"path_taken":["M","M","?","?","M","R","?","E","T","E","$","?","M","M","R","BOSS","M","$","M","?","?","E","?","R","T","E","?","R","?","M","R","BOSS","M","?","M","?","COS","R","M"],"items_purchased_type":["Relic","Card","Card","Relic"],"build_version":"2020-12-22","purchased_purges":0,"victory":false,"max_hp_per_floor":[82,82,82,82,82,82,82,82,82,82,82,82,82,82,82,82,82,82,82,82,82,82,82,82,82,82,82,82,82,82,82,82,82,82,82,82,82,82,82,82,82,82],"card_choices":[{"not_picked":["DoubleSpark","AlicesGift"],"picked":"WitchOfGreed","floor":1},{"not_picked":["6A","EnergyFlow"],"picked":"RefractionSpark","floor":2},{"not_picked":["SporeBomb","AsteroidBelt"],"picked":"MaximisePower","floor":5},{"not_picked":["IllusionStar","Acceleration"],"picked":"LuminesStrike","floor":7},{"not_picked":["GalacticHalo","StarDustReverie"],"picked":"PowerUp","floor":8},{"not_picked":["GalacticHalo","6A"],"picked":"GasGiant","floor":10},{"not_picked":["LuminesStrike","MilkyWay","ManaConvection","MasterReality"],"picked":"SKIP","floor":13},{"not_picked":["AsteroidBelt","EnergyFlow+1","Meditate"],"picked":"PropBag","floor":14},{"not_picked":["BlazingStar","SuperNova+1","DeusExMachina"],"picked":"CasketOfStar+1","floor":16},{"not_picked":["OrrerysSun+1","MagicAbsorber","PowerUp"],"picked":"TalkToTheHand","floor":18},{"not_picked":["WitchLeyline","WitchOfGreed+1","EmptyFist"],"picked":"AsteroidBelt","floor":20},{"not_picked":["SuperPerseids","ShootingEcho","SprinkleStarSeal","WreathOfFlame"],"picked":"SKIP","floor":23},{"not_picked":["MeteoricShower+1","MagicAbsorber","Replay:BluntJabs"],"picked":"MagicChant","floor":24},{"not_picked":["AlicesGift","SporeBomb","BlazeAway","WheelKick"],"picked":"SKIP","floor":27},{"not_picked":["ShootingEcho","EventHorizon+1","Wallop"],"picked":"PowerUp","floor":28},{"not_picked":["MilkyWay","AlicesGift","Fasting2"],"picked":"MaximisePower","floor":31},{"not_picked":["BinaryStars","SatelliteIllusion+1","MasterReality"],"picked":"StarDustReverie","floor":33},{"not_picked":["OneTimeOff+1","WitchLeyline","WitchOfGreed+1","Crescendo"],"picked":"SKIP","floor":35},{"not_picked":["MagicChant+1","EnergyFlow+1","FlurryOfBlows"],"picked":"GrandCross+1","floor":37},{"not_picked":["Gensokyo:UnlikelyAid+1","Gensokyo:UnhurriedMind+1"],"picked":"Gensokyo:RisingWorld+1","floor":38}],"player_experience":568504,"relics_obtained":[{"floor":4,"key":"Frozen Egg 2"},{"floor":8,"key":"hubris:SlimyHat"},{"floor":9,"key":"StrikeDummy"},{"floor":10,"key":"hubris:DisguiseKit"},{"floor":23,"key":"Regal Pillow"},{"floor":26,"key":"Replay:Rubber Ducky"},{"floor":27,"key":"Ornamental Fan"},{"floor":36,"key":"Ring of Panic"}],"event_choices":[{"damage_healed":0,"gold_gain":0,"player_choice":"Take Damage","damage_taken":20,"relics_obtained":["Golden Idol"],"max_hp_gain":0,"max_hp_loss":0,"event_name":"Golden Idol","floor":12,"gold_loss":0},{"damage_healed":0,"gold_gain":0,"cards_transformed":["Defend_MRS"],"player_choice":"Transformed","damage_taken":0,"max_hp_gain":0,"max_hp_loss":0,"event_name":"Transmorgrifier","floor":21,"gold_loss":0,"cards_obtained":["SatelliteIllusion"]},{"cards_removed":["GasGiant"],"damage_healed":0,"gold_gain":0,"player_choice":"Take \u0026 Give","damage_taken":0,"max_hp_gain":0,"max_hp_loss":0,"event_name":"betterNote:BetterNote","floor":22,"gold_loss":0,"cards_obtained":["BottledTime"]},{"damage_healed":0,"gold_gain":0,"player_choice":"Obtained Relic","damage_taken":0,"relics_obtained":["DemoMod:MeltedRock"],"max_hp_gain":0,"max_hp_loss":0,"event_name":"Addict","floor":30,"gold_loss":85}],"is_beta":false,"boss_relics":[{"not_picked":["Sozu","hubris:CrackedHourglass"],"picked":"Astrolabe"},{"not_picked":["Honey Jar","Busted Crown"],"picked":"ReplayTheSpireMod:DimensionalGlitch"}],"items_purged_floors":[],"is_endless":false,"potions_floor_spawned":[2,5,7,8,16,20,23,24,33],"killed_by":"Gensokyo:Sharpion","ascension_level":1}}