{"host":"vxxgntm1odai56nh","time":1613929392,"event":{"mods":["AchievementEnabler","BaseMod","Colored Map","Colored Powertips","Highlight Path","Minty Spire (QoL Compilation)","Permanent Neow","Rare Cards Sparkle","Relic Stats","StSLib"],"gold_per_floor":[115,134,153,153,167,167,200,214,237,237,237,237,265,275,275,379,379,397,150,161,178,26,26,46,46,118,217,217,248,248,163,163,270,270,284,303,316,316,327,327,361,21,21,21,40,77,77,103,103,103,103,103,23,56,56,56],"floor_reached":55,"language":"ENG","playtime":1932,"items_purged":["Strike_R","Strike_R"],"score":1013,"play_id":"8edf1756-1ead-4219-8665-9de5cd182d8d","local_time":"20210221124312","is_ascension_mode":true,"campfire_choices":[{"data":"Bash","floor":6,"key":"SMITH"},{"data":"Whirlwind","floor":10,"key":"SMITH"},{"floor":12,"key":"REST"},{"data":"Uppercut","floor":15,"key":"SMITH"},{"data":"Limit Break","floor":23,"key":"SMITH"},{"data":"Bludgeon","floor":25,"key":"SMITH"},{"data":"Spot Weakness","floor":28,"key":"SMITH"},{"floor":32,"key":"RECALL"},{"floor":40,"key":"REST"},{"floor":44,"key":"REST"},{"floor":47,"key":"REST"},{"floor":49,"key":"REST"},{"floor":52,"key":"REST"}],"circlet_count":0,"master_deck":["Strike_R","Defend_R","Defend_R","Defend_R","Defend_R","Bash+1","Impervious","Havoc","Flame Barrier+1","Uppercut+1","Spot Weakness+1","Whirlwind+1","Metallicize","Bludgeon+1","Feel No Pain","Limit Break+1","Mayhem","Juggernaut","Bludgeon+1","Bludgeon"],"relics":["Burning Blood","Paper Frog","Vajra","Strawberry","Snecko Eye","Strange Spoon","The Courier","CeramicFish","MutagenicStrength","Bronze Scales","Fusion Hammer","Oddly Smooth Stone","DollysMirror","PreservedInsect","Bag of Preparation","Boot","Prayer Wheel","Pen Nib"],"acts_visited":["Exordium","TheCity","TheBeyond","TheEnding"],"potions_floor_usage":[13,46,54,55],"damage_taken":[{"damage":10,"enemies":"Cultist","floor":1,"turns":4},{"damage":0,"enemies":"Small Slimes","floor":2,"turns":3},{"damage":7,"enemies":"2 Louse","floor":3,"turns":3},{"damage":9,"enemies":"Exordium Wildlife","floor":5,"turns":7},{"damage":30,"enemies":"Lagavulin","floor":7,"turns":8},{"damage":3,"enemies":"Looter","floor":8,"turns":3},{"damage":0,"enemies":"Gremlin Nob","floor":13,"turns":2},{"damage":3,"enemies":"Exordium Thugs","floor":14,"turns":4},{"damage":34,"enemies":"Hexaghost","floor":16,"turns":9},{"damage":0,"enemies":"Chosen","floor":18,"turns":2},{"damage":1,"enemies":"3 Byrds","floor":20,"turns":3},{"damage":29,"enemies":"Shelled Parasite and Fungi","floor":21,"turns":3},{"damage":0,"enemies":"Snake Plant","floor":24,"turns":2},{"damage":10,"enemies":"Gremlin Leader","floor":29,"turns":5},{"damage":48,"enemies":"Collector","floor":33,"turns":7},{"damage":3,"enemies":"3 Shapes","floor":35,"turns":3},{"damage":8,"enemies":"Orb Walker","floor":36,"turns":2},{"damage":17,"enemies":"Maw","floor":37,"turns":5},{"damage":10,"enemies":"Writhing Mass","floor":39,"turns":5},{"damage":0,"enemies":"Giant Head","floor":41,"turns":5},{"damage":0,"enemies":"Spire Growth","floor":45,"turns":4},{"damage":23,"enemies":"Reptomancer","floor":46,"turns":4},{"damage":49,"enemies":"Nemesis","floor":48,"turns":5},{"damage":59,"enemies":"Time Eater","floor":50,"turns":4},{"damage":5,"enemies":"Shield and Spear","floor":54,"turns":3},{"damage":89,"enemies":"The Heart","floor":55,"turns":5}],"seed_played":"6169019524475752005","potions_obtained":[{"floor":3,"key":"HeartOfIron"},{"floor":5,"key":"PowerPotion"},{"floor":7,"key":"SneckoOil"},{"floor":18,"key":"ColorlessPotion"},{"floor":21,"key":"Fire Potion"},{"floor":33,"key":"Energy Potion"},{"floor":39,"key":"Explosive Potion"}],"is_trial":false,"path_per_floor":["M","M","M","?","M","R","E","M","T","R","?","R","E","M","R","B",null,"M","$","M","M","$","R","M","R","T","?","R","E","?","?","R","B",null,"M","M","M","?","M","R","E","$","T","R","M","E","R","E","R","B",null,"R","$","E","B"],"character_chosen":"IRONCLAD","items_purchased":["Mayhem","Strange Spoon","DollysMirror","PreservedInsect","Bag of Preparation"],"campfire_rested":6,"item_purchase_floors":[19,22,42,42,42],"current_hp_per_floor":[52,58,57,50,47,47,23,26,26,26,26,50,63,66,66,38,75,81,81,86,63,63,63,69,69,69,69,69,65,65,65,65,23,71,74,72,61,61,57,83,87,87,87,87,87,70,87,44,70,17,70,87,87,87,0,0],"gold":56,"neow_bonus":"THREE_RARE_CARDS","is_daily":false,"chose_seed":false,"campfire_upgraded":6,"win_rate":0.0,"timestamp":1613929392,"path_taken":["M","M","M","?","M","R","E","M","T","R","?","R","E","?","R","BOSS","M","$","M","M","$","R","M","R","T","?","R","E","?","?","R","BOSS","M","M","M","?","M","R","E","?","T","R","M","E","R","E","R","BOSS","R","$","E","BOSS"],"items_purchased_type":["Card","Relic","Relic","Relic","Relic"],"build_version":"2020-12-22","purchased_purges":2,"victory":false,"max_hp_per_floor":[80,80,80,80,80,80,80,80,80,80,80,80,87,87,87,87,87,87,87,87,87,87,87,87,87,87,87,87,87,87,87,87,87,87,87,87,87,87,87,87,87,87,87,87,87,87,87,87,87,87,87,87,87,87,87,87],"relic_stats":{"Strange Spoon":[6],"counters":[26,110],"CeramicFish":27,"Bronze Scales":[206],"Snecko Eye":[94,114,110,122],"Prayer Wheel":0,"PreservedInsect":175,"Pen Nib":[0],"Bag of Preparation":[12],"Boot":[12],"obtain_stats":[{"CeramicFish":29,"Vajra":9,"Oddly Smooth Stone":41,"The Courier":26,"PreservedInsect":42,"Pen Nib":54,"Bag of Preparation":42,"Boot":46,"Burning Blood":0,"Strange Spoon":22,"DollysMirror":42,"Strawberry":13,"MutagenicStrength":30,"Bronze Scales":31,"Snecko Eye":17,"Prayer Wheel":48,"Fusion Hammer":34,"Paper Frog":7},{"CeramicFish":14,"Vajra":6,"Oddly Smooth Stone":20,"The Courier":13,"PreservedInsect":20,"Pen Nib":25,"Bag of Preparation":20,"Boot":22,"Burning Blood":0,"Strange Spoon":12,"DollysMirror":20,"Strawberry":7,"MutagenicStrength":14,"Bronze Scales":14,"Snecko Eye":9,"Prayer Wheel":23,"Fusion Hammer":15,"Paper Frog":5},{"CeramicFish":58,"Vajra":28,"Oddly Smooth Stone":85,"The Courier":53,"PreservedInsect":85,"Pen Nib":105,"Bag of Preparation":85,"Boot":93,"Burning Blood":0,"Strange Spoon":51,"DollysMirror":85,"Strawberry":30,"MutagenicStrength":58,"Bronze Scales":58,"Snecko Eye":43,"Prayer Wheel":98,"Fusion Hammer":65,"Paper Frog":25}],"Burning Blood":141},"card_choices":[{"not_picked":["Bludgeon","Limit Break"],"picked":"Impervious","floor":0},{"not_picked":["Heavy Blade","Sword Boomerang"],"picked":"Havoc","floor":1},{"not_picked":["Inflame","Armaments"],"picked":"Flame Barrier","floor":2},{"not_picked":["Armaments","Thunderclap"],"picked":"Uppercut","floor":3},{"not_picked":["Armaments","Hemokinesis"],"picked":"Spot Weakness","floor":5},{"not_picked":["Anger","Searing Blow"],"picked":"Whirlwind","floor":7},{"not_picked":["Sword Boomerang","Perfected Strike"],"picked":"Metallicize","floor":8},{"not_picked":["Anger","Cleave","Dropkick"],"picked":"SKIP","floor":13},{"not_picked":["Clash","Iron Wave"],"picked":"Feel No Pain","floor":14},{"not_picked":["Juggernaut","Impervious"],"picked":"Limit Break","floor":16},{"not_picked":["Anger","True Grit","Hemokinesis"],"picked":"SKIP","floor":18},{"not_picked":["Power Through","Dual Wield","Intimidate"],"picked":"SKIP","floor":20},{"not_picked":["Wild Strike","Thunderclap+1","Rage+1"],"picked":"SKIP","floor":21},{"not_picked":["Havoc","Evolve+1","Bloodletting"],"picked":"SKIP","floor":24},{"not_picked":["Sword Boomerang","Combust","Iron Wave"],"picked":"SKIP","floor":29},{"not_picked":["Impervious","Reaper"],"picked":"Juggernaut","floor":33},{"not_picked":["Rupture+1","Twin Strike","Body Slam+1"],"picked":"SKIP","floor":35},{"not_picked":["Armaments+1","Body Slam","Flex"],"picked":"SKIP","floor":36},{"not_picked":["Armaments","Evolve+1","Headbutt"],"picked":"SKIP","floor":37},{"not_picked":["Metallicize","Dual Wield+1","Searing Blow"],"picked":"SKIP","floor":39},{"not_picked":["Headbutt+1","Sentinel","Clothesline+1"],"picked":"SKIP","floor":41},{"not_picked":["Second Wind","Dark Embrace","True Grit+1"],"picked":"SKIP","floor":45},{"not_picked":["Cleave+1","True Grit"],"picked":"Bludgeon","floor":46},{"not_picked":["Hemokinesis","Combust","Wild Strike"],"picked":"SKIP","floor":48},{"not_picked":["Warcry","Iron Wave+1","Intimidate"],"picked":"SKIP","floor":54}],"player_experience":158555,"relics_obtained":[{"floor":7,"key":"Paper Frog"},{"floor":9,"key":"Vajra"},{"floor":13,"key":"Strawberry"},{"floor":26,"key":"The Courier"},{"floor":29,"key":"CeramicFish"},{"floor":41,"key":"Oddly Smooth Stone"},{"floor":46,"key":"Boot"},{"floor":48,"key":"Prayer Wheel"},{"floor":54,"key":"Pen Nib"}],"event_choices":[{"cards_removed":["Strike_R"],"damage_healed":0,"gold_gain":0,"player_choice":"Card Removal","damage_taken":7,"max_hp_gain":0,"max_hp_loss":0,"event_name":"Golden Wing","floor":4,"gold_loss":0},{"damage_healed":0,"gold_gain":0,"cards_transformed":["Strike_R"],"player_choice":"Transformed","damage_taken":0,"max_hp_gain":0,"max_hp_loss":0,"event_name":"Transmorgrifier","floor":11,"gold_loss":0,"cards_obtained":["Bludgeon"]},{"damage_healed":0,"gold_gain":99,"player_choice":"Stole From Cult","damage_taken":0,"max_hp_gain":0,"max_hp_loss":0,"event_name":"Nest","floor":27,"gold_loss":0},{"damage_healed":0,"gold_gain":0,"player_choice":"Inject Mutagens","damage_taken":0,"relics_obtained":["MutagenicStrength"],"max_hp_gain":0,"max_hp_loss":0,"event_name":"Drug Dealer","floor":30,"gold_loss":0},{"damage_healed":0,"gold_gain":0,"player_choice":"Obtained Relic","damage_taken":0,"relics_obtained":["Bronze Scales"],"max_hp_gain":0,"max_hp_loss":0,"event_name":"Addict","floor":31,"gold_loss":85},{"damage_healed":0,"gold_gain":0,"player_choice":"Forge","damage_taken":0,"max_hp_gain":0,"max_hp_loss":0,"event_name":"Accursed Blacksmith","floor":38,"gold_loss":0,"cards_upgraded":["Flame Barrier"]}],"is_beta":false,"boss_relics":[{"not_picked":["Astrolabe","Tiny House"],"picked":"Snecko Eye"},{"not_picked":["Black Star","Runic Cube"],"picked":"Fusion Hammer"}],"items_purged_floors":[19,53],"is_endless":false,"potions_floor_spawned":[3,5,7,8,18,21,33,36,39,41,45],"killed_by":"The Heart","ascension_level":5}}