{"host":"guk5h31bsklpp7e4","time":1613899148,"event":{"mods":["AchievementEnabler","BaseMod","Colored Map","Colored Powertips","Highlight Path","Minty Spire (QoL Compilation)","Quick Restart","Rare Cards Sparkle"],"gold_per_floor":[114,114,39,53,63,63,76,88,111,111,186,205,233,233,233,330,330,347,347,170,170,183,203,203,218,244,244,259,275,289,302,302,302,302],"floor_reached":33,"language":"ENG","playtime":1419,"items_purged":["Strike_P","Defend_P"],"score":341,"play_id":"ef17230d-a6f6-4240-b3ab-6dbaeae4155c","local_time":"20210221041908","is_ascension_mode":true,"campfire_choices":[{"data":"Eruption","floor":6,"key":"SMITH"},{"data":"Vigilance","floor":10,"key":"SMITH"},{"floor":15,"key":"REST"},{"floor":24,"key":"REST"},{"floor":27,"key":"REST"},{"floor":32,"key":"REST"}],"circlet_count":0,"master_deck":["Strike_P","Defend_P+1","Eruption+1","Vigilance+1","Conclude","Halt+1","Crescendo","ClearTheMind","Tantrum","CutThroughFate","Crescendo","Ragnarok","Omniscience+1","SpiritShield+1","FollowUp+1","ClearTheMind+1","FlurryOfBlows","ClearTheMind","CrushJoints+1","ClearTheMind+1","Consecrate","Judgement","FlyingSleeves","EmptyBody+1","ReachHeaven+1"],"relics":["Philosopher\u0027s Stone","Nunchaku","Vajra","Bottled Flame","Astrolabe","Nloth\u0027s Gift","Blood Vial"],"acts_visited":["Exordium","TheCity"],"potions_floor_usage":[16,22,25],"damage_taken":[{"damage":8,"enemies":"Small Slimes","floor":1,"turns":3},{"damage":0,"enemies":"Cultist","floor":4,"turns":3},{"damage":4,"enemies":"2 Louse","floor":5,"turns":3},{"damage":0,"enemies":"Exordium Thugs","floor":7,"turns":2},{"damage":0,"enemies":"Lots of Slimes","floor":8,"turns":1},{"damage":15,"enemies":"Gremlin Gang","floor":12,"turns":3},{"damage":32,"enemies":"Lagavulin","floor":13,"turns":3},{"damage":30,"enemies":"The Guardian","floor":16,"turns":8},{"damage":9,"enemies":"Chosen","floor":18,"turns":2},{"damage":0,"enemies":"Shell Parasite","floor":22,"turns":1},{"damage":28,"enemies":"Chosen and Byrds","floor":23,"turns":2},{"damage":3,"enemies":"Centurion and Healer","floor":25,"turns":2},{"damage":27,"enemies":"Snake Plant","floor":28,"turns":3},{"damage":0,"enemies":"3 Cultists","floor":29,"turns":2},{"damage":15,"enemies":"Sentry and Sphere","floor":30,"turns":4},{"damage":11,"enemies":"Shelled Parasite and Fungi","floor":31,"turns":4},{"damage":0,"enemies":"Automaton","floor":33,"turns":2}],"seed_played":"1126448962794184564","potions_obtained":[{"floor":1,"key":"Block Potion"},{"floor":7,"key":"Energy Potion"},{"floor":13,"key":"DistilledChaos"},{"floor":23,"key":"Block Potion"},{"floor":30,"key":"Energy Potion"},{"floor":31,"key":"DuplicationPotion"}],"is_trial":false,"path_per_floor":["M","?","$","M","M","R","M","M","T","R","T","M","E","?","R","B",null,"M","?","$","?","M","M","R","M","T","R","M","M","M","M","R","B"],"character_chosen":"WATCHER","items_purchased":["FlurryOfBlows","ClearTheMind"],"campfire_rested":4,"item_purchase_floors":[20,20],"current_hp_per_floor":[64,64,64,64,60,60,60,60,60,60,60,45,13,13,34,4,55,46,46,46,46,46,18,39,36,36,57,32,34,21,12,33,35,35],"gold":302,"neow_bonus":"BOSS_RELIC","is_daily":false,"chose_seed":false,"campfire_upgraded":2,"win_rate":0.0,"timestamp":1613899148,"path_taken":["M","?","$","?","M","R","M","M","T","R","?","M","E","?","R","BOSS","M","?","$","?","M","M","R","?","T","R","M","M","?","M","R","BOSS"],"items_purchased_type":["Card","Card"],"build_version":"2020-12-22","purchased_purges":2,"victory":false,"max_hp_per_floor":[72,72,72,72,72,72,72,72,72,72,72,72,72,72,72,72,72,72,72,72,72,72,72,72,72,72,72,72,72,72,72,72,72,72],"card_choices":[{"not_picked":["SandsOfTime","WindmillStrike"],"picked":"Conclude","floor":1},{"not_picked":["Evaluate","Nirvana"],"picked":"Halt","floor":4},{"not_picked":["EmptyBody","Protect"],"picked":"Crescendo","floor":5},{"not_picked":["SashWhip","Crescendo"],"picked":"ClearTheMind","floor":7},{"not_picked":["SignatureMove","Prostrate"],"picked":"Tantrum","floor":8},{"not_picked":["Prostrate","ForeignInfluence"],"picked":"CutThroughFate","floor":12},{"not_picked":["Prostrate","Brilliance"],"picked":"Crescendo","floor":13},{"not_picked":["Blasphemy","ConjureBlade"],"picked":"Ragnarok","floor":16},{"not_picked":["ThirdEye","Adaptation+1"],"picked":"ClearTheMind+1","floor":18},{"not_picked":["WindmillStrike","Crescendo"],"picked":"CrushJoints+1","floor":22},{"not_picked":["FlyingSleeves","Nirvana+1"],"picked":"ClearTheMind+1","floor":23},{"not_picked":["InnerPeace","CrushJoints"],"picked":"Consecrate","floor":25},{"not_picked":["Swivel","PathToVictory"],"picked":"Judgement","floor":28},{"not_picked":["CrushJoints","PathToVictory"],"picked":"FlyingSleeves","floor":29},{"not_picked":["JustLucky","Brilliance"],"picked":"EmptyBody+1","floor":30},{"not_picked":["ThirdEye","Wireheading+1"],"picked":"ReachHeaven+1","floor":31}],"player_experience":389778,"relics_obtained":[{"floor":9,"key":"Vajra"},{"floor":11,"key":"Bottled Flame"},{"floor":13,"key":"War Paint"},{"floor":26,"key":"Blood Vial"}],"event_choices":[{"damage_healed":0,"gold_gain":0,"player_choice":"Gave Potion","damage_taken":0,"relics_obtained":["Nunchaku"],"max_hp_gain":0,"max_hp_loss":0,"event_name":"WeMeetAgain","floor":2,"gold_loss":0},{"damage_healed":0,"gold_gain":0,"player_choice":"Searched \u00270\u0027 times","damage_taken":0,"max_hp_gain":0,"max_hp_loss":0,"event_name":"Dead Adventurer","floor":14,"gold_loss":0},{"cards_removed":["Defend_P"],"damage_healed":0,"gold_gain":0,"player_choice":"Elegance","damage_taken":0,"max_hp_gain":0,"max_hp_loss":0,"event_name":"Back to Basics","floor":19,"gold_loss":0},{"damage_healed":0,"gold_gain":0,"player_choice":"Traded Relic","damage_taken":0,"relics_obtained":["Nloth\u0027s Gift"],"max_hp_gain":0,"max_hp_loss":0,"event_name":"N\u0027loth","floor":21,"relics_lost":["War Paint"],"gold_loss":0}],"is_beta":false,"boss_relics":[{"not_picked":["Runic Pyramid","SlaversCollar"],"picked":"Astrolabe"}],"items_purged_floors":[3,20],"is_endless":false,"potions_floor_spawned":[1,7,13,23,30,31],"killed_by":"Automaton","ascension_level":5}}