{"host":"l1pzlbpva2o8t11s","time":1613905722,"event":{"mods":["AchievementEnabler","BaseMod","Block Reminder","Colored Map","Minty Spire (QoL Compilation)","Random Character Button","Relic Stats","StSLib","The Jungle"],"gold_per_floor":[110,129,129,129,204,204,244,244,244,287,287,237,6,25,25,151,151,172,212,38,38,38,73,73,111,165,185,205,205,120,68,68,189,252,276,289,289,314,189,227,227,227,227,248,248,581,599,599,599,599,599],"floor_reached":50,"language":"ENG","playtime":3333,"items_purged":["Defend_G","Defend_G","Strike_G"],"score":614,"play_id":"4257a12d-b253-4b8e-8a61-ae74e081c430","local_time":"20210221120842","is_ascension_mode":true,"campfire_choices":[{"data":"Skewer","floor":6.0,"key":"SMITH"},{"floor":8.0,"key":"REST"},{"data":"Outmaneuver","floor":11.0,"key":"SMITH"},{"data":"Neutralize","floor":15.0,"key":"SMITH"},{"floor":24.0,"key":"REST"},{"data":"Slice","floor":29.0,"key":"SMITH"},{"floor":32.0,"key":"REST"},{"floor":42.0,"key":"RECALL"},{"data":"Backstab","floor":45.0,"key":"SMITH"},{"data":"Survivor","floor":49.0,"key":"SMITH"}],"circlet_count":0,"master_deck":["Strike_G","Strike_G","Strike_G","Defend_G","Defend_G+1","Defend_G","Survivor+1","Neutralize+1","Skewer+1","Outmaneuver+1","Concentrate+1","Outmaneuver+1","Phantasmal Killer+1","Backflip+1","Accuracy+1","Cloak And Dagger+1","Concentrate+1","Cloak And Dagger+1","Slice+1","Prepared+1","Blade Dance+1","Backstab+1","Terror+1"],"relics":["Ring of the Snake","Toy Ornithopter","Du-Vu Doll","Eternal Feather","Paper Crane","Toxic Egg 2","Lee\u0027s Waffle","WristBlade","Red Mask","Regal Pillow","Bronze Scales","Letter Opener","Akabeko","Tiny House","White Beast Statue","Ornamental Fan"],"acts_visited":["Exordium","TheCity","TheBeyond"],"potions_floor_usage":[50,50],"damage_taken":[{"damage":2.0,"enemies":"Small Slimes","floor":1.0,"turns":6.0},{"damage":0.0,"enemies":"2 Louse","floor":2.0,"turns":2.0},{"damage":35.0,"enemies":"Lagavulin","floor":7.0,"turns":7.0},{"damage":28.0,"enemies":"Gremlin Nob","floor":10.0,"turns":5.0},{"damage":2.0,"enemies":"Jaw Worm","floor":14.0,"turns":4.0},{"damage":33.0,"enemies":"Hexaghost","floor":16.0,"turns":10.0},{"damage":12.0,"enemies":"2 Thieves","floor":18.0,"turns":4.0},{"damage":27.0,"enemies":"Masked Bandits","floor":19.0,"turns":4.0},{"damage":22.0,"enemies":"Book of Stabbing","floor":23.0,"turns":5.0},{"damage":11.0,"enemies":"Slavers","floor":25.0,"turns":5.0},{"damage":8.0,"enemies":"Shell Parasite","floor":27.0,"turns":3.0},{"damage":35.0,"enemies":"Sentry and Sphere","floor":28.0,"turns":6.0},{"damage":59.0,"enemies":"Champ","floor":33.0,"turns":13.0},{"damage":30.0,"enemies":"3 Shapes","floor":35.0,"turns":3.0},{"damage":8.0,"enemies":"3 Darklings","floor":36.0,"turns":3.0},{"damage":5.0,"enemies":"Maw","floor":38.0,"turns":5.0},{"damage":38.0,"enemies":"Nemesis","floor":40.0,"turns":9.0},{"damage":5.0,"enemies":"Spire Growth","floor":44.0,"turns":4.0},{"damage":9.0,"enemies":"Writhing Mass","floor":47.0,"turns":2.0},{"damage":71,"enemies":"Time Eater","floor":50,"turns":9}],"seed_played":"99632251693238594","potions_obtained":[{"floor":1.0,"key":"CunningPotion"},{"floor":16.0,"key":"SneckoOil"},{"floor":18.0,"key":"GamblersBrew"},{"floor":23.0,"key":"Dexterity Potion"},{"floor":25.0,"key":"PowerPotion"},{"floor":28.0,"key":"BlessingOfTheForge"},{"floor":34.0,"key":"Ancient Potion"},{"floor":36.0,"key":"LiquidMemories"},{"floor":38.0,"key":"ColorlessPotion"},{"floor":44.0,"key":"SpeedPotion"},{"floor":47.0,"key":"GamblersBrew"}],"is_trial":false,"path_per_floor":["M","M","?","?","?","R","E","R","T","E","R","?","$","M","R","B",null,"M","?","$","?","$","E","R","E","T","M","M","R","?","$","R","B",null,"M","M","?","M","$","E","?","R","T","M","R","?","M","?","R","B"],"character_chosen":"THE_SILENT","items_purchased":["Lee\u0027s Waffle","Accuracy","ColorlessPotion"],"campfire_rested":3,"item_purchase_floors":[13,20,31],"current_hp_per_floor":[68,68,61,61,50,50,20,45,45,17,26,26,72,70,72,39,72,60,38,38,38,38,21,66,60,60,52,22,34,34,34,72,18,77,47,44,44,39,39,11,30,42,42,42,54,54,45,45,57,0,0],"gold":599,"neow_bonus":"RANDOM_COMMON_RELIC","is_daily":false,"chose_seed":false,"campfire_upgraded":6,"win_rate":0.0,"timestamp":1613905722,"path_taken":["M","M","?","?","?","R","E","R","T","E","R","?","$","M","R","BOSS","M","?","$","?","?","E","R","E","T","M","?","R","?","$","R","BOSS","M","M","?","M","?","E","?","R","T","M","R","?","M","?","R","BOSS"],"items_purchased_type":["Relic","Card","Potion"],"build_version":"2020-12-22","purchased_purges":3,"victory":false,"max_hp_per_floor":[70,70,70,65,65,65,65,65,65,65,65,65,72,72,72,72,72,72,72,72,72,72,72,72,72,72,72,72,72,72,72,72,72,77,77,77,77,77,77,77,77,77,77,77,77,77,77,77,77,77,77],"relic_stats":{"Lee\u0027s Waffle":46,"Regal Pillow":20,"counters":[20,109],"Ornamental Fan":[24],"Bronze Scales":[161],"Eternal Feather":86,"Letter Opener":[139],"obtain_stats":[{"Lee\u0027s Waffle":13,"Regal Pillow":21,"Tiny House":34,"Golden Idol":4,"Eternal Feather":7,"Letter Opener":25,"Paper Crane":9,"Akabeko":30,"White Beast Statue":40,"Du-Vu Doll":3,"WristBlade":17,"Ornamental Fan":43,"Bronze Scales":23,"Red Mask":19,"Toxic Egg 2":10,"Toy Ornithopter":0,"Ring of the Snake":0},{"Lee\u0027s Waffle":4,"Regal Pillow":8,"Tiny House":13,"Golden Idol":2,"Eternal Feather":3,"Letter Opener":10,"Paper Crane":3,"Akabeko":12,"White Beast Statue":17,"Du-Vu Doll":2,"WristBlade":6,"Ornamental Fan":17,"Bronze Scales":9,"Red Mask":8,"Toxic Egg 2":4,"Toy Ornithopter":0,"Ring of the Snake":0},{"Lee\u0027s Waffle":20,"Regal Pillow":42,"Tiny House":74,"Golden Idol":8,"Eternal Feather":15,"Letter Opener":52,"Paper Crane":15,"Akabeko":61,"White Beast Statue":94,"Du-Vu Doll":8,"WristBlade":34,"Ornamental Fan":94,"Bronze Scales":47,"Red Mask":42,"Toxic Egg 2":20,"Toy Ornithopter":0,"Ring of the Snake":0}],"Toy Ornithopter":60,"Ring of the Snake":[40]},"card_choices":[{"not_picked":["Endless Agony","Expertise","Outmaneuver"],"picked":"SKIP","floor":1.0},{"not_picked":["Flechettes","Heel Hook"],"picked":"Skewer","floor":2.0},{"not_picked":["Deadly Poison","Bane"],"picked":"Outmaneuver","floor":7.0},{"not_picked":["Choke","Dagger Throw"],"picked":"Concentrate+1","floor":10.0},{"not_picked":["Blade Dance+1","Catalyst+1"],"picked":"Outmaneuver+1","floor":14.0},{"not_picked":["Glass Knife","Bullet Time+1"],"picked":"Phantasmal Killer+1","floor":16.0},{"not_picked":["Sucker Punch","Riddle With Holes"],"picked":"Backflip+1","floor":18.0},{"not_picked":["Leg Sweep+1","Backstab"],"picked":"Cloak And Dagger+1","floor":23.0},{"not_picked":["Setup+1","Caltrops+1"],"picked":"Concentrate+1","floor":25.0},{"not_picked":["Dagger Throw","Dagger Spray+1"],"picked":"Cloak And Dagger+1","floor":27.0},{"not_picked":["Skewer","Deadly Poison+1"],"picked":"Slice","floor":28.0},{"not_picked":["Dagger Spray+1","Acrobatics+1"],"picked":"Prepared+1","floor":34.0},{"not_picked":["PiercingWail+1","Dagger Throw+1"],"picked":"Blade Dance+1","floor":35.0},{"not_picked":["Bane+1","Quick Slash+1","Choke+1"],"picked":"SKIP","floor":36.0},{"not_picked":["Finisher","Sucker Punch+1","Grand Finale"],"picked":"SKIP","floor":38.0},{"not_picked":["Choke","Distraction+1"],"picked":"Backstab","floor":40.0},{"not_picked":["Heel Hook+1","Dodge and Roll+1","Outmaneuver+1"],"picked":"SKIP","floor":44.0},{"not_picked":["Dodge and Roll+1","Flying Knee"],"picked":"Terror+1","floor":47.0}],"player_experience":155690,"relics_obtained":[{"floor":7.0,"key":"Eternal Feather"},{"floor":9.0,"key":"Paper Crane"},{"floor":10.0,"key":"Toxic Egg 2"},{"floor":19.0,"key":"Red Mask"},{"floor":23.0,"key":"Bronze Scales"},{"floor":25.0,"key":"Letter Opener"},{"floor":40.0,"key":"White Beast Statue"},{"floor":43.0,"key":"Ornamental Fan"}],"event_choices":[{"damage_healed":0.0,"max_hp_gain":0.0,"max_hp_loss":0.0,"gold_gain":0.0,"event_name":"Scrap Ooze","player_choice":"Success","floor":3.0,"gold_loss":0.0,"damage_taken":7.0,"relics_obtained":["Du-Vu Doll"]},{"damage_healed":0.0,"max_hp_gain":0.0,"max_hp_loss":5.0,"gold_gain":0.0,"event_name":"Golden Idol","player_choice":"Lose Max HP","floor":4.0,"gold_loss":0.0,"damage_taken":0.0,"relics_obtained":["Golden Idol"]},{"damage_healed":0.0,"max_hp_gain":0.0,"max_hp_loss":0.0,"gold_gain":75.0,"event_name":"World of Goop","player_choice":"Gather Gold","floor":5.0,"gold_loss":0.0,"damage_taken":11.0},{"cards_removed":["Strike_G"],"damage_healed":0.0,"max_hp_gain":0.0,"max_hp_loss":0.0,"gold_gain":0.0,"event_name":"The Cleric","player_choice":"Card Removal","floor":12.0,"gold_loss":50.0,"damage_taken":0.0},{"damage_healed":0.0,"max_hp_gain":0.0,"max_hp_loss":0.0,"gold_gain":0.0,"event_name":"Masked Bandits","player_choice":"Fought Bandits","floor":19.0,"gold_loss":0.0,"damage_taken":0.0},{"damage_healed":0.0,"max_hp_gain":0.0,"max_hp_loss":0.0,"gold_gain":0.0,"event_name":"The Mausoleum","player_choice":"Opened","floor":21.0,"gold_loss":0.0,"damage_taken":0.0,"relics_obtained":["Regal Pillow"]},{"damage_healed":0.0,"max_hp_gain":0.0,"max_hp_loss":0.0,"gold_gain":0.0,"event_name":"Addict","player_choice":"Obtained Relic","floor":30.0,"gold_loss":85.0,"damage_taken":0.0,"relics_obtained":["Akabeko"]},{"damage_healed":0.0,"max_hp_gain":0.0,"max_hp_loss":0.0,"gold_gain":0.0,"event_name":"Accursed Blacksmith","player_choice":"Forge","floor":37.0,"gold_loss":0.0,"damage_taken":0.0,"cards_upgraded":["Accuracy"]},{"damage_healed":19.0,"max_hp_gain":0.0,"max_hp_loss":0.0,"gold_gain":0.0,"event_name":"Winding Halls","player_choice":"Writhe","floor":41.0,"gold_loss":0.0,"damage_taken":0.0,"cards_obtained":["Writhe"]},{"damage_healed":0.0,"max_hp_gain":0.0,"max_hp_loss":0.0,"gold_gain":333.0,"event_name":"The Moai Head","player_choice":"Gave Idol","floor":46.0,"relics_lost":["Golden Idol"],"gold_loss":0.0,"damage_taken":0.0},{"cards_removed":["Writhe"],"damage_healed":0.0,"max_hp_gain":0.0,"max_hp_loss":0.0,"gold_gain":0.0,"event_name":"Fountain of Cleansing","player_choice":"Removed Curses","floor":48.0,"gold_loss":0.0,"damage_taken":0.0}],"is_beta":false,"boss_relics":[{"not_picked":["Cursed Key","Velvet Choker"],"picked":"WristBlade"},{"not_picked":["Philosopher\u0027s Stone","Coffee Dripper"],"picked":"Tiny House"}],"items_purged_floors":[13,20,39],"is_endless":false,"potions_floor_spawned":[1,16,18,23,25,28,36,38,44,47],"killed_by":"Time Eater","ascension_level":3}}