{"host":"rb2p2z6v6vieend5","time":1613945017,"event":{"mods":["BaseMod","Block Reminder","Colored Map","DeckTracker","Highlight Path","Minty Spire (QoL Compilation)","Random Character Button","Relic Stats"],"gold_per_floor":[110,110,110,110,128,163,163,180,180,180,205,205,215,231,231,309,309,320,333,350,350,369,369,284,310,378,388,414,414,414],"floor_reached":29,"language":"ENG","playtime":10895,"items_purged":[],"score":495,"play_id":"2676a493-80fc-4e07-a2ab-9a582eaf8ae0","local_time":"20210221230337","is_ascension_mode":true,"campfire_choices":[{"data":"Dagger Spray","floor":7,"key":"SMITH"},{"data":"Footwork","floor":12,"key":"SMITH"},{"data":"Footwork","floor":15,"key":"SMITH"},{"floor":23,"key":"REST"}],"circlet_count":0,"master_deck":["AscendersBane","Strike_G+1","Strike_G+1","Strike_G+1","Strike_G+1","Defend_G+1","Defend_G+1","Defend_G+1","Defend_G+1","Defend_G+1","Survivor","Neutralize","Footwork+1","Dagger Spray+1","Terror","Well Laid Plans","Cloak And Dagger","Footwork+1","Deflect","Malaise","Blur","Masterful Stab","Leg Sweep","Footwork+1","Glass Knife"],"relics":["Ring of the Snake","NeowsBlessing","Pocketwatch","Shuriken","Art of War","Letter Opener","HoveringKite","Omamori","Frozen Egg 2","HornCleat","Bottled Tornado"],"acts_visited":["Exordium","TheCity"],"potions_floor_usage":[16,16,28,28],"damage_taken":[{"damage":0,"enemies":"Small Slimes","floor":1,"turns":1},{"damage":0,"enemies":"2 Louse","floor":5,"turns":1},{"damage":0,"enemies":"Gremlin Nob","floor":6,"turns":1},{"damage":0,"enemies":"Jaw Worm","floor":8,"turns":4},{"damage":18,"enemies":"3 Sentries","floor":11,"turns":7},{"damage":0,"enemies":"Blue Slaver","floor":13,"turns":4},{"damage":10,"enemies":"Exordium Wildlife","floor":14,"turns":5},{"damage":1,"enemies":"Slime Boss","floor":16,"turns":9},{"damage":24,"enemies":"Chosen","floor":18,"turns":10},{"damage":6,"enemies":"Spheric Guardian","floor":19,"turns":7},{"damage":11,"enemies":"Centurion and Healer","floor":20,"turns":19},{"damage":1,"enemies":"Snake Plant","floor":22,"turns":6},{"damage":16,"enemies":"Book of Stabbing","floor":25,"turns":9},{"damage":7,"enemies":"Shelled Parasite and Fungi","floor":27,"turns":9},{"damage":6,"enemies":"Slavers","floor":28,"turns":5},{"damage":22,"enemies":"Chosen and Byrds","floor":29,"turns":6}],"seed_played":"-4154114997455435213","potions_obtained":[{"floor":5,"key":"EssenceOfSteel"},{"floor":8,"key":"Weak Potion"},{"floor":14,"key":"PowerPotion"},{"floor":20,"key":"SteroidPotion"},{"floor":27,"key":"ColorlessPotion"}],"is_trial":false,"path_per_floor":["M","?","?","$","M","E","R","M","T","?","E","R","M","M","R","B",null,"M","M","M","?","M","R","?","E","T","M","E","M"],"character_chosen":"THE_SILENT","items_purchased":[],"campfire_rested":1,"item_purchase_floors":[],"current_hp_per_floor":[63,63,63,63,63,63,63,63,63,56,38,38,38,28,28,27,59,35,29,18,18,17,38,38,22,22,15,9,0,0],"gold":414,"neow_bonus":"THREE_ENEMY_KILL","is_daily":false,"chose_seed":false,"campfire_upgraded":3,"win_rate":0.0,"timestamp":1613945017,"path_taken":["M","?","?","$","M","E","R","M","T","?","E","R","M","?","R","BOSS","M","M","M","?","M","R","?","E","T","M","E","M"],"items_purchased_type":[],"build_version":"2020-12-22","purchased_purges":0,"victory":false,"max_hp_per_floor":[70,70,70,70,70,70,70,70,70,70,70,70,70,70,70,70,70,70,70,70,70,70,70,70,70,70,70,70,70,70],"relic_stats":{"counters":[16,103],"Shuriken":[16],"HoveringKite":[22],"Art of War":[9],"Letter Opener":[104],"obtain_stats":[{"HornCleat":26,"NeowsBlessing":0,"Shuriken":9,"HoveringKite":17,"Art of War":10,"Omamori":24,"Letter Opener":11,"Frozen Egg 2":25,"Bottled Tornado":28,"Ring of the Snake":0,"Pocketwatch":6},{"HornCleat":13,"NeowsBlessing":0,"Shuriken":4,"HoveringKite":8,"Art of War":4,"Omamori":12,"Letter Opener":5,"Frozen Egg 2":13,"Bottled Tornado":15,"Ring of the Snake":0,"Pocketwatch":3},{"HornCleat":83,"NeowsBlessing":0,"Shuriken":7,"HoveringKite":32,"Art of War":7,"Omamori":74,"Letter Opener":14,"Frozen Egg 2":83,"Bottled Tornado":97,"Ring of the Snake":0,"Pocketwatch":3}],"Ring of the Snake":[32],"Pocketwatch":[108]},"card_choices":[{"not_picked":["Poisoned Stab","Backflip","Tactician"],"picked":"SKIP","floor":1},{"not_picked":["Slice","Deflect"],"picked":"Dagger Spray","floor":5},{"not_picked":["Backflip","Prepared"],"picked":"Terror","floor":6},{"not_picked":["Sucker Punch","Flying Knee"],"picked":"Well Laid Plans","floor":8},{"not_picked":["Tools of the Trade","Acrobatics"],"picked":"Cloak And Dagger","floor":11},{"not_picked":["Deadly Poison","Slice"],"picked":"Footwork","floor":13},{"not_picked":["Riddle With Holes","Bane"],"picked":"Deflect","floor":14},{"not_picked":["Night Terror","Unload"],"picked":"Malaise","floor":16},{"not_picked":["Eviscerate","Poisoned Stab"],"picked":"Blur","floor":18},{"not_picked":["Prepared","Deflect","Quick Slash"],"picked":"SKIP","floor":19},{"not_picked":["Outmaneuver","Dagger Spray"],"picked":"Masterful Stab","floor":20},{"not_picked":["Backstab","Escape Plan"],"picked":"Leg Sweep","floor":22},{"not_picked":["Endless Agony","Predator","Dodge and Roll"],"picked":"SKIP","floor":25},{"not_picked":["Blade Dance","Heel Hook+1"],"picked":"Footwork+1","floor":27},{"not_picked":["Deflect","Terror+1"],"picked":"Glass Knife","floor":28}],"player_experience":791935,"relics_obtained":[{"floor":6,"key":"Pocketwatch"},{"floor":9,"key":"Shuriken"},{"floor":11,"key":"Letter Opener"},{"floor":25,"key":"Frozen Egg 2"},{"floor":26,"key":"HornCleat"},{"floor":28,"key":"Bottled Tornado"}],"event_choices":[{"damage_healed":0,"gold_gain":0,"cards_transformed":["Strike_G"],"player_choice":"Change","damage_taken":0,"max_hp_gain":0,"max_hp_loss":0,"event_name":"Living Wall","floor":2,"gold_loss":0,"cards_obtained":["Footwork"]},{"damage_healed":0,"gold_gain":0,"player_choice":"Ignored","damage_taken":0,"max_hp_gain":0,"max_hp_loss":0,"event_name":"Liars Game","floor":3,"gold_loss":0},{"damage_healed":0,"gold_gain":0,"player_choice":"Success","damage_taken":7,"relics_obtained":["Art of War"],"max_hp_gain":0,"max_hp_loss":0,"event_name":"Scrap Ooze","floor":10,"gold_loss":0},{"damage_healed":0,"gold_gain":0,"player_choice":"Simplicity","damage_taken":0,"max_hp_gain":0,"max_hp_loss":0,"event_name":"Back to Basics","floor":21,"gold_loss":0,"cards_upgraded":["Strike_G","Strike_G","Strike_G","Strike_G","Defend_G","Defend_G","Defend_G","Defend_G","Defend_G"]},{"damage_healed":0,"gold_gain":0,"player_choice":"Obtained Relic","damage_taken":0,"relics_obtained":["Omamori"],"max_hp_gain":0,"max_hp_loss":0,"event_name":"Addict","floor":24,"gold_loss":85}],"is_beta":false,"boss_relics":[{"not_picked":["Ectoplasm","Fusion Hammer"],"picked":"HoveringKite"}],"items_purged_floors":[],"is_endless":false,"potions_floor_spawned":[5,8,13,14,20,27],"killed_by":"Chosen and Byrds","ascension_level":13}}