{"host":"jmumkimrafwvkspb","time":1613926493,"event":{"mods":["AchievementEnabler","BaseMod","Colored Map","Minty Spire (QoL Compilation)"],"gold_per_floor":[359,434,447,4,23,23,55,55,82,82,107,107,127,161,161,232,232,249,11,31,31,31,31,59,59,59,59,59,88,88,88,88,160,160,175,85,99,110,120,155,155,185,185,185,220,237,237,271,271,271,271,271,271,96,137,137],"floor_reached":57,"language":"ENG","playtime":3642,"items_purged":["Strike_G","Defend_G+1"],"score":2919,"play_id":"d93ccabe-10dd-4347-a74a-a81901e5a671","local_time":"20210221175453","is_ascension_mode":true,"campfire_choices":[{"data":"Terror","floor":6.0,"key":"SMITH"},{"data":"Footwork","floor":8.0,"key":"SMITH"},{"data":"All Out Attack","floor":10.0,"key":"SMITH"},{"data":"Well Laid Plans","floor":15.0,"key":"SMITH"},{"data":"Neutralize","floor":23.0,"key":"SMITH"},{"data":"Venomology","floor":25.0,"key":"SMITH"},{"data":"Poisoned Stab","floor":27.0,"key":"SMITH"},{"data":"Blade Dance","floor":30.0,"key":"SMITH"},{"data":"Dodge and Roll","floor":32.0,"key":"SMITH"},{"data":"Malaise","floor":41.0,"key":"SMITH"},{"floor":44.0,"key":"RECALL"},{"data":"Flechettes","floor":49.0,"key":"SMITH"},{"data":"Acrobatics","floor":53.0,"key":"SMITH"}],"circlet_count":0,"master_deck":["AscendersBane","Strike_G+1","Strike_G+1","Strike_G+1","Strike_G+1","Defend_G+1","Defend_G+1","Defend_G+1","Defend_G+1","Survivor+1","Neutralize+1","All Out Attack+1","Terror+1","Flash of Steel","Poisoned Stab+1","Footwork+1","Die Die Die+1","Well Laid Plans+1","Dodge and Roll+1","Venomology+1","Dodge and Roll+1","Dodge and Roll+1","PiercingWail","Blade Dance+1","Malaise+1","Dodge and Roll","Flechettes+1","Acrobatics+1","Flechettes+1","Crippling Poison","Backflip","Escape Plan+1","Leg Sweep+1","Distraction+1","Infinite Blades","Acrobatics+1","Acrobatics+1"],"relics":["Ring of the Snake","Ornamental Fan","Centennial Puzzle","Orichalcum","Toy Ornithopter","Bottled Flame","Coffee Dripper","OrangePellets","Bag of Marbles","Kunai","War Paint","Black Star","The Courier","Bottled Lightning","Bronze Scales","Toxic Egg 2","Akabeko","Thread and Needle","InkBottle","Regal Pillow","CeramicFish","Eternal Feather","Mummified Hand"],"acts_visited":["Exordium","TheCity","TheBeyond","TheEnding"],"potions_floor_usage":[55,56,56],"damage_taken":[{"damage":0.0,"enemies":"Jaw Worm","floor":1.0,"turns":5.0},{"damage":0.0,"enemies":"Cultist","floor":3.0,"turns":3.0},{"damage":0.0,"enemies":"Small Slimes","floor":5.0,"turns":3.0},{"damage":7.0,"enemies":"Lagavulin","floor":7.0,"turns":5.0},{"damage":16.0,"enemies":"3 Sentries","floor":11.0,"turns":6.0},{"damage":2.0,"enemies":"Gremlin Gang","floor":13.0,"turns":3.0},{"damage":6.0,"enemies":"Lagavulin","floor":14.0,"turns":6.0},{"damage":11.0,"enemies":"Slime Boss","floor":16.0,"turns":10.0},{"damage":10.0,"enemies":"3 Byrds","floor":18.0,"turns":5.0},{"damage":9.0,"enemies":"Spheric Guardian","floor":20.0,"turns":7.0},{"damage":12.0,"enemies":"Gremlin Leader","floor":24.0,"turns":7.0},{"damage":9.0,"enemies":"Slavers","floor":29.0,"turns":4.0},{"damage":0.0,"enemies":"Champ","floor":33.0,"turns":14.0},{"damage":0.0,"enemies":"Orb Walker","floor":35.0,"turns":2.0},{"damage":0.0,"enemies":"3 Darklings","floor":37.0,"turns":7.0},{"damage":0.0,"enemies":"Transient","floor":38.0,"turns":6.0},{"damage":0.0,"enemies":"Sphere and 2 Shapes","floor":39.0,"turns":4.0},{"damage":16.0,"enemies":"Nemesis","floor":40.0,"turns":9.0},{"damage":23.0,"enemies":"Reptomancer","floor":42.0,"turns":9.0},{"damage":13.0,"enemies":"Nemesis","floor":45.0,"turns":8.0},{"damage":0.0,"enemies":"Maw","floor":46.0,"turns":7.0},{"damage":1.0,"enemies":"Reptomancer","floor":48.0,"turns":6.0},{"damage":7.0,"enemies":"Awakened One","floor":50.0,"turns":20.0},{"damage":20.0,"enemies":"Donu and Deca","floor":51.0,"turns":14.0},{"damage":22,"enemies":"Shield and Spear","floor":55,"turns":6},{"damage":56,"enemies":"The Heart","floor":56,"turns":14}],"seed_played":"8288140514872391430","potions_obtained":[{"floor":1.0,"key":"SmokeBomb"},{"floor":5.0,"key":"Regen Potion"},{"floor":16.0,"key":"Dexterity Potion"},{"floor":29.0,"key":"Strength Potion"},{"floor":37.0,"key":"SteroidPotion"},{"floor":40.0,"key":"SpeedPotion"},{"floor":45.0,"key":"PowerPotion"},{"floor":48.0,"key":"Energy Potion"}],"is_trial":false,"path_per_floor":["M","?","M","$","M","R","E","R","T","R","E","?","M","E","R","B",null,"M","$","M","?","?","R","E","R","T","R","T","E","R","?","R","B",null,"M","$","M","M","M","E","R","E","T","R","E","M","$","E","R","B","B",null,"R","$","E","B",null],"character_chosen":"THE_SILENT","items_purchased":["Flash of Steel","Ornamental Fan","Poisoned Stab","Poison Potion","OrangePellets","Flechettes","Infinite Blades","Acrobatics+1"],"campfire_rested":0,"item_purchase_floors":[4,4,4,4,19,36,54,54],"current_hp_per_floor":[59,48,48,48,48,48,41,41,41,41,25,25,23,17,17,11,48,43,43,54,54,54,54,48,48,48,48,48,39,39,39,39,44,56,60,60,60,60,60,44,44,31,31,31,23,28,28,37,37,35,20,50,50,50,33,5],"gold":137,"neow_bonus":"TWO_FIFTY_GOLD","is_daily":false,"chose_seed":false,"campfire_upgraded":12,"win_rate":0.0,"timestamp":1613926493,"path_taken":["M","?","M","$","M","R","E","R","T","R","E","?","M","E","R","BOSS","M","$","?","?","?","R","E","R","T","R","?","E","R","?","R","BOSS","M","$","M","?","M","E","R","E","T","R","E","M","$","E","R","BOSS","BOSS","R","$","E","BOSS"],"items_purchased_type":["Card","Relic","Card","Potion","Relic","Card","Card","Card"],"build_version":"2020-12-22","purchased_purges":2,"victory":true,"max_hp_per_floor":[60,60,60,60,60,60,60,60,60,60,60,60,60,60,60,60,60,60,60,60,60,60,60,60,60,60,60,60,60,60,60,60,60,60,60,60,60,60,60,60,60,60,60,60,60,60,60,60,60,60,60,60,60,60,60,60],"card_choices":[{"not_picked":["Finisher","Deflect"],"picked":"All Out Attack","floor":1.0},{"not_picked":["Deadly Poison","Underhanded Strike"],"picked":"Terror","floor":3.0},{"not_picked":["Flying Knee","Slice"],"picked":"Footwork","floor":5.0},{"not_picked":["Expertise","Outmaneuver","Eviscerate"],"picked":"SKIP","floor":7.0},{"not_picked":["Infinite Blades","Slice"],"picked":"Die Die Die","floor":11.0},{"not_picked":["Backflip","Underhanded Strike"],"picked":"Well Laid Plans","floor":13.0},{"not_picked":["Bane","Poisoned Stab"],"picked":"Dodge and Roll","floor":14.0},{"not_picked":["Wraith Form v2","Envenom"],"picked":"Venomology","floor":16.0},{"not_picked":["Flying Knee","Slice"],"picked":"Dodge and Roll","floor":18.0},{"not_picked":["Bane","Outmaneuver"],"picked":"Dodge and Roll+1","floor":20.0},{"not_picked":["Catalyst","Sucker Punch"],"picked":"PiercingWail","floor":24.0},{"not_picked":["Underhanded Strike","Reflex"],"picked":"Blade Dance","floor":29.0},{"not_picked":["Night Terror","Burst"],"picked":"Malaise","floor":33.0},{"not_picked":["Deadly Poison+1","Catalyst+1"],"picked":"Dodge and Roll","floor":35.0},{"not_picked":["Outmaneuver","Heel Hook+1"],"picked":"Acrobatics","floor":37.0},{"not_picked":["Reflex+1","Poisoned Stab"],"picked":"Flechettes+1","floor":38.0},{"not_picked":["Prepared","Heel Hook"],"picked":"Crippling Poison","floor":39.0},{"not_picked":["Deflect+1","Catalyst"],"picked":"Backflip","floor":40.0},{"not_picked":["Sucker Punch+1","Dagger Throw"],"picked":"Escape Plan+1","floor":42.0},{"not_picked":["Riddle With Holes","Slice","Poisoned Stab"],"picked":"SKIP","floor":45.0},{"not_picked":["Quick Slash+1","Caltrops"],"picked":"Leg Sweep+1","floor":46.0},{"not_picked":["Dagger Spray","Heel Hook"],"picked":"Distraction+1","floor":48.0},{"not_picked":["Backflip+1","Corpse Explosion+1"],"picked":"Acrobatics+1","floor":55}],"player_experience":1673928,"relics_obtained":[{"floor":7.0,"key":"Centennial Puzzle"},{"floor":9.0,"key":"Orichalcum"},{"floor":11.0,"key":"Toy Ornithopter"},{"floor":14.0,"key":"Bottled Flame"},{"floor":24.0,"key":"Bag of Marbles"},{"floor":28.0,"key":"Kunai"},{"floor":29.0,"key":"War Paint"},{"floor":40.0,"key":"The Courier"},{"floor":40.0,"key":"Bottled Lightning"},{"floor":42.0,"key":"Bronze Scales"},{"floor":42.0,"key":"Toxic Egg 2"},{"floor":43.0,"key":"Akabeko"},{"floor":45.0,"key":"Thread and Needle"},{"floor":45.0,"key":"InkBottle"},{"floor":48.0,"key":"Regal Pillow"},{"floor":48.0,"key":"CeramicFish"},{"floor":55,"key":"Eternal Feather"},{"floor":55,"key":"Mummified Hand"}],"event_choices":[{"damage_healed":0.0,"max_hp_gain":0.0,"max_hp_loss":0.0,"gold_gain":75.0,"event_name":"World of Goop","player_choice":"Gather Gold","floor":2.0,"gold_loss":0.0,"damage_taken":11.0},{"damage_healed":0.0,"max_hp_gain":0.0,"max_hp_loss":0.0,"gold_gain":0.0,"event_name":"Upgrade Shrine","player_choice":"Upgraded","floor":12.0,"gold_loss":0.0,"damage_taken":0.0,"cards_upgraded":["Die Die Die"]},{"damage_healed":0.0,"max_hp_gain":0.0,"max_hp_loss":0.0,"gold_gain":0.0,"event_name":"The Mausoleum","player_choice":"Ignored","floor":21.0,"gold_loss":0.0,"damage_taken":0.0},{"damage_healed":0.0,"max_hp_gain":0.0,"max_hp_loss":0.0,"gold_gain":0.0,"event_name":"Back to Basics","player_choice":"Simplicity","floor":22.0,"gold_loss":0.0,"damage_taken":0.0,"cards_upgraded":["Strike_G","Strike_G","Strike_G","Strike_G","Defend_G","Defend_G","Defend_G","Defend_G","Defend_G"]},{"damage_healed":0.0,"max_hp_gain":0.0,"max_hp_loss":0.0,"gold_gain":0.0,"event_name":"N\u0027loth","player_choice":"Ignored","floor":31.0,"gold_loss":0.0,"damage_taken":0.0}],"is_beta":false,"boss_relics":[{"not_picked":["Runic Pyramid","Astrolabe"],"picked":"Coffee Dripper"},{"not_picked":["SlaversCollar","HoveringKite"],"picked":"Black Star"}],"items_purged_floors":[19,54],"is_endless":false,"potions_floor_spawned":[1,5,14,16,18,29,37,38,40,45,48],"ascension_level":20}}