{"host":"8ztb9kwpjc2zof9s","time":1613923528,"event":{"mods":["BaseMod","Block Reminder","Curses Come First","Minty Spire (QoL Compilation)","Relic Stats","StSLib"],"gold_per_floor":[118,118,131,10,10,38,38,71,94,94,94,113,171,196,196,279,279,299,374,323,335,335,335,260,260,283,312,312,330,330,374,374,460,460,472,75,35,57,83,83,101,140,149,149,192,201,76,102,102,102],"floor_reached":51,"language":"ENG","playtime":2298,"items_purged":["Defend_G","Strike_G","Writhe"],"score":1326,"play_id":"09070389-60ab-420e-944f-154c0074d087","local_time":"20210221080528","is_ascension_mode":true,"campfire_choices":[{"data":"Footwork","floor":7,"key":"SMITH"},{"floor":10,"key":"REST"},{"floor":15,"key":"REST"},{"floor":23,"key":"REST"},{"data":"Noxious Fumes","floor":30,"key":"SMITH"},{"floor":32,"key":"REST"},{"data":"Malaise","floor":40,"key":"SMITH"},{"data":"After Image","floor":49,"key":"SMITH"}],"circlet_count":0,"master_deck":["AscendersBane","Strike_G","Defend_G","Defend_G","Defend_G","Defend_G","Survivor","Neutralize","Dodge and Roll","Flying Knee","Blade Dance","Footwork+1","Blade Dance","Backflip","Corpse Explosion","After Image+1","Cloak And Dagger","Backstab+1","Noxious Fumes+1","PiercingWail","Malaise+1","Backflip+1","Dash+1","Dash+1","After Image+1","Choke"],"relics":["Ring of the Snake","NeowsBlessing","Potion Belt","Torii","CeramicFish","Ice Cream","Centennial Puzzle","SlaversCollar","Meat on the Bone","Oddly Smooth Stone","Ninja Scroll","Red Mask","Cursed Key","TungstenRod","Pantograph","Peace Pipe","Juzu Bracelet"],"acts_visited":["Exordium","TheCity","TheBeyond"],"potions_floor_usage":[13,14,20,20,29,39,41,45,50],"damage_taken":[{"damage":0,"enemies":"2 Louse","floor":1,"turns":1},{"damage":0,"enemies":"Small Slimes","floor":3,"turns":1},{"damage":0,"enemies":"3 Sentries","floor":6,"turns":1},{"damage":33,"enemies":"Lagavulin","floor":8,"turns":11},{"damage":0,"enemies":"Cultist","floor":12,"turns":3},{"damage":16,"enemies":"Lagavulin Event","floor":13,"turns":7},{"damage":0,"enemies":"Blue Slaver","floor":14,"turns":5},{"damage":15,"enemies":"Hexaghost","floor":16,"turns":13},{"damage":1,"enemies":"Shell Parasite","floor":18,"turns":10},{"damage":1,"enemies":"2 Thieves","floor":20,"turns":4},{"damage":10,"enemies":"Centurion and Healer","floor":21,"turns":8},{"damage":17,"enemies":"Shelled Parasite and Fungi","floor":27,"turns":11},{"damage":10,"enemies":"Chosen and Byrds","floor":29,"turns":6},{"damage":25,"enemies":"Masked Bandits","floor":31,"turns":5},{"damage":13,"enemies":"Champ","floor":33,"turns":17},{"damage":1,"enemies":"Orb Walker","floor":35,"turns":6},{"damage":0,"enemies":"3 Shapes","floor":38,"turns":5},{"damage":15,"enemies":"Jaw Worm Horde","floor":39,"turns":7},{"damage":12,"enemies":"Spire Growth","floor":41,"turns":7},{"damage":0,"enemies":"Reptomancer","floor":42,"turns":11},{"damage":7,"enemies":"Giant Head","floor":45,"turns":12},{"damage":0,"enemies":"3 Darklings","floor":48,"turns":4},{"damage":30,"enemies":"Time Eater","floor":50,"turns":18}],"seed_played":"-3074670047632602144","potions_obtained":[{"floor":1,"key":"Ancient Potion"},{"floor":12,"key":"PowerPotion"},{"floor":13,"key":"SkillPotion"},{"floor":16,"key":"Explosive Potion"},{"floor":18,"key":"Energy Potion"},{"floor":27,"key":"PowerPotion"},{"floor":33,"key":"Fire Potion"},{"floor":39,"key":"Energy Potion"},{"floor":41,"key":"Poison Potion"},{"floor":48,"key":"CunningPotion"}],"is_trial":false,"path_per_floor":["M","?","M","$","?","E","R","E","T","R","?","M","?","M","R","B",null,"M","?","M","M","?","R","?","T","T","M","?","M","R","?","R","B",null,"M","$","?","M","M","R","M","E","T","?","E","?","$","M","R","B",null],"character_chosen":"THE_SILENT","items_purchased":["Blade Dance","TungstenRod"],"campfire_rested":4,"item_purchase_floors":[4,36],"current_hp_per_floor":[59,52,52,52,52,52,52,19,19,38,38,38,22,22,41,26,56,55,49,48,38,38,57,57,57,57,40,40,42,42,29,48,35,58,57,57,57,57,42,42,42,42,42,42,35,52,52,52,52,36],"gold":102,"neow_bonus":"THREE_ENEMY_KILL","is_daily":false,"chose_seed":false,"campfire_upgraded":4,"win_rate":0.0,"timestamp":1613923528,"path_taken":["M","?","M","$","?","E","R","E","T","R","?","?","?","M","R","BOSS","M","?","M","?","?","R","?","?","T","M","?","M","R","?","R","BOSS","M","$","?","M","M","R","?","E","T","?","E","?","$","M","R","BOSS"],"items_purchased_type":["Card","Relic"],"build_version":"2020-12-22","purchased_purges":3,"victory":true,"max_hp_per_floor":[66,66,66,66,66,66,66,66,66,66,66,66,66,66,66,66,66,66,66,66,66,66,66,66,66,66,66,66,66,66,66,66,66,66,66,66,66,66,66,66,66,66,66,66,66,66,66,66,66,66],"relic_stats":{"Peace Pipe":0,"Centennial Puzzle":[39],"Torii":58,"counters":[23,173],"CeramicFish":135,"Pantograph":14,"Juzu Bracelet":1,"Cursed Key":1,"obtain_stats":[{"Potion Belt":6,"Ice Cream":11,"NeowsBlessing":0,"Torii":8,"CeramicFish":9,"Oddly Smooth Stone":26,"Juzu Bracelet":45,"Cursed Key":34,"Peace Pipe":43,"SlaversCollar":17,"Centennial Puzzle":13,"Ninja Scroll":28,"Pantograph":42,"Red Mask":31,"TungstenRod":36,"Ring of the Snake":0,"Meat on the Bone":25},{"Potion Belt":3,"Ice Cream":4,"NeowsBlessing":0,"Torii":4,"CeramicFish":4,"Oddly Smooth Stone":11,"Juzu Bracelet":21,"Cursed Key":15,"Peace Pipe":20,"SlaversCollar":8,"Centennial Puzzle":6,"Ninja Scroll":12,"Pantograph":20,"Red Mask":14,"TungstenRod":16,"Ring of the Snake":0,"Meat on the Bone":11},{"Potion Belt":3,"Ice Cream":14,"NeowsBlessing":0,"Torii":14,"CeramicFish":14,"Oddly Smooth Stone":64,"Juzu Bracelet":151,"Cursed Key":103,"Peace Pipe":139,"SlaversCollar":42,"Centennial Puzzle":24,"Ninja Scroll":75,"Pantograph":139,"Red Mask":86,"TungstenRod":109,"Ring of the Snake":0,"Meat on the Bone":64}],"TungstenRod":14,"Ring of the Snake":[46],"Meat on the Bone":36},"card_choices":[{"not_picked":["Distraction","Heel Hook"],"picked":"Dodge and Roll","floor":1},{"not_picked":["Dodge and Roll","Well Laid Plans"],"picked":"Flying Knee","floor":3},{"not_picked":["Cloak And Dagger","Calculated Gamble"],"picked":"Footwork","floor":6},{"not_picked":["Setup","Dagger Throw"],"picked":"Blade Dance","floor":8},{"not_picked":["Infinite Blades","Flying Knee"],"picked":"Backflip","floor":12},{"not_picked":["Crippling Poison","Outmaneuver"],"picked":"Corpse Explosion","floor":14},{"not_picked":["Bullet Time","Adrenaline"],"picked":"After Image","floor":16},{"not_picked":["Prepared","Sucker Punch"],"picked":"Cloak And Dagger","floor":18},{"not_picked":["Grand Finale","Slice"],"picked":"Backstab+1","floor":20},{"not_picked":["Predator","Dagger Throw","Flying Knee"],"picked":"SKIP","floor":21},{"not_picked":["Cloak And Dagger","Dodge and Roll"],"picked":"Noxious Fumes","floor":27},{"not_picked":["Catalyst","Bane+1","Unload"],"picked":"SKIP","floor":29},{"not_picked":["Quick Slash","Dodge and Roll"],"picked":"PiercingWail","floor":31},{"not_picked":["Glass Knife","Corpse Explosion"],"picked":"Malaise","floor":33},{"not_picked":["Slice+1","Bane","Prepared"],"picked":"SKIP","floor":35},{"not_picked":["Dagger Spray","Crippling Poison+1"],"picked":"Backflip+1","floor":38},{"not_picked":["Endless Agony","Dagger Spray+1"],"picked":"Dash+1","floor":39},{"not_picked":["Slice","Bullet Time","Skewer"],"picked":"SKIP","floor":41},{"not_picked":["Blade Dance","Dagger Throw"],"picked":"Dash+1","floor":42},{"not_picked":["Backstab+1","Backflip+1"],"picked":"After Image","floor":45},{"not_picked":["Poisoned Stab","Flying Knee"],"picked":"Choke","floor":48}],"player_experience":372086,"relics_obtained":[{"floor":6,"key":"Potion Belt"},{"floor":8,"key":"Torii"},{"floor":9,"key":"CeramicFish"},{"floor":13,"key":"Centennial Puzzle"},{"floor":25,"key":"Meat on the Bone"},{"floor":26,"key":"Oddly Smooth Stone"},{"floor":31,"key":"Red Mask"},{"floor":42,"key":"Pantograph"},{"floor":43,"key":"Peace Pipe"},{"floor":45,"key":"Juzu Bracelet"}],"event_choices":[{"cards_removed":["Strike_G"],"damage_healed":0,"gold_gain":0,"player_choice":"Card Removal","damage_taken":7,"max_hp_gain":0,"max_hp_loss":0,"event_name":"Golden Wing","floor":2,"gold_loss":0},{"cards_removed":["Strike_G"],"damage_healed":0,"gold_gain":0,"player_choice":"Forget","damage_taken":0,"max_hp_gain":0,"max_hp_loss":0,"event_name":"Living Wall","floor":5,"gold_loss":0},{"damage_healed":0,"gold_gain":0,"player_choice":"Gave Potion","damage_taken":0,"relics_obtained":["Ice Cream"],"max_hp_gain":0,"max_hp_loss":0,"event_name":"WeMeetAgain","floor":11,"gold_loss":0},{"damage_healed":0,"gold_gain":0,"player_choice":"Searched \u00272\u0027 times","damage_taken":0,"max_hp_gain":0,"max_hp_loss":0,"event_name":"Dead Adventurer","floor":13,"gold_loss":0},{"damage_healed":0,"gold_gain":75,"player_choice":"Touch","damage_taken":6,"max_hp_gain":0,"max_hp_loss":0,"event_name":"FaceTrader","floor":19,"gold_loss":0},{"damage_healed":0,"gold_gain":0,"player_choice":"Ignored","damage_taken":0,"max_hp_gain":0,"max_hp_loss":0,"event_name":"Cursed Tome","floor":22,"gold_loss":0},{"cards_removed":["Strike_G"],"damage_healed":0,"gold_gain":0,"player_choice":"Gave Gold","damage_taken":0,"max_hp_gain":0,"max_hp_loss":0,"event_name":"Beggar","floor":24,"gold_loss":75},{"damage_healed":0,"gold_gain":0,"player_choice":"Opened","damage_taken":0,"relics_obtained":["Ninja Scroll"],"max_hp_gain":0,"max_hp_loss":0,"event_name":"The Mausoleum","floor":28,"gold_loss":0},{"damage_healed":0,"gold_gain":0,"player_choice":"Fought Bandits","damage_taken":0,"max_hp_gain":0,"max_hp_loss":0,"event_name":"Masked Bandits","floor":31,"gold_loss":0},{"damage_healed":0,"gold_gain":0,"player_choice":"Upgrade","damage_taken":0,"max_hp_gain":0,"max_hp_loss":0,"event_name":"Designer","floor":37,"gold_loss":40,"cards_upgraded":["After Image"]},{"cards_removed":["Regret"],"damage_healed":0,"gold_gain":0,"player_choice":"Removed Curses","damage_taken":0,"max_hp_gain":0,"max_hp_loss":0,"event_name":"Fountain of Cleansing","floor":44,"gold_loss":0},{"damage_healed":17,"gold_gain":0,"player_choice":"Writhe","damage_taken":0,"max_hp_gain":0,"max_hp_loss":0,"event_name":"Winding Halls","floor":46,"gold_loss":0,"cards_obtained":["Writhe"]}],"is_beta":false,"boss_relics":[{"not_picked":["Ring of the Serpent","Tiny House"],"picked":"SlaversCollar"},{"not_picked":["SacredBark","Calling Bell"],"picked":"Cursed Key"}],"items_purged_floors":[4,36,47],"is_endless":false,"potions_floor_spawned":[1,12,13,16,18,27,33,39,41,48],"ascension_level":14}}