{"host":"c6u7e77myxvw4d0m","time":1613903518,"event":{"mods":["AchievementEnabler","BaseMod","Bestiary","Colored Map","Colored Powertips","Minty Spire (QoL Compilation)","Rare Cards Sparkle","Relic Stats","everything is the same but u backflip on backflip"],"gold_per_floor":[117,134,134,148,158,192,192,16,16,27,44,44,73,92,92,163,163,173,189,202,202,217,217,247,247,315,326,19,19,48,58,58,135,135,148,23,23,23,43,76,76,104,130,130,141,172,189,204,204,204,204,204,204,54,79,79],"floor_reached":57,"language":"ENG","playtime":7355,"items_purged":["Strike_G","Decay","Strike_G","Regret"],"score":2842,"play_id":"aa65aa21-9a0a-44df-a69d-3ef83595192a","local_time":"20210221123158","is_ascension_mode":true,"campfire_choices":[{"data":"Corpse Explosion","floor":7.0,"key":"SMITH"},{"data":"Footwork","floor":12.0,"key":"SMITH"},{"data":"Neutralize","floor":15.0,"key":"SMITH"},{"data":"Deadly Poison","floor":23.0,"key":"SMITH"},{"data":"Catalyst","floor":25.0,"key":"SMITH"},{"data":"Footwork","floor":32.0,"key":"SMITH"},{"data":"Burst","floor":41.0,"key":"SMITH"},{"floor":44.0,"key":"RECALL"},{"floor":49.0,"key":"DIG"},{"floor":53.0,"key":"DIG"}],"circlet_count":0,"master_deck":["AscendersBane","Strike_G","Strike_G","Strike_G","Defend_G","Defend_G","Defend_G","Defend_G","Defend_G","Survivor","Neutralize+1","Poisoned Stab","Poisoned Stab","Flying Knee","Corpse Explosion+1","Footwork+1","Prepared","Bane","Footwork+1","Dodge and Roll","Deadly Poison+1","Crippling Poison+1","Catalyst+1","Noxious Fumes","Dodge and Roll+1","Burst+1","Catalyst+1","Calculated Gamble+1","Tactician+1","Footwork","Catalyst"],"relics":["Coffee Dripper","Gambling Chip","Singing Bowl","Sundial","Pantograph","Snecko Eye","Snake Skull","Eternal Feather","Lee\u0027s Waffle","Ninja Scroll","Cursed Key","Shovel","Mango","Ice Cream","Pocketwatch","Anchor"],"acts_visited":["Exordium","TheCity","TheBeyond","TheEnding"],"potions_floor_usage":[56,56],"damage_taken":[{"damage":6.0,"enemies":"Small Slimes","floor":1.0,"turns":4.0},{"damage":0.0,"enemies":"Cultist","floor":2.0,"turns":4.0},{"damage":0.0,"enemies":"Jaw Worm","floor":4.0,"turns":3.0},{"damage":8.0,"enemies":"3 Louse","floor":5.0,"turns":3.0},{"damage":22.0,"enemies":"3 Sentries","floor":6.0,"turns":3.0},{"damage":0.0,"enemies":"Gremlin Gang","floor":10.0,"turns":4.0},{"damage":6.0,"enemies":"Blue Slaver","floor":11.0,"turns":3.0},{"damage":3.0,"enemies":"Gremlin Nob","floor":13.0,"turns":3.0},{"damage":6.0,"enemies":"Exordium Thugs","floor":14.0,"turns":3.0},{"damage":14.0,"enemies":"Hexaghost","floor":16.0,"turns":9.0},{"damage":2.0,"enemies":"Shell Parasite","floor":18.0,"turns":5.0},{"damage":9.0,"enemies":"2 Thieves","floor":19.0,"turns":3.0},{"damage":8.0,"enemies":"Centurion and Healer","floor":20.0,"turns":4.0},{"damage":0.0,"enemies":"Snecko","floor":22.0,"turns":6.0},{"damage":34.0,"enemies":"Slavers","floor":24.0,"turns":2.0},{"damage":14.0,"enemies":"Sentry and Sphere","floor":27.0,"turns":4.0},{"damage":28.0,"enemies":"Gremlin Leader","floor":30.0,"turns":5.0},{"damage":0.0,"enemies":"Centurion and Healer","floor":31.0,"turns":3.0},{"damage":13.0,"enemies":"Automaton","floor":33.0,"turns":6.0},{"damage":0.0,"enemies":"3 Darklings","floor":35.0,"turns":1.0},{"damage":0.0,"enemies":"3 Shapes","floor":39.0,"turns":2.0},{"damage":21.0,"enemies":"Giant Head","floor":40.0,"turns":5.0},{"damage":10.0,"enemies":"Reptomancer","floor":42.0,"turns":7.0},{"damage":0.0,"enemies":"Jaw Worm Horde","floor":45.0,"turns":1.0},{"damage":0.0,"enemies":"Giant Head","floor":46.0,"turns":4.0},{"damage":3.0,"enemies":"3 Darklings","floor":47.0,"turns":3.0},{"damage":0.0,"enemies":"Transient","floor":48.0,"turns":6.0},{"damage":40.0,"enemies":"Awakened One","floor":50.0,"turns":11.0},{"damage":45.0,"enemies":"Time Eater","floor":51.0,"turns":4.0},{"damage":16,"enemies":"Shield and Spear","floor":55,"turns":5},{"damage":85,"enemies":"The Heart","floor":56,"turns":7}],"seed_played":"7750423129041213807","potions_obtained":[{"floor":2.0,"key":"SmokeBomb"},{"floor":6.0,"key":"Swift Potion"},{"floor":10.0,"key":"Energy Potion"},{"floor":11.0,"key":"BlessingOfTheForge"},{"floor":13.0,"key":"BlessingOfTheForge"},{"floor":19.0,"key":"DuplicationPotion"},{"floor":20.0,"key":"Regen Potion"},{"floor":30.0,"key":"Block Potion"},{"floor":31.0,"key":"Swift Potion"},{"floor":45.0,"key":"Regen Potion"},{"floor":46.0,"key":"CunningPotion"},{"floor":47.0,"key":"Energy Potion"},{"floor":48.0,"key":"PowerPotion"},{"floor":55,"key":"Block Potion"}],"is_trial":false,"path_per_floor":["M","M","?","M","M","E","R","$","T","M","M","R","E","M","R","B",null,"M","M","M","?","M","R","E","R","T","M","$","?","E","M","R","B",null,"M","$","?","?","M","E","R","E","T","R","M","E","M","M","R","B","B",null,"R","$","E","B",null],"character_chosen":"THE_SILENT","items_purchased":["Footwork","Prepared","Lee\u0027s Waffle","Noxious Fumes"],"campfire_rested":0,"item_purchase_floors":[8,8,28,28],"current_hp_per_floor":[53,53,53,53,45,25,25,25,25,25,21,21,18,12,12,25,60,60,53,45,45,60,60,26,26,26,14,85,85,59,59,74,74,84,86,86,85,85,85,66,81,87,87,102,104,104,101,101,105,65,45,90,105,105,91,22],"gold":79,"neow_bonus":"BOSS_RELIC","is_daily":false,"chose_seed":false,"campfire_upgraded":7,"win_rate":0.0,"timestamp":1613903518,"path_taken":["M","M","?","M","?","E","R","$","T","M","M","R","E","M","R","BOSS","M","M","M","?","M","R","E","R","T","M","$","?","E","?","R","BOSS","M","$","?","?","M","E","R","E","T","R","M","E","M","?","R","BOSS","BOSS","R","$","E","BOSS"],"items_purchased_type":["Card","Card","Relic","Card"],"build_version":"2020-12-22","purchased_purges":4,"victory":true,"max_hp_per_floor":[66,66,66,66,66,68,68,68,68,68,70,70,70,70,70,72,72,74,76,76,76,76,76,76,76,76,78,85,85,87,87,87,87,87,89,89,85,85,85,87,87,103,103,103,105,105,105,105,105,105,105,105,105,105,107,107],"relic_stats":{"Lee\u0027s Waffle":71,"Singing Bowl":24,"counters":[31,133],"Eternal Feather":64,"Snake Skull":[176],"Cursed Key":1,"Shovel":2,"Sundial":[16],"Gambling Chip":[149],"Pantograph":79,"Snecko Eye":[201,197,184,205],"obtain_stats":[{"Ice Cream":46,"Lee\u0027s Waffle":28,"Singing Bowl":6,"Eternal Feather":26,"Mango":42,"Snake Skull":24,"Cursed Key":34,"Anchor":55,"Shovel":40,"Sundial":9,"Ninja Scroll":30,"Gambling Chip":3,"Pantograph":13,"Snecko Eye":17,"Coffee Dripper":0,"Ring of the Snake":0,"Pocketwatch":49},{"Ice Cream":25,"Lee\u0027s Waffle":16,"Singing Bowl":5,"Eternal Feather":15,"Mango":23,"Snake Skull":15,"Cursed Key":19,"Anchor":30,"Shovel":22,"Sundial":5,"Ninja Scroll":17,"Gambling Chip":2,"Pantograph":8,"Snecko Eye":10,"Coffee Dripper":0,"Ring of the Snake":0,"Pocketwatch":27},{"Ice Cream":97,"Lee\u0027s Waffle":63,"Singing Bowl":17,"Eternal Feather":59,"Mango":92,"Snake Skull":59,"Cursed Key":77,"Anchor":126,"Shovel":85,"Sundial":17,"Ninja Scroll":68,"Gambling Chip":8,"Pantograph":27,"Snecko Eye":39,"Coffee Dripper":0,"Ring of the Snake":0,"Pocketwatch":106}],"Pocketwatch":[18]},"card_choices":[{"not_picked":["Deflect","All Out Attack"],"picked":"Poisoned Stab","floor":1.0},{"not_picked":["Acrobatics","Dagger Throw"],"picked":"Poisoned Stab","floor":2.0},{"not_picked":["Poisoned Stab","Riddle With Holes"],"picked":"Flying Knee","floor":4.0},{"not_picked":["Accuracy","Masterful Stab"],"picked":"Corpse Explosion","floor":5.0},{"not_picked":["Deflect","Slice","Dagger Throw"],"picked":"Singing Bowl","floor":6.0},{"not_picked":["Dagger Spray","Tactician"],"picked":"Bane","floor":10.0},{"not_picked":["Prepared","Dagger Throw","Deflect"],"picked":"Singing Bowl","floor":11.0},{"not_picked":["Flying Knee","Glass Knife"],"picked":"Footwork","floor":13.0},{"not_picked":["Dagger Throw","Flying Knee"],"picked":"Dodge and Roll","floor":14.0},{"not_picked":["Storm of Steel","Doppelganger","Unload"],"picked":"Singing Bowl","floor":16.0},{"not_picked":["Dagger Spray","Deflect","Riddle With Holes"],"picked":"Singing Bowl","floor":18.0},{"not_picked":["Quick Slash","Dagger Spray","Terror"],"picked":"Singing Bowl","floor":19.0},{"not_picked":["Heel Hook","Dodge and Roll"],"picked":"Deadly Poison","floor":20.0},{"not_picked":["Backflip","Bane+1"],"picked":"Crippling Poison","floor":22.0},{"not_picked":["Venomology","Deadly Poison"],"picked":"Catalyst","floor":24.0},{"not_picked":["Bane","Cloak And Dagger","Dodge and Roll"],"picked":"Singing Bowl","floor":27.0},{"not_picked":["Dagger Throw","Sucker Punch","Dodge and Roll"],"picked":"Singing Bowl","floor":30.0},{"not_picked":["Riddle With Holes+1","Finisher"],"picked":"Dodge and Roll+1","floor":31.0},{"not_picked":["Die Die Die","Tools of the Trade"],"picked":"Burst","floor":33.0},{"not_picked":["Blade Dance","Endless Agony","Reflex"],"picked":"Singing Bowl","floor":35.0},{"not_picked":["PiercingWail+1","Slice"],"picked":"Calculated Gamble+1","floor":39.0},{"not_picked":["Dash","Dagger Spray","Terror"],"picked":"Singing Bowl","floor":40.0},{"not_picked":["Infinite Blades","Terror","Accuracy+1"],"picked":"Singing Bowl","floor":42.0},{"not_picked":["Bouncing Flask","A Thousand Cuts","Expertise+1"],"picked":"Singing Bowl","floor":45.0},{"not_picked":["Underhanded Strike","Masterful Stab+1"],"picked":"Tactician+1","floor":46.0},{"not_picked":["Sucker Punch","Masterful Stab"],"picked":"Footwork","floor":47.0},{"not_picked":["Bane","Dodge and Roll"],"picked":"Catalyst","floor":48.0},{"not_picked":["Slice","Poisoned Stab","Concentrate"],"picked":"Singing Bowl","floor":55}],"player_experience":851757,"relics_obtained":[{"floor":3.0,"key":"Gambling Chip"},{"floor":6.0,"key":"Singing Bowl"},{"floor":9.0,"key":"Sundial"},{"floor":13.0,"key":"Pantograph"},{"floor":24.0,"key":"Snake Skull"},{"floor":26.0,"key":"Eternal Feather"},{"floor":30.0,"key":"Ninja Scroll"},{"floor":40.0,"key":"Shovel"},{"floor":42.0,"key":"Mango"},{"floor":46.0,"key":"Ice Cream"},{"floor":49.0,"key":"Pocketwatch"},{"floor":55,"key":"Anchor"}],"event_choices":[{"damage_healed":0.0,"max_hp_gain":0.0,"max_hp_loss":0.0,"gold_gain":0.0,"event_name":"Wheel of Change","player_choice":"Relic","floor":3.0,"gold_loss":0.0,"damage_taken":0.0},{"damage_healed":0.0,"max_hp_gain":0.0,"max_hp_loss":0.0,"gold_gain":0.0,"event_name":"Forgotten Altar","player_choice":"Smashed Altar","floor":21.0,"gold_loss":0.0,"damage_taken":0.0,"cards_obtained":["Decay"]},{"damage_healed":0.0,"max_hp_gain":0.0,"max_hp_loss":0.0,"gold_gain":0.0,"event_name":"Accursed Blacksmith","player_choice":"Forge","floor":29.0,"gold_loss":0.0,"damage_taken":0.0,"cards_upgraded":["Crippling Poison"]},{"damage_healed":0.0,"max_hp_gain":0.0,"max_hp_loss":4.0,"gold_gain":0.0,"event_name":"Winding Halls","player_choice":"Max HP","floor":37.0,"gold_loss":0.0,"damage_taken":0.0},{"damage_healed":0.0,"max_hp_gain":0.0,"max_hp_loss":0.0,"gold_gain":0.0,"event_name":"Duplicator","player_choice":"Copied","floor":38.0,"gold_loss":0.0,"damage_taken":0.0,"cards_obtained":["Catalyst"]}],"is_beta":false,"boss_relics":[{"not_picked":["Sozu","Velvet Choker"],"picked":"Snecko Eye"},{"not_picked":["SacredBark","Runic Dome"],"picked":"Cursed Key"}],"items_purged_floors":[8,28,36,54],"is_endless":false,"potions_floor_spawned":[2,6,10,11,13,19,20,30,31,45,46,47,48,55],"ascension_level":20}}