{"host":"szp1d6dso4pv7ddl","time":1613939471,"event":{"mods":["AchievementEnabler","Alarm Clock","BaseMod","Bestiary","Block Reminder","Colored Map","Colored Powertips","Curses Come First","Dark Map","Displayed Cursed Tome","Highlight Path","Minty Spire (QoL Compilation)","Permanent Neow","Quick Restart","Relic Sorter","Relic Stats","StSLib","Synergy Search"],"gold_per_floor":[110,33,45,45,55,55,72,72,72,101,101,172,172,186,186,265,265,279,279,298,48,48,48,48,48,48,48,62,62,82,101,101,101,101],"floor_reached":33,"language":"ENG","playtime":1364,"items_purged":["Strike_R"],"score":540,"play_id":"65038d13-853a-46ea-afc0-f4e6511b0ed2","local_time":"20210221123111","is_ascension_mode":true,"campfire_choices":[{"data":"Shockwave","floor":6.0,"key":"SMITH"},{"data":"Uppercut","floor":8.0,"key":"SMITH"},{"data":"True Grit","floor":13.0,"key":"SMITH"},{"data":"Inflame","floor":15.0,"key":"SMITH"},{"data":"True Grit","floor":23.0,"key":"SMITH"},{"data":"Disarm","floor":29.0,"key":"SMITH"},{"data":"Reaper","floor":32.0,"key":"SMITH"}],"circlet_count":0,"master_deck":["AscendersBane","Strike_R","Strike_R","Strike_R","Defend_R","Defend_R","Defend_R","Defend_R","Bash","Feed","Thunderclap","Inflame+1","Cleave","Shockwave+1","Uppercut+1","True Grit+1","Reaper+1","Spot Weakness+1","True Grit+1","Fiend Fire","Disarm+1"],"relics":["Burning Blood","Shuriken","Paper Frog","Eternal Feather","Sozu","Pear","Kunai"],"acts_visited":["Exordium","TheCity"],"potions_floor_usage":[],"damage_taken":[{"damage":4.0,"enemies":"2 Louse","floor":1.0,"turns":4.0},{"damage":16.0,"enemies":"Jaw Worm","floor":3.0,"turns":5.0},{"damage":1.0,"enemies":"Cultist","floor":5.0,"turns":3.0},{"damage":11.0,"enemies":"Exordium Wildlife","floor":7.0,"turns":4.0},{"damage":24.0,"enemies":"Gremlin Nob","floor":10.0,"turns":4.0},{"damage":9.0,"enemies":"Large Slime","floor":14.0,"turns":5.0},{"damage":51.0,"enemies":"Slime Boss","floor":16.0,"turns":10.0},{"damage":18.0,"enemies":"3 Byrds","floor":18.0,"turns":5.0},{"damage":19.0,"enemies":"Spheric Guardian","floor":20.0,"turns":5.0},{"damage":14.0,"enemies":"3 Cultists","floor":28.0,"turns":4.0},{"damage":27.0,"enemies":"Cultist and Chosen","floor":30.0,"turns":5.0},{"damage":5.0,"enemies":"Snecko","floor":31.0,"turns":6.0},{"damage":113,"enemies":"Automaton","floor":33,"turns":10}],"seed_played":"-7338049143661974168","potions_obtained":[{"floor":3.0,"key":"Swift Potion"},{"floor":7.0,"key":"ColorlessPotion"},{"floor":10.0,"key":"DuplicationPotion"}],"is_trial":false,"path_per_floor":["M","$","M","?","M","R","M","R","T","E","?","T","R","M","R","B",null,"M","?","M","$","T","R","?","?","T","$","M","R","M","M","R","B"],"character_chosen":"IRONCLAD","items_purchased":["Inflame","Fiend Fire"],"campfire_rested":0,"item_purchase_floors":[2,21],"current_hp_per_floor":[73,73,66,66,74,74,72,72,72,54,54,54,63,63,72,27,74,77,77,64,64,74,86,86,55,55,55,74,86,82,86,98,0,0],"gold":101,"neow_bonus":"TRANSFORM_CARD","is_daily":false,"chose_seed":false,"campfire_upgraded":7,"win_rate":0.0,"timestamp":1613939471,"path_taken":["M","$","M","?","M","R","M","R","T","E","?","?","R","M","R","BOSS","M","?","M","?","?","R","?","?","T","$","M","R","M","?","R","BOSS"],"items_purchased_type":["Card","Card"],"build_version":"2020-12-22","purchased_purges":1,"victory":false,"max_hp_per_floor":[78,78,81,81,84,84,87,87,87,87,87,87,87,90,90,90,90,93,93,93,93,103,103,103,108,108,108,111,111,114,117,117,117,117],"relic_stats":{"Sozu":1,"counters":[13,70],"Shuriken":[9],"Eternal Feather":54,"Kunai":[5],"obtain_stats":[{"Sozu":17,"Pear":22,"Shuriken":9,"Eternal Feather":12,"Kunai":26,"Burning Blood":0,"Paper Frog":10},{"Sozu":7,"Pear":9,"Shuriken":4,"Eternal Feather":5,"Kunai":9,"Burning Blood":0,"Paper Frog":5},{"Sozu":35,"Pear":45,"Shuriken":16,"Eternal Feather":20,"Kunai":45,"Burning Blood":0,"Paper Frog":20}],"Burning Blood":72},"card_choices":[{"not_picked":["Flex","Iron Wave"],"picked":"Thunderclap","floor":1.0},{"not_picked":["Armaments","Entrench"],"picked":"Cleave","floor":3.0},{"not_picked":["Havoc","Sword Boomerang"],"picked":"Shockwave","floor":5.0},{"not_picked":["Perfected Strike","Armaments"],"picked":"Uppercut","floor":7.0},{"not_picked":["Body Slam","Blood for Blood"],"picked":"True Grit","floor":10.0},{"not_picked":["Cleave","Second Wind","Warcry"],"picked":"SKIP","floor":14.0},{"not_picked":["Barricade","Brutality"],"picked":"Reaper","floor":16.0},{"not_picked":["Inflame","Dual Wield"],"picked":"Spot Weakness","floor":18.0},{"not_picked":["Spot Weakness","Twin Strike"],"picked":"True Grit","floor":20.0},{"not_picked":["Iron Wave","Reckless Charge"],"picked":"Disarm","floor":28.0},{"not_picked":["Havoc","Iron Wave","Warcry"],"picked":"SKIP","floor":30.0},{"not_picked":["Thunderclap","Armaments","Entrench"],"picked":"SKIP","floor":31.0}],"player_experience":1621883,"relics_obtained":[{"floor":9.0,"key":"Shuriken"},{"floor":10.0,"key":"Paper Frog"},{"floor":12.0,"key":"Eternal Feather"},{"floor":22.0,"key":"Pear"},{"floor":26.0,"key":"Kunai"}],"event_choices":[{"damage_healed":0.0,"max_hp_gain":0.0,"max_hp_loss":0.0,"gold_gain":0.0,"event_name":"Liars Game","player_choice":"Ignored","floor":4.0,"gold_loss":0.0,"damage_taken":0.0},{"damage_healed":0.0,"max_hp_gain":0.0,"max_hp_loss":0.0,"gold_gain":0.0,"event_name":"Shining Light","player_choice":"Ignored","floor":11.0,"gold_loss":0.0,"damage_taken":0.0},{"damage_healed":0.0,"max_hp_gain":0.0,"max_hp_loss":0.0,"gold_gain":0.0,"event_name":"Upgrade Shrine","player_choice":"Upgraded","floor":19.0,"gold_loss":0.0,"damage_taken":0.0,"cards_upgraded":["Spot Weakness"]},{"damage_healed":0.0,"max_hp_gain":0.0,"max_hp_loss":0.0,"gold_gain":0.0,"event_name":"Ghosts","player_choice":"Ignored","floor":24.0,"gold_loss":0.0,"damage_taken":0.0},{"damage_healed":0.0,"max_hp_gain":5.0,"max_hp_loss":0.0,"gold_gain":0.0,"event_name":"Forgotten Altar","player_choice":"Shed Blood","floor":25.0,"gold_loss":0.0,"damage_taken":36.0}],"is_beta":false,"boss_relics":[{"not_picked":["Calling Bell","Runic Dome"],"picked":"Sozu"}],"items_purged_floors":[21],"is_endless":false,"potions_floor_spawned":[3,7,10,28],"killed_by":"Automaton","ascension_level":20}}