{"host":"sxaoifcprvg3ww0o","time":1613924228,"event":{"mods":["ATMod(∞¢Ë™Mod)","Act Like it!","Arknights","BaseMod","Downfall","Gensokyo","GifTheSpireLib","Hermit","KinomotoSakuraMod(ƒæ÷Æ±æ”£)","Marisa£®ÏF”Í°°ƒß¿Ì…≥£©","Minty Spire (QoL Compilation)","Prisma Mod","Quick Restart","Reimu£®≤©¿ˆ¡È√Œ£©","Reliquary","Remilia£®¿Ÿ√◊¿Ú—«£©","Replay The Spire","StSLib","The Alterego","The Senshi","Waifu the Spire","Yakumo Yukari mod","Youmu£®ªÍ∆«—˝√Œ£©","Yuyuko","°æ“≈ŒÔø®≈∆°øREMEMod"],"gold_per_floor":[112,112,128,128,145,180,190,190,190,232,232,249,249,263,263,283,283,283,283],"floor_reached":18,"language":"ZHS","playtime":852,"items_purged":[],"score":218,"play_id":"1f10d7b4-9fbb-4f30-8ed6-2466adc0751c","local_time":"20210222001708","is_ascension_mode":true,"campfire_choices":[{"floor":15.0,"key":"REST"},{"floor":17.0,"key":"REST"}],"circlet_count":0,"master_deck":["AscendersBane","Strike_R","Strike_R","Strike_R","Strike_R","Strike_R","Defend_R","Defend_R","Defend_R","Defend_R","Bash","AT_DivineConfetti","alterego_mod:Support","Demon Form","AT_DiedThrough","Flex","Wild Strike","Clash","Clumsy","Demonic Infusion","Infernal Blade","ReplayTheSpireMod:Strike From Hell","Pain","ReplayTheSpireMod:Limb From Limb","Clash"],"relics":["Burning Blood","REME_ComplimentaryCards","AT_ATBox","Gensokyo:NagashiBinaDoll","Replay:Bottled Flurry","MealTicket"],"acts_visited":["Exordium"],"potions_floor_usage":[18],"damage_taken":[{"damage":17.0,"enemies":"Gensokyo:3_Fairies","floor":1.0,"turns":7.0},{"damage":26.0,"enemies":"Gensokyo:Gryphon","floor":3.0,"turns":4.0},{"damage":0.0,"enemies":"Gensokyo:Python","floor":5.0,"turns":2.0},{"damage":30.0,"enemies":"Gensokyo:Mamizou","floor":6.0,"turns":7.0},{"damage":9.0,"enemies":"Gensokyo:Gryphon_and_Rabbit","floor":7.0,"turns":4.0},{"damage":14.0,"enemies":"Gensokyo:3_Kodama","floor":12.0,"turns":4.0},{"damage":6.0,"enemies":"Gensokyo:VengefulSpirit","floor":14.0,"turns":4.0},{"damage":15.0,"enemies":"Gensokyo:2_Rabbits","floor":16.0,"turns":3.0},{"damage":57,"enemies":"Gensokyo:Yukari","floor":18,"turns":9}],"seed_played":"-2690700375126189323","potions_obtained":[{"floor":1.0,"key":"LiquidBronze"},{"floor":6.0,"key":"Explosive Potion"},{"floor":7.0,"key":"EssenceOfSteel"},{"floor":10.0,"key":"SpeedPotion"},{"floor":12.0,"key":"Milkshake"},{"floor":14.0,"key":"FearPotion"}],"is_trial":false,"path_per_floor":["M","?","M","?","M","E","M","PTL","PTL","?","T","M","?","M","R","M","R","B"],"character_chosen":"IRONCLAD","items_purchased":[],"campfire_rested":2,"item_purchase_floors":[],"current_hp_per_floor":[57,57,37,37,43,19,16,16,16,16,16,8,8,8,30,21,43,0,0],"gold":283,"neow_bonus":"ONE_RANDOM_RARE_CARD","is_daily":false,"chose_seed":false,"campfire_upgraded":0,"win_rate":0.0,"timestamp":1613924228,"path_taken":["M","?","M","?","?","E","M","PTL","PTL","?","T","M","?","M","R","?","R","BOSS"],"items_purchased_type":[],"build_version":"2020-12-22","purchased_purges":0,"victory":false,"max_hp_per_floor":[75,75,75,75,75,75,75,75,75,75,75,75,75,75,75,75,75,75,75],"card_choices":[{"not_picked":["Pommel Strike","Armaments"],"picked":"AT_DiedThrough","floor":1.0},{"not_picked":["Iron Wave","Headbutt"],"picked":"Flex","floor":2.0},{"not_picked":["Sword Boomerang","Whirlwind"],"picked":"Wild Strike","floor":2.0},{"not_picked":["Perfected Strike","Replay:Undeath\u0027s Touch"],"picked":"Clash","floor":3.0},{"not_picked":["Twin Strike","Heavy Blade"],"picked":"Demonic Infusion","floor":5.0},{"not_picked":["Heavy Blade","Carnage"],"picked":"Infernal Blade","floor":6.0},{"not_picked":["Pommel Strike","Iron Wave"],"picked":"ReplayTheSpireMod:Strike From Hell","floor":7.0},{"not_picked":["Havoc","Iron Wave"],"picked":"ReplayTheSpireMod:Limb From Limb","floor":10.0},{"not_picked":["Perfected Strike","Cleave"],"picked":"Clash","floor":10.0},{"not_picked":["Iron Wave","Dropkick","Body Slam"],"picked":"SKIP","floor":12.0},{"not_picked":["ReplayTheSpireMod:Limb From Limb","Run Through","Replay:Undeath\u0027s Touch"],"picked":"SKIP","floor":14.0},{"not_picked":["True Grit","Iron Wave","Body Slam"],"picked":"SKIP","floor":16.0}],"player_experience":595632,"relics_obtained":[{"floor":6.0,"key":"Replay:Bottled Flurry"},{"floor":10.0,"key":"MealTicket"}],"event_choices":[],"is_beta":false,"boss_relics":[],"items_purged_floors":[],"is_endless":false,"potions_floor_spawned":[1,6,7,12,14],"killed_by":"Gensokyo:Yukari","ascension_level":20}}