{"host":"mwb0clku6crgv6yl","time":1613909825,"event":{"mods":["AchievementEnabler","BaseMod","Highlight Path","Minty Spire (QoL Compilation)","StSLib","The Cursed"],"gold_per_floor":[118,118,293,306,22,22,42,61,61,73,3,3,3,13,13,110,110,124,138,138,138],"floor_reached":20,"language":"ZHS","playtime":765,"items_purged":["Doubt"],"score":166,"play_id":"f5ace2d3-308c-4559-a5db-b4ba63d4ff5d","local_time":"20210221201705","is_ascension_mode":false,"campfire_choices":[{"data":"Eruption","floor":6.0,"key":"SMITH"},{"data":"Collect","floor":15.0,"key":"SMITH"}],"circlet_count":0,"master_deck":["Strike_P","Strike_P","Strike_P","Defend_P","Defend_P","Defend_P","Defend_P","Eruption+1","Vigilance","CutThroughFate","BowlingBash","Sanctity","InnerPeace","EmptyMind","MasterReality","Collect+1","Ragnarok"],"relics":["PureWater","NeowsBlessing","Ginger","CaptainsWheel","Velvet Choker"],"acts_visited":["Exordium","TheCity"],"potions_floor_usage":[],"damage_taken":[{"damage":0.0,"enemies":"Small Slimes","floor":1.0,"turns":1.0},{"damage":0.0,"enemies":"2 Louse","floor":4.0,"turns":1.0},{"damage":0.0,"enemies":"Jaw Worm","floor":7.0,"turns":1.0},{"damage":10.0,"enemies":"Large Slime","floor":8.0,"turns":6.0},{"damage":4.0,"enemies":"Exordium Wildlife","floor":10.0,"turns":4.0},{"damage":16.0,"enemies":"Gremlin Gang","floor":14.0,"turns":5.0},{"damage":22.0,"enemies":"Slime Boss","floor":16.0,"turns":9.0},{"damage":28.0,"enemies":"Shell Parasite","floor":18.0,"turns":5.0},{"damage":4.0,"enemies":"Spheric Guardian","floor":19.0,"turns":3.0},{"damage":12,"enemies":"Centurion and Healer","floor":20,"turns":2}],"seed_played":"-8164867145282250304","potions_obtained":[{"floor":4.0,"key":"LiquidBronze"},{"floor":7.0,"key":"SkillPotion"},{"floor":16.0,"key":"SteroidPotion"}],"is_trial":false,"path_per_floor":["M","?","?","M","$","R","M","M","T","M","$","?","?","M","R","B",null,"M","M","M"],"character_chosen":"WATCHER","items_purchased":["Sanctity","InnerPeace","FairyPotion","Collect"],"campfire_rested":0,"item_purchase_floors":[5,5,5,11],"current_hp_per_floor":[72,54,54,54,54,54,54,44,44,40,40,33,33,17,17,17,72,44,40,28,28],"gold":138,"neow_bonus":"THREE_ENEMY_KILL","is_daily":false,"chose_seed":false,"campfire_upgraded":2,"win_rate":0.0,"timestamp":1613909825,"path_taken":["M","?","?","M","?","R","M","M","T","M","$","?","?","M","R","BOSS","M","M","M"],"items_purchased_type":["Card","Card","Potion","Card"],"build_version":"2020-12-22","purchased_purges":1,"victory":false,"max_hp_per_floor":[72,72,72,72,72,72,72,72,72,72,72,72,72,72,72,72,72,72,72,72,72],"card_choices":[{"not_picked":["Halt","CrushJoints"],"picked":"CutThroughFate","floor":1.0},{"not_picked":["Prostrate","JustLucky"],"picked":"BowlingBash","floor":4.0},{"not_picked":["Evaluate","FlurryOfBlows"],"picked":"EmptyMind","floor":7.0},{"not_picked":["Prostrate","ReachHeaven"],"picked":"MasterReality","floor":8.0},{"not_picked":["CutThroughFate","JustLucky","Pray"],"picked":"SKIP","floor":10.0},{"not_picked":["Protect","JustLucky","PathToVictory"],"picked":"SKIP","floor":14.0},{"not_picked":["SpiritShield","Brilliance"],"picked":"Ragnarok","floor":16.0},{"not_picked":["SashWhip","EmptyFist+1","Consecrate"],"picked":"SKIP","floor":18.0},{"not_picked":["Protect","CutThroughFate","Halt"],"picked":"SKIP","floor":19}],"player_experience":369946,"relics_obtained":[{"floor":9.0,"key":"CaptainsWheel"}],"event_choices":[{"damage_healed":0.0,"max_hp_gain":0.0,"max_hp_loss":0.0,"gold_gain":0.0,"event_name":"Scrap Ooze","player_choice":"Success","floor":2.0,"gold_loss":0.0,"damage_taken":18.0,"relics_obtained":["Ginger"]},{"damage_healed":0.0,"max_hp_gain":0.0,"max_hp_loss":0.0,"gold_gain":175.0,"event_name":"Liars Game","player_choice":"AGREE","floor":3.0,"gold_loss":0.0,"damage_taken":0.0,"cards_obtained":["Doubt"]},{"cards_removed":["Strike_P"],"damage_healed":0.0,"max_hp_gain":0.0,"max_hp_loss":0.0,"gold_gain":0.0,"event_name":"Golden Wing","player_choice":"Card Removal","floor":12.0,"gold_loss":0.0,"damage_taken":7.0},{"damage_healed":0.0,"max_hp_gain":0.0,"max_hp_loss":0.0,"gold_gain":0.0,"event_name":"Dead Adventurer","player_choice":"Searched \u00270\u0027 times","floor":13.0,"gold_loss":0.0,"damage_taken":0.0}],"is_beta":false,"boss_relics":[{"not_picked":["Tiny House","Calling Bell"],"picked":"Velvet Choker"}],"items_purged_floors":[5],"is_endless":false,"potions_floor_spawned":[4,7,14,16],"killed_by":"Centurion and Healer","ascension_level":0}}