{"host":"oehe2dxjvdgux73m","time":1613923540,"event":{"mods":["AchievementEnabler","BaseMod","Colored Map","Colored Powertips","DeckTracker","Keyboard Shortcuts","Minty Spire (QoL Compilation)","Permanent Neow","Quick Restart","StSLib","SuperFastMode"],"gold_per_floor":[216,216,216,232,252,158,184,184,184,184,184,184,200,224,224,313,313,274,274,274],"floor_reached":19,"language":"KOR","playtime":342,"items_purged":[],"score":334,"play_id":"5ae5b162-af32-438e-b191-92dbec0cfcf1","local_time":"20210222010540","is_ascension_mode":true,"campfire_choices":[{"floor":10.0,"key":"REST"},{"data":"Neutralize","floor":12.0,"key":"SMITH"},{"data":"Noxious Fumes","floor":15,"key":"SMITH"}],"circlet_count":0,"master_deck":["AscendersBane","Strike_G","Strike_G","Strike_G","Strike_G","Defend_G","Defend_G","Defend_G","Defend_G","Defend_G","Survivor","Neutralize+1","Heel Hook","Noxious Fumes+1","Dagger Spray","Caltrops","Backstab","Terror+1","After Image","Deflect+1"],"relics":["Ring of the Snake","StoneCalendar","Golden Idol","Turnip","Toxic Egg 2","Sozu"],"acts_visited":["Exordium","TheCity"],"potions_floor_usage":[14,16,18],"damage_taken":[{"damage":7.0,"enemies":"Jaw Worm","floor":1.0,"turns":7.0},{"damage":4.0,"enemies":"2 Louse","floor":4.0,"turns":3.0},{"damage":9.0,"enemies":"Small Slimes","floor":5.0,"turns":5.0},{"damage":24.0,"enemies":"Gremlin Nob","floor":7.0,"turns":4.0},{"damage":1.0,"enemies":"Looter","floor":13.0,"turns":3.0},{"damage":3,"enemies":"Blue Slaver","floor":14,"turns":3},{"damage":18,"enemies":"Hexaghost","floor":16,"turns":7},{"damage":22,"enemies":"2 Thieves","floor":18,"turns":5},{"damage":26,"enemies":"Chosen","floor":19,"turns":5}],"seed_played":"4814405365726115710","potions_obtained":[{"floor":1.0,"key":"Weak Potion"},{"floor":7.0,"key":"CunningPotion"},{"floor":14,"key":"DuplicationPotion"},{"floor":16,"key":"Poison Potion"}],"is_trial":false,"path_per_floor":["M","?","?","M","M","$","E","?","T","R","T","R","M","M","R","B",null,"M","M"],"character_chosen":"THE_SILENT","items_purchased":["Caltrops","AttackPotion"],"campfire_rested":1,"item_purchase_floors":[6,6],"current_hp_per_floor":[52,52,45,41,32,32,8,8,8,26,26,26,25,22,22,4,46,24,0,0],"gold":274,"neow_bonus":"HUNDRED_GOLD","is_daily":false,"chose_seed":false,"campfire_upgraded":2,"win_rate":0.0,"timestamp":1613923540,"path_taken":["M","?","?","M","M","$","E","?","T","R","?","R","M","M","R","BOSS","M","M"],"items_purchased_type":["Card","Potion"],"build_version":"2020-12-22","purchased_purges":0,"victory":false,"max_hp_per_floor":[66,66,66,66,66,66,66,60,60,60,60,60,60,60,60,60,60,60,60,60],"card_choices":[{"not_picked":["Backstab","Acrobatics"],"picked":"Heel Hook","floor":1.0},{"not_picked":["Calculated Gamble","Distraction"],"picked":"Noxious Fumes","floor":4.0},{"not_picked":["PiercingWail","Masterful Stab"],"picked":"Dagger Spray","floor":5.0},{"not_picked":["Eviscerate","Dagger Spray"],"picked":"Backstab","floor":7.0},{"not_picked":["Flying Knee","Outmaneuver+1"],"picked":"Terror+1","floor":13.0},{"not_picked":["Flying Knee","Dagger Spray","Dagger Throw"],"picked":"SKIP","floor":14},{"not_picked":["A Thousand Cuts","Envenom"],"picked":"After Image","floor":16},{"not_picked":["Bane","Noxious Fumes"],"picked":"Deflect+1","floor":18}],"player_experience":488967,"relics_obtained":[{"floor":7.0,"key":"StoneCalendar"},{"floor":9.0,"key":"Turnip"},{"floor":11.0,"key":"Toxic Egg 2"}],"event_choices":[{"damage_healed":0.0,"max_hp_gain":0.0,"max_hp_loss":0.0,"gold_gain":0.0,"event_name":"Scrap Ooze","player_choice":"Fled","floor":2.0,"gold_loss":0.0,"damage_taken":0.0},{"cards_removed":["Strike_G"],"damage_healed":0.0,"max_hp_gain":0.0,"max_hp_loss":0.0,"gold_gain":0.0,"event_name":"Golden Wing","player_choice":"Card Removal","floor":3.0,"gold_loss":0.0,"damage_taken":7.0},{"damage_healed":0.0,"max_hp_gain":0.0,"max_hp_loss":6.0,"gold_gain":0.0,"event_name":"Golden Idol","player_choice":"Lose Max HP","floor":8.0,"gold_loss":0.0,"damage_taken":0.0,"relics_obtained":["Golden Idol"]}],"is_beta":false,"boss_relics":[{"not_picked":["Runic Dome","Snecko Eye"],"picked":"Sozu"}],"items_purged_floors":[],"is_endless":false,"potions_floor_spawned":[1,7,14,16,18],"killed_by":"Chosen","ascension_level":20}}