{"host":"q9718omregw4er46","time":1613892888,"event":{"mods":["BaseMod","Bestiary","Colored Powertips","Custom Start","Minty Spire (QoL Compilation)","Quick Restart","Relic Stats"],"gold_per_floor":[109,124,139,139,155,188,188,188,188],"floor_reached":8,"language":"ENG","playtime":269,"items_purged":[],"score":116,"play_id":"f65cfe4f-b565-471a-8291-9631788db219","local_time":"20210221123448","is_ascension_mode":true,"campfire_choices":[{"floor":7,"key":"REST"}],"circlet_count":0,"master_deck":["AscendersBane","Strike_P","Strike_P","Strike_P","Defend_P","Defend_P","Defend_P","Defend_P","Eruption","Vigilance","CutThroughFate","BowlingBash","FlurryOfBlows","Wireheading"],"relics":["PureWater","StoneCalendar","Juzu Bracelet"],"acts_visited":["Exordium"],"potions_floor_usage":[6,8],"damage_taken":[{"damage":2,"enemies":"2 Louse","floor":1,"turns":3},{"damage":0,"enemies":"Small Slimes","floor":2,"turns":2},{"damage":0,"enemies":"Cultist","floor":3,"turns":2},{"damage":0,"enemies":"Large Slime","floor":5,"turns":4},{"damage":22,"enemies":"3 Sentries","floor":6,"turns":6},{"damage":42,"enemies":"Lagavulin","floor":8,"turns":4}],"seed_played":"6978532808877718277","potions_obtained":[{"floor":1,"key":"SpeedPotion"},{"floor":3,"key":"Fire Potion"}],"is_trial":false,"path_per_floor":["M","M","M","?","M","E","R","E"],"character_chosen":"WATCHER","items_purchased":[],"campfire_rested":1,"item_purchase_floors":[],"current_hp_per_floor":[41,41,41,34,34,12,32,0,0],"gold":188,"neow_bonus":"ONE_RARE_RELIC","is_daily":false,"chose_seed":false,"campfire_upgraded":0,"win_rate":0.0,"timestamp":1613892888,"path_taken":["M","M","M","?","M","E","R","E"],"items_purchased_type":[],"build_version":"2020-12-22","purchased_purges":0,"victory":false,"max_hp_per_floor":[68,68,68,68,68,68,68,68,68],"relic_stats":{"counters":[6,21],"StoneCalendar":[0],"Juzu Bracelet":0,"obtain_stats":[{"StoneCalendar":0,"Juzu Bracelet":6,"PureWater":0},{"StoneCalendar":0,"Juzu Bracelet":5,"PureWater":0},{"StoneCalendar":0,"Juzu Bracelet":17,"PureWater":0}]},"card_choices":[{"not_picked":["WaveOfTheHand","Protect"],"picked":"CutThroughFate","floor":1},{"not_picked":["LikeWater","JustLucky","PathToVictory"],"picked":"SKIP","floor":2},{"not_picked":["ClearTheMind","Protect"],"picked":"BowlingBash","floor":3},{"not_picked":["Sanctity","BowlingBash"],"picked":"FlurryOfBlows","floor":5},{"not_picked":["Establishment","Adaptation"],"picked":"Wireheading","floor":6}],"player_experience":825240,"relics_obtained":[{"floor":6,"key":"Juzu Bracelet"}],"event_choices":[{"cards_removed":["Strike_P"],"damage_healed":0,"gold_gain":0,"player_choice":"Card Removal","damage_taken":7,"max_hp_gain":0,"max_hp_loss":0,"event_name":"Golden Wing","floor":4,"gold_loss":0}],"is_beta":false,"boss_relics":[],"items_purged_floors":[],"is_endless":false,"potions_floor_spawned":[1,3],"killed_by":"Lagavulin","ascension_level":20}}