{"host":"pqs17sqrgflf4eqa","time":1613921762,"event":{"mods":["AchievementEnabler","BaseMod","Bestiary","Better Altar","Better Match","Better Sensory Stone","Better Skull","Better Third Choice","Block Reminder","Bossed Relics","Colored Map","Colored Powertips","Curses Come First","Dark Map","DeckTracker","Defective Defect","Displayed Cursed Tome","Emptier Cage","Googly Eyes","Highlight Path","Minty Spire (QoL Compilation)","Permanent Neow","Poor People Problems","Quick Restart","Slay-I","StSLib","SuperFastMode","Synergy Search","Thieving Mod","Transform Curses","everything is the same but u backflip on backflip","slay the spire mod where everything is the same but ironclad has a cowboy hat"],"gold_per_floor":[20,20,31,45,45,71,83,83,158,108,108,143,156,233,233,330,330,340,340,354,110,128,160,35,65,65,100,100,100,100,118,118,213,213,226,19,241,241,257,286,286,311,311,328,328,362,362,373,373,373],"floor_reached":51,"language":"ENG","playtime":1524,"items_purged":["Strike_P"],"score":944,"play_id":"50a5017c-e41c-41ad-b8cf-7c38e8c82db9","local_time":"20210221103602","is_ascension_mode":true,"campfire_choices":[{"data":"Eruption","floor":8.0,"key":"SMITH"},{"data":"WheelKick","floor":11.0,"key":"SMITH"},{"data":"SandsOfTime","floor":15.0,"key":"SMITH"},{"floor":30.0,"key":"REST"},{"floor":32.0,"key":"REST"},{"floor":41.0,"key":"REST"},{"floor":45.0,"key":"REST"},{"data":"1","floor":49,"key":"LIFT"}],"circlet_count":0,"master_deck":["Strike_P","Strike_P","Defend_P","Defend_P","Defend_P","Eruption+1","Vigilance+1","Wallop","FlurryOfBlows","Consecrate","SandsOfTime+1","WheelKick+1","BattleHymn","Conclude","DevaForm","Crescendo+1","Discovery","Vault","Vault+1","CutThroughFate","Halt","FlurryOfBlows+1"],"relics":["PureWater","Incense Burner","CaptainsWheel","Boot","Kunai","Centennial Puzzle","Busted Crown","Toolbox","Lizard Tail","Dead Branch","Damaru","Red Mask","Black Star","Orichalcum","Mummified Hand","Omamori","Pocketwatch","Prayer Wheel","Girya","War Paint","Ornamental Fan","Letter Opener"],"acts_visited":["Exordium","TheCity","TheBeyond"],"potions_floor_usage":[46,50,50],"damage_taken":[{"damage":8.0,"enemies":"Small Slimes","floor":1.0,"turns":4.0},{"damage":0.0,"enemies":"Cultist","floor":3.0,"turns":3.0},{"damage":0.0,"enemies":"2 Louse","floor":4.0,"turns":2.0},{"damage":4.0,"enemies":"Gremlin Nob","floor":6.0,"turns":4.0},{"damage":0.0,"enemies":"Large Slime","floor":7.0,"turns":3.0},{"damage":0.0,"enemies":"3 Sentries","floor":12.0,"turns":3.0},{"damage":0.0,"enemies":"3 Louse","floor":13.0,"turns":2.0},{"damage":9.0,"enemies":"Hexaghost","floor":16.0,"turns":4.0},{"damage":5.0,"enemies":"3 Byrds","floor":18.0,"turns":4.0},{"damage":2.0,"enemies":"Chosen","floor":20.0,"turns":3.0},{"damage":10.0,"enemies":"Shelled Parasite and Fungi","floor":22.0,"turns":3.0},{"damage":25.0,"enemies":"Book of Stabbing","floor":23.0,"turns":4.0},{"damage":22.0,"enemies":"Slavers","floor":25.0,"turns":2.0},{"damage":0.0,"enemies":"Masked Bandits","floor":27.0,"turns":2.0},{"damage":0.0,"enemies":"Gremlin Leader","floor":29.0,"turns":2.0},{"damage":6.0,"enemies":"Snake Plant","floor":31.0,"turns":2.0},{"damage":0.0,"enemies":"Automaton","floor":33.0,"turns":8.0},{"damage":0.0,"enemies":"Orb Walker","floor":35.0,"turns":3.0},{"damage":0.0,"enemies":"3 Shapes","floor":39.0,"turns":4.0},{"damage":60.0,"enemies":"Nemesis","floor":40.0,"turns":4.0},{"damage":5.0,"enemies":"Giant Head","floor":42.0,"turns":7.0},{"damage":0.0,"enemies":"Spire Growth","floor":44.0,"turns":4.0},{"damage":0,"enemies":"Reptomancer","floor":46,"turns":5},{"damage":5,"enemies":"4 Shapes","floor":48,"turns":3},{"damage":14,"enemies":"Time Eater","floor":50,"turns":9}],"seed_played":"-8435900648769370054","potions_obtained":[{"floor":1.0,"key":"Weak Potion"},{"floor":4.0,"key":"Explosive Potion"},{"floor":12.0,"key":"GamblersBrew"},{"floor":13.0,"key":"Energy Potion"},{"floor":20.0,"key":"Strength Potion"},{"floor":23.0,"key":"SmokeBomb"},{"floor":39.0,"key":"Dexterity Potion"},{"floor":44.0,"key":"DistilledChaos"},{"floor":46,"key":"SkillPotion"}],"is_trial":false,"path_per_floor":["M","?","M","M","$","E","M","R","T","?","R","E","M","?","R","B",null,"M","?","M","$","M","E","$","E","T","?","?","E","R","M","R","B",null,"M","$","?","?","M","E","R","E","T","M","R","E","T","M","R","B",null],"character_chosen":"WATCHER","items_purchased":["Toolbox","Discovery","Energy Potion","Halt","Orichalcum"],"campfire_rested":4,"item_purchase_floors":[21,21,24,36,36],"current_hp_per_floor":[64,64,64,64,64,60,60,60,60,60,60,60,60,60,60,51,72,67,72,70,70,60,35,35,13,13,13,4,4,25,19,40,40,72,72,72,72,72,72,12,33,28,28,28,49,49,49,44,44,30],"gold":373,"neow_bonus":"ONE_RARE_RELIC","is_daily":false,"chose_seed":false,"campfire_upgraded":3,"win_rate":0.0,"timestamp":1613921762,"path_taken":["M","?","?","M","$","E","M","R","T","?","R","E","M","?","R","BOSS","M","?","M","$","?","E","$","E","T","?","?","E","R","M","R","BOSS","M","$","?","?","M","E","R","E","T","?","R","E","?","M","R","BOSS"],"items_purchased_type":["Relic","Card","Potion","Card","Relic"],"build_version":"2020-12-22","purchased_purges":1,"victory":true,"max_hp_per_floor":[72,72,72,72,72,72,72,72,72,72,72,72,72,72,72,72,72,72,72,72,72,72,72,72,72,72,72,72,72,72,72,72,72,72,72,72,72,72,72,72,72,72,72,72,72,72,72,72,72,72],"card_choices":[{"not_picked":["ReachHeaven","ThirdEye"],"picked":"Wallop","floor":1.0},{"not_picked":["ClearTheMind","SashWhip"],"picked":"FlurryOfBlows","floor":3.0},{"not_picked":["MentalFortress","WindmillStrike"],"picked":"Consecrate","floor":4.0},{"not_picked":["WreathOfFlame","EmptyMind"],"picked":"SandsOfTime","floor":6.0},{"not_picked":["CutThroughFate","ClearTheMind"],"picked":"WheelKick","floor":7.0},{"not_picked":["Wallop","Wish"],"picked":"BattleHymn","floor":12.0},{"not_picked":["JustLucky","EmptyBody"],"picked":"Conclude","floor":13.0},{"not_picked":["Wish","Establishment"],"picked":"DevaForm","floor":16.0},{"not_picked":[],"picked":"Crescendo+1","floor":18.0},{"not_picked":["Nirvana"],"picked":"SKIP","floor":20.0},{"not_picked":["FlyingSleeves"],"picked":"SKIP","floor":22.0},{"not_picked":["Consecrate"],"picked":"SKIP","floor":23.0},{"not_picked":["Prostrate"],"picked":"SKIP","floor":25.0},{"not_picked":[],"picked":"Vault","floor":27.0},{"not_picked":["EmptyFist"],"picked":"SKIP","floor":31.0},{"not_picked":[],"picked":"Vault","floor":33.0},{"not_picked":[],"picked":"CutThroughFate","floor":35.0},{"not_picked":[],"picked":"FlurryOfBlows+1","floor":39.0},{"not_picked":["Study"],"picked":"SKIP","floor":40.0},{"not_picked":["Crescendo+1"],"picked":"SKIP","floor":42.0},{"not_picked":["CrushJoints+1"],"picked":"SKIP","floor":44.0},{"not_picked":["SandsOfTime"],"picked":"SKIP","floor":44.0},{"not_picked":["Adaptation"],"picked":"SKIP","floor":46},{"not_picked":["EmptyFist+1"],"picked":"SKIP","floor":48},{"not_picked":["FlyingSleeves"],"picked":"SKIP","floor":48}],"player_experience":150233,"relics_obtained":[{"floor":2.0,"key":"CaptainsWheel"},{"floor":6.0,"key":"Boot"},{"floor":9.0,"key":"Kunai"},{"floor":12.0,"key":"Centennial Puzzle"},{"floor":23.0,"key":"Lizard Tail"},{"floor":25.0,"key":"Dead Branch"},{"floor":26.0,"key":"Damaru"},{"floor":27.0,"key":"Red Mask"},{"floor":40.0,"key":"Mummified Hand"},{"floor":40.0,"key":"Omamori"},{"floor":42.0,"key":"Pocketwatch"},{"floor":42.0,"key":"Prayer Wheel"},{"floor":43.0,"key":"Girya"},{"floor":46,"key":"War Paint"},{"floor":46,"key":"Ornamental Fan"},{"floor":47,"key":"Letter Opener"}],"event_choices":[{"damage_healed":0.0,"max_hp_gain":0.0,"max_hp_loss":0.0,"gold_gain":0.0,"event_name":"Wheel of Change","player_choice":"Relic","floor":2.0,"gold_loss":0.0,"damage_taken":0.0},{"cards_removed":["Defend_P"],"damage_healed":0.0,"max_hp_gain":0.0,"max_hp_loss":0.0,"gold_gain":0.0,"event_name":"The Cleric","player_choice":"Card Removal","floor":10.0,"gold_loss":50.0,"damage_taken":0.0},{"damage_healed":0.0,"max_hp_gain":0.0,"max_hp_loss":0.0,"gold_gain":77.0,"event_name":"Golden Wing","player_choice":"Gained Gold","floor":14.0,"gold_loss":0.0,"damage_taken":0.0},{"damage_healed":5.0,"max_hp_gain":0.0,"max_hp_loss":0.0,"gold_gain":0.0,"event_name":"Wheel of Change","player_choice":"Full Heal","floor":19.0,"gold_loss":0.0,"damage_taken":0.0},{"damage_healed":0.0,"max_hp_gain":0.0,"max_hp_loss":0.0,"gold_gain":0.0,"event_name":"Masked Bandits","player_choice":"Fought Bandits","floor":27.0,"gold_loss":0.0,"damage_taken":0.0},{"damage_healed":0.0,"max_hp_gain":0.0,"max_hp_loss":0.0,"gold_gain":0.0,"event_name":"Cursed Tome","player_choice":"Stopped","floor":28.0,"gold_loss":0.0,"damage_taken":9.0},{"damage_healed":0.0,"max_hp_gain":0.0,"max_hp_loss":0.0,"gold_gain":222.0,"event_name":"Tomb of Lord Red Mask","player_choice":"Wore Mask","floor":37.0,"gold_loss":0.0,"damage_taken":0.0},{"cards_removed":["Strike_P"],"damage_healed":0.0,"max_hp_gain":0.0,"max_hp_loss":0.0,"gold_gain":0.0,"event_name":"Wheel of Change","player_choice":"Card Removal","floor":38.0,"gold_loss":0.0,"damage_taken":0.0}],"is_beta":false,"boss_relics":[{"not_picked":["SlaversCollar","Ectoplasm"],"picked":"Busted Crown"},{"not_picked":["VioletLotus","Sozu"],"picked":"Black Star"}],"items_purged_floors":[24],"is_endless":false,"potions_floor_spawned":[1,4,12,13,20,23,29,39,44,46],"ascension_level":1}}