{"host":"tlbbab9afexrkdtf","time":1613943778,"event":{"mods":["2.2 Compatiblity","AchievementEnabler","BaseMod","Colored Map","Colored Powertips","Minty Spire (QoL Compilation)","Rare Cards Sparkle","StSLib"],"gold_per_floor":[115,28,28,39,5,5,40,51,99,99,69,84,104,115,115,115,115],"floor_reached":16,"language":"ENG","playtime":469,"items_purged":[],"score":128,"play_id":"ea99f081-b544-4288-8a6a-1fde3ddebfb4","local_time":"20210221164258","is_ascension_mode":true,"campfire_choices":[{"data":"Dark Embrace","floor":6,"key":"SMITH"},{"floor":10,"key":"REST"},{"floor":15,"key":"REST"}],"circlet_count":0,"master_deck":["Strike_R","Strike_R","Strike_R","Strike_R","Strike_R","Defend_R","Defend_R","Defend_R","Defend_R","Bash","Thunderclap","Dark Embrace+1","True Grit","Sentinel","Rampage","Warcry","Metallicize","Wild Strike","Warcry","Armaments"],"relics":["Burning Blood","Happy Flower","Anchor"],"acts_visited":["Exordium"],"potions_floor_usage":[7,12,16,16],"damage_taken":[{"damage":11,"enemies":"Jaw Worm","floor":1,"turns":4},{"damage":11,"enemies":"Cultist","floor":4,"turns":4},{"damage":62,"enemies":"Lagavulin","floor":7,"turns":10},{"damage":5,"enemies":"Small Slimes","floor":8,"turns":3},{"damage":15,"enemies":"Gremlin Gang","floor":12,"turns":4},{"damage":12,"enemies":"Exordium Thugs","floor":13,"turns":6},{"damage":9,"enemies":"Exordium Wildlife","floor":14,"turns":5},{"damage":62,"enemies":"Hexaghost","floor":16,"turns":11}],"seed_played":"-8019611737102083227","potions_obtained":[{"floor":4,"key":"LiquidBronze"},{"floor":8,"key":"Fire Potion"},{"floor":11,"key":"Swift Potion"},{"floor":11,"key":"ElixirPotion"},{"floor":12,"key":"PowerPotion"}],"is_trial":false,"path_per_floor":["M","$","?","M","$","R","E","M","T","R","?","M","M","M","R","B"],"character_chosen":"IRONCLAD","items_purchased":["Dark Embrace","True Grit","Rampage"],"campfire_rested":2,"item_purchase_floors":[2,2,5],"current_hp_per_floor":[83,83,83,78,78,78,22,23,23,49,49,40,34,31,57,0,0],"gold":115,"neow_bonus":"TEN_PERCENT_HP_BONUS","is_daily":false,"chose_seed":false,"campfire_upgraded":1,"win_rate":0.0,"timestamp":1613943778,"path_taken":["M","$","?","M","?","R","E","M","T","R","?","M","?","M","R","BOSS"],"items_purchased_type":["Card","Card","Card"],"build_version":"2020-12-22","purchased_purges":0,"victory":false,"max_hp_per_floor":[88,88,88,88,88,88,88,88,88,88,88,88,88,88,88,88,88],"card_choices":[{"not_picked":["Dual Wield","Clash"],"picked":"Thunderclap","floor":1},{"not_picked":["Flame Barrier","Pommel Strike"],"picked":"Sentinel","floor":4},{"not_picked":["Sword Boomerang","Iron Wave"],"picked":"Warcry","floor":7},{"not_picked":["Rage","Searing Blow"],"picked":"Metallicize","floor":8},{"not_picked":["Body Slam","Hemokinesis"],"picked":"Wild Strike","floor":12},{"not_picked":["Twin Strike","Heavy Blade"],"picked":"Warcry","floor":13},{"not_picked":["Clash","Feel No Pain"],"picked":"Armaments","floor":14}],"player_experience":349189,"relics_obtained":[{"floor":7,"key":"Happy Flower"},{"floor":9,"key":"Anchor"}],"event_choices":[{"damage_healed":0,"gold_gain":0,"player_choice":"Ignored","damage_taken":0,"max_hp_gain":0,"max_hp_loss":0,"event_name":"WeMeetAgain","floor":3,"gold_loss":0},{"damage_healed":0,"gold_gain":0,"player_choice":"Bought 2 Potions","damage_taken":0,"max_hp_gain":0,"max_hp_loss":0,"event_name":"The Woman in Blue","floor":11,"gold_loss":0}],"is_beta":false,"boss_relics":[],"items_purged_floors":[],"is_endless":false,"potions_floor_spawned":[4,8,12],"killed_by":"Hexaghost","ascension_level":5}}