{"host":"or8fr2mp0k3eluj8","time":1613919731,"event":{"mods":["AchievementEnabler","BaseMod","Colored Map","DeckTracker","Keyboard Shortcuts","Minty Spire (QoL Compilation)","StSLib","SuperFastMode","everything is the same but u backflip on backflip"],"gold_per_floor":[111,131,231,248,260,260,291,291,291,302,322,337,363,380,380,479,479,499,499,513,523,6,38,38,50,50,50,50,50,85,97,97,199,199,215,229,279,25,25,36,70,70,70],"floor_reached":42,"language":"KOR","playtime":2102,"items_purged":["Defend_R","Strike_R"],"score":665,"play_id":"3f7047a8-57ff-4133-b1f9-e1f74cf19f2c","local_time":"20210222000211","is_ascension_mode":true,"campfire_choices":[{"data":"Wild Strike","floor":6,"key":"SMITH"},{"data":"Inflame","floor":8,"key":"SMITH"},{"data":"Battle Trance","floor":15,"key":"SMITH"},{"floor":24,"key":"REST"},{"data":"Berserk","floor":27,"key":"SMITH"},{"data":"Fire Breathing","floor":29,"key":"SMITH"},{"floor":32,"key":"REST"}],"circlet_count":0,"master_deck":["Strike_R","Defend_R","Defend_R+1","Defend_R","Bash","Twin Strike","Battle Trance+1","Wild Strike+1","Seeing Red+1","Inflame+1","Armaments+1","Fire Breathing+1","Flex+1","Berserk+1","Flame Barrier+1","True Grit+1","Battle Trance+1","Warcry+1","Evolve+1","Feel No Pain","Power Through+1","Shrug It Off+1","Fiend Fire","Combust","Rupture","Warcry+1","Reaper","Decay","Sentinel+1"],"relics":["Burning Blood","NeowsBlessing","Mummified Hand","Toxic Egg 2","Meat on the Bone","Astrolabe","Happy Flower","Incense Burner","War Paint","Mango","CaptainsWheel","Philosopher\u0027s Stone","Girya","Anchor"],"acts_visited":["Exordium","TheCity","TheBeyond"],"potions_floor_usage":[7,16,16,21,23,25,30,30,41,41],"damage_taken":[{"damage":0,"enemies":"2 Louse","floor":1,"turns":1},{"damage":0,"enemies":"Cultist","floor":2,"turns":1},{"damage":0,"enemies":"Jaw Worm","floor":4,"turns":1},{"damage":10,"enemies":"2 Fungi Beasts","floor":5,"turns":3},{"damage":16,"enemies":"Gremlin Nob","floor":7,"turns":3},{"damage":5,"enemies":"Gremlin Gang","floor":10,"turns":5},{"damage":0,"enemies":"Large Slime","floor":11,"turns":1},{"damage":0,"enemies":"2 Fungi Beasts","floor":12,"turns":2},{"damage":10,"enemies":"3 Sentries","floor":13,"turns":4},{"damage":15,"enemies":"Lots of Slimes","floor":14,"turns":3},{"damage":0,"enemies":"Slime Boss","floor":16,"turns":5},{"damage":0,"enemies":"3 Byrds","floor":18,"turns":1},{"damage":0,"enemies":"Chosen","floor":20,"turns":4},{"damage":39,"enemies":"Snake Plant","floor":21,"turns":4},{"damage":50,"enemies":"Gremlin Leader","floor":23,"turns":6},{"damage":29,"enemies":"Centurion and Healer","floor":25,"turns":4},{"damage":42,"enemies":"Slavers","floor":30,"turns":5},{"damage":10,"enemies":"Snecko","floor":31,"turns":5},{"damage":23,"enemies":"Champ","floor":33,"turns":10},{"damage":20,"enemies":"3 Darklings","floor":35,"turns":4},{"damage":2,"enemies":"Orb Walker","floor":36,"turns":3},{"damage":19,"enemies":"Mind Bloom Boss Battle","floor":37,"turns":6},{"damage":20,"enemies":"Sphere and 2 Shapes","floor":40,"turns":7},{"damage":114,"enemies":"Reptomancer","floor":41,"turns":7},{"damage":73,"enemies":"Transient","floor":42,"turns":4}],"seed_played":"5191304281791824665","potions_obtained":[{"floor":1,"key":"BlessingOfTheForge"},{"floor":10,"key":"EntropicBrew"},{"floor":11,"key":"Fire Potion"},{"floor":16,"key":"Regen Potion"},{"floor":21,"key":"LiquidMemories"},{"floor":23,"key":"AttackPotion"},{"floor":25,"key":"Strength Potion"},{"floor":37,"key":"Regen Potion"},{"floor":40,"key":"FairyPotion"}],"is_trial":false,"path_per_floor":["M","M","?","M","M","R","E","R","T","M","M","M","E","M","R","B",null,"M","?","M","M","$","E","R","M","T","R","?","R","E","M","R","B",null,"M","M","?","$","?","M","E","M"],"character_chosen":"IRONCLAD","items_purchased":["Happy Flower","Incense Burner","Reaper"],"campfire_rested":2,"item_purchase_floors":[22,22,38],"current_hp_per_floor":[80,80,80,80,76,76,66,66,66,67,73,79,75,66,66,72,78,80,80,80,52,52,20,44,33,47,47,47,47,23,31,59,54,84,70,74,61,61,61,55,27,0,0],"gold":70,"neow_bonus":"THREE_ENEMY_KILL","is_daily":false,"chose_seed":false,"campfire_upgraded":5,"win_rate":0.0,"timestamp":1613919731,"path_taken":["M","M","?","M","M","R","E","R","T","M","M","?","E","?","R","BOSS","M","?","M","M","$","E","R","M","T","R","?","R","E","M","R","BOSS","M","?","?","$","?","?","E","M"],"items_purchased_type":["Relic","Relic","Card"],"build_version":"2020-12-22","purchased_purges":2,"victory":false,"max_hp_per_floor":[80,80,80,80,80,80,80,80,80,80,80,80,80,80,80,80,80,80,80,80,80,80,80,80,80,94,94,94,94,94,94,94,94,94,94,94,94,94,94,94,94,94,94],"card_choices":[{"not_picked":["Sever Soul","Dark Embrace"],"picked":"Twin Strike","floor":1},{"not_picked":["Havoc","Clothesline"],"picked":"Battle Trance","floor":2},{"not_picked":["Heavy Blade","Metallicize"],"picked":"Wild Strike","floor":4},{"not_picked":["Clash","Infernal Blade"],"picked":"Seeing Red","floor":5},{"not_picked":["Body Slam","Pommel Strike"],"picked":"Inflame","floor":7},{"not_picked":["Clothesline","Body Slam"],"picked":"Armaments+1","floor":10},{"not_picked":["Sword Boomerang","Dual Wield+1","Anger"],"picked":"SKIP","floor":11},{"not_picked":["Sword Boomerang","Twin Strike"],"picked":"Fire Breathing","floor":12},{"not_picked":["Blood for Blood","Burning Pact+1"],"picked":"Flex+1","floor":13},{"not_picked":["Iron Wave","Havoc+1","Pummel"],"picked":"SKIP","floor":14},{"not_picked":["Limit Break+1","Impervious+1"],"picked":"Berserk","floor":16},{"not_picked":["Pommel Strike","Iron Wave"],"picked":"Warcry+1","floor":18},{"not_picked":["Cleave","Clothesline+1"],"picked":"Evolve+1","floor":20},{"not_picked":["Pommel Strike+1","True Grit+1","Bloodletting+1"],"picked":"SKIP","floor":21},{"not_picked":["Armaments+1","Impervious+1","Cleave"],"picked":"SKIP","floor":23},{"not_picked":["Body Slam+1","Whirlwind"],"picked":"Feel No Pain","floor":25},{"not_picked":["Infernal Blade+1","Clothesline"],"picked":"Power Through+1","floor":30},{"not_picked":["Twin Strike+1","Heavy Blade+1"],"picked":"Shrug It Off+1","floor":31},{"not_picked":["Juggernaut","Berserk"],"picked":"Fiend Fire","floor":33},{"not_picked":["Cleave+1","Flex+1"],"picked":"Combust","floor":35},{"not_picked":["Whirlwind","Armaments+1"],"picked":"Rupture","floor":36},{"not_picked":["Armaments+1","Flex+1"],"picked":"Warcry+1","floor":37},{"not_picked":["Pummel","Anger"],"picked":"Sentinel+1","floor":40},{"not_picked":["True Grit+1","Sword Boomerang+1","Flex+1"],"picked":"SKIP","floor":41}],"player_experience":426118,"relics_obtained":[{"floor":7,"key":"Mummified Hand"},{"floor":9,"key":"Toxic Egg 2"},{"floor":13,"key":"Meat on the Bone"},{"floor":23,"key":"War Paint"},{"floor":26,"key":"Mango"},{"floor":30,"key":"CaptainsWheel"},{"floor":37,"key":"Girya"},{"floor":41,"key":"Anchor"}],"event_choices":[{"damage_healed":0,"gold_gain":100,"player_choice":"Pray","damage_taken":0,"max_hp_gain":0,"max_hp_loss":0,"event_name":"Golden Shrine","floor":3,"gold_loss":0},{"damage_healed":0,"gold_gain":0,"player_choice":"Ignored","damage_taken":0,"max_hp_gain":0,"max_hp_loss":0,"event_name":"Vampires","floor":19,"gold_loss":0},{"damage_healed":0,"gold_gain":0,"player_choice":"Ignored","damage_taken":0,"max_hp_gain":0,"max_hp_loss":0,"event_name":"NoteForYourself","floor":28,"gold_loss":0},{"damage_healed":0,"gold_gain":0,"player_choice":"Fight","damage_taken":0,"max_hp_gain":0,"max_hp_loss":0,"event_name":"MindBloom","floor":37,"gold_loss":0},{"damage_healed":0,"gold_gain":0,"player_choice":"Cursed","damage_taken":0,"max_hp_gain":0,"max_hp_loss":0,"event_name":"Wheel of Change","floor":39,"gold_loss":0,"cards_obtained":["Decay"]}],"is_beta":false,"boss_relics":[{"not_picked":["Cursed Key","Busted Crown"],"picked":"Astrolabe"},{"not_picked":["Black Blood","Fusion Hammer"],"picked":"Philosopher\u0027s Stone"}],"items_purged_floors":[22,38],"is_endless":false,"potions_floor_spawned":[1,10,11,16,21,23,25,37,40],"killed_by":"Transient","ascension_level":5}}