{"host":"22njw49i2r7r2wa8","time":1613895239,"event":{"mods":["2.2 Compatiblity","BaseMod","Colored Map","Minty Spire (QoL Compilation)"],"gold_per_floor":[112,131,131,3,103,103,116,173,173,173,186,199,224,239,239,341,341,356,281,292,310,320,352,352,381,406,421,435,435,465,380,380,380,380],"floor_reached":33,"language":"ENG","playtime":4191,"items_purged":["Parasite"],"score":532,"play_id":"2a9c7324-350e-4f3b-ae1b-366f0954cdb7","local_time":"20210221001359","is_ascension_mode":true,"campfire_choices":[{"data":"Cloak And Dagger","floor":6,"key":"SMITH"},{"data":"Infinite Blades","floor":15,"key":"SMITH"},{"floor":29,"key":"REST"},{"data":"Calculated Gamble","floor":32,"key":"SMITH"}],"circlet_count":0,"master_deck":["Strike_G+1","Strike_G+1","Strike_G","Strike_G","Strike_G","Defend_G","Defend_G","Defend_G","Defend_G","Defend_G","Survivor","Neutralize","Dagger Spray","Accuracy","Cloak And Dagger+1","Calculated Gamble+1","Neutralize","After Image","Infinite Blades+1","Accuracy","Adrenaline","Blade Dance","Cloak And Dagger","Blade Dance+1"],"relics":["Ring of the Snake","FossilizedHelix","Mercury Hourglass","Whetstone","Orichalcum","SlaversCollar","Art of War","Happy Flower","Akabeko","Singing Bowl","StrikeDummy"],"acts_visited":["Exordium","TheCity"],"potions_floor_usage":[8,8,13,13,16,21,21,21,22,22,25,30],"damage_taken":[{"damage":0,"enemies":"2 Louse","floor":1,"turns":4},{"damage":0,"enemies":"Cultist","floor":2,"turns":4},{"damage":0,"enemies":"Small Slimes","floor":7,"turns":2},{"damage":0,"enemies":"Lagavulin Event","floor":8,"turns":4},{"damage":0,"enemies":"Looter","floor":11,"turns":3},{"damage":0,"enemies":"Lots of Slimes","floor":12,"turns":2},{"damage":0,"enemies":"Gremlin Nob","floor":13,"turns":3},{"damage":0,"enemies":"Blue Slaver","floor":14,"turns":3},{"damage":0,"enemies":"Slime Boss","floor":16,"turns":7},{"damage":0,"enemies":"Chosen","floor":18,"turns":4},{"damage":0,"enemies":"Spheric Guardian","floor":20,"turns":3},{"damage":0,"enemies":"Shelled Parasite and Fungi","floor":21,"turns":7},{"damage":0,"enemies":"Cultist and Chosen","floor":22,"turns":4},{"damage":4,"enemies":"Book of Stabbing","floor":23,"turns":3},{"damage":14,"enemies":"Slavers","floor":25,"turns":4},{"damage":0,"enemies":"3 Cultists","floor":27,"turns":3},{"damage":28,"enemies":"Snake Plant","floor":28,"turns":5},{"damage":0,"enemies":"Gremlin Leader","floor":30,"turns":4},{"damage":68,"enemies":"Automaton","floor":33,"turns":6}],"seed_played":"-622928918808208036","potions_obtained":[{"floor":1,"key":"Block Potion"},{"floor":8,"key":"BlessingOfTheForge"},{"floor":11,"key":"Weak Potion"},{"floor":14,"key":"CunningPotion"},{"floor":16,"key":"EntropicBrew"},{"floor":21,"key":"DuplicationPotion"},{"floor":25,"key":"Dexterity Potion"},{"floor":27,"key":"Explosive Potion"},{"floor":30,"key":"Poison Potion"}],"is_trial":false,"path_per_floor":["M","M","?","$","?","R","M","?","T","?","M","M","E","M","R","B",null,"M","$","M","M","M","E","?","E","T","M","M","R","E","?","R","B"],"character_chosen":"THE_SILENT","items_purchased":["Cloak And Dagger","Strength Potion","Fire Potion"],"campfire_rested":1,"item_purchase_floors":[4,4,4],"current_hp_per_floor":[63,63,51,51,51,51,51,51,51,51,51,51,51,51,51,51,65,65,65,65,65,65,61,61,47,47,47,19,39,41,41,41,0,0],"gold":380,"neow_bonus":"ONE_RARE_RELIC","is_daily":false,"chose_seed":false,"campfire_upgraded":3,"win_rate":0.0,"timestamp":1613895239,"path_taken":["M","M","?","$","?","R","?","?","T","?","M","M","E","M","R","BOSS","M","$","?","M","M","E","?","E","T","M","M","R","E","?","R","BOSS"],"items_purchased_type":["Card","Potion","Potion"],"build_version":"2020-12-22","purchased_purges":1,"victory":false,"max_hp_per_floor":[70,70,70,70,70,70,70,70,70,70,70,70,70,70,70,70,70,70,67,67,67,67,67,67,67,67,67,67,67,69,69,69,69,69],"card_choices":[{"not_picked":["Slice","Cloak And Dagger"],"picked":"Dagger Spray","floor":1},{"not_picked":["Deflect","Dodge and Roll"],"picked":"Accuracy","floor":2},{"not_picked":["Well Laid Plans","Dodge and Roll"],"picked":"Calculated Gamble","floor":7},{"not_picked":["Sucker Punch","Acrobatics","Deflect"],"picked":"SKIP","floor":11},{"not_picked":["Bane","Choke"],"picked":"Infinite Blades","floor":12},{"not_picked":["Slice","Catalyst","Outmaneuver"],"picked":"SKIP","floor":13},{"not_picked":["Well Laid Plans","Caltrops"],"picked":"Accuracy","floor":14},{"not_picked":["Burst","Die Die Die"],"picked":"Adrenaline","floor":16},{"not_picked":["PiercingWail","Well Laid Plans"],"picked":"Blade Dance","floor":18},{"not_picked":["Prepared","Slice"],"picked":"Cloak And Dagger","floor":20},{"not_picked":["Tactician","Cloak And Dagger"],"picked":"Blade Dance+1","floor":21},{"not_picked":["Poisoned Stab","Flying Knee+1","Quick Slash"],"picked":"SKIP","floor":22},{"not_picked":["Blur","Bullet Time","Outmaneuver"],"picked":"SKIP","floor":23},{"not_picked":["Bouncing Flask+1","PiercingWail+1","Flying Knee"],"picked":"SKIP","floor":25},{"not_picked":["Deflect","Reflex","Outmaneuver+1"],"picked":"SKIP","floor":27},{"not_picked":["Noxious Fumes+1","Tactician","After Image"],"picked":"SKIP","floor":28},{"not_picked":["Skewer","Blade Dance","Backflip"],"picked":"Singing Bowl","floor":30}],"player_experience":516783,"relics_obtained":[{"floor":8,"key":"Whetstone"},{"floor":13,"key":"Orichalcum"},{"floor":23,"key":"Art of War"},{"floor":25,"key":"Happy Flower"},{"floor":26,"key":"Akabeko"},{"floor":30,"key":"Singing Bowl"}],"event_choices":[{"damage_healed":0,"gold_gain":0,"player_choice":"Success","damage_taken":12,"relics_obtained":["Mercury Hourglass"],"max_hp_gain":0,"max_hp_loss":0,"event_name":"Scrap Ooze","floor":3,"gold_loss":0},{"damage_healed":0,"gold_gain":100,"player_choice":"Pray","damage_taken":0,"max_hp_gain":0,"max_hp_loss":0,"event_name":"Golden Shrine","floor":5,"gold_loss":0},{"damage_healed":0,"gold_gain":0,"player_choice":"Searched \u00272\u0027 times","damage_taken":0,"max_hp_gain":0,"max_hp_loss":0,"event_name":"Dead Adventurer","floor":8,"gold_loss":0},{"damage_healed":0,"gold_gain":0,"player_choice":"2 cards matched","damage_taken":0,"max_hp_gain":0,"max_hp_loss":0,"event_name":"Match and Keep!","floor":10,"gold_loss":0,"cards_obtained":["Neutralize","After Image"]},{"damage_healed":0,"gold_gain":0,"player_choice":"Ignored","damage_taken":0,"max_hp_gain":0,"max_hp_loss":0,"event_name":"Vampires","floor":24,"gold_loss":0},{"damage_healed":0,"gold_gain":0,"player_choice":"Obtained Relic","damage_taken":0,"relics_obtained":["StrikeDummy"],"max_hp_gain":0,"max_hp_loss":0,"event_name":"Addict","floor":31,"gold_loss":85}],"is_beta":false,"boss_relics":[{"not_picked":["Calling Bell","Astrolabe"],"picked":"SlaversCollar"}],"items_purged_floors":[19],"is_endless":false,"potions_floor_spawned":[1,8,11,14,16,21,25,27,30],"killed_by":"Automaton","ascension_level":6}}