{"host":"i5vvwdf42szr3cje","time":1613887938,"event":{"mods":["BaseMod","Colored Map","Hermit","Minty Spire (QoL Compilation)","Replay The Spire","StSLib","The Disciple","The Hierophant"],"gold_per_floor":[116,136,150,133,153,188,188,299,299,395,495,545,545,545,545,648,648,741,814,685,685,453,490,390,440,440,440,440,440,511,511,511,592,592,665,703,719,762,762,762,752,752,752,752,552,552,126,200,200,127,127,127,127,108,108],"floor_reached":54,"language":"ENG","playtime":4385,"items_purged":["hierophant:Punish","hierophant:Determination","hierophant:Strike_Hierophant","hierophant:Strike_Hierophant"],"score":692,"play_id":"be52c384-f5c8-4619-bdbf-d2cc40f63685","local_time":"20210220221218","is_ascension_mode":false,"campfire_choices":[{"data":"hierophant:BulkyChest","floor":7.0,"key":"SMITH"},{"floor":13.0,"key":"REST"},{"data":"hierophant:FieryStrike","floor":15.0,"key":"SMITH"},{"floor":27.0,"key":"REST"},{"data":"hierophant:SolarFlare","floor":29.0,"key":"SMITH"},{"data":"hierophant:FlamingChariot","floor":32.0,"key":"SMITH"},{"data":"hierophant:Anathema","floor":40.0,"key":"SMITH"},{"data":"hierophant:ChurchCoffers","floor":42.0,"key":"SMITH"},{"floor":46.0,"key":"RECALL"},{"data":"hierophant:Anathema","floor":49.0,"key":"SMITH"},{"data":"hierophant:FieryStrike","floor":52.0,"key":"SMITH"}],"circlet_count":0,"master_deck":["hierophant:Strike_Hierophant","hierophant:Strike_Hierophant","hierophant:Defend_Hierophant","hierophant:Defend_Hierophant","hierophant:Defend_Hierophant","hierophant:ChurchCoffers+1","hierophant:MorningPrayer+1","hierophant:FlamingChariot+1","hierophant:SealAway+1","hierophant:FieryStrike+1","hierophant:BulkyChest+1","hierophant:SolarFlare+1","hierophant:FieryStrike+1","hierophant:ArchangelShield+1","hierophant:AuricForm+1","hierophant:Blessing+1","hierophant:Shelter+1","hierophant:Anathema+1","hierophant:Alms+1","hierophant:Anathema+1","hierophant:Racketeering+1"],"relics":["hierophant:PropheticMaskRelic","Juzu Bracelet","Lantern","Blood Vial","Velvet Choker","Orichalcum","Bronze Scales","Toxic Egg 2","Mercury Hourglass","MutagenicStrength","Smiling Mask","Coffee Dripper","Boot","Guide Book","Membership Card","TungstenRod"],"acts_visited":["Exordium","TheCity","TheBeyond","TheEnding"],"potions_floor_usage":[],"damage_taken":[{"damage":0.0,"enemies":"2 Louse","floor":1.0,"turns":2.0},{"damage":0.0,"enemies":"Small Slimes","floor":2.0,"turns":3.0},{"damage":7.0,"enemies":"Cultist","floor":3.0,"turns":6.0},{"damage":5.0,"enemies":"Looter","floor":4.0,"turns":3.0},{"damage":4.0,"enemies":"Red Slaver","floor":5.0,"turns":5.0},{"damage":13.0,"enemies":"3 Sentries","floor":6.0,"turns":10.0},{"damage":32.0,"enemies":"Gremlin Nob","floor":8.0,"turns":4.0},{"damage":6.0,"enemies":"2 Fungi Beasts","floor":10.0,"turns":3.0},{"damage":10.0,"enemies":"Gremlin Gang","floor":11.0,"turns":5.0},{"damage":4.0,"enemies":"Exordium Thugs","floor":12.0,"turns":3.0},{"damage":21.0,"enemies":"Slime Boss","floor":16.0,"turns":9.0},{"damage":20.0,"enemies":"2 Thieves","floor":18.0,"turns":5.0},{"damage":5.0,"enemies":"Chosen","floor":19.0,"turns":4.0},{"damage":41.0,"enemies":"Slavers","floor":23.0,"turns":6.0},{"damage":2.0,"enemies":"Centurion and Healer","floor":25.0,"turns":4.0},{"damage":0.0,"enemies":"Gremlin Leader","floor":30.0,"turns":3.0},{"damage":0.0,"enemies":"Collector","floor":33.0,"turns":6.0},{"damage":0.0,"enemies":"3 Shapes","floor":35.0,"turns":3.0},{"damage":3.0,"enemies":"3 Darklings","floor":36.0,"turns":2.0},{"damage":26.0,"enemies":"Writhing Mass","floor":37.0,"turns":3.0},{"damage":0.0,"enemies":"Maw","floor":38.0,"turns":2.0},{"damage":6.0,"enemies":"Nemesis","floor":41.0,"turns":3.0},{"damage":5.0,"enemies":"Transient","floor":48.0,"turns":5.0},{"damage":12.0,"enemies":"Replay:Hell Engine","floor":50.0,"turns":6.0},{"damage":84,"enemies":"Shield and Spear","floor":54,"turns":3}],"seed_played":"-4816934162202060059","potions_obtained":[{"floor":5.0,"key":"Strength Potion"},{"floor":6.0,"key":"Swift Potion"},{"floor":8.0,"key":"BlessingOfTheForge"},{"floor":12.0,"key":"Adrenaline Potion"},{"floor":23.0,"key":"FearPotion"},{"floor":25.0,"key":"Reflective Coating"},{"floor":30.0,"key":"Block Potion"},{"floor":35.0,"key":"LifebloodPotion"},{"floor":36.0,"key":"SteroidPotion"}],"is_trial":false,"path_per_floor":["M","M","M","M","M","E","R","E","T","M","M","M","R","?","R","B",null,"M","M","?","?","$","E","$","M","T","R","?","R","E","?","R","B",null,"M","M","M","M","?","R","E","R","T","?","$","R","$","M","R","B",null,"R","$","E"],"character_chosen":"HIEROPHANT","items_purchased":["Bronze Scales","Guide Book","Membership Card","TungstenRod","hierophant:Anathema"],"campfire_rested":2,"item_purchase_floors":[22,45,47,47,47],"current_hp_per_floor":[82,82,75,70,66,53,53,21,21,17,9,7,31,31,31,12,82,62,59,59,59,59,20,20,20,20,44,44,44,46,46,46,48,82,82,79,55,67,67,67,73,73,73,73,73,73,73,77,77,67,82,82,82,0,0],"gold":108,"neow_bonus":"TEN_PERCENT_HP_BONUS","is_daily":false,"chose_seed":false,"campfire_upgraded":8,"win_rate":0.0,"timestamp":1613887938,"path_taken":["M","M","M","M","M","E","R","E","T","M","M","M","R","?","R","BOSS","M","M","?","?","$","E","?","M","T","R","?","R","E","?","R","BOSS","M","M","M","M","?","R","E","R","T","?","$","R","$","M","R","BOSS","R","$","E"],"items_purchased_type":["Relic","Relic","Relic","Relic","Card"],"build_version":"2020-12-22","purchased_purges":4,"victory":false,"max_hp_per_floor":[82,82,82,82,82,82,82,82,82,82,82,82,82,82,82,82,82,82,82,82,82,82,82,82,82,82,82,82,82,82,82,82,82,82,82,82,82,82,82,82,82,82,82,82,82,82,82,82,82,82,82,82,82,82,82],"card_choices":[{"not_picked":["hierophant:Encroach","hierophant:Refuge"],"picked":"hierophant:MorningPrayer","floor":1.0},{"not_picked":["hierophant:Dazzle","hierophant:Doubloon"],"picked":"hierophant:FlamingChariot","floor":2.0},{"not_picked":["hierophant:Shelter","hierophant:Dazzle"],"picked":"hierophant:SealAway","floor":3.0},{"not_picked":["hierophant:Sermon","hierophant:Zeal"],"picked":"hierophant:FieryStrike","floor":4.0},{"not_picked":["hierophant:OrnateBuckler","hierophant:Shelter","hierophant:CoinFling"],"picked":"SKIP","floor":5.0},{"not_picked":["hierophant:MorningPrayer","hierophant:Doubloon"],"picked":"hierophant:BulkyChest","floor":6.0},{"not_picked":["hierophant:Sermon","hierophant:MorningPrayer","hierophant:ConvertCurrency"],"picked":"SKIP","floor":8.0},{"not_picked":["hierophant:AuricShield","hierophant:Zeal","hierophant:AuricBeam"],"picked":"SKIP","floor":10.0},{"not_picked":["hierophant:OrnateBuckler","hierophant:AuricShield"],"picked":"hierophant:SolarFlare","floor":11.0},{"not_picked":["hierophant:Encroach","hierophant:Repentance","hierophant:Bribe"],"picked":"SKIP","floor":12.0},{"not_picked":["hierophant:Levitation","hierophant:Generosity"],"picked":"hierophant:Determination","floor":16.0},{"not_picked":["hierophant:Dazzle","hierophant:OrnateBuckler"],"picked":"hierophant:FieryStrike","floor":18.0},{"not_picked":["hierophant:Rebuild","hierophant:Bribe"],"picked":"hierophant:ArchangelShield+1","floor":19.0},{"not_picked":["hierophant:Remorse","hierophant:Invocation+1"],"picked":"hierophant:AuricForm","floor":23.0},{"not_picked":["hierophant:Prophecy+1","hierophant:CursedGold"],"picked":"hierophant:Blessing+1","floor":25.0},{"not_picked":["hierophant:Bribe+1","hierophant:Purify"],"picked":"hierophant:Shelter+1","floor":30.0},{"not_picked":["hierophant:Kindle+1","hierophant:WrathOfGod"],"picked":"hierophant:Anathema","floor":33.0},{"not_picked":["hierophant:PassingBell+1","hierophant:FlamingChariot+1","hierophant:RustyCrate+1"],"picked":"SKIP","floor":35.0},{"not_picked":["hierophant:Doomsaying+1","hierophant:Doubloon+1","hierophant:Shelter+1"],"picked":"SKIP","floor":36.0},{"not_picked":["hierophant:Repentance+1","hierophant:MorningPrayer+1"],"picked":"hierophant:Alms+1","floor":37.0},{"not_picked":["hierophant:DisplayOfPower","hierophant:ConvertCurrency+1","hierophant:Refuge"],"picked":"SKIP","floor":38.0},{"not_picked":["hierophant:DisplayOfPower+1","hierophant:MorningPrayer+1","hierophant:Smite+1"],"picked":"SKIP","floor":41.0},{"not_picked":["hierophant:Remorse+1","hierophant:PassingBell"],"picked":"hierophant:Racketeering+1","floor":48.0}],"player_experience":185372,"relics_obtained":[{"floor":6.0,"key":"Juzu Bracelet"},{"floor":8.0,"key":"Lantern"},{"floor":9.0,"key":"Blood Vial"},{"floor":23.0,"key":"Toxic Egg 2"},{"floor":26.0,"key":"Mercury Hourglass"},{"floor":30.0,"key":"Smiling Mask"},{"floor":41.0,"key":"Boot"}],"event_choices":[{"damage_healed":0.0,"max_hp_gain":0.0,"max_hp_loss":0.0,"gold_gain":0.0,"event_name":"WeMeetAgain","player_choice":"Paid Gold","floor":20.0,"gold_loss":129.0,"damage_taken":0.0,"relics_obtained":["Orichalcum"]},{"damage_healed":0.0,"max_hp_gain":0.0,"max_hp_loss":0.0,"gold_gain":0.0,"event_name":"The Mausoleum","player_choice":"Ignored","floor":21.0,"gold_loss":0.0,"damage_taken":0.0},{"damage_healed":0.0,"max_hp_gain":0.0,"max_hp_loss":0.0,"gold_gain":0.0,"event_name":"Drug Dealer","player_choice":"Inject Mutagens","floor":28.0,"gold_loss":0.0,"damage_taken":0.0,"relics_obtained":["MutagenicStrength"]},{"damage_healed":0.0,"max_hp_gain":0.0,"max_hp_loss":0.0,"gold_gain":0.0,"event_name":"Accursed Blacksmith","player_choice":"Forge","floor":31.0,"gold_loss":0.0,"damage_taken":0.0,"cards_upgraded":["hierophant:AuricForm"]},{"cards_removed":["hierophant:Defend_Hierophant"],"damage_healed":0.0,"max_hp_gain":0.0,"max_hp_loss":0.0,"gold_gain":0.0,"event_name":"Falling","player_choice":"Removed Skill","floor":39.0,"gold_loss":0.0,"damage_taken":0.0},{"damage_healed":0.0,"max_hp_gain":0.0,"max_hp_loss":0.0,"gold_gain":0.0,"event_name":"NoteForYourself","player_choice":"Ignored","floor":44.0,"gold_loss":0.0,"damage_taken":0.0}],"is_beta":false,"boss_relics":[{"not_picked":["SlaversCollar","Cursed Key"],"picked":"Velvet Choker"},{"not_picked":["Astrolabe","ReplayTheSpireMod:DimensionalGlitch"],"picked":"Coffee Dripper"}],"items_purged_floors":[22,24,45,47],"is_endless":false,"potions_floor_spawned":[5,6,8,12,23,25,30,35,36,37],"killed_by":"Shield and Spear","ascension_level":0}}