{"host":"ie50qk0ts9eskyyo","time":1613904309,"event":{"mods":["BaseMod","BetterRewards","Colored Map","Curses Come First","Downfall","Friendly Minions","Highlight Path","Hubris","Infinite Spire","Minty Spire (QoL Compilation)","Quick Restart","Reliquary","Replay The Spire","Robot Space Explorer","Shop Mod","StSLib","SuperFastMode","The Jungle"],"gold_per_floor":[116,116,133,147,157,157,157,157,157,172,172,189,212,247,247,350,350,364,379,379,379,395,395,426,437,437,437,448,448,465,215,215,313,313,325,375,312,312,330,330,341,374,374,392,392,392,418,429,429,429],"floor_reached":51,"language":"ENG","playtime":2055,"items_purged":["hubris:Envy","ReplayTheSpireMod:Strike From Hell","Deep Breath","Combust+1","Defend_R"],"score":842,"play_id":"8f0e6d0d-c7da-4bb4-aeee-2e36a9414e4a","local_time":"20210221054509","is_ascension_mode":true,"campfire_choices":[{"data":"Heavy Blade","floor":7.0,"key":"SMITH"},{"data":"Flex","floor":11.0,"key":"SMITH"},{"data":"Shrug It Off","floor":15.0,"key":"SMITH"},{"data":"Bash","floor":23,"key":"SMITH"},{"data":"Inflame","floor":29,"key":"SMITH"},{"data":"Limit Break","floor":32,"key":"SMITH"},{"data":"GremboGang","floor":40,"key":"SMITH"},{"data":"infinitespire:NeuralNetwork","floor":49,"key":"SMITH"}],"circlet_count":0,"master_deck":["Strike_R+1","Defend_R+1","Defend_R","Defend_R","Bash+1","Flex+1","Heavy Blade+1","Cleave","Shrug It Off+1","Limit Break+1","infinitespire:OneForAll+1","Sword Boomerang+1","Disarm+1","Flex","Inflame+1","GremboGang+1","Limit Break","Heavy Blade+1","infinitespire:Fortify+1","infinitespire:NeuralNetwork+1","Barricade"],"relics":["Burning Blood","Membership Card","Another Sword","infinitespire:Beetle Shell","Counterbalance","MerchantsRug","reliquary:TuningFork","infinitespire:WardingShard","Odd Mushroom","infinitespire:Joker Card","Astrolabe","Bottled Flame","Anchor","Matryoshka","hubris:Towel","reliquary:ThirdArm","hubris:CuriousFeather","Toxic Egg 2","ReplayTheSpireMod:Lightbulb","Mirror","infinitespire:PuzzleCube","Lantern"],"acts_visited":["Exordium","TheCity","TheBeyond"],"potions_floor_usage":[24,24,33,33,33,50],"damage_taken":[{"damage":1.0,"enemies":"2 Louse","floor":1.0,"turns":2.0},{"damage":0.0,"enemies":"Cultist","floor":3.0,"turns":3.0},{"damage":8.0,"enemies":"Small Slimes","floor":4.0,"turns":3.0},{"damage":5.0,"enemies":"Looter","floor":5.0,"turns":2.0},{"damage":0.0,"enemies":"Blue Slaver","floor":10.0,"turns":2.0},{"damage":0.0,"enemies":"Large Slime","floor":12.0,"turns":3.0},{"damage":0.0,"enemies":"The Mushroom Lair","floor":13.0,"turns":4.0},{"damage":15.0,"enemies":"Gremlin Nob","floor":14.0,"turns":3.0},{"damage":31.0,"enemies":"Hexaghost","floor":16.0,"turns":9.0},{"damage":3.0,"enemies":"Chosen","floor":18.0,"turns":4.0},{"damage":22.0,"enemies":"3 Byrds","floor":19.0,"turns":4.0},{"damage":22,"enemies":"Snake Plant","floor":22,"turns":4},{"damage":24,"enemies":"Gremlin Leader","floor":24,"turns":5},{"damage":4,"enemies":"Chosen and Byrds","floor":25,"turns":6},{"damage":14,"enemies":"Shelled Parasite and Fungi","floor":28,"turns":5},{"damage":0,"enemies":"Cultist and Chosen","floor":30,"turns":3},{"damage":22,"enemies":"Automaton","floor":33,"turns":9},{"damage":3,"enemies":"Orb Walker","floor":35,"turns":3},{"damage":0,"enemies":"Mind Bloom Boss Battle","floor":36,"turns":4},{"damage":0,"enemies":"3 Darklings","floor":39,"turns":6},{"damage":10,"enemies":"Maw","floor":41,"turns":4},{"damage":4,"enemies":"Nightmare","floor":42,"turns":4},{"damage":9,"enemies":"4 Shapes","floor":44,"turns":5},{"damage":37,"enemies":"Nemesis","floor":47,"turns":3},{"damage":0,"enemies":"Jaw Worm Horde","floor":48,"turns":5},{"damage":0,"enemies":"Donu and Deca","floor":50,"turns":5}],"seed_played":"-7560354648923398635","potions_obtained":[{"floor":5.0,"key":"BloodPotion"},{"floor":14.0,"key":"LifebloodPotion"},{"floor":16.0,"key":"Strength Potion"},{"floor":22,"key":"Strength Potion"},{"floor":25,"key":"Venom Potion"},{"floor":28,"key":"LiquidMemories"},{"floor":33,"key":"Elixir"},{"floor":36,"key":"SkillPotion"},{"floor":44,"key":"SkillPotion"}],"is_trial":false,"path_per_floor":["M","$","M","M","M","?","R","?","T","M","R","M","?","E","R","B",null,"M","M","?","AVR","M","R","E","M","T","?","M","R","M","?","R","B",null,"M","?","$","?","M","R","M","NM","T","M","?","AVR","E","M","R","B",null],"character_chosen":"IRONCLAD","items_purchased":["Membership Card","MerchantsRug","Adrenaline Potion","reliquary:TuningFork"],"campfire_rested":0,"item_purchase_floors":[0,0,0,2],"current_hp_per_floor":[49,49,55,53,54,39,39,39,39,45,45,51,57,48,48,23,75,75,59,45,45,29,29,27,29,29,29,21,21,27,27,27,11,80,80,80,80,80,80,80,76,78,78,75,80,80,49,55,55,61],"gold":429,"neow_bonus":"","is_daily":false,"chose_seed":false,"campfire_upgraded":8,"win_rate":0.0,"timestamp":1613904309,"path_taken":["M","$","M","M","M","?","R","?","T","?","R","M","?","E","R","BOSS","M","M","?","AVR","M","R","E","M","T","?","M","R","M","?","R","BOSS","M","?","$","?","M","R","M","NM","T","?","?","AVR","E","?","R","BOSS"],"items_purchased_type":["Relic","Relic","Potion","Relic"],"build_version":"2020-12-22","purchased_purges":5,"victory":true,"max_hp_per_floor":[75,75,75,75,75,75,75,75,75,75,75,75,75,75,75,75,75,75,75,80,80,80,80,80,80,80,80,80,80,80,80,80,80,80,80,80,80,80,80,80,80,80,80,80,80,80,80,80,80,80],"card_choices":[{"not_picked":["Shrug It Off","Clash"],"picked":"Heavy Blade","floor":1.0},{"not_picked":["hubris:ReadiedAction","Body Slam","Iron Wave"],"picked":"SKIP","floor":3.0},{"not_picked":["Body Slam","Wild Strike"],"picked":"Cleave","floor":4.0},{"not_picked":["Hemokinesis","Clash"],"picked":"Shrug It Off","floor":5.0},{"not_picked":["Blood for Blood","Defy Death","Body Slam"],"picked":"SKIP","floor":10.0},{"not_picked":["Dropkick","Eclipse","Hemokinesis"],"picked":"SKIP","floor":12.0},{"not_picked":["Clothesline","Shrug It Off","Perfected Strike"],"picked":"SKIP","floor":14.0},{"not_picked":["Bludgeon","Juggernaut"],"picked":"Limit Break","floor":16.0},{"not_picked":["ReplayTheSpireMod:Limb From Limb+1","Wild Strike+1","Replay:Undeath\u0027s Touch+1"],"picked":"SKIP","floor":18.0},{"not_picked":["ReplayTheSpireMod:Strike From Hell","Carnage","infinitespire:OneForAll"],"picked":"SKIP","floor":19},{"not_picked":["Twin Strike","Flex"],"picked":"Sword Boomerang+1","floor":22},{"not_picked":["Dark Embrace","Entrench"],"picked":"Disarm+1","floor":24},{"not_picked":["Body Slam","Iron Wave"],"picked":"Flex","floor":25},{"not_picked":["Feel No Pain+1","Abandon"],"picked":"Inflame","floor":28},{"not_picked":["Disarm","Dropkick","Anger"],"picked":"SKIP","floor":30},{"not_picked":["Impervious","Double Tap"],"picked":"Limit Break","floor":33},{"not_picked":["Headbutt","Cleave"],"picked":"Heavy Blade+1","floor":35},{"not_picked":["Clothesline+1","Perfected Strike+1","Armaments"],"picked":"SKIP","floor":39},{"not_picked":["Sentinel+1","Disarm","Wild Strike+1"],"picked":"SKIP","floor":41},{"not_picked":["True Grit+1","Heavy Blade","Feel No Pain"],"picked":"SKIP","floor":42},{"not_picked":["Run Through","Havoc+1","Heavy Blade"],"picked":"SKIP","floor":44},{"not_picked":["Spot Weakness+1","Havoc+1"],"picked":"Barricade","floor":47},{"not_picked":["Shrug It Off+1","Uppercut","Warcry+1"],"picked":"SKIP","floor":48}],"player_experience":166630,"relics_obtained":[{"floor":9.0,"key":"infinitespire:WardingShard"},{"floor":13.0,"key":"Odd Mushroom"},{"floor":14.0,"key":"infinitespire:Joker Card"},{"floor":24,"key":"Anchor"},{"floor":26,"key":"Matryoshka"},{"floor":36,"key":"hubris:CuriousFeather"},{"floor":42,"key":"Toxic Egg 2"},{"floor":43,"key":"ReplayTheSpireMod:Lightbulb"},{"floor":43,"key":"Mirror"},{"floor":47,"key":"Lantern"}],"event_choices":[{"damage_healed":0.0,"max_hp_gain":0.0,"max_hp_loss":0.0,"gold_gain":0.0,"event_name":"Shining Light","player_choice":"Entered Light","floor":6.0,"gold_loss":0.0,"damage_taken":15.0,"cards_upgraded":["Defend_R","Strike_R"]},{"cards_removed":["Strike_R"],"damage_healed":0.0,"max_hp_gain":0.0,"max_hp_loss":0.0,"gold_gain":0.0,"event_name":"Purifier","player_choice":"Purged","floor":8.0,"gold_loss":0.0,"damage_taken":0.0},{"damage_healed":0.0,"max_hp_gain":0.0,"max_hp_loss":0.0,"gold_gain":0.0,"event_name":"Mushrooms","player_choice":"Fought Mushrooms","floor":13.0,"gold_loss":0.0,"damage_taken":0.0},{"damage_healed":0,"gold_gain":0,"player_choice":"Shed Blood","damage_taken":19,"max_hp_gain":5,"max_hp_loss":0,"event_name":"Forgotten Altar","floor":20,"gold_loss":0},{"damage_healed":0,"gold_gain":0,"player_choice":"Fight","damage_taken":0,"max_hp_gain":0,"max_hp_loss":0,"event_name":"MindBloom","floor":36,"gold_loss":0},{"damage_healed":0,"gold_gain":0,"player_choice":"Bought 0 Potions","damage_taken":0,"max_hp_gain":0,"max_hp_loss":0,"event_name":"The Woman in Blue","floor":38,"gold_loss":0},{"cards_removed":["Run Through"],"damage_healed":5,"gold_gain":0,"player_choice":"Offered Common","damage_taken":0,"max_hp_gain":0,"max_hp_loss":0,"event_name":"Bonfire Elementals","floor":45,"gold_loss":0},{"cards_removed":["Run Through"],"damage_healed":5,"gold_gain":0,"player_choice":"Offered Special","damage_taken":0,"max_hp_gain":0,"max_hp_loss":0,"event_name":"Bonfire Elementals","floor":45,"gold_loss":0}],"is_beta":false,"boss_relics":[{"not_picked":["Ooze Armor","SacredBark"],"picked":"Astrolabe"},{"not_picked":["Replay:Drink Me","reliquary:RedPaperclip"],"picked":"reliquary:ThirdArm"}],"items_purged_floors":[0,2,21,37,46],"is_endless":false,"potions_floor_spawned":[5,14,16,22,25,28,33,36,42,44],"ascension_level":1}}