{"host":"osru0s4hyl5hhaol","time":1613879776,"event":{"mods":["BaseMod","Colored Map","Minty Spire (QoL Compilation)"],"gold_per_floor":[115,128,203,213,231,231,249,276,324,344,362,362,54,65,65,168,168,181,201,201,116,130,130,130,130,130,130,130,130,148,0,0,103,103,123,175,190,190,190,190,202,202,202,202,202,202,216,235,235,235,235],"floor_reached":50,"language":"ENG","playtime":2221,"items_purged":[],"score":486,"play_id":"0e282681-818a-4a69-a291-da7ea40b56f3","local_time":"20210220215616","is_ascension_mode":false,"campfire_choices":[{"floor":6,"key":"REST"},{"floor":12,"key":"REST"},{"floor":15,"key":"REST"},{"data":"Self Repair","floor":23,"key":"SMITH"},{"data":"Aggregate","floor":29,"key":"SMITH"},{"data":"Zap","floor":32,"key":"SMITH"},{"data":"Electrodynamics","floor":40,"key":"SMITH"},{"data":"White Noise","floor":42,"key":"SMITH"},{"data":"Beam Cell","floor":44,"key":"SMITH"},{"data":"Electrodynamics","floor":49,"key":"SMITH"}],"circlet_count":0,"master_deck":["Defend_B+1","Defend_B+1","Defend_B+1","Defend_B+1","Zap+1","Dualcast+1","FTL+1","Rip and Tear+1","Aggregate+1","FTL+1","Beam Cell+1","White Noise+1","Ball Lightning+1","Conserve Battery+1","Cold Snap+1","Rebound+1","Buffer+1","Go for the Eyes+1","Sweeping Beam+1","Self Repair+1","Bite+1","Bite+1","Bite+1","Bite+1","Bite+1","Electrodynamics+1","White Noise+1","Redo+1","Ball Lightning+1","Parasite","Darkness+1","Gash+1","Electrodynamics+1"],"relics":["FrozenCore","Odd Mushroom","PreservedInsect","Boot","Toolbox","Mercury Hourglass","MutagenicStrength","Pantograph","SacredBark","Turnip","StoneCalendar","Mark of the Bloom"],"acts_visited":["Exordium","TheCity","TheBeyond"],"potions_floor_usage":[7,8,16,18,33,33,33,37,39,50,50,50],"damage_taken":[{"damage":1,"enemies":"Jaw Worm","floor":1,"turns":4},{"damage":0,"enemies":"Small Slimes","floor":2,"turns":3},{"damage":0,"enemies":"2 Louse","floor":4,"turns":2},{"damage":24,"enemies":"Exordium Thugs","floor":5,"turns":5},{"damage":5,"enemies":"Large Slime","floor":7,"turns":3},{"damage":29,"enemies":"The Mushroom Lair","floor":8,"turns":4},{"damage":0,"enemies":"Exordium Wildlife","floor":10,"turns":3},{"damage":1,"enemies":"Red Slaver","floor":11,"turns":3},{"damage":0,"enemies":"Large Slime","floor":14,"turns":4},{"damage":18,"enemies":"Slime Boss","floor":16,"turns":10},{"damage":12,"enemies":"Chosen","floor":18,"turns":6},{"damage":7,"enemies":"3 Byrds","floor":19,"turns":5},{"damage":1,"enemies":"3 Cultists","floor":22,"turns":5},{"damage":1,"enemies":"Cultist and Chosen","floor":30,"turns":5},{"damage":21,"enemies":"Automaton","floor":33,"turns":10},{"damage":4,"enemies":"Orb Walker","floor":35,"turns":3},{"damage":27,"enemies":"2 Orb Walkers","floor":36,"turns":5},{"damage":8,"enemies":"3 Shapes","floor":37,"turns":4},{"damage":17,"enemies":"Maw","floor":39,"turns":7},{"damage":11,"enemies":"Writhing Mass","floor":41,"turns":8},{"damage":13,"enemies":"Jaw Worm Horde","floor":47,"turns":3},{"damage":16,"enemies":"Maw","floor":48,"turns":8},{"damage":42,"enemies":"Time Eater","floor":50,"turns":3}],"seed_played":"6595454474392193859","potions_obtained":[{"floor":1,"key":"GamblersBrew"},{"floor":4,"key":"Ancient Potion"},{"floor":5,"key":"AttackPotion"},{"floor":10,"key":"PowerPotion"},{"floor":16,"key":"PowerPotion"},{"floor":19,"key":"Weak Potion"},{"floor":22,"key":"DistilledChaos"},{"floor":33,"key":"SmokeBomb"},{"floor":35,"key":"DistilledChaos"},{"floor":36,"key":"Regen Potion"},{"floor":47,"key":"PowerPotion"},{"floor":48,"key":"Strength Potion"}],"is_trial":false,"path_per_floor":["M","M","?","M","M","R","M","?","T","M","M","R","$","M","R","B",null,"M","M","?","?","M","R","?","$","T","?","?","R","M","?","R","B",null,"M","?","M","?","M","R","M","R","T","R","?","?","M","M","R","B"],"character_chosen":"DEFECT","items_purchased":["Boot","Toolbox"],"campfire_rested":3,"item_purchase_floors":[13,13],"current_hp_per_floor":[74,74,63,63,39,61,56,27,27,27,26,48,48,48,70,52,75,63,56,56,56,55,55,55,55,55,52,52,52,52,52,52,39,52,50,51,52,52,52,52,52,52,52,52,52,52,39,23,23,0,0],"gold":235,"neow_bonus":"THREE_CARDS","is_daily":false,"chose_seed":false,"campfire_upgraded":7,"win_rate":0.0,"timestamp":1613879776,"path_taken":["M","M","?","M","M","R","M","?","T","M","?","R","$","M","R","BOSS","M","M","?","?","?","R","?","?","T","?","?","R","?","?","R","BOSS","M","?","M","?","M","R","?","R","T","R","?","?","?","M","R","BOSS"],"items_purchased_type":["Relic","Relic"],"build_version":"2020-12-22","purchased_purges":0,"victory":false,"max_hp_per_floor":[75,75,75,75,75,75,75,75,75,75,75,75,75,75,75,75,75,75,75,75,75,75,75,75,75,75,52,52,52,52,52,52,52,52,52,52,52,52,52,52,52,52,52,52,52,52,52,52,52,52,52],"card_choices":[{"not_picked":["Tempest","Coolheaded"],"picked":"FTL","floor":0},{"not_picked":["Rebound","Reinforced Body"],"picked":"Rip and Tear","floor":1},{"not_picked":["Coolheaded","Compile Driver"],"picked":"Aggregate","floor":2},{"not_picked":["Rip and Tear","Steam"],"picked":"FTL","floor":4},{"not_picked":["Undo","Reinforced Body"],"picked":"Beam Cell","floor":5},{"not_picked":["Reinforced Body","Go for the Eyes"],"picked":"White Noise","floor":7},{"not_picked":["Turbo","Redo"],"picked":"Ball Lightning","floor":8},{"not_picked":["Stack","Blizzard"],"picked":"Conserve Battery","floor":10},{"not_picked":["Lockon","Sunder"],"picked":"Cold Snap","floor":11},{"not_picked":["Chaos","Go for the Eyes"],"picked":"Rebound","floor":14},{"not_picked":["Amplify","Echo Form"],"picked":"Buffer","floor":16},{"not_picked":["Stack+1","Cold Snap"],"picked":"Go for the Eyes+1","floor":18},{"not_picked":["Coolheaded","Leap"],"picked":"Sweeping Beam","floor":19},{"not_picked":["Lockon","Reprogram"],"picked":"Self Repair","floor":22},{"not_picked":["Hologram","Steam","Stack"],"picked":"SKIP","floor":30},{"not_picked":["Biased Cognition","Creative AI"],"picked":"Electrodynamics","floor":33},{"not_picked":["Conserve Battery+1","Scrape"],"picked":"White Noise+1","floor":35},{"not_picked":["Hologram","Stack+1"],"picked":"Redo+1","floor":36},{"not_picked":["Sweeping Beam","Stack"],"picked":"Ball Lightning+1","floor":37},{"not_picked":["Go for the Eyes","Undo+1"],"picked":"Darkness+1","floor":41},{"not_picked":["Go for the Eyes","Blizzard+1"],"picked":"Gash+1","floor":47},{"not_picked":["Gash","Auto Shields+1"],"picked":"Electrodynamics","floor":48}],"player_experience":193232,"relics_obtained":[{"floor":8,"key":"Odd Mushroom"},{"floor":9,"key":"PreservedInsect"},{"floor":26,"key":"Pantograph"},{"floor":36,"key":"Turnip"},{"floor":43,"key":"StoneCalendar"}],"event_choices":[{"damage_healed":0,"gold_gain":75,"player_choice":"Gather Gold","damage_taken":11,"max_hp_gain":0,"max_hp_loss":0,"event_name":"World of Goop","floor":3,"gold_loss":0},{"damage_healed":0,"gold_gain":0,"player_choice":"Fought Mushrooms","damage_taken":0,"max_hp_gain":0,"max_hp_loss":0,"event_name":"Mushrooms","floor":8,"gold_loss":0},{"damage_healed":0,"gold_gain":0,"player_choice":"Simplicity","damage_taken":0,"max_hp_gain":0,"max_hp_loss":0,"event_name":"Back to Basics","floor":20,"gold_loss":0,"cards_upgraded":["Strike_B","Strike_B","Strike_B","Strike_B","Defend_B","Defend_B","Defend_B","Defend_B"]},{"damage_healed":0,"gold_gain":0,"player_choice":"Obtained Relic","damage_taken":0,"relics_obtained":["Mercury Hourglass"],"max_hp_gain":0,"max_hp_loss":0,"event_name":"Addict","floor":21,"gold_loss":85},{"damage_healed":0,"gold_gain":0,"player_choice":"Inject Mutagens","damage_taken":0,"relics_obtained":["MutagenicStrength"],"max_hp_gain":0,"max_hp_loss":0,"event_name":"Drug Dealer","floor":24,"gold_loss":0},{"damage_healed":0,"gold_gain":0,"player_choice":"Became a vampire","damage_taken":0,"max_hp_gain":0,"max_hp_loss":23,"event_name":"Vampires","floor":27,"gold_loss":0,"cards_obtained":["Bite","Bite","Bite","Bite","Bite"]},{"damage_healed":0,"gold_gain":0,"player_choice":"Upgraded","damage_taken":0,"max_hp_gain":0,"max_hp_loss":0,"event_name":"Upgrade Shrine","floor":28,"gold_loss":0,"cards_upgraded":["Buffer"]},{"damage_healed":0,"gold_gain":0,"player_choice":"Paid Fearfully","damage_taken":0,"max_hp_gain":0,"max_hp_loss":0,"event_name":"Masked Bandits","floor":31,"gold_loss":148},{"damage_healed":0,"gold_gain":0,"player_choice":"Fight","damage_taken":0,"max_hp_gain":0,"max_hp_loss":0,"event_name":"Mysterious Sphere","floor":36,"gold_loss":0},{"damage_healed":0,"gold_gain":0,"player_choice":"Bought 0 Potions","damage_taken":0,"max_hp_gain":0,"max_hp_loss":0,"event_name":"The Woman in Blue","floor":38,"gold_loss":0},{"damage_healed":0,"gold_gain":0,"player_choice":"Upgrade","damage_taken":0,"relics_obtained":["Mark of the Bloom"],"max_hp_gain":0,"max_hp_loss":0,"event_name":"MindBloom","floor":45,"gold_loss":0,"cards_upgraded":["Dualcast","FTL","Rip and Tear","FTL","Ball Lightning","Conserve Battery","Cold Snap","Rebound","Sweeping Beam","Bite","Bite","Bite","Bite","Bite"]},{"damage_healed":0,"gold_gain":0,"player_choice":"Ignored","damage_taken":0,"max_hp_gain":0,"max_hp_loss":0,"event_name":"Upgrade Shrine","floor":46,"gold_loss":0}],"is_beta":false,"boss_relics":[{"not_picked":["Velvet Choker","Snecko Eye"],"picked":"FrozenCore"},{"not_picked":["Cursed Key","Empty Cage"],"picked":"SacredBark"}],"items_purged_floors":[],"is_endless":false,"potions_floor_spawned":[1,4,5,10,16,19,22,33,35,36,47,48],"killed_by":"Time Eater","ascension_level":0}}