{"host":"baymyijz6sxaqj5s","time":1613907474,"event":{"mods":["AchievementEnabler","BaseMod","Colored Map","Colored Powertips","DeckTracker","Highlight Path","KOR Keyword Fix","Keyboard Shortcuts","Minty Spire (QoL Compilation)","StSLib","SuperFastMode","everything is the same but u backflip on backflip"],"gold_per_floor":[115,115,133,133,150,150,168,168,168,182,197,197,211,231,231,336,336,353,353,370,6,6,6],"floor_reached":22,"language":"KOR","playtime":801,"items_purged":["Strike_R"],"score":216,"play_id":"70f638a7-9352-4886-be39-b07d91923e66","local_time":"20210221203754","is_ascension_mode":true,"campfire_choices":[{"data":"Offering","floor":6,"key":"SMITH"},{"floor":15,"key":"REST"}],"circlet_count":0,"master_deck":["Strike_R","Strike_R","Strike_R","Strike_R","Defend_R","Defend_R","Defend_R","Defend_R","Bash","Armaments+1","Offering+1","Sword Boomerang","Thunderclap","Body Slam","Reaper","Inflame","Heavy Blade","Shrug It Off"],"relics":["Burning Blood","FossilizedHelix","Girya","Torii"],"acts_visited":["Exordium","TheCity"],"potions_floor_usage":[18],"damage_taken":[{"damage":6,"enemies":"2 Louse","floor":1,"turns":3},{"damage":10,"enemies":"Cultist","floor":3,"turns":5},{"damage":0,"enemies":"Jaw Worm","floor":5,"turns":5},{"damage":44,"enemies":"Gremlin Gang","floor":7,"turns":6},{"damage":11,"enemies":"Large Slime","floor":10,"turns":10},{"damage":4,"enemies":"Exordium Wildlife","floor":11,"turns":4},{"damage":0,"enemies":"Looter","floor":13,"turns":2},{"damage":10,"enemies":"2 Fungi Beasts","floor":14,"turns":3},{"damage":66,"enemies":"The Guardian","floor":16,"turns":17},{"damage":51,"enemies":"Chosen","floor":18,"turns":7},{"damage":26,"enemies":"2 Thieves","floor":20,"turns":4},{"damage":78,"enemies":"3 Cultists","floor":22,"turns":6}],"seed_played":"3563857140244827219","potions_obtained":[{"floor":3,"key":"Dexterity Potion"},{"floor":7,"key":"SneckoOil"},{"floor":11,"key":"DuplicationPotion"},{"floor":14,"key":"DistilledChaos"},{"floor":16,"key":"Strength Potion"},{"floor":20,"key":"SmokeBomb"}],"is_trial":false,"path_per_floor":["M","?","M","?","M","R","M","?","T","M","M","?","M","M","R","B",null,"M","?","M","$","M"],"character_chosen":"IRONCLAD","items_purchased":["Torii"],"campfire_rested":1,"item_purchase_floors":[21],"current_hp_per_floor":[88,93,89,89,93,93,55,55,55,50,52,52,58,54,81,27,93,54,54,46,46,0,0],"gold":6,"neow_bonus":"TEN_PERCENT_HP_BONUS","is_daily":false,"chose_seed":false,"campfire_upgraded":1,"win_rate":0.0,"timestamp":1613907474,"path_taken":["M","?","M","?","M","R","?","?","T","?","M","?","M","M","R","BOSS","M","?","M","$","M"],"items_purchased_type":["Relic"],"build_version":"2020-12-22","purchased_purges":1,"victory":false,"max_hp_per_floor":[88,93,93,93,93,93,93,93,93,93,93,93,93,93,93,93,93,93,93,93,93,93,93],"card_choices":[{"not_picked":["Twin Strike","Warcry","Wild Strike"],"picked":"SKIP","floor":1},{"not_picked":["Warcry","Wild Strike"],"picked":"Armaments","floor":3},{"not_picked":["Combust","Twin Strike"],"picked":"Offering","floor":5},{"not_picked":["Uppercut","Clothesline"],"picked":"Sword Boomerang","floor":7},{"not_picked":["Cleave","Second Wind"],"picked":"Thunderclap","floor":10},{"not_picked":["Shockwave","Dual Wield"],"picked":"Body Slam","floor":11},{"not_picked":["Uppercut","Dual Wield"],"picked":"Reaper","floor":13},{"not_picked":["Flex","Shrug It Off"],"picked":"Inflame","floor":14},{"not_picked":["Cleave","Uppercut","Thunderclap"],"picked":"SKIP","floor":18},{"not_picked":["Iron Wave+1","Anger"],"picked":"Shrug It Off","floor":20}],"player_experience":103022,"relics_obtained":[{"floor":9,"key":"Girya"}],"event_choices":[{"damage_healed":0,"gold_gain":0,"player_choice":"Donut","damage_taken":0,"max_hp_gain":5,"max_hp_loss":0,"event_name":"Big Fish","floor":2,"gold_loss":0},{"damage_healed":0,"gold_gain":0,"player_choice":"Gave Potion","damage_taken":0,"relics_obtained":["FossilizedHelix"],"max_hp_gain":0,"max_hp_loss":0,"event_name":"WeMeetAgain","floor":4,"gold_loss":0},{"damage_healed":0,"gold_gain":0,"player_choice":"Forge","damage_taken":0,"max_hp_gain":0,"max_hp_loss":0,"event_name":"Accursed Blacksmith","floor":8,"gold_loss":0,"cards_upgraded":["Armaments"]},{"damage_healed":0,"gold_gain":0,"player_choice":"Ignored","damage_taken":0,"max_hp_gain":0,"max_hp_loss":0,"event_name":"Liars Game","floor":12,"gold_loss":0},{"damage_healed":0,"gold_gain":0,"player_choice":"Read","damage_taken":0,"max_hp_gain":0,"max_hp_loss":0,"event_name":"The Library","floor":19,"gold_loss":0,"cards_obtained":["Heavy Blade"]}],"is_beta":false,"boss_relics":[{"not_picked":["Pandora\u0027s Box","Mark of Pain","Fusion Hammer"]}],"items_purged_floors":[21],"is_endless":false,"potions_floor_spawned":[3,7,11,14,16,20],"killed_by":"3 Cultists","ascension_level":4}}