{"host":"nkolxg4se00n20yf","time":1613937763,"event":{"mods":["BaseMod","CatGirl Mod","Chen","Colored Map","Colored Powertips","Downfall","Friendly Minions","Infinite Spire","Kiyohime????","Marisa????????","Minty Spire (QoL Compilation)","StSLib","Td1madao Mod","The Administrix","The Cursed","The Exalted","The Hierophant","The Servant 0.9.4"],"gold_per_floor":[132,168,188,188,231,231,272,317,362,374,43,43,77,90,90,180,180,203,203,203,45,45,45,45],"floor_reached":23,"language":"ENG","playtime":624,"items_purged":["Regret"],"score":462,"play_id":"01da2b47-4634-4df7-b041-2a0294c76bdd","local_time":"20210221210243","is_ascension_mode":true,"campfire_choices":[{"floor":6,"key":"REST"},{"data":"Armaments","floor":10,"key":"SMITH"},{"floor":12,"key":"REST"},{"data":"Pommel Strike","floor":15,"key":"SMITH"}],"circlet_count":0,"master_deck":["AscendersBane","Defend_R","Defend_R","Defend_R","Bash","HandOfGreed","Cleave","Pommel Strike+1","Armaments+1","Immolate","Headbutt","Berserk","Cleave+1","Power Through+1","Impervious+1","Slimebound:Tackle+1","Slimebound:Tackle+1","Slimebound:Tackle+1"],"relics":["Burning Blood","Golden Idol","Odd Mushroom","MawBank","infinitespire:EmpoweringShard","Astrolabe","Brimstone"],"acts_visited":["Exordium","TheCity"],"potions_floor_usage":[8,16,23],"damage_taken":[{"damage":3,"enemies":"Cultist","floor":1,"turns":3},{"damage":7,"enemies":"2 Louse","floor":2,"turns":2},{"damage":17,"enemies":"Jaw Worm","floor":3,"turns":3},{"damage":19,"enemies":"Looter","floor":5,"turns":4},{"damage":10,"enemies":"3 Louse","floor":7,"turns":3},{"damage":14,"enemies":"The Mushroom Lair","floor":8,"turns":3},{"damage":11,"enemies":"Blue Slaver","floor":13,"turns":3},{"damage":12,"enemies":"Looter","floor":14,"turns":3},{"damage":0,"enemies":"Slime Boss","floor":16,"turns":4},{"damage":0,"enemies":"Chosen","floor":18,"turns":3},{"damage":69,"enemies":"Book of Stabbing","floor":23,"turns":4}],"seed_played":"2891301506008068853","potions_obtained":[{"floor":2,"key":"hexamod:SoulburnPotion"},{"floor":7,"key":"infinitespire:BlackPotion"},{"floor":16,"key":"PowerPotion"},{"floor":18,"key":"Ancient Potion"}],"is_trial":false,"path_per_floor":["M","M","M","?","M","R","M","?","T","R","$","R","M","M","R","B",null,"M","?","?","$","?","E"],"character_chosen":"IRONCLAD","items_purchased":["infinitespire:EmpoweringShard","Brimstone"],"campfire_rested":2,"item_purchase_floors":[11,21],"current_hp_per_floor":[71,70,59,33,20,42,38,30,30,30,30,52,47,41,41,47,68,74,53,53,53,53,0,0],"gold":45,"neow_bonus":"RANDOM_COLORLESS_2","is_daily":false,"chose_seed":false,"campfire_upgraded":2,"win_rate":0.0,"timestamp":1613937763,"path_taken":["M","M","M","?","M","R","M","?","T","R","?","R","M","M","R","BOSS","M","?","?","$","?","E"],"items_purchased_type":["Relic","Relic"],"build_version":"2020-12-22","purchased_purges":1,"victory":false,"max_hp_per_floor":[75,75,75,75,75,75,75,75,75,75,75,75,75,75,75,75,75,75,80,80,80,80,80,80],"card_choices":[{"not_picked":["Secret Weapon","Transmutation"],"picked":"HandOfGreed","floor":0},{"not_picked":["Heavy Blade","Perfected Strike"],"picked":"Cleave","floor":1},{"not_picked":["True Grit","Warcry","Uppercut"],"picked":"SKIP","floor":2},{"not_picked":["Havoc","Iron Wave"],"picked":"Pommel Strike","floor":3},{"not_picked":["Sentinel","Dark Embrace"],"picked":"Armaments","floor":5},{"not_picked":["Burning Pact","Clothesline","Havoc"],"picked":"SKIP","floor":7},{"not_picked":["Heavy Blade","Cleave"],"picked":"Immolate","floor":8},{"not_picked":["Perfected Strike","Dark Embrace","Body Slam"],"picked":"SKIP","floor":13},{"not_picked":["Armaments","Wild Strike"],"picked":"Headbutt","floor":14},{"not_picked":["Limit Break","Brutality"],"picked":"Berserk","floor":16},{"not_picked":["Havoc","Clash","Headbutt+1"],"picked":"SKIP","floor":18}],"player_experience":1141452,"relics_obtained":[{"floor":8,"key":"Odd Mushroom"},{"floor":9,"key":"MawBank"}],"event_choices":[{"damage_healed":0,"gold_gain":0,"player_choice":"Take Damage","damage_taken":26,"relics_obtained":["Golden Idol"],"max_hp_gain":0,"max_hp_loss":0,"event_name":"Golden Idol","floor":4,"gold_loss":0},{"damage_healed":0,"gold_gain":0,"player_choice":"Fought Mushrooms","damage_taken":0,"max_hp_gain":0,"max_hp_loss":0,"event_name":"Mushrooms","floor":8,"gold_loss":0},{"damage_healed":0,"gold_gain":0,"player_choice":"Shed Blood","damage_taken":26,"max_hp_gain":5,"max_hp_loss":0,"event_name":"Forgotten Altar","floor":19,"gold_loss":0},{"damage_healed":0,"gold_gain":0,"player_choice":"Ignored","damage_taken":0,"max_hp_gain":0,"max_hp_loss":0,"event_name":"Vampires","floor":22,"gold_loss":0}],"is_beta":false,"boss_relics":[{"not_picked":["Coffee Dripper","SacredBark"],"picked":"Astrolabe"}],"items_purged_floors":[11],"is_endless":false,"potions_floor_spawned":[2,7,16,18],"killed_by":"Book of Stabbing","ascension_level":20}}