{"host":"mo324zvkdr1xwprd","time":1613908909,"event":{"mods":["A Penny For Your Troubles","BaseMod","Better Note","Better Third Choice","BetterRewards","Hermit","Highlight Path","Hubris","Minty Spire (QoL Compilation)","Quick Restart","Rare Cards Sparkle","Shop Mod","StSLib","The Cursed","The Hierophant","The Servant 0.9.4","Transform Curses"],"gold_per_floor":[119,134,146,146,17,17,52,52,52,72,103,103,183,183,183,259,259,272,272,283,303,303,328,378,127,127,127,127,161,161,174,174,252,252,271,271,171,146,172,205,223,243,243,243,275,286,311,143,143,144,144,144,10,35,35],"floor_reached":56,"language":"ENG","playtime":2303,"items_purged":[],"score":2917,"play_id":"686ea4e7-a76e-4f26-9500-1bfc9cbef698","local_time":"20210221120149","is_ascension_mode":true,"campfire_choices":[{"data":"1","floor":6.0,"key":"LIFT"},{"data":"2","floor":12.0,"key":"LIFT"},{"data":"3","floor":15.0,"key":"LIFT"},{"data":"Mind Blast","floor":28.0,"key":"SMITH"},{"floor":32.0,"key":"REST"},{"floor":44.0,"key":"RECALL"},{"data":"Mayhem","floor":49.0,"key":"SMITH"},{"data":"Limit Break","floor":52.0,"key":"SMITH"}],"circlet_count":0,"master_deck":["AscendersBane","Bash","Mind Blast+1","Shrug It Off","Pummel","Seeing Red","Carnage","Carnage+1","Seeing Red","Bandage Up","Battle Trance","Shrug It Off","Thunderclap+1","hubris:StunningStrike","Feel No Pain","Writhe","Body Slam","Reaper","Impervious","Ghostly Armor","Ghostly Armor+1","Immolate","Flex","Entrench","Bloodletting","Entrench","Flame Barrier","Impervious","Searing Blow","Iron Wave","Entrench","Madness","Mayhem+1","Dark Shackles","Pommel Strike","Impervious","Heavy Blade","Limit Break+1","Iron Wave","Perfected Strike","Inflame","Iron Wave","Perfected Strike","Flex+1"],"relics":["Burning Blood","Lee\u0027s Waffle","hubris:Potato","Letter Opener","Tiny Chest","Happy Flower","Girya","hubris:Spice","hubris:ChampionShield","hubris:Towel","Champion Belt","hubris:FunFungus","hubris:OldNail","Mark of Pain","Shuriken","Whetstone","Sundial","hubris:BundleOfHerbs","Pandora\u0027s Box","The Courier","Bag of Preparation","Ice Cream"],"acts_visited":["Exordium","TheCity","TheBeyond","TheEnding"],"potions_floor_usage":[55],"damage_taken":[{"damage":7.0,"enemies":"Small Slimes","floor":1.0,"turns":4.0},{"damage":0.0,"enemies":"2 Louse","floor":2.0,"turns":1.0},{"damage":0.0,"enemies":"Jaw Worm","floor":3.0,"turns":2.0},{"damage":12.0,"enemies":"Lagavulin","floor":7.0,"turns":6.0},{"damage":18.0,"enemies":"Exordium Thugs","floor":10.0,"turns":4.0},{"damage":0.0,"enemies":"3 Sentries","floor":11.0,"turns":4.0},{"damage":51.0,"enemies":"Hexaghost","floor":16.0,"turns":10.0},{"damage":18.0,"enemies":"Shell Parasite","floor":18.0,"turns":3.0},{"damage":0.0,"enemies":"Spheric Guardian","floor":20.0,"turns":3.0},{"damage":3.0,"enemies":"Chosen and Byrds","floor":21.0,"turns":4.0},{"damage":27.0,"enemies":"Book of Stabbing","floor":23.0,"turns":4.0},{"damage":0.0,"enemies":"Gremlin Leader","floor":29.0,"turns":4.0},{"damage":0.0,"enemies":"Centurion and Healer","floor":31.0,"turns":3.0},{"damage":72.0,"enemies":"Automaton","floor":33.0,"turns":10.0},{"damage":6.0,"enemies":"3 Darklings","floor":35.0,"turns":3.0},{"damage":0.0,"enemies":"Nemesis","floor":40.0,"turns":3.0},{"damage":0.0,"enemies":"3 Shapes","floor":41.0,"turns":1.0},{"damage":0.0,"enemies":"Sphere and 2 Shapes","floor":42.0,"turns":2.0},{"damage":3.0,"enemies":"Giant Head","floor":45.0,"turns":6.0},{"damage":0.0,"enemies":"Jaw Worm Horde","floor":46.0,"turns":2.0},{"damage":0.0,"enemies":"Nemesis","floor":47.0,"turns":3.0},{"damage":40.0,"enemies":"Awakened One","floor":50.0,"turns":7.0},{"damage":7,"enemies":"Shield and Spear","floor":54,"turns":3},{"damage":71,"enemies":"The Heart","floor":55,"turns":7}],"seed_played":"-2765125258012708581","potions_obtained":[{"floor":1.0,"key":"Explosive Potion"},{"floor":2.0,"key":"Weak Potion"},{"floor":7.0,"key":"BlessingOfTheForge"},{"floor":11.0,"key":"Fire Potion"},{"floor":23.0,"key":"FairyPotion"},{"floor":29.0,"key":"Dexterity Potion"},{"floor":33.0,"key":"Explosive Potion"},{"floor":41.0,"key":"AttackPotion"}],"is_trial":false,"path_per_floor":["M","M","M","?","$","R","E","?","T","M","E","R","?","T","R","B",null,"M","?","M","M","?","E","T","$","T","?","R","E","?","M","R","B",null,"M","?","NS","$","T","E","M","M","T","R","E","M","E","$","R","B",null,"R","$","E","B",null],"character_chosen":"IRONCLAD","items_purchased":["Lee\u0027s Waffle","Mind Blast","Tiny Chest","Happy Flower","hubris:Spice","Seeing Red","Bandage Up","Reaper","Impervious","Pommel Strike","Bag of Preparation","Inflame","Strength Potion","Iron Wave","Perfected Strike"],"campfire_rested":1,"item_purchase_floors":[0,0,0,0,0,5,5,25,25,38,48,48,53,53,53],"current_hp_per_floor":[89,90,90,90,90,90,84,84,84,76,86,86,86,86,86,45,79,67,75,86,96,96,80,80,80,80,80,80,98,69,79,103,54,91,103,93,93,93,93,95,87,87,79,79,79,79,79,79,79,67,76,76,76,79,36],"gold":35,"neow_bonus":"","is_daily":false,"chose_seed":false,"campfire_upgraded":3,"win_rate":0.0,"timestamp":1613908909,"path_taken":["M","M","M","?","$","R","E","?","T","M","E","R","?","?","R","BOSS","M","?","?","M","?","E","?","$","T","?","R","E","?","M","R","BOSS","M","?","NS","$","?","E","M","M","T","R","E","M","E","$","R","BOSS","R","$","E","BOSS"],"items_purchased_type":["Relic","Card","Relic","Relic","Relic","Card","Card","Card","Card","Card","Relic","Card","Potion","Card","Card"],"build_version":"2020-12-22","purchased_purges":0,"victory":true,"max_hp_per_floor":[90,90,90,90,90,90,90,90,90,90,90,90,90,90,90,90,90,90,98,98,98,98,98,98,98,98,98,98,98,103,103,103,103,103,103,103,103,103,95,95,87,87,79,79,79,79,79,79,79,79,79,79,79,79,79],"card_choices":[{"not_picked":["Dual Wield","Warcry"],"picked":"Pummel","floor":1.0},{"not_picked":["Entrench","Ghostly Armor"],"picked":"Seeing Red","floor":2.0},{"not_picked":["Clothesline","Wild Strike"],"picked":"Carnage","floor":3.0},{"not_picked":["Intimidate","Wild Strike"],"picked":"Battle Trance","floor":7.0},{"not_picked":["Twin Strike","Havoc"],"picked":"Shrug It Off","floor":10.0},{"not_picked":["Carnage","Evolve"],"picked":"Thunderclap","floor":11.0},{"not_picked":["Bludgeon","Berserk"],"picked":"hubris:StunningStrike","floor":16.0},{"not_picked":["Body Slam","hubris:SharpeningStone"],"picked":"Twin Strike","floor":18.0},{"not_picked":["Warcry","Headbutt"],"picked":"Cleave+1","floor":20.0},{"not_picked":["Armaments","Second Wind"],"picked":"Feel No Pain","floor":21.0},{"not_picked":["Armaments","hubris:SpiceAddiction"],"picked":"Body Slam","floor":23.0},{"not_picked":["hubris:SpiceAddiction","Wild Strike"],"picked":"Ghostly Armor","floor":29.0},{"not_picked":["Sentinel","Uppercut"],"picked":"Ghostly Armor+1","floor":31.0},{"not_picked":["Limit Break","Brutality"],"picked":"Immolate","floor":33.0},{"not_picked":["Fire Breathing","Body Slam"],"picked":"True Grit+1","floor":35.0},{"not_picked":["Panacea","Deep Breath"],"picked":"Madness","floor":36.0},{"not_picked":["Bandage Up","Thinking Ahead"],"picked":"Mayhem","floor":36.0},{"not_picked":["Madness","hubris:Ssssneak"],"picked":"Dark Shackles","floor":36.0},{"not_picked":["Perfected Strike","Wild Strike+1"],"picked":"Impervious","floor":40.0},{"not_picked":["hubris:SpiceAddiction","hubris:SpiceAddiction"],"picked":"hubris:SpiceAddiction","floor":41.0},{"not_picked":["Armaments","True Grit"],"picked":"Heavy Blade","floor":42.0},{"not_picked":["Twin Strike","Cleave"],"picked":"Limit Break","floor":45.0},{"not_picked":["Feel No Pain","hubris:SpiceAddiction"],"picked":"Iron Wave","floor":46.0},{"not_picked":["Wild Strike+1","hubris:CleavingFinish"],"picked":"Perfected Strike","floor":47.0},{"not_picked":["Headbutt","hubris:SpiceAddiction"],"picked":"Flex+1","floor":54}],"player_experience":780617,"relics_obtained":[{"floor":7.0,"key":"hubris:ChampionShield"},{"floor":9.0,"key":"Champion Belt"},{"floor":11.0,"key":"hubris:FunFungus"},{"floor":14.0,"key":"hubris:OldNail"},{"floor":23.0,"key":"Whetstone"},{"floor":26.0,"key":"Sundial"},{"floor":29.0,"key":"hubris:BundleOfHerbs"},{"floor":39.0,"key":"hubris:Spice"},{"floor":40.0,"key":"The Courier"},{"floor":43.0,"key":"hubris:Spice"},{"floor":54,"key":"Ice Cream"}],"event_choices":[{"damage_healed":0.0,"max_hp_gain":0.0,"max_hp_loss":0.0,"gold_gain":80.0,"event_name":"Golden Wing","player_choice":"Gained Gold","floor":13.0,"gold_loss":0.0,"damage_taken":0.0},{"cards_removed":["Twin Strike"],"damage_healed":0.0,"max_hp_gain":0.0,"max_hp_loss":0.0,"gold_gain":0.0,"event_name":"WeMeetAgain","player_choice":"Gave Card","floor":19.0,"gold_loss":0.0,"damage_taken":0.0,"relics_obtained":["hubris:Spice"]},{"damage_healed":0.0,"max_hp_gain":0.0,"max_hp_loss":0.0,"gold_gain":0.0,"event_name":"The Mausoleum","player_choice":"Opened","floor":22.0,"gold_loss":0.0,"damage_taken":0.0,"relics_obtained":["Shuriken"],"cards_obtained":["Writhe"]},{"damage_healed":0.0,"max_hp_gain":0.0,"max_hp_loss":0.0,"gold_gain":0.0,"event_name":"Beggar","player_choice":"Ignored","floor":27.0,"gold_loss":0.0,"damage_taken":0.0},{"damage_healed":0.0,"max_hp_gain":5.0,"max_hp_loss":0.0,"gold_gain":0.0,"event_name":"Forgotten Altar","player_choice":"Shed Blood","floor":30.0,"gold_loss":0.0,"damage_taken":34.0},{"damage_healed":0.0,"max_hp_gain":0.0,"max_hp_loss":0.0,"gold_gain":0.0,"event_name":"SensoryStone","player_choice":"Memory 3","floor":36.0,"gold_loss":0.0,"damage_taken":10.0}],"is_beta":false,"boss_relics":[{"not_picked":["Runic Dome","hubris:Spice"],"picked":"Mark of Pain"},{"not_picked":["hubris:Spice","hubris:Spice"],"picked":"Pandora\u0027s Box"}],"items_purged_floors":[],"is_endless":false,"potions_floor_spawned":[1,2,7,11,23,29,33,41,46,47],"ascension_level":19}}