{"host":"8is2j71l4wmybkoi","time":1613902049,"event":{"mods":["AchievementEnabler","BaseMod","Colored Map","DeckTracker","Minty Spire (QoL Compilation)","Rare Cards Sparkle","Relic Stats","StSLib","SuperFastMode"],"gold_per_floor":[118,118,268,193,40,74,84,119,145,145,26,39,57,89,89,89,89],"floor_reached":16,"language":"KOR","playtime":447,"items_purged":["Strike_G"],"score":250,"play_id":"d29b8e36-71a2-4d34-b36f-8216563d6c6a","local_time":"20210221190729","is_ascension_mode":true,"campfire_choices":[{"data":"Noxious Fumes","floor":10.0,"key":"SMITH"},{"data":"Phantasmal Killer","floor":15.0,"key":"SMITH"}],"circlet_count":0,"master_deck":["AscendersBane","Strike_G","Strike_G","Strike_G","Defend_G","Defend_G","Defend_G","Defend_G","Defend_G","Survivor","Neutralize","Reflex","Eviscerate","Dagger Spray","PiercingWail","Deflect","Noxious Fumes+1","Tactician","Phantasmal Killer+1"],"relics":["Ring of the Snake","NeowsBlessing","Bag of Preparation","Eternal Feather","Bag of Marbles","Letter Opener"],"acts_visited":["Exordium"],"potions_floor_usage":[16],"damage_taken":[{"damage":0.0,"enemies":"Small Slimes","floor":1.0,"turns":1.0},{"damage":0.0,"enemies":"Gremlin Nob","floor":6.0,"turns":1.0},{"damage":0.0,"enemies":"2 Louse","floor":7.0,"turns":1.0},{"damage":4.0,"enemies":"3 Sentries","floor":8.0,"turns":7.0},{"damage":0.0,"enemies":"Jaw Worm","floor":12.0,"turns":5.0},{"damage":8.0,"enemies":"Exordium Thugs","floor":13.0,"turns":6.0},{"damage":39.0,"enemies":"Lagavulin","floor":14.0,"turns":8.0},{"damage":33,"enemies":"Slime Boss","floor":16,"turns":7}],"seed_played":"621931627999676865","potions_obtained":[{"floor":1.0,"key":"SneckoOil"},{"floor":14.0,"key":"SkillPotion"}],"is_trial":false,"path_per_floor":["M","?","?","?","$","E","M","E","T","R","$","M","M","E","R","B"],"character_chosen":"THE_SILENT","items_purchased":["Dagger Spray","PiercingWail","Tactician","BlessingOfTheForge"],"campfire_rested":0,"item_purchase_floors":[5,5,11,11],"current_hp_per_floor":[59,59,59,59,59,59,59,55,55,64,64,64,56,17,26,0,0],"gold":89,"neow_bonus":"THREE_ENEMY_KILL","is_daily":false,"chose_seed":false,"campfire_upgraded":2,"win_rate":0.0,"timestamp":1613902049,"path_taken":["M","?","?","?","$","E","M","E","T","R","?","M","M","E","R","BOSS"],"items_purchased_type":["Card","Card","Card","Potion"],"build_version":"2020-12-22","purchased_purges":1,"victory":false,"max_hp_per_floor":[66,66,66,66,66,66,66,66,66,66,66,66,66,66,66,66,66],"relic_stats":{"counters":[8,36],"Eternal Feather":18,"Bag of Preparation":[12],"Letter Opener":[5],"obtain_stats":[{"NeowsBlessing":0,"Eternal Feather":8,"Bag of Preparation":6,"Bag of Marbles":9,"Letter Opener":14,"Ring of the Snake":0},{"NeowsBlessing":0,"Eternal Feather":4,"Bag of Preparation":2,"Bag of Marbles":4,"Letter Opener":7,"Ring of the Snake":0},{"NeowsBlessing":0,"Eternal Feather":10,"Bag of Preparation":2,"Bag of Marbles":10,"Letter Opener":29,"Ring of the Snake":0}],"Ring of the Snake":[16]},"card_choices":[{"not_picked":["Cloak And Dagger","Concentrate"],"picked":"Reflex","floor":1.0},{"not_picked":["Outmaneuver","Underhanded Strike","Sucker Punch"],"picked":"SKIP","floor":6.0},{"not_picked":["Cloak And Dagger","Choke"],"picked":"Deflect","floor":7.0},{"not_picked":["Poisoned Stab","Terror"],"picked":"Noxious Fumes","floor":8.0},{"not_picked":["Infinite Blades","Deflect","Setup"],"picked":"SKIP","floor":12.0},{"not_picked":["Riddle With Holes","Poisoned Stab","Dodge and Roll"],"picked":"SKIP","floor":13.0},{"not_picked":["Deadly Poison","Backflip"],"picked":"Phantasmal Killer","floor":14.0}],"player_experience":1278237,"relics_obtained":[{"floor":6.0,"key":"Bag of Preparation"},{"floor":8.0,"key":"Eternal Feather"},{"floor":9.0,"key":"Bag of Marbles"},{"floor":14.0,"key":"Letter Opener"}],"event_choices":[{"damage_healed":0.0,"max_hp_gain":0.0,"max_hp_loss":0.0,"gold_gain":0.0,"cards_transformed":["Strike_G"],"event_name":"Living Wall","player_choice":"Change","floor":2.0,"gold_loss":0.0,"damage_taken":0.0,"cards_obtained":["Eviscerate"]},{"damage_healed":0.0,"max_hp_gain":0.0,"max_hp_loss":0.0,"gold_gain":150.0,"event_name":"Liars Game","player_choice":"AGREE","floor":3.0,"gold_loss":0.0,"damage_taken":0.0,"cards_obtained":["Doubt"]},{"cards_removed":["Doubt"],"damage_healed":0.0,"max_hp_gain":0.0,"max_hp_loss":0.0,"gold_gain":0.0,"event_name":"The Cleric","player_choice":"Card Removal","floor":4.0,"gold_loss":75.0,"damage_taken":0.0}],"is_beta":false,"boss_relics":[],"items_purged_floors":[5],"is_endless":false,"potions_floor_spawned":[1,14],"killed_by":"Slime Boss","ascension_level":15}}