{"host":"cr9rpoy6dx9riis3","time":1613945535,"event":{"mods":["AchievementEnabler","BaseMod","Better Altar","Better Note","Better Sensory Stone","Better Skull","Better Third Choice","Better-Laid Plans","BetterRewards","Block Reminder","Curses Come First","Displayed Cursed Tome","Emptier Cage","Marked Mod","Minty Spire (QoL Compilation)","Permanent Neow","Relic Sorter","StSLib","The Blue Laboratory","Transform Curses"],"gold_per_floor":[117,117,392,408,46,80,80,30,30,41,41,52,66,91,91,195,195,210,210,221,296,310,310,310,310],"floor_reached":24,"language":"ENG","playtime":1368,"items_purged":["Defend_G","Regret"],"score":383,"play_id":"df32080e-2182-4907-a25e-833e0b3bd387","local_time":"20210221231215","is_ascension_mode":true,"campfire_choices":[{"data":"Bandage Up","floor":7,"key":"SMITH"},{"data":"Survivor","floor":11,"key":"SMITH"},{"floor":15,"key":"REST"},{"floor":23,"key":"REST"}],"circlet_count":0,"master_deck":["Strike_G","Strike_G","Strike_G","Strike_G","Defend_G","Defend_G","Defend_G","Survivor+1","Neutralize","Bandage Up+1","SashWhip","Tools of the Trade","CurseOfTheBell","Panacea+1"],"relics":["Ring of the Snake","PrismaticShard","Membership Card","Toxic Egg 2","Art of War","The Specimen","Tingsha"],"acts_visited":["Exordium","TheCity"],"potions_floor_usage":[6,16,22,24,24],"damage_taken":[{"damage":0,"enemies":"Jaw Worm","floor":1,"turns":4},{"damage":2,"enemies":"2 Louse","floor":4,"turns":3},{"damage":39,"enemies":"Lagavulin","floor":6,"turns":7},{"damage":4,"enemies":"Cultist","floor":10,"turns":4},{"damage":0,"enemies":"2 Fungi Beasts","floor":12,"turns":4},{"damage":9,"enemies":"Gremlin Gang","floor":13,"turns":5},{"damage":22,"enemies":"Gremlin Nob","floor":14,"turns":5},{"damage":28,"enemies":"Slime Boss","floor":16,"turns":13},{"damage":27,"enemies":"3 Byrds","floor":18,"turns":8},{"damage":7,"enemies":"Chosen","floor":20,"turns":7},{"damage":23,"enemies":"Snake Plant","floor":22,"turns":8},{"damage":43,"enemies":"Slavers","floor":24,"turns":4}],"seed_played":"-3900034579854892591","potions_obtained":[{"floor":4,"key":"Block Potion"},{"floor":14,"key":"BlessingOfTheForge"},{"floor":16,"key":"Weak Potion"},{"floor":20,"key":"SteroidPotion"},{"floor":22,"key":"blueLaboratory:ArtistsPotion"}],"is_trial":false,"path_per_floor":["M","?","?","M","$","E","R","?","T","M","R","M","M","E","R","B",null,"M","?","M","?","M","R","E"],"character_chosen":"THE_SILENT","items_purchased":["PrismaticShard","Bandage Up","Membership Card","Tingsha"],"campfire_rested":2,"item_purchase_floors":[0,0,5,5],"current_hp_per_floor":[64,64,64,66,66,31,31,31,31,33,33,39,36,20,41,19,57,36,36,35,28,11,32,0,0],"gold":310,"neow_bonus":"","is_daily":false,"chose_seed":false,"campfire_upgraded":2,"win_rate":0.0,"timestamp":1613945535,"path_taken":["M","?","?","?","$","E","R","?","T","M","R","M","M","E","R","BOSS","M","?","M","?","?","R","E"],"items_purchased_type":["Relic","Card","Relic","Relic"],"build_version":"2020-12-22","purchased_purges":2,"victory":false,"max_hp_per_floor":[70,70,70,70,70,70,70,70,70,70,70,70,70,70,70,70,70,70,70,70,70,70,70,70,70],"card_choices":[{"not_picked":["ClearTheMind","Blade Dance"],"picked":"SashWhip","floor":1},{"not_picked":["Protect","Rebound","Body Slam"],"picked":"SKIP","floor":4},{"not_picked":["Bouncing Flask","Flame Barrier","Dropkick"],"picked":"SKIP","floor":6},{"not_picked":["Pommel Strike","Force Field","Scrape"],"picked":"SKIP","floor":10},{"not_picked":["Consecrate","Cloak And Dagger"],"picked":"CutThroughFate","floor":12},{"not_picked":["Defragment","Dual Wield","Double Energy"],"picked":"SKIP","floor":13},{"not_picked":["Searing Blow","Dodge and Roll"],"picked":"Tools of the Trade","floor":14},{"not_picked":["Limit Break","Blasphemy"],"picked":"Panache","floor":16},{"not_picked":["Impatience+1","Body Slam+1","Armaments+1"],"picked":"SKIP","floor":18},{"not_picked":["Compile Driver","Reinforced Body+1","Uppercut"],"picked":"SKIP","floor":20},{"not_picked":["MarkedMod:GracefulMovements+1","Battle Trance+1","Carnage"],"picked":"SKIP","floor":22}],"player_experience":775267,"relics_obtained":[{"floor":14,"key":"Potion Belt"},{"floor":17,"key":"Art of War"},{"floor":17,"key":"Toxic Egg 2"},{"floor":17,"key":"The Specimen"}],"event_choices":[{"cards_removed":["Defend_G"],"damage_healed":0,"gold_gain":0,"player_choice":"Forget","damage_taken":0,"max_hp_gain":0,"max_hp_loss":0,"event_name":"Living Wall","floor":2,"gold_loss":0},{"damage_healed":0,"gold_gain":275,"player_choice":"Desecrate","damage_taken":0,"max_hp_gain":0,"max_hp_loss":0,"event_name":"Golden Shrine","floor":3,"gold_loss":0,"cards_obtained":["Regret"]},{"cards_removed":["Strike_G"],"damage_healed":0,"gold_gain":0,"player_choice":"Card Removal","damage_taken":0,"max_hp_gain":0,"max_hp_loss":0,"event_name":"The Cleric","floor":8,"gold_loss":50},{"cards_removed":["Bandage Up"],"damage_healed":0,"gold_gain":0,"player_choice":"Take \u0026 Give","damage_taken":0,"max_hp_gain":0,"max_hp_loss":0,"event_name":"betterNote:BetterNote","floor":19,"gold_loss":0,"cards_obtained":["Panacea"]},{"damage_healed":0,"gold_gain":75,"player_choice":"Touch","damage_taken":7,"max_hp_gain":0,"max_hp_loss":0,"event_name":"FaceTrader","floor":21,"gold_loss":0}],"is_beta":false,"boss_relics":[{"not_picked":["Fusion Hammer","Sozu"],"picked":"Calling Bell"}],"items_purged_floors":[0,5],"is_endless":false,"potions_floor_spawned":[4,14,16,20,22],"killed_by":"Slavers","ascension_level":5}}