{"host":"6znluj278ovdbyb2","time":1613866381,"event":{"mods":["BaseMod","BetterRewards","Clockwork Mod","Highlight Path","Hubris","Infinite Spire","Marisa????????","Minty Spire (QoL Compilation)","Rare Cards Sparkle","Replay The Spire","StSLib","The Animator","The Bladedancer","The Cursed","The Disciple","The Mystic","The Necromancer","The Runesmith","The Servant 0.9.4"],"gold_per_floor":[119,119,135,188,188,223,223,233,260,260,260,298,298,299,299,416,416,443,477,193,193,171,171,171,171,171,206,206,243,286,286,286,401,401,430,430,530,530,569,615,615,671,671,671,706,509,541,564,564,588,588,588,588,732,752],"floor_reached":56,"language":"ENG","playtime":3674,"items_purged":[],"score":1283,"play_id":"392a094c-c309-4ce3-8b45-4de9bc11ffac","local_time":"20210220191301","is_ascension_mode":false,"campfire_choices":[{"floor":7.0,"key":"REST"},{"floor":11.0,"key":"REST"},{"data":"Skeleton_Dragon","floor":15.0,"key":"SMITH"},{"floor":23.0,"key":"REST"},{"floor":25.0,"key":"REST"},{"data":"1","floor":32.0,"key":"LIFT"},{"data":"2","floor":41.0,"key":"LIFT"},{"data":"3","floor":44.0,"key":"LIFT"},{"floor":49.0,"key":"RECALL"},{"data":"Requiem","floor":52.0,"key":"SMITH"}],"circlet_count":0,"master_deck":["Strike_W","Strike_W","Strike_W","Strike_W","Defend_W","Defend_W","Defend_W","Defend_W","Bone_Wall","Blood_Whip","Skeleton_Dragon+1","Necrotic_Claws","Bone_Prison","Scare","Blood_Wake","Negative_Energy_Bomb","Negative_Energy_Mist+1","Negative_Energy_Burst","Life_Drain","Negative_Energy_Shield+1","Life_Drain","Blood_Curse+1","Death_March_Dance","Requiem+1","Vampiric_Strike+1","Replay:Fractal Strike","infinitespire:TheBestDefense","Bone_Shift","Life_Tap+1","Requiem+1","Violent_Necrosis","Blood_Shield+1","Blood_Shield+1","Negative_Energy_Mist+1","Necrotic_Claws","Requiem+1"],"relics":["Vampire_Amulet","infinitespire:Joker Card","Vajra","Replay:Bandana","ReplayTheSpireMod:Shallot","hubris:Icosahedron","hubris:Potato","Black Star","Replay:Rubber Ducky","Girya","Replay:Ringing Soul","Bronze Scales","infinitespire:PuzzleCube","Ring of Chaos","Replay:Towering Pillar of Hats","Replay:Wanted Poster","Golden Egg","Omamori","Happy Flower","hubris:ToyBattleship","hubris:Metronome","Replay:Baseball","Replay:Multitool","infinitespire:Broken Mirror"],"acts_visited":["Exordium","TheCity","TheBeyond","TheEnding"],"potions_floor_usage":[],"damage_taken":[{"damage":1.0,"enemies":"2 Louse","floor":1.0,"turns":3.0},{"damage":14.0,"enemies":"infinitespire:Voidling","floor":3.0,"turns":6.0},{"damage":54.0,"enemies":"Lagavulin","floor":6.0,"turns":11.0},{"damage":1.0,"enemies":"Jaw Worm","floor":8.0,"turns":3.0},{"damage":2.0,"enemies":"Exordium Thugs","floor":12.0,"turns":4.0},{"damage":10.0,"enemies":"Gremlin Nob","floor":14.0,"turns":4.0},{"damage":14.0,"enemies":"Hexaghost","floor":16.0,"turns":9.0},{"damage":21.0,"enemies":"3 Byrds","floor":18.0,"turns":6.0},{"damage":31.0,"enemies":"Chosen","floor":19.0,"turns":8.0},{"damage":7.0,"enemies":"Snake Plant","floor":22.0,"turns":6.0},{"damage":17.0,"enemies":"Shelled Parasite and Fungi","floor":27.0,"turns":6.0},{"damage":0.0,"enemies":"Snecko","floor":29.0,"turns":3.0},{"damage":31.0,"enemies":"Gremlin Leader","floor":30.0,"turns":7.0},{"damage":77.0,"enemies":"Collector","floor":33.0,"turns":11.0},{"damage":4.0,"enemies":"3 Shapes","floor":35.0,"turns":5.0},{"damage":9.0,"enemies":"3 Darklings","floor":39.0,"turns":6.0},{"damage":24.0,"enemies":"Reptomancer","floor":40.0,"turns":7.0},{"damage":4.0,"enemies":"R_Hoarder","floor":42.0,"turns":7.0},{"damage":20.0,"enemies":"Transient","floor":45.0,"turns":5.0},{"damage":0.0,"enemies":"Writhing Mass","floor":47.0,"turns":5.0},{"damage":28.0,"enemies":"Spire Growth","floor":48.0,"turns":6.0},{"damage":21.0,"enemies":"infinitespire:MassOfShapes","floor":50.0,"turns":7.0},{"damage":20,"enemies":"Shield and Spear","floor":54,"turns":6},{"damage":129,"enemies":"The Heart","floor":55,"turns":9}],"seed_played":"96015466841050613","potions_obtained":[{"floor":2.0,"key":"Block Potion"},{"floor":2.0,"key":"EntropicBrew"},{"floor":2.0,"key":"SmokeBomb"},{"floor":8.0,"key":"Regen Potion"},{"floor":14.0,"key":"AttackPotion"},{"floor":18.0,"key":"SpeedPotion"},{"floor":30.0,"key":"ColorlessPotion"},{"floor":33.0,"key":"SneckoOil"},{"floor":39.0,"key":"Swift Potion"},{"floor":47.0,"key":"Fruit Juice"}],"is_trial":false,"path_per_floor":["M","?","M","?","?","E","R","M","T","T","R","M","?","E","R","B",null,"M","M","$","?","M","R","AVR","R","T","M","?","M","E","?","R","B",null,"M","?","AVR","?","M","E","R","E","T","R","M","$","M","M","R","B",null,"R","$","E","B",null],"character_chosen":"NECROMANCER","items_purchased":["Life_Drain","FairyPotion","Replay:Rubber Ducky","Blood_Shield","Replay:Baseball"],"campfire_rested":4,"item_purchase_floors":[20,20,20,46,46],"current_hp_per_floor":[57,57,59,59,59,7,29,30,30,30,52,66,66,58,58,46,75,60,31,31,17,22,46,46,70,70,67,67,78,72,72,72,28,89,92,71,74,74,85,97,97,107,107,107,92,95,106,98,98,120,124,124,124,127,12],"gold":752,"neow_bonus":"ONE_RARE_RELIC","is_daily":false,"chose_seed":false,"campfire_upgraded":2,"win_rate":0.0,"timestamp":1613866381,"path_taken":["M","?","?","?","?","E","R","?","T","?","R","M","?","E","R","BOSS","M","M","$","?","M","R","AVR","R","T","M","?","M","E","?","R","BOSS","M","?","AVR","?","M","E","R","E","T","R","M","$","M","M","R","BOSS","R","$","E","BOSS"],"items_purchased_type":["Card","Potion","Relic","Card","Relic"],"build_version":"2020-12-22","purchased_purges":0,"victory":true,"max_hp_per_floor":[75,75,75,75,75,75,75,75,75,75,75,75,75,75,75,75,75,75,75,75,80,80,80,80,80,80,80,80,83,86,86,86,89,89,92,95,98,98,101,104,104,107,107,107,110,113,116,124,124,124,124,124,124,127,127],"card_choices":[{"not_picked":["Necromantic_Selection","Vampiric_Strike"],"picked":"Blood_Whip","floor":1.0},{"not_picked":["Vampiric_Strike","Whirlwind_of_Bones"],"picked":"Skeleton_Dragon","floor":3.0},{"not_picked":["Summon_Undead","Toxic_Smoke_Screen"],"picked":"Necrotic_Claws","floor":6.0},{"not_picked":["Vampiric_Strike","Finger_Of_Death"],"picked":"Bone_Prison","floor":8.0},{"not_picked":["Plague_Bolt","Bone_Spikes"],"picked":"Scare","floor":12.0},{"not_picked":["Bone_Armor","Vampiric_Strike"],"picked":"Blood_Wake","floor":14.0},{"not_picked":["Hellfire","Reap_The_Weak"],"picked":"Negative_Energy_Bomb","floor":16.0},{"not_picked":["Whirlwind_of_Bones","Uncharnel"],"picked":"Negative_Energy_Mist+1","floor":18.0},{"not_picked":["Blood_Whip+1","Negative_Energy_Sphere"],"picked":"Negative_Energy_Burst","floor":19.0},{"not_picked":["Spectral_Walk","Bone_Spikes"],"picked":"Negative_Energy_Shield+1","floor":22.0},{"not_picked":["Bone_Bullets","Consume_Illness"],"picked":"Life_Drain","floor":27.0},{"not_picked":["Blood_Whip","Chill_Blood"],"picked":"Blood_Curse+1","floor":29.0},{"not_picked":["Detonate_Bones","Negative_Energy_Mist"],"picked":"Death_March_Dance","floor":30.0},{"not_picked":["Summon_Death_Knight","Negative_Energy_Bomb"],"picked":"Requiem","floor":33.0},{"not_picked":["Death_Coil+1","Negative_Energy_Shield+1"],"picked":"Vampiric_Strike+1","floor":35.0},{"not_picked":["hubris:Rewind","ReplayTheSpireMod:??????????????????????"],"picked":"Replay:Fractal Strike","floor":36.0},{"not_picked":["Negative_Energy_Mist","Chill_Blood"],"picked":"Bone_Shift","floor":39.0},{"not_picked":["Consume_Illness","Blood_Whip"],"picked":"Life_Tap+1","floor":40.0},{"not_picked":["Necromantic_Selection","Negative_Energy_Sphere"],"picked":"Requiem","floor":42.0},{"not_picked":["Uncharnel","Negative_Energy_Sphere"],"picked":"Violent_Necrosis","floor":45.0},{"not_picked":["Vampiric_Strike","Scare"],"picked":"Negative_Energy_Mist+1","floor":47.0},{"not_picked":["Bones_to_Steel+1","Bone_Spikes"],"picked":"Necrotic_Claws","floor":48.0},{"not_picked":["Bones_to_Steel","Shade_Step"],"picked":"Requiem","floor":54}],"player_experience":661160,"relics_obtained":[{"floor":6.0,"key":"Vajra"},{"floor":9.0,"key":"Replay:Bandana"},{"floor":10.0,"key":"ReplayTheSpireMod:Shallot"},{"floor":14.0,"key":"hubris:Potato"},{"floor":30.0,"key":"Bronze Scales"},{"floor":30.0,"key":"infinitespire:PuzzleCube"},{"floor":40.0,"key":"Golden Egg"},{"floor":40.0,"key":"Omamori"},{"floor":42.0,"key":"Happy Flower"},{"floor":42.0,"key":"hubris:ToyBattleship"},{"floor":43.0,"key":"hubris:Metronome"},{"floor":54,"key":"Replay:Multitool"},{"floor":54,"key":"infinitespire:Broken Mirror"}],"event_choices":[{"damage_healed":0.0,"max_hp_gain":0.0,"max_hp_loss":0.0,"gold_gain":0.0,"event_name":"Lab","player_choice":"Got Potions","floor":2.0,"gold_loss":0.0,"damage_taken":0.0},{"damage_healed":0.0,"max_hp_gain":0.0,"max_hp_loss":0.0,"gold_gain":53.0,"event_name":"Golden Wing","player_choice":"Gained Gold","floor":4.0,"gold_loss":0.0,"damage_taken":0.0},{"damage_healed":0.0,"max_hp_gain":5.0,"max_hp_loss":0.0,"gold_gain":0.0,"event_name":"Forgotten Altar","player_choice":"Shed Blood","floor":21.0,"gold_loss":0.0,"damage_taken":19.0},{"damage_healed":0.0,"max_hp_gain":0.0,"max_hp_loss":0.0,"gold_gain":0.0,"event_name":"Beggar","player_choice":"Ignored","floor":31.0,"gold_loss":0.0,"damage_taken":0.0},{"cards_removed":["Negative_Energy_Arrows"],"damage_healed":0.0,"max_hp_gain":0.0,"max_hp_loss":0.0,"gold_gain":0.0,"event_name":"Falling","player_choice":"Removed Attack","floor":38.0,"gold_loss":0.0,"damage_taken":0.0}],"is_beta":false,"boss_relics":[{"not_picked":["Sozu","Philosopher\u0027s Stone"],"picked":"Black Star"},{"not_picked":["Tiny House","hubris:VirtuousBlindfold"],"picked":"Ring of Chaos"}],"items_purged_floors":[],"is_endless":false,"potions_floor_spawned":[3,8,14,18,30,33,39,42,47],"ascension_level":0}}