{"host":"l7l2v2zs4hqku4vk","time":1613872615,"event":{"mods":["Act Like it!","BaseMod","Colored Powertips","Downfall","Highlight Path","Minty Spire (QoL Compilation)","Replay The Spire","StSLib","TestMod","The Servant 0.9.4","óô»ðÖ¸ÄÏ"],"gold_per_floor":[109,109,109,133,148,148,21,21,21,36,70,80,80,111,111,111,111],"floor_reached":16,"language":"ZHS","playtime":512,"items_purged":["Strike_R"],"score":216,"play_id":"383df786-695b-4fdc-aab5-1fe21adf3939","local_time":"20210221095655","is_ascension_mode":true,"campfire_choices":[{"data":"Whirlwind","floor":6,"key":"SMITH"},{"data":"Armaments","floor":8,"key":"SMITH"},{"floor":13,"key":"REST"},{"floor":15,"key":"REST"}],"circlet_count":0,"master_deck":["AscendersBane","Strike_R","Strike_R","Defend_R","Defend_R","Defend_R","Defend_R","Bash","Whirlwind+1","Armaments+1","Flame Barrier","Inflame"],"relics":["Burning Blood","testmod-TestBox","testmod-Hope","testmod-OneHitWonder","ReplayFunnel","Lantern","Replay:WaspNest","CeramicFish"],"acts_visited":["Exordium"],"potions_floor_usage":[11,11,14,16],"damage_taken":[{"damage":12,"enemies":"Cultist","floor":1,"turns":4},{"damage":0,"enemies":"2 Louse","floor":5,"turns":1},{"damage":2,"enemies":"Jaw Worm","floor":10,"turns":3},{"damage":18,"enemies":"Replay:BlueRogue","floor":11,"turns":6},{"damage":14,"enemies":"Exordium Thugs","floor":12,"turns":5},{"damage":20,"enemies":"Lagavulin","floor":14,"turns":5},{"damage":55,"enemies":"Slime Boss","floor":16,"turns":6}],"seed_played":"351783957652321236","potions_obtained":[{"floor":5,"key":"Fire Potion"},{"floor":10,"key":"Energy Potion"},{"floor":12,"key":"testmod-TimePotion"},{"floor":14,"key":"Swift Potion"}],"is_trial":false,"path_per_floor":["M","?","?","T","M","R","$","R","T","M","E","M","R","E","R","B"],"character_chosen":"IRONCLAD","items_purchased":["Armaments"],"campfire_rested":2,"item_purchase_floors":[7],"current_hp_per_floor":[62,62,17,17,23,23,23,23,23,27,15,7,29,15,37,0,0],"gold":111,"neow_bonus":"TRANSFORM_CARD","is_daily":false,"chose_seed":false,"campfire_upgraded":2,"win_rate":0.0,"timestamp":1613872615,"path_taken":["M","?","?","?","M","R","$","R","T","M","E","M","R","E","R","BOSS"],"items_purchased_type":["Card"],"build_version":"2020-12-22","purchased_purges":1,"victory":false,"max_hp_per_floor":[75,75,75,75,75,75,75,75,75,75,75,75,75,75,75,75,75],"card_choices":[{"not_picked":["Anger","Massacre","ReplayTheSpireMod:Strike From Hell"],"picked":"SKIP","floor":1},{"not_picked":["Replay:Undeath\u0027s Touch","Sword Boomerang","Clothesline"],"picked":"SKIP","floor":5},{"not_picked":["ReplayTheSpireMod:Stacked","Headbutt"],"picked":"Flame Barrier","floor":10},{"not_picked":["Searing Blow","Eclipse","ReplayTheSpireMod:LeadingStrike"],"picked":"SKIP","floor":11},{"not_picked":["Intimidate","Fire Breathing"],"picked":"Inflame","floor":12},{"not_picked":["Iron Wave","ReplayTheSpireMod:Strike From Hell","Clothesline"],"picked":"SKIP","floor":14}],"player_experience":1831129,"relics_obtained":[{"floor":4,"key":"ReplayFunnel"},{"floor":9,"key":"Lantern"},{"floor":11,"key":"Replay:WaspNest"},{"floor":14,"key":"CeramicFish"}],"event_choices":[{"cards_removed":["Strike_R"],"damage_healed":0,"gold_gain":0,"player_choice":"Forget","damage_taken":0,"max_hp_gain":0,"max_hp_loss":0,"event_name":"Living Wall","floor":2,"gold_loss":0},{"damage_healed":0,"gold_gain":0,"player_choice":"Success","damage_taken":45,"relics_obtained":["testmod-OneHitWonder"],"max_hp_gain":0,"max_hp_loss":0,"event_name":"Scrap Ooze","floor":3,"gold_loss":0}],"is_beta":false,"boss_relics":[],"items_purged_floors":[7],"is_endless":false,"potions_floor_spawned":[5,10,12,14],"killed_by":"Slime Boss","ascension_level":20}}