{"host":"nlbr7nnijupf3yfg","time":1613949409,"event":{"mods":["AchievementEnabler","BaseMod","BetterRewards","Card Forge","Colored Powertips","DeckTracker","Downfall","Hubris","Infinite Spire","Minty Spire (QoL Compilation)","Quick Restart","Relic Stats","Replay The Spire","Shop Mod","StSLib","SuperFastMode"],"gold_per_floor":[113,113,38,54,64,64,98,98,147,179,179,213,213,225,225,324,324,334,334,346,359,392,418,418,190,238,238,238,255,255,281,281,379,379,397,411,367,383,733,733,761,761,839,839,839],"floor_reached":44,"language":"ENG","playtime":1056,"items_purged":["Pain","Pot Of Greed"],"score":880,"play_id":"f9a57794-be62-43ce-b595-6dbb6230170e","local_time":"20210221181649","is_ascension_mode":true,"campfire_choices":[{"data":"LessonLearned","floor":6,"key":"SMITH"},{"floor":8,"key":"REST"},{"floor":11,"key":"REST"},{"floor":15,"key":"REST"},{"floor":24,"key":"REST"},{"floor":27,"key":"REST"},{"floor":30,"key":"REST"},{"floor":32,"key":"REST"},{"floor":40,"key":"REST"},{"floor":42,"key":"RECALL"}],"circlet_count":0,"master_deck":["Eruption+1","Vigilance+1","LessonLearned+1","SandsOfTime+1","FlurryOfBlows+1","CutThroughFate+1","Pot Of Greed+1","SandsOfTime+1","Reaper","EmptyFist","WreathOfFlame+1","Vault","DeceiveReality","Scrawl","Conclude+1","Omniscience","hubris:InfiniteBlow+1344","BowlingBash+1","Pot Of Greed","TalkToTheHand+1","infinitespire:Menacing","Ragnarok","DevaForm","Voices","Omniscience","Alpha","hubris:Lust","Regret","Shame","Pot Of Greed","ReplayTheSpireMod:Doomed"],"relics":["m_DevilBlood","champ:ChampionCrownUpgraded","m_SlimeRing","Ring of Searing","Guardian:GemstoneGun","infinitespire:Chaos","hubris:GrandSneckoEye","WarpedTongs","Replay:Accelerometer","Grinning Jar","hubris:CuriousFeather","hubris:BottledRain","Fusion Hammer","Membership Card","Pandora\u0027s Box","Red Mask","CaptainsWheel","Calipers","ClockworkSouvenir","Potion Belt","hubris:DeckOfHolding","Empty Cage","ReplayTheSpireMod:CursedCoin","Oddly Smooth Stone","Ring of Greed","Ring of Hypnosis","hubris:MobiusCoin","Old Coin","Vajra","Onion Ring"],"acts_visited":["Exordium","TheCity","TheBeyond"],"potions_floor_usage":[44,44,44,44,44],"damage_taken":[{"damage":0,"enemies":"Jaw Worm","floor":1,"turns":1},{"damage":0,"enemies":"Cultist","floor":4,"turns":1},{"damage":0,"enemies":"Small Slimes","floor":5,"turns":2},{"damage":0,"enemies":"3 Sentries","floor":7,"turns":3},{"damage":5,"enemies":"Lagavulin","floor":10,"turns":2},{"damage":5,"enemies":"3 Sentries","floor":12,"turns":2},{"damage":0,"enemies":"Looter","floor":14,"turns":1},{"damage":10,"enemies":"Slime Boss","floor":16,"turns":3},{"damage":0,"enemies":"Shell Parasite","floor":18,"turns":1},{"damage":0,"enemies":"Spheric Guardian","floor":20,"turns":1},{"damage":0,"enemies":"Centurion and Healer","floor":21,"turns":1},{"damage":22,"enemies":"Masked Bandits","floor":22,"turns":4},{"damage":5,"enemies":"Book of Stabbing","floor":23,"turns":2},{"damage":10,"enemies":"Snecko","floor":29,"turns":3},{"damage":0,"enemies":"Gremlin Leader","floor":31,"turns":1},{"damage":0,"enemies":"Champ","floor":33,"turns":1},{"damage":0,"enemies":"Orb Walker","floor":35,"turns":1},{"damage":17,"enemies":"3 Shapes","floor":36,"turns":2},{"damage":0,"enemies":"Spire Growth","floor":38,"turns":1},{"damage":0,"enemies":"Nemesis","floor":41,"turns":1},{"damage":12,"enemies":"infinitespire:Three Voidlings","floor":44,"turns":3},{"damage":64,"enemies":"Nightmare_Alpha","floor":44,"turns":3}],"seed_played":"-4608121321071509662","potions_obtained":[{"floor":4,"key":"StancePotion"},{"floor":10,"key":"SkillPotion"},{"floor":16,"key":"Toxic Potion"},{"floor":18,"key":"PowerPotion"},{"floor":31,"key":"Toxic Potion"},{"floor":38,"key":"Guardian:BlockOnCardUsePotion"}],"is_trial":false,"path_per_floor":["M","?","$","M","M","R","E","R","T","E","R","E","?","M","R","B",null,"M","AVR","M","M","?","E","R","$","T","R","?","M","R","E","R","B",null,"M","M","$","M","?","R","E","R","T","?"],"character_chosen":"WATCHER","items_purchased":["LessonLearned","infinitespire:Chaos","Calipers","ClockworkSouvenir","ReplayTheSpireMod:CursedCoin","Omniscience","Oddly Smooth Stone"],"campfire_rested":8,"item_purchase_floors":[0,0,25,25,37,37,37],"current_hp_per_floor":[40,40,40,40,40,40,40,61,61,56,72,67,60,60,72,62,72,72,72,72,72,53,54,72,72,72,72,72,62,72,72,72,72,72,72,58,58,58,58,72,72,72,72,0,0],"gold":839,"neow_bonus":"","is_daily":false,"chose_seed":false,"campfire_upgraded":1,"win_rate":0.0,"timestamp":1613949409,"path_taken":["M","?","?","M","M","R","E","R","T","E","R","E","?","M","R","BOSS","M","AVR","?","M","?","E","R","$","T","R","?","M","R","E","R","BOSS","M","M","$","M","?","R","E","R","T","?"],"items_purchased_type":["Card","Relic","Relic","Relic","Relic","Card","Relic"],"build_version":"2020-12-22","purchased_purges":2,"victory":false,"max_hp_per_floor":[72,72,72,72,72,72,72,72,72,72,72,72,72,72,72,72,72,72,72,72,72,72,72,72,72,72,72,72,72,72,72,72,72,72,72,72,72,72,72,72,72,72,72,72,72],"relic_stats":{"counters":[22,40],"Pandora\u0027s Box":["EmptyFist","WreathOfFlame","Vault","DeceiveReality","Scrawl","Conclude","Omniscience"],"obtain_stats":[{"Replay:Accelerometer":7,"Calipers":25,"Vajra":41,"m_DevilBlood":0,"Hammer of Thor":0,"Empty Cage":34,"Ring of Searing":0,"ClockworkSouvenir":25,"Old Coin":39,"m_SlimeRing":0,"hubris:DeckOfHolding":31,"hubris:CuriousFeather":10,"Fusion Hammer":17,"Red Mask":22,"infinitespire:Chaos":0,"Potion Belt":26,"Girya":0,"hubris:MobiusCoin":39,"Ring of Hypnosis":39,"ReplayTheSpireMod:CursedCoin":37,"Guardian:GemstoneGun":0,"infinitespire:EmptyRelic":0,"Oddly Smooth Stone":37,"champ:ChampionCrownUpgraded":0,"Seething Fire":0,"Ring of Greed":39,"WarpedTongs":2,"CaptainsWheel":23,"Anvil of the Gods":0,"Pandora\u0027s Box":19,"Onion Ring":43,"hubris:GrandSneckoEye":0,"Membership Card":19,"PureWater":0,"Grinning Jar":9,"hubris:BottledRain":12},{"Replay:Accelerometer":4,"Calipers":13,"Vajra":20,"m_DevilBlood":0,"Hammer of Thor":0,"Empty Cage":16,"Ring of Searing":0,"ClockworkSouvenir":13,"Old Coin":19,"m_SlimeRing":0,"hubris:DeckOfHolding":15,"hubris:CuriousFeather":5,"Fusion Hammer":8,"Red Mask":12,"infinitespire:Chaos":0,"Potion Belt":13,"Girya":0,"hubris:MobiusCoin":19,"Ring of Hypnosis":19,"ReplayTheSpireMod:CursedCoin":18,"Guardian:GemstoneGun":0,"infinitespire:EmptyRelic":0,"Oddly Smooth Stone":18,"champ:ChampionCrownUpgraded":0,"Seething Fire":0,"Ring of Greed":19,"WarpedTongs":1,"CaptainsWheel":13,"Anvil of the Gods":0,"Pandora\u0027s Box":9,"Onion Ring":20,"hubris:GrandSneckoEye":0,"Membership Card":9,"PureWater":0,"Grinning Jar":4,"hubris:BottledRain":6},{"Replay:Accelerometer":7,"Calipers":24,"Vajra":34,"m_DevilBlood":0,"Hammer of Thor":0,"Empty Cage":29,"Ring of Searing":0,"ClockworkSouvenir":24,"Old Coin":33,"m_SlimeRing":0,"hubris:DeckOfHolding":28,"hubris:CuriousFeather":9,"Fusion Hammer":15,"Red Mask":22,"infinitespire:Chaos":0,"Potion Belt":24,"Girya":0,"hubris:MobiusCoin":33,"Ring of Hypnosis":33,"ReplayTheSpireMod:CursedCoin":32,"Guardian:GemstoneGun":0,"infinitespire:EmptyRelic":0,"Oddly Smooth Stone":32,"champ:ChampionCrownUpgraded":0,"Seething Fire":0,"Ring of Greed":33,"WarpedTongs":1,"CaptainsWheel":24,"Anvil of the Gods":0,"Pandora\u0027s Box":16,"Onion Ring":34,"hubris:GrandSneckoEye":0,"Membership Card":16,"PureWater":0,"Grinning Jar":7,"hubris:BottledRain":11}],"WarpedTongs":[39]},"card_choices":[{"not_picked":["Hidden Blade","ClearTheMind"],"picked":"FlurryOfBlows","floor":1},{"not_picked":["CrushJoints","ReplayTheSpireMod:Shiv Toss"],"picked":"CutThroughFate","floor":4},{"not_picked":["SashWhip","Abandon","Sentinel"],"picked":"SKIP","floor":5},{"not_picked":["hexamod:RecurringNightmare","hexamod:Hexaguard","Replay:BluntJabs"],"picked":"SKIP","floor":7},{"not_picked":["Carnage","Replay:AllIn"],"picked":"SandsOfTime","floor":10},{"not_picked":["True Grit","hexamod:Hexaguard","Sanctity"],"picked":"SKIP","floor":12},{"not_picked":["EmptyFist","Replay:BluntJabs","hexamod:GhostShield"],"picked":"SKIP","floor":14},{"not_picked":["Slimebound:WasteNot","hexamod:SixthSeal"],"picked":"Reaper","floor":16},{"not_picked":["Evaluate","Replay:DivineShield","SandsOfTime"],"picked":"SKIP","floor":18},{"not_picked":["Collect","Crescendo","EmptyMind"],"picked":"SKIP","floor":20},{"not_picked":["BowlingBash","Prostrate","Crescendo"],"picked":"SKIP","floor":21},{"not_picked":["Prostrate","TalkToTheHand"],"picked":"BowlingBash+1","floor":22},{"not_picked":["FlyingSleeves+1","Replay:BluntJabs"],"picked":"TalkToTheHand+1","floor":23},{"not_picked":["infinitespire:Execution","ReplayTheSpireMod:Haul"],"picked":"infinitespire:Menacing","floor":28},{"not_picked":["FlurryOfBlows","Halt","Crescendo"],"picked":"SKIP","floor":29},{"not_picked":["Consecrate+1","Replay:Battleflow+1"],"picked":"Ragnarok","floor":31},{"not_picked":["Judgement","Scrawl"],"picked":"DevaForm","floor":33},{"not_picked":["ThirdEye","BowlingBash","Crescendo+1"],"picked":"SKIP","floor":35},{"not_picked":["FearNoEvil+1","TalkToTheHand","Crescendo"],"picked":"SKIP","floor":36},{"not_picked":["FollowUp","SashWhip"],"picked":"Alpha","floor":38},{"not_picked":["PathToVictory","Brilliance","ThirdEye"],"picked":"SKIP","floor":41}],"player_experience":115476,"relics_obtained":[{"floor":7,"key":"Replay:Accelerometer"},{"floor":9,"key":"Grinning Jar"},{"floor":10,"key":"hubris:CuriousFeather"},{"floor":12,"key":"hubris:BottledRain"},{"floor":22,"key":"Red Mask"},{"floor":23,"key":"CaptainsWheel"},{"floor":26,"key":"Potion Belt"},{"floor":31,"key":"hubris:DeckOfHolding"},{"floor":39,"key":"Ring of Greed"},{"floor":39,"key":"Ring of Hypnosis"},{"floor":39,"key":"hubris:MobiusCoin"},{"floor":39,"key":"Old Coin"},{"floor":41,"key":"Vajra"},{"floor":43,"key":"Onion Ring"}],"event_choices":[{"damage_healed":0,"gold_gain":0,"player_choice":"Rummage","damage_taken":0,"relics_obtained":["WarpedTongs"],"max_hp_gain":0,"max_hp_loss":0,"event_name":"Accursed Blacksmith","floor":2,"gold_loss":0,"cards_obtained":["Pain"]},{"damage_healed":0,"gold_gain":0,"player_choice":"Damaged","damage_taken":7,"max_hp_gain":0,"max_hp_loss":0,"event_name":"Wheel of Change","floor":13,"gold_loss":0},{"damage_healed":0,"gold_gain":0,"player_choice":"Fought Bandits","damage_taken":0,"max_hp_gain":0,"max_hp_loss":0,"event_name":"Masked Bandits","floor":22,"gold_loss":0}],"is_beta":false,"boss_relics":[{"not_picked":["Velvet Choker","Cursed Key"],"picked":"Fusion Hammer"},{"not_picked":["ReplayTheSpireMod:DimensionalGlitch","Snecko Heart"],"picked":"Empty Cage"}],"items_purged_floors":[3,37],"is_endless":false,"potions_floor_spawned":[4,10,16,18,22,23,31,36,38],"killed_by":"Nightmare_Alpha","ascension_level":1}}