{"host":"9ggpvbru8k8uxs3p","time":1613943438,"event":{"mods":["BaseMod","Challenge The Spire","Colored Map","Colored Powertips","Downfall","Highlight Path","Minty Spire (QoL Compilation)","Rare Cards Sparkle","StSLib","The Jungle"],"gold_per_floor":[99,118,133,133,145,160,186,186,216,216,229,249,263,282,293,390,390,390,401,401,419,436,436,436,451,451,451],"floor_reached":26,"language":"ENG","playtime":2853,"items_purged":[],"score":216,"play_id":"5e5ebfae-7737-48d2-8c7a-cf4ec1f5c821","local_time":"20210221153718","is_ascension_mode":false,"campfire_choices":[{"data":"Neutralize","floor":1,"key":"SMITH"},{"data":"Deadly Poison","floor":18,"key":"SMITH"}],"circlet_count":0,"master_deck":["Strike_G","Strike_G","Strike_G","Strike_G","Defend_G","Defend_G","Defend_G","Defend_G","Defend_G","Survivor","Neutralize+1","Accuracy","Deadly Poison+1","Deflect","Blur+1","Caltrops+1","Crippling Poison","All Out Attack","Calculated Gamble","Leg Sweep","Dagger Spray","Underhanded Strike","Die Die Die","Backflip","Poisoned Stab","Bane","Eviscerate"],"relics":["Ring of the Snake","Blood Vial","Toy Ornithopter","Lantern","Velvet Choker","Blue Candle","Ginger"],"acts_visited":["Exordium","TheCity"],"potions_floor_usage":[16,16,16],"damage_taken":[{"damage":0,"enemies":"Jaw Worm","floor":2,"turns":5},{"damage":0,"enemies":"Cultist","floor":3,"turns":4},{"damage":0,"enemies":"Small Slimes","floor":5,"turns":4},{"damage":5,"enemies":"3 Louse","floor":6,"turns":4},{"damage":29,"enemies":"Lagavulin","floor":9,"turns":11},{"damage":8,"enemies":"Exordium Thugs","floor":11,"turns":5},{"damage":0,"enemies":"Gremlin Gang","floor":12,"turns":4},{"damage":6,"enemies":"Large Slime","floor":13,"turns":6},{"damage":1,"enemies":"Blue Slaver","floor":14,"turns":3},{"damage":0,"enemies":"Looter","floor":15,"turns":3},{"damage":32,"enemies":"WA_ARCHETYPE_RETAIN","floor":16,"turns":11},{"damage":8,"enemies":"Shell Parasite","floor":19,"turns":6},{"damage":17,"enemies":"Spheric Guardian","floor":21,"turns":4},{"damage":24,"enemies":"Snake Plant","floor":22,"turns":5},{"damage":15,"enemies":"Centurion and Healer","floor":25,"turns":7},{"damage":18,"enemies":"Gremlin Leader","floor":26,"turns":2}],"seed_played":"4222192468169214245","potions_obtained":[{"floor":2,"key":"Strength Potion"},{"floor":5,"key":"SteroidPotion"},{"floor":11,"key":"Swift Potion"},{"floor":12,"key":"BlessingOfTheForge"},{"floor":19,"key":"BlessingOfTheForge"},{"floor":22,"key":"CunningPotion"}],"is_trial":false,"path_per_floor":["R","M","M","?","M","M","T","?","E","?","M","M","M","M","M","B",null,"R","M","?","M","M","?","T","M","E"],"character_chosen":"THE_SILENT","items_purchased":[],"campfire_rested":0,"item_purchase_floors":[],"current_hp_per_floor":[70,70,70,70,70,65,65,65,38,24,18,20,16,17,19,4,70,70,62,62,47,25,25,25,12,0,0],"gold":451,"neow_bonus":"RANDOM_COMMON_RELIC","is_daily":false,"chose_seed":false,"campfire_upgraded":2,"win_rate":0.0,"timestamp":1613943438,"path_taken":["R","M","M","?","?","M","T","?","E","?","M","?","?","M","M","BOSS","R","M","?","M","M","?","T","M","E"],"items_purchased_type":[],"build_version":"2020-12-22","purchased_purges":0,"victory":false,"max_hp_per_floor":[70,70,70,70,70,70,70,70,70,70,70,70,70,70,70,70,70,70,70,70,70,70,70,70,70,70,70],"card_choices":[{"not_picked":["Skewer","All Out Attack"],"picked":"Accuracy","floor":2},{"not_picked":["Footwork","Tactician"],"picked":"Deadly Poison","floor":3},{"not_picked":["Sucker Punch","Underhanded Strike"],"picked":"Blur","floor":5},{"not_picked":["Bane","Distraction"],"picked":"Caltrops","floor":6},{"not_picked":["Well Laid Plans","Escape Plan"],"picked":"Crippling Poison","floor":9},{"not_picked":["Slice","Underhanded Strike"],"picked":"All Out Attack","floor":11},{"not_picked":["Blur","Escape Plan"],"picked":"Calculated Gamble","floor":12},{"not_picked":["Predator","Catalyst"],"picked":"Leg Sweep","floor":13},{"not_picked":["Deflect","Prepared"],"picked":"Dagger Spray","floor":14},{"not_picked":["Backflip","Malaise"],"picked":"Underhanded Strike","floor":15},{"not_picked":["Wraith Form v2","Storm of Steel"],"picked":"Die Die Die","floor":16},{"not_picked":["Escape Plan","Deflect"],"picked":"Backflip","floor":19},{"not_picked":["Masterful Stab","Caltrops"],"picked":"Poisoned Stab","floor":21},{"not_picked":["Prepared","Deadly Poison+1"],"picked":"Bane","floor":22},{"not_picked":["Calculated Gamble","Dagger Spray"],"picked":"Eviscerate","floor":25}],"player_experience":67096,"relics_obtained":[{"floor":7,"key":"Toy Ornithopter"},{"floor":9,"key":"Lantern"},{"floor":24,"key":"Ginger"}],"event_choices":[{"damage_healed":0,"gold_gain":0,"cards_transformed":["Strike_G"],"player_choice":"Transformed","damage_taken":0,"max_hp_gain":0,"max_hp_loss":0,"event_name":"Transmorgrifier","floor":4,"gold_loss":0,"cards_obtained":["Deflect"]},{"damage_healed":0,"gold_gain":0,"player_choice":"Leave","damage_taken":0,"max_hp_gain":0,"max_hp_loss":0,"event_name":"The Cleric","floor":8,"gold_loss":0},{"damage_healed":0,"gold_gain":0,"player_choice":"Entered Light","damage_taken":14,"max_hp_gain":0,"max_hp_loss":0,"event_name":"Shining Light","floor":10,"gold_loss":0,"cards_upgraded":["Caltrops","Blur"]},{"damage_healed":0,"gold_gain":0,"player_choice":"Stole Relic","damage_taken":0,"relics_obtained":["Blue Candle"],"max_hp_gain":0,"max_hp_loss":0,"event_name":"Addict","floor":20,"gold_loss":0,"cards_obtained":["Pride"]}],"is_beta":false,"boss_relics":[{"not_picked":["Cursed Key","Coffee Dripper"],"picked":"Velvet Choker"}],"items_purged_floors":[],"is_endless":false,"potions_floor_spawned":[2,5,11,12,19,22],"killed_by":"Gremlin Leader","ascension_level":0}}