{"host":"oehe2dxjvdgux73m","time":1613906101,"event":{"mods":["AchievementEnabler","BaseMod","Colored Map","Colored Powertips","DeckTracker","Keyboard Shortcuts","Minty Spire (QoL Compilation)","Permanent Neow","Quick Restart","StSLib","SuperFastMode"],"gold_per_floor":[119,119,138,156,172,172,172,172],"floor_reached":7,"language":"KOR","playtime":161,"items_purged":[],"score":86,"play_id":"eeae1247-8e4b-4ee2-b91c-54262e812897","local_time":"20210221201501","is_ascension_mode":true,"campfire_choices":[{"data":"Deadly Poison","floor":6,"key":"SMITH"}],"circlet_count":0,"master_deck":["AscendersBane","Strike_G","Strike_G","Strike_G","Strike_G","Strike_G","Defend_G","Defend_G","Defend_G","Defend_G","Defend_G","Survivor","Neutralize","PanicButton","Deadly Poison+1","PiercingWail","Dagger Throw","All Out Attack"],"relics":["Ring of the Snake"],"acts_visited":["Exordium"],"potions_floor_usage":[5,5],"damage_taken":[{"damage":10,"enemies":"Jaw Worm","floor":1,"turns":4},{"damage":14,"enemies":"Cultist","floor":3,"turns":5},{"damage":2,"enemies":"2 Louse","floor":4,"turns":3},{"damage":7,"enemies":"Large Slime","floor":5,"turns":7},{"damage":30,"enemies":"Lagavulin","floor":7,"turns":5}],"seed_played":"-7080967285463921682","potions_obtained":[{"floor":1,"key":"Explosive Potion"},{"floor":3,"key":"Block Potion"}],"is_trial":false,"path_per_floor":["M","?","M","M","M","R","E"],"character_chosen":"THE_SILENT","items_purchased":[],"campfire_rested":0,"item_purchase_floors":[],"current_hp_per_floor":[49,49,35,33,26,26,0,0],"gold":172,"neow_bonus":"RANDOM_COLORLESS","is_daily":false,"chose_seed":false,"campfire_upgraded":1,"win_rate":0.0,"timestamp":1613906101,"path_taken":["M","?","M","M","?","R","E"],"items_purchased_type":[],"build_version":"2020-12-22","purchased_purges":0,"victory":false,"max_hp_per_floor":[66,66,66,66,66,66,66,66],"card_choices":[{"not_picked":["Trip","Impatience"],"picked":"PanicButton","floor":0},{"not_picked":["Catalyst","Concentrate"],"picked":"Deadly Poison","floor":1},{"not_picked":["Backflip","Deflect"],"picked":"PiercingWail","floor":3},{"not_picked":["Dodge and Roll","Envenom"],"picked":"Dagger Throw","floor":4},{"not_picked":["Eviscerate","Outmaneuver"],"picked":"All Out Attack","floor":5}],"player_experience":484691,"relics_obtained":[],"event_choices":[{"damage_healed":0,"gold_gain":0,"player_choice":"0 cards matched","damage_taken":0,"max_hp_gain":0,"max_hp_loss":0,"event_name":"Match and Keep!","floor":2,"gold_loss":0,"cards_obtained":[]}],"is_beta":false,"boss_relics":[],"items_purged_floors":[],"is_endless":false,"potions_floor_spawned":[1,3],"killed_by":"Lagavulin","ascension_level":20}}