{"host":"u6i4tuckh9ieu6fx","time":1613942325,"event":{"mods":["100% Spire Juice","ATMod(阿瑾Mod)","Act Like it!","Arknights","Ascension Reborn","Aspiration","Bard","BaseMod","Better Vampires","Chen","Colored Powertips","Conspire","Decade(王小明)","Dota2Spire","Downfall","Gensokyo","GifTheSpireLib","Highlight Path","Jedi Mod","Jorbs\u0027s Wanderer Trilogy","KinomotoSakuraMod(木之本樱)","LagranYue(拉格朗・月)","Lobotomy","LobotomyExtend","Luminous","Marisa（F雨　魔理沙）","Minty Spire (QoL Compilation)","MostiFishMod","Reimu（博丽灵梦）","Remilia（蕾米莉亚）","RumiaBox-露米娅的神秘盒子","SIMod","StSLib","Td1madao Mod","TestMod","WarShipGirlsR/战舰少女R mod","[GremlinLeader]The Maniac","[IsaacMod]以撒尖塔","【功能Mod】混沌之环修复补丁","【遗物卡牌】REMEMod","篝火指南"],"gold_per_floor":[118,159,234,252,252,252,252,252,252,271,291,302,302,302],"floor_reached":13,"language":"ZHS","playtime":2319,"items_purged":[],"score":75,"play_id":"03e3612a-1462-4077-be67-4831314587fa","local_time":"20210222051845","is_ascension_mode":true,"campfire_choices":[{"floor":7,"key":"REST"}],"circlet_count":0,"master_deck":["Strike_AJ","Strike_TS","Strike_RR","Strike_RD","Defend_TS","Defend_PP","Defend_FS","Defend_AJ","ConcertedEfforts","HarmonyShield","AT_EssenceShift+1","DespairKnight","BatchProduction","PinkiePromise+1","ShyLook","Charge","Yay","AT_EssenceShift+1","OldLady","AllByMyself","Batlization","LaLuna","Honesty","FriendOfNature","TenInstruments","Bloodbath","GemstoneDetection"],"relics":["The_element_of_harmony","HushsDoor","testmod-TestBox","AT_ATBox","REME_ComplimentaryCards","DaveBox","ImprovedEquipment","testmod-TurbochargingSystem","D6","LagranYue:RandomDrawCardRelic","CogitoBucket","LetterFromLob","SynthV:TestCard","Moonlight_r"],"acts_visited":["Exordium"],"potions_floor_usage":[13,13],"damage_taken":[{"damage":8,"enemies":"conspire:RoseBush","floor":1,"turns":4},{"damage":5,"enemies":"Jaw Worm","floor":4,"turns":2},{"damage":9,"enemies":"ats:Genji","floor":10,"turns":2},{"damage":0,"enemies":"Large Slime","floor":11,"turns":7},{"damage":24,"enemies":"2 Fungi Beasts","floor":12,"turns":4},{"damage":41,"enemies":"3 Sentries","floor":13,"turns":11}],"seed_played":"-4196833479125727810","potions_obtained":[{"floor":10,"key":"SpeedPotion"},{"floor":11,"key":"Explosive Potion"}],"is_trial":false,"path_per_floor":["M","?","?","M","$","E","R","?","T","M","M","M","E"],"character_chosen":"TWI_CLASS","items_purchased":[],"campfire_rested":1,"item_purchase_floors":[],"current_hp_per_floor":[74,59,48,43,43,34,58,58,58,49,49,31,0,0],"gold":302,"neow_bonus":"","is_daily":false,"chose_seed":false,"campfire_upgraded":0,"win_rate":0.0,"timestamp":1613942325,"path_taken":["M","?","?","M","$","E","R","?","T","?","?","M","E"],"items_purchased_type":[],"build_version":"2020-12-22","purchased_purges":0,"victory":false,"max_hp_per_floor":[82,82,82,82,82,82,82,82,82,82,82,82,82,82],"card_choices":[{"not_picked":[],"picked":"ChaosCard","floor":0},{"not_picked":["Bloodbath","Murderer"],"picked":"DespairKnight","floor":1},{"not_picked":["ISayNo"],"picked":"BatchProduction","floor":1},{"not_picked":["HideCarefully"],"picked":"PinkiePromise","floor":1},{"not_picked":["CherryBlossoms","UniverseFragment"],"picked":"ShyLook","floor":4},{"not_picked":["Magictrain","Dear_Princess","Return_To_Past"],"picked":"Charge","floor":4},{"not_picked":["Mischief","InspirationRecovery","Tornado"],"picked":"Yay","floor":4},{"not_picked":["Scorched","CrumblingArmor"],"picked":"OldLady","floor":10},{"not_picked":["BehindTheScene","PartyTime","Smile"],"picked":"AllByMyself","floor":10},{"not_picked":["Mischief","FollowTherRainbow","FriendOfNature"],"picked":"Batlization","floor":10},{"not_picked":["Wellcheers","Laetitia","SpiderBud"],"picked":"Singing Bowl","floor":11},{"not_picked":["BeautyBeast","Murderer"],"picked":"LaLuna","floor":11},{"not_picked":["CleanLibrary","TwentyPercentcooler","Whining"],"picked":"Honesty","floor":11},{"not_picked":["BigDeal","Mischief","RunningOfTheLeaves"],"picked":"FriendOfNature","floor":11},{"not_picked":["FollowTherRainbow","ThrowingApples","ReinventMyself"],"picked":"TenInstruments","floor":12},{"not_picked":["UniverseFragment","BeautyBeast","Murderer"],"picked":"Singing Bowl","floor":12},{"not_picked":["Laetitia","CherryBlossoms"],"picked":"Bloodbath","floor":12},{"not_picked":["Dear_Princess","KillingWithKindness","PartyTime"],"picked":"GemstoneDetection","floor":12}],"player_experience":77501,"relics_obtained":[{"floor":1,"key":"LetterFromLob"},{"floor":1,"key":"SynthV:TestCard"}],"event_choices":[{"damage_healed":0,"gold_gain":75,"player_choice":"Gather Gold","damage_taken":11,"max_hp_gain":0,"max_hp_loss":0,"event_name":"World of Goop","floor":3,"gold_loss":0},{"damage_healed":0,"gold_gain":0,"player_choice":"Ignored","damage_taken":0,"max_hp_gain":0,"max_hp_loss":0,"event_name":"给自己的盒子","floor":8,"gold_loss":0}],"is_beta":false,"boss_relics":[],"items_purged_floors":[],"is_endless":false,"potions_floor_spawned":[10,11],"killed_by":"3 Sentries","ascension_level":0}}