{"host":"1445u9fdo06cpl2a","time":1613930923,"event":{"mods":["AchievementEnabler","Aspiration","Astrologer","Bard","BaseMod","Better Skull","BetterRewards","Colored Map","Colored Powertips","Conspire","Curses Come First","DeckTracker","Duelist Mod","GifTheSpireLib","GungeonMod","Halation","Hermit","Highlight Path","Hubris","Infinite Spire","Minty Spire (QoL Compilation)","Permanent Neow","Random Character Button","Rare Cards Sparkle","Replay The Spire","Shop Mod","Spire Arcade","StSLib","Stuff the Spire","Td1madao Mod","The Blackbeard","The Bladedancer","The Construct","The Cursed","The Forsaken","The Gatherer","The Hierophant","The Marked","The Mystic","The Necromancer","The Poker Player","The Runesmith","The Saiyan"],"gold_per_floor":[94,94,128,142,194,232,259,271,283,312,336,348,395,407,419,528,540,570,388,399,399,411,444,444,444,444,459,488,512,306,317,317,420,420,458,458,458],"floor_reached":36,"language":"ENG","playtime":3661,"items_purged":["StuffTheSpire:CuriosityCurse","Saiyan:SAIYA_Defend"],"score":687,"play_id":"142c7709-7514-4d03-9b50-d2e40d7509a3","local_time":"20210221180843","is_ascension_mode":false,"campfire_choices":[{"data":"Saiyan:SuperSaiyanForm","floor":8,"key":"SMITH"},{"data":"Saiyan:TurtleShell","floor":12,"key":"SMITH"},{"data":"Saiyan:Kienzan","floor":15,"key":"SMITH"},{"data":"Saiyan:MonkeyTail","floor":24,"key":"SMITH"},{"data":"Bite","floor":32,"key":"SMITH"}],"circlet_count":0,"master_deck":["Saiyan:SAIYA_Defend","Saiyan:SAIYA_Defend","Saiyan:SAIYA_Defend","Saiyan:EnergyBlast","Saiyan:KaioKen","Saiyan:RuthlessBlow","Saiyan:MeteorDash","Saiyan:SuperSaiyanForm+1","Saiyan:TurtleShell+1","Saiyan:Scouter","Saiyan:Kienzan+1","Saiyan:Quickening","Saiyan:BurningSoul","Saiyan:MonkeyTail+1","Saiyan:WarmUp","Saiyan:KiExplosion","Bite","Bite","Bite","Bite","Bite+1","Saiyan:DoubleMasenko+1"],"relics":["SaiyanSoul","SaiyanHeart","Tiny Chest","Nunchaku","MawBank","hubris:Reverence","DemoMod:Relodestone","halation:LettersToHer","Replay:Bottled Snecko","Busted Crown","hubris:ToyBattleship","Thread and Needle","Mirror","DemoMod:Metronome","Membership Card","infinitespire:EvilPickle"],"acts_visited":["Exordium","TheCity","TheBeyond"],"potions_floor_usage":[36],"damage_taken":[{"damage":0,"enemies":"Small Slimes","floor":1,"turns":3},{"damage":0,"enemies":"conspire:MimicChest","floor":3,"turns":6},{"damage":0,"enemies":"Jaw Worm","floor":4,"turns":3},{"damage":3,"enemies":"Lagavulin","floor":6,"turns":8},{"damage":6,"enemies":"2 Louse","floor":7,"turns":2},{"damage":0,"enemies":"Red Slaver","floor":10,"turns":4},{"damage":8,"enemies":"Exordium Thugs","floor":11,"turns":4},{"damage":14,"enemies":"Gremlin Nob","floor":13,"turns":5},{"damage":10,"enemies":"Slime Boss","floor":16,"turns":14},{"damage":0,"enemies":"Shell Parasite","floor":18,"turns":5},{"damage":4,"enemies":"conspire:FuzzyDice","floor":20,"turns":5},{"damage":20,"enemies":"Chosen and Byrds","floor":22,"turns":7},{"damage":28,"enemies":"Nightmare","floor":23,"turns":8},{"damage":0,"enemies":"Snecko","floor":27,"turns":5},{"damage":15,"enemies":"Slavers","floor":28,"turns":5},{"damage":4,"enemies":"Cultist and Chosen","floor":31,"turns":6},{"damage":0,"enemies":"Pondfish","floor":33,"turns":5},{"damage":3,"enemies":"3 Shapes","floor":35,"turns":6},{"damage":90,"enemies":"2 Orb Walkers","floor":36,"turns":5}],"seed_played":"-132929775664034580","potions_obtained":[{"floor":1,"key":"Energy Potion"},{"floor":11,"key":"Strength Potion"},{"floor":13,"key":"LiquidMemories"},{"floor":18,"key":"DuplicationPotion"}],"is_trial":false,"path_per_floor":["M","?","?","M","T","E","M","R","T","M","M","R","E","T","R","B",null,"M","$","M","?","M","NM","R","?","T","M","E","T","$","M","R","B",null,"M","?"],"character_chosen":"SAIYAJIN","items_purchased":["Saiyan:WarmUp","Saiyan:KiExplosion","Membership Card"],"campfire_rested":0,"item_purchase_floors":[19,19,30],"current_hp_per_floor":[62,62,64,65,65,63,57,57,57,59,51,51,39,39,39,30,71,71,71,70,51,40,34,34,61,61,64,62,62,62,64,64,69,69,69,0,0],"gold":458,"neow_bonus":"RANDOM_EVENT","is_daily":false,"chose_seed":false,"campfire_upgraded":5,"win_rate":0.0,"timestamp":1613930923,"path_taken":["M","?","?","?","?","E","M","R","T","M","M","R","E","?","R","BOSS","M","$","M","?","M","NM","R","?","T","?","E","?","?","M","R","BOSS","M","?"],"items_purchased_type":["Card","Card","Relic"],"build_version":"2020-12-22","purchased_purges":2,"victory":false,"max_hp_per_floor":[62,62,64,65,65,66,66,66,66,68,68,68,70,70,70,71,71,71,71,74,51,51,51,51,61,61,64,66,66,66,66,66,69,69,69,69,69],"card_choices":[{"not_picked":["Saiyan:FingerParry","Saiyan:DragonFist"],"picked":"Saiyan:MeteorDash","floor":1},{"not_picked":["Saiyan:FingerParry","Saiyan:RemoveWeights"],"picked":"Saiyan:SuperSaiyanForm","floor":3},{"not_picked":["Saiyan:Quickening","Saiyan:ReverberatingForce"],"picked":"Saiyan:Rekindle","floor":4},{"not_picked":["Saiyan:FinalFlash","Saiyan:ReverberatingForce"],"picked":"Saiyan:TurtleShell","floor":6},{"not_picked":["Saiyan:BackAttack","Saiyan:DoubleMasenko"],"picked":"Saiyan:Scouter","floor":7},{"not_picked":["Saiyan:ExpandingShockwave","Saiyan:RemoveWeights"],"picked":"Saiyan:Kienzan","floor":10},{"not_picked":["Saiyan:KameHameHa","Saiyan:PowerStance"],"picked":"Saiyan:Quickening","floor":11},{"not_picked":["Saiyan:SaiyanHubris","Saiyan:Reset"],"picked":"Saiyan:BurningSoul","floor":13},{"not_picked":["Saiyan:SenzuBean","Saiyan:Momentum"],"picked":"Saiyan:MonkeyTail","floor":16},{"not_picked":["Saiyan:SaiyanHubris"],"picked":"SKIP","floor":18},{"not_picked":["Saiyan:UltraInstinct+1"],"picked":"SKIP","floor":20},{"not_picked":["Saiyan:Quickening"],"picked":"SKIP","floor":22},{"not_picked":["Saiyan:BackAttack+1"],"picked":"SKIP","floor":23},{"not_picked":["Saiyan:ThirstForFight"],"picked":"SKIP","floor":27},{"not_picked":["Saiyan:SaiyanHubris"],"picked":"SKIP","floor":28},{"not_picked":["Saiyan:KameHameHa"],"picked":"SKIP","floor":31},{"not_picked":[],"picked":"Saiyan:DoubleMasenko+1","floor":35}],"player_experience":258303,"relics_obtained":[{"floor":3,"key":"Nunchaku"},{"floor":5,"key":"MawBank"},{"floor":6,"key":"hubris:Reverence"},{"floor":9,"key":"DemoMod:Relodestone"},{"floor":13,"key":"halation:LettersToHer"},{"floor":14,"key":"halation:LettersToHer"},{"floor":14,"key":"Replay:Bottled Snecko"},{"floor":23,"key":"hubris:ToyBattleship"},{"floor":26,"key":"halation:LettersToHer"},{"floor":26,"key":"Thread and Needle"},{"floor":28,"key":"Mirror"},{"floor":29,"key":"halation:LettersToHer"},{"floor":29,"key":"DemoMod:Metronome"}],"event_choices":[{"cards_removed":["Saiyan:SAIYA_Strike"],"damage_healed":0,"gold_gain":0,"player_choice":"Forget","damage_taken":0,"max_hp_gain":0,"max_hp_loss":0,"event_name":"Living Wall","floor":0,"gold_loss":0},{"damage_healed":0,"gold_gain":0,"player_choice":"Became a vampire","damage_taken":0,"max_hp_gain":0,"max_hp_loss":23,"event_name":"Vampires","floor":21,"gold_loss":0,"cards_obtained":["Bite","Bite","Bite","Bite","Bite"]},{"cards_removed":["Saiyan:Rekindle"],"damage_healed":17,"gold_gain":0,"player_choice":"Offered Rare","damage_taken":0,"max_hp_gain":10,"max_hp_loss":0,"event_name":"Bonfire Elementals","floor":25,"gold_loss":0},{"damage_healed":0,"gold_gain":0,"player_choice":"Fight","damage_taken":0,"max_hp_gain":0,"max_hp_loss":0,"event_name":"Mysterious Sphere","floor":36,"gold_loss":0}],"is_beta":false,"boss_relics":[{"not_picked":["halation:SmartPhone","Replay:Grab Bag"],"picked":"Busted Crown"},{"not_picked":["ReplayTheSpireMod:SealedPack","conspire:SeveredTorchhead","aspiration:WatcherSkillbook"]}],"items_purged_floors":[19,30],"is_endless":true,"potions_floor_spawned":[1,11,13,18,31],"killed_by":"2 Orb Walkers","ascension_level":0}}