{"host":"ne5hixkhdtkevwwo","time":1613867799,"event":{"mods":["BaseMod","Downfall","Infinite Spire","Minty Spire (QoL Compilation)","Relic Stats","StSLib"],"gold_per_floor":[117,117,292,242,40,66,66,66,66,66],"floor_reached":8,"language":"ENG","playtime":251,"items_purged":[],"score":78,"play_id":"a09ca8cc-dcd9-4207-87bd-21c997a9ed61","local_time":"20210221013639","is_ascension_mode":true,"campfire_choices":[{"floor":7,"key":"REST"}],"circlet_count":0,"master_deck":["AscendersBane","bronze:Strike","bronze:Strike","bronze:Strike","bronze:Strike","bronze:Defend","bronze:Defend","bronze:Defend","bronze:Defend","bronze:Replicate","bronze:Goto","bronze:Iterate"],"relics":["bronze:BronzeCore","StoneCalendar","bronze:DonusWashers","Shovel"],"acts_visited":["Exordium"],"potions_floor_usage":[6,8],"damage_taken":[{"damage":14,"enemies":"Jaw Worm","floor":1,"turns":5},{"damage":38,"enemies":"Gremlin Nob","floor":6,"turns":5},{"damage":25,"enemies":"3 Sentries","floor":8,"turns":4}],"seed_played":"8165161014093926104","potions_obtained":[{"floor":6,"key":"GamblersBrew"}],"is_trial":false,"path_per_floor":["M","?","?","?","$","E","R","E"],"character_chosen":"THE_AUTOMATON","items_purchased":["bronze:DonusWashers","AttackPotion"],"campfire_rested":1,"item_purchase_floors":[5,5],"current_hp_per_floor":[49,42,42,42,42,4,25,0,0,0],"gold":66,"neow_bonus":"ONE_RARE_RELIC","is_daily":false,"chose_seed":false,"campfire_upgraded":0,"win_rate":0.0,"timestamp":1613867799,"path_taken":["M","?","?","?","$","E","R","E"],"items_purchased_type":["Relic","Potion"],"build_version":"2020-12-22","purchased_purges":0,"victory":false,"max_hp_per_floor":[70,70,70,70,70,70,70,70,70,70],"relic_stats":{"Shovel":0,"counters":[3,14],"StoneCalendar":[0],"obtain_stats":[{"bronze:DonusWashers":5,"bronze:BronzeCore":0,"Shovel":6,"StoneCalendar":0},{"bronze:DonusWashers":1,"bronze:BronzeCore":0,"Shovel":2,"StoneCalendar":0},{"bronze:DonusWashers":5,"bronze:BronzeCore":0,"Shovel":10,"StoneCalendar":0}]},"card_choices":[{"not_picked":["bronze:Constructor","bronze:ItsAFeature"],"picked":"bronze:Iterate","floor":1},{"not_picked":["bronze:Deprecate","bronze:ForLoop","bronze:Shell"],"picked":"SKIP","floor":6}],"player_experience":1100173,"relics_obtained":[{"floor":6,"key":"Shovel"}],"event_choices":[{"cards_removed":["Writhe"],"damage_healed":0,"gold_gain":0,"player_choice":"Card Removal","damage_taken":7,"max_hp_gain":0,"max_hp_loss":0,"event_name":"Golden Wing","floor":2,"gold_loss":0},{"damage_healed":0,"gold_gain":175,"player_choice":"AGREE","damage_taken":0,"max_hp_gain":0,"max_hp_loss":0,"event_name":"Liars Game","floor":3,"gold_loss":0,"cards_obtained":["Doubt"]},{"cards_removed":["Doubt"],"damage_healed":0,"gold_gain":0,"player_choice":"Card Removal","damage_taken":0,"max_hp_gain":0,"max_hp_loss":0,"event_name":"The Cleric","floor":4,"gold_loss":50}],"is_beta":false,"boss_relics":[],"items_purged_floors":[],"is_endless":false,"potions_floor_spawned":[6],"killed_by":"3 Sentries","ascension_level":10}}