{"host":"hrvs05np4ys7itky","time":1613947742,"event":{"mods":["BaseMod","Colored Map","Colored Powertips","Downfall","Emptier Cage","Hermit","Highlight Path","Minty Spire (QoL Compilation)","Permanent Neow","Rare Cards Sparkle","Relic Stats","StSLib","everything is the same but u backflip on backflip"],"gold_per_floor":[114,114,131,149,22,22,49,61,61,61,93,104,119,130,130,201,201,212,230,230,56,66,66,98,98,98,98,108,108,119,133,133,133,133],"floor_reached":33,"language":"ENG","playtime":2240,"items_purged":["Strike_B","Strike_B"],"score":492,"play_id":"cc76cb0e-d266-4a68-872b-dc3d3d6893b8","local_time":"20210221174902","is_ascension_mode":true,"campfire_choices":[{"data":"Streamline","floor":6.0,"key":"SMITH"},{"data":"Zap","floor":10.0,"key":"SMITH"},{"floor":15.0,"key":"REST"},{"data":"Barrage","floor":23.0,"key":"SMITH"},{"floor":25,"key":"REST"},{"floor":32,"key":"REST"}],"circlet_count":0,"master_deck":["AscendersBane","Strike_B","Defend_B","Defend_B","Defend_B","Zap+1","Dualcast","Conserve Battery","Cold Snap","Streamline+1","Coolheaded","Doom and Gloom","Leap","Loop","Steam","Rip and Tear","Core Surge","Barrage+1","FTL","Electrodynamics","Go for the Eyes","Creative AI","Tempest+1","Coolheaded"],"relics":["Cracked Core","Slimebound:StickyStick","White Beast Statue","Cables","Toy Ornithopter","bronze:MakeshiftBattery","Pen Nib","Torii"],"acts_visited":["Exordium","TheCity"],"potions_floor_usage":[24,28,33],"damage_taken":[{"damage":1.0,"enemies":"Cultist","floor":1.0,"turns":3.0},{"damage":2.0,"enemies":"Jaw Worm","floor":3.0,"turns":3.0},{"damage":0.0,"enemies":"Small Slimes","floor":4.0,"turns":3.0},{"damage":11.0,"enemies":"Lagavulin","floor":7.0,"turns":7.0},{"damage":11.0,"enemies":"3 Louse","floor":8.0,"turns":2.0},{"damage":3.0,"enemies":"Gremlin Nob","floor":11.0,"turns":4.0},{"damage":20.0,"enemies":"Exordium Thugs","floor":12.0,"turns":4.0},{"damage":3.0,"enemies":"Looter","floor":13.0,"turns":4.0},{"damage":0.0,"enemies":"Large Slime","floor":14.0,"turns":5.0},{"damage":4.0,"enemies":"Hexaghost","floor":16.0,"turns":9.0},{"damage":4.0,"enemies":"Spheric Guardian","floor":18.0,"turns":3.0},{"damage":7.0,"enemies":"3 Byrds","floor":19.0,"turns":5.0},{"damage":12.0,"enemies":"Shelled Parasite and Fungi","floor":22.0,"turns":6.0},{"damage":30,"enemies":"Slavers","floor":24,"turns":5},{"damage":7,"enemies":"Snake Plant","floor":28,"turns":4},{"damage":1,"enemies":"Centurion and Healer","floor":30,"turns":7},{"damage":9,"enemies":"Chosen and Byrds","floor":31,"turns":5},{"damage":59,"enemies":"Champ","floor":33,"turns":11}],"seed_played":"1491885682932172622","potions_obtained":[{"floor":1.0,"key":"Guardian:BlockOnCardUsePotion"},{"floor":4.0,"key":"Energy Potion"},{"floor":8.0,"key":"Energy Potion"},{"floor":11.0,"key":"BlessingOfTheForge"},{"floor":12.0,"key":"PotionOfCapacity"},{"floor":13.0,"key":"Block Potion"},{"floor":16.0,"key":"Energy Potion"},{"floor":22.0,"key":"SteroidPotion"},{"floor":24,"key":"AttackPotion"},{"floor":28,"key":"FearPotion"}],"is_trial":false,"path_per_floor":["M","?","M","M","$","R","E","M","T","R","E","M","M","M","R","B",null,"M","M","?","$","M","R","E","R","T","?","M","?","M","M","R","B"],"character_chosen":"DEFECT","items_purchased":["Coolheaded","FTL"],"campfire_rested":3,"item_purchase_floors":[5,21],"current_hp_per_floor":[63,63,61,61,61,61,50,39,39,39,36,16,13,13,34,35,62,58,51,51,51,44,44,19,40,40,40,38,38,37,28,49,0,0],"gold":133,"neow_bonus":"RANDOM_COMMON_RELIC","is_daily":false,"chose_seed":false,"campfire_upgraded":3,"win_rate":0.0,"timestamp":1613947742,"path_taken":["M","?","M","M","$","R","E","M","T","R","E","M","?","M","R","BOSS","M","M","?","$","M","R","E","R","T","?","M","?","M","M","R","BOSS"],"items_purchased_type":["Card","Card"],"build_version":"2020-12-22","purchased_purges":2,"victory":false,"max_hp_per_floor":[71,71,71,71,71,71,71,71,71,71,71,71,71,71,71,71,71,71,71,71,71,71,71,71,71,71,71,71,71,71,71,71,71,71],"relic_stats":{"Torii":13,"counters":[18,90],"Pen Nib":[4],"obtain_stats":[{"Torii":26,"Slimebound:StickyStick":0,"Pen Nib":24,"Cracked Core":0,"White Beast Statue":7,"Toy Ornithopter":11,"bronze:MakeshiftBattery":17,"Cables":9},{"Torii":14,"Slimebound:StickyStick":0,"Pen Nib":14,"Cracked Core":0,"White Beast Statue":4,"Toy Ornithopter":6,"bronze:MakeshiftBattery":10,"Cables":5},{"Torii":63,"Slimebound:StickyStick":0,"Pen Nib":63,"Cracked Core":0,"White Beast Statue":16,"Toy Ornithopter":22,"bronze:MakeshiftBattery":44,"Cables":18}],"Toy Ornithopter":25,"Cables":[61,35,18,8,0]},"card_choices":[{"not_picked":["Lockon","Leap"],"picked":"Conserve Battery","floor":1.0},{"not_picked":["Scrape","Static Discharge"],"picked":"Cold Snap","floor":3.0},{"not_picked":["Storm","Gash"],"picked":"Streamline","floor":4.0},{"not_picked":["Chaos","Biased Cognition"],"picked":"Doom and Gloom","floor":7.0},{"not_picked":["Streamline","Reprogram"],"picked":"Leap","floor":8.0},{"not_picked":["Chill","Cold Snap"],"picked":"Loop","floor":11.0},{"not_picked":["Consume","Beam Cell","Tempest"],"picked":"SKIP","floor":12.0},{"not_picked":["Recycle","Ball Lightning"],"picked":"Steam","floor":13.0},{"not_picked":["Conserve Battery","Capacitor"],"picked":"Rip and Tear","floor":14.0},{"not_picked":["Seek","Meteor Strike"],"picked":"Core Surge","floor":16.0},{"not_picked":["Lockon","Ball Lightning"],"picked":"Barrage","floor":18.0},{"not_picked":["Redo","Conserve Battery","Aggregate"],"picked":"SKIP","floor":19.0},{"not_picked":["Gash","Ball Lightning","Conserve Battery"],"picked":"SKIP","floor":22.0},{"not_picked":["Skim","Reprogram+1"],"picked":"Electrodynamics","floor":24},{"not_picked":["Turbo","Leap"],"picked":"Go for the Eyes","floor":28},{"not_picked":["Melter","Hologram"],"picked":"Tempest+1","floor":30},{"not_picked":["Rebound","Gash"],"picked":"Coolheaded","floor":31}],"player_experience":1116217,"relics_obtained":[{"floor":7.0,"key":"White Beast Statue"},{"floor":9.0,"key":"Cables"},{"floor":11.0,"key":"Toy Ornithopter"},{"floor":24,"key":"Pen Nib"},{"floor":26,"key":"Torii"}],"event_choices":[{"cards_removed":["Defend_B"],"damage_healed":0.0,"max_hp_gain":0.0,"max_hp_loss":0.0,"gold_gain":0.0,"event_name":"Wheel of Change","player_choice":"Card Removal","floor":2.0,"gold_loss":0.0,"damage_taken":0.0},{"damage_healed":0,"gold_gain":0,"player_choice":"Ignored","damage_taken":0,"max_hp_gain":0,"max_hp_loss":0,"event_name":"Ghosts","floor":27,"gold_loss":0},{"damage_healed":0,"gold_gain":0,"cards_transformed":["Strike_B"],"player_choice":"Transformed","damage_taken":0,"max_hp_gain":0,"max_hp_loss":0,"event_name":"Transmorgrifier","floor":29,"gold_loss":0,"cards_obtained":["Creative AI"]}],"is_beta":false,"boss_relics":[{"not_picked":["SlaversCollar","Nuclear Battery"],"picked":"bronze:MakeshiftBattery"}],"items_purged_floors":[5,21],"is_endless":false,"potions_floor_spawned":[1,4,8,11,12,13,14,16,18,19,22,24,28,30,31],"killed_by":"Champ","ascension_level":15}}