{"host":"5sw3zovcv0q4yiho","time":1613891539,"event":{"mods":["BaseMod","Minty Spire (QoL Compilation)","Replay The Spire","StSLib"],"gold_per_floor":[114,84,94,19,19,19,35,62,85,98,113,127,143,160,160,262,262,273,273,287,287,297,297,316,316,316,330,17,33,33,33],"floor_reached":30,"language":"ENG","playtime":4471,"items_purged":["Strike_B"],"score":238,"play_id":"9bbff27d-06b8-4714-8ee5-6e304310ac09","local_time":"20210221011219","is_ascension_mode":false,"campfire_choices":[{"data":"Zap","floor":6,"key":"SMITH"},{"data":"Conserve Battery","floor":23,"key":"SMITH"},{"data":"Pot Of Greed","floor":25,"key":"SMITH"}],"circlet_count":0,"master_deck":["Strike_B","Strike_B","Defend_B","Defend_B","Defend_B","Zap+1","Dualcast","Melter","FTL","Pot Of Greed+1","Conserve Battery+1","Self Repair+1","Streamline","Pot Of Greed","BootSequence","Coolheaded","Seek+1","BootSequence+1","Ball Lightning+1","BasicCrystalCard+1","White Noise+1"],"relics":["Cracked Core","Grinning Jar","SacredBark","MutagenicStrength","Sundial","Replay:Bottled Steam"],"acts_visited":["Exordium","TheCity"],"potions_floor_usage":[8,16,20,20,22,29,30],"damage_taken":[{"damage":8,"enemies":"2 Louse","floor":1,"turns":4},{"damage":2,"enemies":"Small Slimes","floor":3,"turns":3},{"damage":1,"enemies":"Cultist","floor":7,"turns":3},{"damage":19,"enemies":"3 Sentries","floor":8,"turns":5},{"damage":0,"enemies":"2 Fungi Beasts","floor":10,"turns":3},{"damage":1,"enemies":"Gremlin Gang","floor":11,"turns":5},{"damage":0,"enemies":"Large Slime","floor":12,"turns":3},{"damage":6,"enemies":"2 Fungi Beasts","floor":13,"turns":3},{"damage":1,"enemies":"Lots of Slimes","floor":14,"turns":4},{"damage":35,"enemies":"Slime Boss","floor":16,"turns":4},{"damage":8,"enemies":"Shell Parasite","floor":18,"turns":5},{"damage":4,"enemies":"3 Byrds","floor":20,"turns":5},{"damage":5,"enemies":"Snake Plant","floor":22,"turns":5},{"damage":17,"enemies":"Shelled Parasite and Fungi","floor":24,"turns":5},{"damage":9,"enemies":"Cultist and Chosen","floor":27,"turns":6},{"damage":17,"enemies":"Snecko","floor":29,"turns":5},{"damage":69,"enemies":"Gremlin Leader","floor":30,"turns":7}],"seed_played":"-1048249856154921245","potions_obtained":[{"floor":3,"key":"Adrenaline Potion"},{"floor":11,"key":"Death Potion"},{"floor":12,"key":"Toxic Potion"},{"floor":16,"key":"SkillPotion"},{"floor":20,"key":"DuplicationPotion"},{"floor":27,"key":"LiquidBronze"}],"is_trial":false,"path_per_floor":["M","?","M","$","?","R","M","E","T","M","M","M","M","M","R","B",null,"M","?","M","?","M","R","M","R","T","M","$","M","E"],"character_chosen":"DEFECT","items_purchased":["Replay:Bottled Steam","Explosive Potion"],"campfire_rested":0,"item_purchase_floors":[28,28],"current_hp_per_floor":[67,67,65,65,58,58,57,38,38,38,44,51,52,58,75,50,75,75,75,71,71,75,75,68,68,68,69,69,62,0,0],"gold":33,"neow_bonus":"REMOVE_CARD","is_daily":false,"chose_seed":false,"campfire_upgraded":3,"win_rate":0.0,"timestamp":1613891539,"path_taken":["M","?","M","$","?","R","M","E","T","M","M","M","M","M","R","BOSS","M","?","M","?","M","R","M","R","T","?","$","M","E"],"items_purchased_type":["Relic","Potion"],"build_version":"2020-12-22","purchased_purges":1,"victory":false,"max_hp_per_floor":[75,75,75,75,75,75,75,75,75,75,75,75,75,75,75,75,75,75,75,75,75,75,75,75,75,75,75,75,75,75,75],"card_choices":[{"not_picked":["Sweeping Beam","Reinforced Body"],"picked":"Melter","floor":1},{"not_picked":["Sweeping Beam","ReplayTheSpireMod:System Scan","BasicCrystalCard"],"picked":"SKIP","floor":3},{"not_picked":["Redo","Chaos"],"picked":"FTL","floor":7},{"not_picked":["Storm","Panic Button"],"picked":"Conserve Battery","floor":8},{"not_picked":["Leap","White Noise"],"picked":"Self Repair","floor":10},{"not_picked":["Sunder","Barrage"],"picked":"Streamline","floor":11},{"not_picked":["Scrape","Steam"],"picked":"BootSequence","floor":12},{"not_picked":["Storm","ReplayTheSpireMod:Reroute Power"],"picked":"Coolheaded","floor":13},{"not_picked":["Chaos","Heatsinks","Tempest"],"picked":"SKIP","floor":14},{"not_picked":["ReplayTheSpireMod:Fabricate Wheel","Fission"],"picked":"Seek","floor":16},{"not_picked":["Conserve Battery","BasicCrystalCard"],"picked":"BootSequence+1","floor":18},{"not_picked":["ReplayTheSpireMod:Calculation Training+1","ReplaySolidLightProjector+1"],"picked":"Ball Lightning+1","floor":20},{"not_picked":["Turbo","Blizzard"],"picked":"BasicCrystalCard+1","floor":22},{"not_picked":["Rebound","ReplayTheSpireMod:Repulse","FIFO Queue"],"picked":"SKIP","floor":24},{"not_picked":["Sweeping Beam","Conserve Battery"],"picked":"White Noise+1","floor":27},{"not_picked":["BasicCrystalCard","Beam Cell","Stack"],"picked":"SKIP","floor":29}],"player_experience":294407,"relics_obtained":[{"floor":8,"key":"Grinning Jar"},{"floor":26,"key":"Sundial"}],"event_choices":[{"damage_healed":0,"gold_gain":0,"player_choice":"Left Gold","damage_taken":0,"max_hp_gain":0,"max_hp_loss":0,"event_name":"World of Goop","floor":2,"gold_loss":30},{"cards_removed":["Defend_B"],"damage_healed":0,"gold_gain":0,"player_choice":"Card Removal","damage_taken":7,"max_hp_gain":0,"max_hp_loss":0,"event_name":"Golden Wing","floor":5,"gold_loss":0},{"damage_healed":0,"gold_gain":0,"player_choice":"Inject Mutagens","damage_taken":0,"relics_obtained":["MutagenicStrength"],"max_hp_gain":0,"max_hp_loss":0,"event_name":"Drug Dealer","floor":19,"gold_loss":0},{"damage_healed":0,"gold_gain":0,"player_choice":"Forge","damage_taken":0,"max_hp_gain":0,"max_hp_loss":0,"event_name":"Accursed Blacksmith","floor":21,"gold_loss":0,"cards_upgraded":["Seek"]}],"is_beta":false,"boss_relics":[{"not_picked":["Busted Crown","Cursed Key"],"picked":"SacredBark"}],"items_purged_floors":[4],"is_endless":false,"potions_floor_spawned":[3,7,11,12,16,20,27],"killed_by":"Gremlin Leader","ascension_level":0}}