{"host":"n08mv44ohivl39d9","time":1613878847,"event":{"mods":["BaseMod","Bestiary","Highlight Path","Minty Spire (QoL Compilation)","Relic Stats"],"gold_per_floor":[113,113,131,148,162,189,189,215,283,283,296,296,308,335,335,413,413,430,22,39,58,58,88,88,105,105,121,135,135,135,135,135],"floor_reached":31,"language":"ENG","playtime":3648,"items_purged":["Strike_B"],"score":558,"play_id":"6f961a04-9401-498c-ae2b-e3ce2966b362","local_time":"20210220214047","is_ascension_mode":true,"campfire_choices":[{"floor":7,"key":"REST"},{"data":"Beam Cell","floor":10,"key":"SMITH"},{"floor":15,"key":"REST"},{"floor":24,"key":"REST"},{"data":"Defragment","floor":29,"key":"SMITH"}],"circlet_count":0,"master_deck":["AscendersBane","Strike_B","Strike_B","Defend_B","Defend_B","Defend_B","Defend_B","Zap","Dualcast","Beam Cell+1","Compile Driver","Rebound","Streamline","Leap","Defragment+1","Cold Snap","Consume","CurseOfTheBell","Glacier","Hologram+1","Capacitor","Loop","Cold Snap","Cold Snap"],"relics":["Sozu","Emotion Chip","Pocketwatch","Oddly Smooth Stone","The Courier","Nunchaku","Calling Bell","Centennial Puzzle","Mummified Hand","Incense Burner","Pear","Omamori","Shuriken","Pen Nib","Ornamental Fan"],"acts_visited":["Exordium","TheCity"],"potions_floor_usage":[],"damage_taken":[{"damage":9,"enemies":"Jaw Worm","floor":1,"turns":4},{"damage":0,"enemies":"2 Louse","floor":3,"turns":3},{"damage":0,"enemies":"Cultist","floor":4,"turns":4},{"damage":9,"enemies":"Gremlin Gang","floor":5,"turns":5},{"damage":15,"enemies":"3 Sentries","floor":6,"turns":6},{"damage":2,"enemies":"Gremlin Nob","floor":8,"turns":3},{"damage":6,"enemies":"3 Louse","floor":11,"turns":3},{"damage":8,"enemies":"Exordium Wildlife","floor":13,"turns":3},{"damage":12,"enemies":"3 Sentries","floor":14,"turns":9},{"damage":15,"enemies":"The Guardian","floor":16,"turns":14},{"damage":26,"enemies":"2 Thieves","floor":18,"turns":4},{"damage":0,"enemies":"Chosen","floor":20,"turns":5},{"damage":3,"enemies":"3 Cultists","floor":21,"turns":7},{"damage":30,"enemies":"Book of Stabbing","floor":23,"turns":9},{"damage":1,"enemies":"Centurion and Healer","floor":25,"turns":6},{"damage":0,"enemies":"Snecko","floor":27,"turns":10},{"damage":3,"enemies":"Sentry and Sphere","floor":28,"turns":9},{"damage":31,"enemies":"Gremlin Leader","floor":31,"turns":2}],"seed_played":"1484226570881607613","potions_obtained":[],"is_trial":false,"path_per_floor":["M","?","M","M","M","E","R","E","T","R","M","?","M","E","R","B",null,"M","$","M","M","?","E","R","M","T","M","M","R","?","E"],"character_chosen":"DEFECT","items_purchased":["Pear","Omamori"],"campfire_rested":3,"item_purchase_floors":[19,19],"current_hp_per_floor":[55,37,37,37,28,13,34,32,32,32,26,26,18,6,27,12,56,30,40,40,37,37,7,31,30,30,30,27,27,27,0,0],"gold":135,"neow_bonus":"BOSS_RELIC","is_daily":false,"chose_seed":false,"campfire_upgraded":2,"win_rate":0.0,"timestamp":1613878847,"path_taken":["M","?","M","M","M","E","R","E","T","R","M","?","?","E","R","BOSS","M","$","?","M","?","E","R","M","T","M","M","R","?","E"],"items_purchased_type":["Relic","Relic"],"build_version":"2020-12-22","purchased_purges":1,"victory":false,"max_hp_per_floor":[71,71,71,71,71,71,71,71,71,71,71,71,71,71,71,71,71,71,81,81,81,81,81,81,81,81,81,81,81,81,81,81],"relic_stats":{"Sozu":7,"Emotion Chip":[34,12,22,0,0],"Nunchaku":[12],"Centennial Puzzle":[18],"counters":[18,106],"Mummified Hand":[22],"Shuriken":[9],"Ornamental Fan":[4],"Pen Nib":[3],"obtain_stats":[{"Pear":19,"Oddly Smooth Stone":8,"The Courier":9,"Pen Nib":26,"Incense Burner":17,"Omamori":19,"Sozu":0,"Calling Bell":17,"Emotion Chip":2,"Nunchaku":14,"Centennial Puzzle":17,"Mummified Hand":17,"Shuriken":23,"Ornamental Fan":30,"Cracked Core":0,"Pocketwatch":6},{"Pear":11,"Oddly Smooth Stone":6,"The Courier":6,"Pen Nib":15,"Incense Burner":10,"Omamori":11,"Sozu":0,"Calling Bell":10,"Emotion Chip":1,"Nunchaku":9,"Centennial Puzzle":10,"Mummified Hand":10,"Shuriken":14,"Ornamental Fan":17,"Cracked Core":0,"Pocketwatch":5},{"Pear":58,"Oddly Smooth Stone":25,"The Courier":25,"Pen Nib":85,"Incense Burner":54,"Omamori":58,"Sozu":0,"Calling Bell":54,"Emotion Chip":4,"Nunchaku":40,"Centennial Puzzle":54,"Mummified Hand":54,"Shuriken":79,"Ornamental Fan":104,"Cracked Core":0,"Pocketwatch":22}],"Pocketwatch":[159]},"card_choices":[{"not_picked":["Redo","Compile Driver"],"picked":"Beam Cell","floor":1},{"not_picked":["Storm","Stack"],"picked":"Compile Driver","floor":3},{"not_picked":["Creative AI","Barrage"],"picked":"Rebound","floor":4},{"not_picked":["Coolheaded","Leap"],"picked":"Streamline","floor":5},{"not_picked":["Heatsinks","Turbo"],"picked":"Leap","floor":6},{"not_picked":["Ball Lightning","Sweeping Beam"],"picked":"Defragment","floor":8},{"not_picked":["Barrage","BootSequence"],"picked":"Cold Snap","floor":11},{"not_picked":["Stack","Reboot","Redo"],"picked":"SKIP","floor":13},{"not_picked":["Fusion","Streamline","Recycle"],"picked":"SKIP","floor":14},{"not_picked":["Redo","Turbo"],"picked":"Glacier","floor":18},{"not_picked":["Turbo","Compile Driver"],"picked":"Hologram+1","floor":20},{"not_picked":["Reprogram","Static Discharge"],"picked":"Capacitor","floor":21},{"not_picked":["Undo","Go for the Eyes"],"picked":"Loop","floor":23},{"not_picked":["Darkness","All For One","Turbo"],"picked":"SKIP","floor":25},{"not_picked":["Genetic Algorithm","Barrage"],"picked":"Cold Snap","floor":27},{"not_picked":["Hello World","Go for the Eyes"],"picked":"Cold Snap","floor":28}],"player_experience":1500350,"relics_obtained":[{"floor":6,"key":"Pocketwatch"},{"floor":8,"key":"Oddly Smooth Stone"},{"floor":9,"key":"The Courier"},{"floor":14,"key":"Nunchaku"},{"floor":17,"key":"Centennial Puzzle"},{"floor":17,"key":"Mummified Hand"},{"floor":17,"key":"Incense Burner"},{"floor":23,"key":"Shuriken"},{"floor":26,"key":"Pen Nib"}],"event_choices":[{"damage_healed":0,"gold_gain":0,"player_choice":"Success","damage_taken":18,"relics_obtained":["Emotion Chip"],"max_hp_gain":0,"max_hp_loss":0,"event_name":"Scrap Ooze","floor":2,"gold_loss":0},{"damage_healed":0,"gold_gain":0,"cards_transformed":["Strike_B"],"player_choice":"Transformed","damage_taken":0,"max_hp_gain":0,"max_hp_loss":0,"event_name":"Transmorgrifier","floor":12,"gold_loss":0,"cards_obtained":["Consume"]},{"damage_healed":0,"gold_gain":0,"player_choice":"Ignored","damage_taken":0,"max_hp_gain":0,"max_hp_loss":0,"event_name":"Vampires","floor":22,"gold_loss":0},{"damage_healed":0,"gold_gain":0,"player_choice":"Opened","damage_taken":0,"relics_obtained":["Ornamental Fan"],"max_hp_gain":0,"max_hp_loss":0,"event_name":"The Mausoleum","floor":30,"gold_loss":0,"cards_obtained":["Writhe"]}],"is_beta":false,"boss_relics":[{"not_picked":["Ectoplasm","Velvet Choker"],"picked":"Calling Bell"}],"items_purged_floors":[19],"is_endless":false,"potions_floor_spawned":[6,8,16,23,25,27,28],"killed_by":"Gremlin Leader","ascension_level":20}}