{"host":"u0qetpmu4y58k1tf","time":1613886365,"event":{"mods":["100% Spire Juice","AchievementEnabler","Act Like it!","BaseMod","CapriCore","Colored Map","Colored Powertips","Hermit","Koishi","Marisa£¨Ùöéë¡¡Øª×âÞÞ£©","Minty Spire (QoL Compilation)","Quick Restart","Reliquary","Replay The Spire","StSLib","Td1madao Mod","The Bug Knight","The Cursed","The Dragon Tamer","The Gatherer","The Hierophant","The Immortal","The Jungle","The Runesmith","WarShipGirlsR/??á´Ò³R mod"],"gold_per_floor":[115,34,34,34,14,57,57,75,75,119,74,74,95,139,139,139,139],"floor_reached":16,"language":"KOR","playtime":257,"items_purged":[],"score":232,"play_id":"1588c726-be97-4f0b-967b-53a567e06aa0","local_time":"20210221144605","is_ascension_mode":true,"campfire_choices":[{"data":"Zap","floor":7,"key":"SMITH"},{"data":"Dualcast","floor":12,"key":"SMITH"},{"floor":15,"key":"REST"}],"circlet_count":0,"master_deck":["Strike_B","Strike_B","Strike_B","Defend_B","Defend_B","Defend_B","Defend_B","Zap+1","Dualcast+1","ReplayGash","Scrape","Hyperbeam","Streamline","BootSequence","Beam Cell","Steam"],"relics":["Cracked Core","NeowsBlessing","Golden Idol","Bottled Flame","Kunai","reliquary:JackalopeAntler","Replay:Towering Pillar of Hats"],"acts_visited":["Exordium"],"potions_floor_usage":[14,16],"damage_taken":[{"damage":0,"enemies":"Small Slimes","floor":1,"turns":1},{"damage":0,"enemies":"3 Sentries","floor":6,"turns":1},{"damage":0,"enemies":"2 Louse","floor":8,"turns":1},{"damage":36,"enemies":"Gremlin Nob","floor":10,"turns":4},{"damage":2,"enemies":"Jaw Worm","floor":13,"turns":2},{"damage":0,"enemies":"3 Sentries","floor":14,"turns":2},{"damage":30,"enemies":"The Guardian","floor":16,"turns":9}],"seed_played":"-3220728773157156504","potions_obtained":[{"floor":1,"key":"Doom Potion"},{"floor":13,"key":"Explosive Potion"}],"is_trial":false,"path_per_floor":["M","$","?","?","?","E","R","M","T","E","$","R","M","E","R","B"],"character_chosen":"DEFECT","items_purchased":["Scrape","Beam Cell"],"campfire_rested":1,"item_purchase_floors":[2,11],"current_hp_per_floor":[68,68,50,43,43,43,43,43,43,7,7,7,5,5,27,0,0],"gold":139,"neow_bonus":"THREE_ENEMY_KILL","is_daily":false,"chose_seed":false,"campfire_upgraded":2,"win_rate":0.0,"timestamp":1613886365,"path_taken":["M","$","?","?","?","E","R","M","T","E","$","R","?","E","R","BOSS"],"items_purchased_type":["Card","Card"],"build_version":"2020-12-22","purchased_purges":0,"victory":false,"max_hp_per_floor":[75,75,75,75,75,75,75,75,75,75,75,75,75,75,75,75,75],"card_choices":[{"not_picked":["Hello World","Conserve Battery"],"picked":"ReplayGash","floor":1},{"not_picked":[],"picked":"Hyperbeam","floor":5},{"not_picked":["Sunder","Storm"],"picked":"Streamline","floor":6},{"not_picked":["Sweeping Beam","Steam"],"picked":"BootSequence","floor":8},{"not_picked":["Leap","Compile Driver","Biased Cognition"],"picked":"SKIP","floor":10},{"not_picked":["Undo","Redo","Ball Lightning"],"picked":"SKIP","floor":13},{"not_picked":["Compile Driver","Hologram"],"picked":"Steam","floor":14}],"player_experience":191002,"relics_obtained":[{"floor":6,"key":"Bottled Flame"},{"floor":9,"key":"Kunai"},{"floor":10,"key":"reliquary:JackalopeAntler"},{"floor":14,"key":"Replay:Towering Pillar of Hats"}],"event_choices":[{"damage_healed":0,"gold_gain":0,"player_choice":"Take Damage","damage_taken":18,"relics_obtained":["Golden Idol"],"max_hp_gain":0,"max_hp_loss":0,"event_name":"Golden Idol","floor":3,"gold_loss":0},{"cards_removed":["Strike_B"],"damage_healed":0,"gold_gain":0,"player_choice":"Card Removal","damage_taken":7,"max_hp_gain":0,"max_hp_loss":0,"event_name":"Golden Wing","floor":4,"gold_loss":0}],"is_beta":false,"boss_relics":[],"items_purged_floors":[],"is_endless":false,"potions_floor_spawned":[1,13],"killed_by":"The Guardian","ascension_level":8}}