{"host":"d2y4rmbezebiv8aj","time":1613870227,"event":{"mods":["AchievementEnabler","BaseMod","Bestiary","BetterRewards","Colored Map","Colored Powertips","Custom Start","Highlight Path","Minty Spire (QoL Compilation)","Quick Restart","Rare Cards Sparkle","Relic Sorter","Relic Stats","Shop Mod","Slay-I","StSLib","SuperFastMode"],"gold_per_floor":[110,127,140,201,218,218,218,218],"floor_reached":7,"language":"DEU","playtime":195,"items_purged":[],"score":71,"play_id":"c4d088a2-bacc-4133-a2e7-8ba67b99d081","local_time":"20210221021707","is_ascension_mode":true,"campfire_choices":[{"floor":6.0,"key":"REST"}],"circlet_count":0,"master_deck":["AscendersBane","Strike_B","Strike_B","Strike_B","Strike_B","Defend_B","Defend_B","Defend_B","Zap","Dualcast","Storm+1","Loop+1","Streamline","Lockon","Loop+1"],"relics":["Cracked Core","Frozen Egg 2"],"acts_visited":["Exordium"],"potions_floor_usage":[7],"damage_taken":[{"damage":1.0,"enemies":"Cultist","floor":1.0,"turns":3.0},{"damage":0.0,"enemies":"Small Slimes","floor":2.0,"turns":3.0},{"damage":7.0,"enemies":"Jaw Worm","floor":3.0,"turns":3.0},{"damage":19.0,"enemies":"Exordium Thugs","floor":5.0,"turns":4.0},{"damage":60,"enemies":"3 Sentries","floor":7,"turns":6}],"seed_played":"1074323638285375802","potions_obtained":[{"floor":3.0,"key":"SpeedPotion"},{"floor":5.0,"key":"Strength Potion"}],"is_trial":false,"path_per_floor":["M","M","M","?","M","R","E"],"character_chosen":"DEFECT","items_purchased":["Frozen Egg 2","Storm+1"],"campfire_rested":1,"item_purchase_floors":[0,0],"current_hp_per_floor":[55,55,48,48,29,51,0,0],"gold":218,"neow_bonus":"","is_daily":false,"chose_seed":false,"campfire_upgraded":0,"win_rate":0.0,"timestamp":1613870227,"path_taken":["M","?","M","?","M","R","E"],"items_purchased_type":["Relic","Card"],"build_version":"2020-12-22","purchased_purges":0,"victory":false,"max_hp_per_floor":[75,75,75,75,75,75,75,75],"relic_stats":{"counters":[16,66],"obtain_stats":[{"Calling Bell":17,"NeowsBlessing":0,"Golden Idol":2,"Molten Egg 2":6,"Runic Capacitor":21,"Frozen Egg 2":9,"Orichalcum":17,"Cracked Core":0,"Symbiotic Virus":10,"Question Card":17,"TungstenRod":8,"Pocketwatch":17},{"Calling Bell":8,"NeowsBlessing":0,"Golden Idol":1,"Molten Egg 2":3,"Runic Capacitor":10,"Frozen Egg 2":4,"Orichalcum":8,"Cracked Core":0,"Symbiotic Virus":5,"Question Card":8,"TungstenRod":4,"Pocketwatch":8},{"Calling Bell":30,"NeowsBlessing":0,"Golden Idol":1,"Molten Egg 2":3,"Runic Capacitor":43,"Frozen Egg 2":8,"Orichalcum":30,"Cracked Core":0,"Symbiotic Virus":15,"Question Card":30,"TungstenRod":8,"Pocketwatch":30}]},"card_choices":[{"not_picked":["Redo","Coolheaded"],"picked":"Loop+1","floor":1.0},{"not_picked":["Redo","Hologram"],"picked":"Streamline","floor":2.0},{"not_picked":["Stack","BootSequence"],"picked":"Lockon","floor":3.0},{"not_picked":["Redo","Steam"],"picked":"Loop+1","floor":5.0}],"player_experience":434601,"relics_obtained":[],"event_choices":[{"damage_healed":0.0,"max_hp_gain":0.0,"max_hp_loss":0.0,"gold_gain":61.0,"event_name":"Golden Wing","player_choice":"Gained Gold","floor":4.0,"gold_loss":0.0,"damage_taken":0.0}],"is_beta":false,"boss_relics":[],"items_purged_floors":[],"is_endless":false,"potions_floor_spawned":[3,5],"killed_by":"3 Sentries","ascension_level":13}}