{"host":"1avr1135to2copjv","time":1613883349,"event":{"mods":["BaseMod","Colored Map","Colored Powertips","Filter the Spire","Minty Spire (QoL Compilation)","Relic Stats","StSLib","The Servant 0.9.4"],"gold_per_floor":[110,122,149,149,167,21,40,40,65,84,84,117,142,171,171,268,268,279,297,297,396,112,112,112,146,146,180,197,197,197,208,208,310,310,330,103,153,253,265,265,299,299,299,299,331,343,343,343,343,343,343,343,5,33,33],"floor_reached":56,"language":"ENG","playtime":2288,"items_purged":["Masterful Stab"],"score":1529,"play_id":"e0d7f2f5-3357-4c78-8d21-d6b2551f090d","local_time":"20210221075549","is_ascension_mode":true,"campfire_choices":[{"data":"Footwork","floor":8,"key":"SMITH"},{"data":"Skewer","floor":11,"key":"SMITH"},{"data":"Neutralize","floor":15,"key":"SMITH"},{"data":"Well Laid Plans","floor":23,"key":"SMITH"},{"data":"A Thousand Cuts","floor":29,"key":"SMITH"},{"data":"Calculated Gamble","floor":32,"key":"SMITH"},{"floor":40,"key":"RECALL"},{"data":"Adrenaline","floor":42,"key":"SMITH"},{"floor":49,"key":"REST"},{"data":"Leg Sweep","floor":52,"key":"SMITH"}],"circlet_count":0,"master_deck":["Survivor","Neutralize+1","Footwork+1","Skewer+1","Slice","Outmaneuver","Leg Sweep+1","Predator","Flechettes","Phantasmal Killer","Choke","Blade Dance","Dodge and Roll","Dagger Spray","Cloak And Dagger","Backflip","Phantasmal Killer","Flying Knee","Acrobatics","Night Terror","Slice","Escape Plan+1","Well Laid Plans+1","Calculated Gamble+1","A Thousand Cuts+1","Accuracy","Backflip+1","Adrenaline+1","Blade Dance+1","Noxious Fumes+1","Deflect+1","Outmaneuver+1","Footwork+1","Accuracy","Cloak And Dagger","Footwork+1"],"relics":["Pandora\u0027s Box","Bag of Preparation","PreservedInsect","Potion Belt","Ninja Scroll","Odd Mushroom","Tiny Chest","WristBlade","Orichalcum","White Beast Statue","MealTicket","Ornamental Fan","Centennial Puzzle","Bronze Scales","Black Star","Toolbox","Gambling Chip","Blue Candle","Torii","Singing Bowl","Vajra","Oddly Smooth Stone","Paper Crane","Mummified Hand","Toy Ornithopter"],"acts_visited":["Exordium","TheCity","TheBeyond","TheEnding"],"potions_floor_usage":[54,55,55,55],"damage_taken":[{"damage":0,"enemies":"Cultist","floor":1,"turns":2},{"damage":6,"enemies":"Small Slimes","floor":2,"turns":2},{"damage":0,"enemies":"Jaw Worm","floor":5,"turns":2},{"damage":0,"enemies":"Blue Slaver","floor":7,"turns":2},{"damage":0,"enemies":"2 Fungi Beasts","floor":10,"turns":1},{"damage":0,"enemies":"Gremlin Nob","floor":12,"turns":2},{"damage":3,"enemies":"The Mushroom Lair","floor":13,"turns":3},{"damage":3,"enemies":"3 Sentries","floor":14,"turns":3},{"damage":0,"enemies":"Hexaghost","floor":16,"turns":7},{"damage":0,"enemies":"Spheric Guardian","floor":18,"turns":2},{"damage":0,"enemies":"Chosen","floor":19,"turns":3},{"damage":0,"enemies":"Gremlin Leader","floor":25,"turns":3},{"damage":0,"enemies":"Slavers","floor":27,"turns":3},{"damage":6,"enemies":"Snake Plant","floor":28,"turns":4},{"damage":0,"enemies":"Chosen and Byrds","floor":31,"turns":3},{"damage":7,"enemies":"Champ","floor":33,"turns":9},{"damage":7,"enemies":"3 Shapes","floor":35,"turns":2},{"damage":0,"enemies":"Mind Bloom Boss Battle","floor":37,"turns":2},{"damage":5,"enemies":"3 Darklings","floor":39,"turns":3},{"damage":15,"enemies":"Reptomancer","floor":41,"turns":3},{"damage":10,"enemies":"Nemesis","floor":45,"turns":3},{"damage":0,"enemies":"Jaw Worm Horde","floor":46,"turns":2},{"damage":29,"enemies":"Time Eater","floor":50,"turns":13},{"damage":14,"enemies":"Shield and Spear","floor":54,"turns":6},{"damage":1,"enemies":"The Heart","floor":55,"turns":9}],"seed_played":"3212765893757639961","potions_obtained":[{"floor":5,"key":"Explosive Potion"},{"floor":14,"key":"Block Potion"},{"floor":16,"key":"Energy Potion"},{"floor":18,"key":"PowerPotion"},{"floor":25,"key":"EssenceOfSteel"},{"floor":28,"key":"Regen Potion"},{"floor":35,"key":"DistilledChaos"},{"floor":37,"key":"Ancient Potion"},{"floor":45,"key":"Swift Potion"},{"floor":54,"key":"SkillPotion"}],"is_trial":false,"path_per_floor":["M","M","T","$","M","$","M","R","T","M","R","E","?","E","R","B",null,"M","M","?","?","$","R","?","E","T","E","M","R","T","M","R","B",null,"M","$","?","?","M","R","E","R","T","T","E","M","?","?","R","B",null,"R","$","E","B",null],"character_chosen":"THE_SILENT","items_purchased":["PreservedInsect","Well Laid Plans","White Beast Statue","Toolbox","Paper Crane","Accuracy","Cloak And Dagger"],"campfire_rested":1,"item_purchase_floors":[6,22,22,36,53,53,53],"current_hp_per_floor":[70,64,64,64,64,64,64,64,64,64,64,64,61,58,58,58,70,70,70,70,70,70,70,70,70,70,70,64,64,64,64,64,57,70,63,70,70,70,65,65,50,50,50,50,40,42,44,44,66,37,74,74,74,60,73],"gold":33,"neow_bonus":"BOSS_RELIC","is_daily":false,"chose_seed":false,"campfire_upgraded":8,"win_rate":0.0,"timestamp":1613883349,"path_taken":["M","M","?","$","M","$","M","R","T","M","R","E","?","E","R","BOSS","M","M","?","?","$","R","?","E","T","E","M","R","?","M","R","BOSS","M","$","?","?","?","R","E","R","T","?","E","M","?","?","R","BOSS","R","$","E","BOSS"],"items_purchased_type":["Relic","Card","Relic","Relic","Relic","Card","Card"],"build_version":"2020-12-22","purchased_purges":1,"victory":true,"max_hp_per_floor":[70,70,70,70,70,70,70,70,70,70,70,70,70,70,70,70,70,70,70,70,70,70,70,70,70,70,70,70,70,70,70,70,70,70,70,70,70,70,70,70,70,70,70,70,70,72,74,74,74,74,74,74,74,74,74],"relic_stats":{"Torii":17,"Singing Bowl":4,"counters":[25,94],"Blue Candle":[0],"PreservedInsect":310,"Bag of Preparation":[38],"Orichalcum":[12],"Centennial Puzzle":[27],"Ornamental Fan":[200],"Mummified Hand":[6],"Bronze Scales":[235],"Gambling Chip":[13],"Pandora\u0027s Box":["Footwork","Skewer","Slice","Outmaneuver","Leg Sweep","Predator","Flechettes","Phantasmal Killer","Masterful Stab","Choke"],"Tiny Chest":2,"MealTicket":7,"Black Star":3,"obtain_stats":[{"Torii":41,"Singing Bowl":43,"Vajra":45,"Bag of Preparation":3,"Centennial Puzzle":27,"WristBlade":17,"Ninja Scroll":12,"Mummified Hand":54,"Gambling Chip":37,"Toolbox":36,"Tiny Chest":14,"MealTicket":25,"Ring of the Snake":0,"Potion Belt":9,"Blue Candle":41,"Oddly Smooth Stone":45,"PreservedInsect":6,"Odd Mushroom":13,"Orichalcum":20,"Paper Crane":53,"White Beast Statue":22,"Ornamental Fan":26,"Bronze Scales":30,"Pandora\u0027s Box":0,"Black Star":34,"Toy Ornithopter":54},{"Torii":20,"Singing Bowl":20,"Vajra":21,"Bag of Preparation":2,"Centennial Puzzle":13,"WristBlade":9,"Ninja Scroll":6,"Mummified Hand":24,"Gambling Chip":18,"Toolbox":17,"Tiny Chest":8,"MealTicket":12,"Ring of the Snake":0,"Potion Belt":4,"Blue Candle":20,"Oddly Smooth Stone":21,"PreservedInsect":3,"Odd Mushroom":7,"Orichalcum":11,"Paper Crane":23,"White Beast Statue":11,"Ornamental Fan":12,"Bronze Scales":14,"Pandora\u0027s Box":0,"Black Star":16,"Toy Ornithopter":24},{"Torii":61,"Singing Bowl":61,"Vajra":64,"Bag of Preparation":4,"Centennial Puzzle":35,"WristBlade":24,"Ninja Scroll":11,"Mummified Hand":85,"Gambling Chip":55,"Toolbox":53,"Tiny Chest":17,"MealTicket":32,"Ring of the Snake":0,"Potion Belt":8,"Blue Candle":61,"Oddly Smooth Stone":64,"PreservedInsect":6,"Odd Mushroom":14,"Orichalcum":29,"Paper Crane":79,"White Beast Statue":29,"Ornamental Fan":32,"Bronze Scales":39,"Pandora\u0027s Box":0,"Black Star":51,"Toy Ornithopter":85}],"Toy Ornithopter":14},"card_choices":[{"not_picked":["Bane","Caltrops"],"picked":"Blade Dance","floor":1},{"not_picked":["Setup","Eviscerate"],"picked":"Dodge and Roll","floor":2},{"not_picked":["Poisoned Stab","Bane"],"picked":"Dagger Spray","floor":5},{"not_picked":["Prepared","Outmaneuver"],"picked":"Cloak And Dagger","floor":7},{"not_picked":["Bane","Tools of the Trade"],"picked":"Backflip","floor":10},{"not_picked":["Dagger Throw","Bane"],"picked":"Phantasmal Killer","floor":12},{"not_picked":["Bane","Poisoned Stab"],"picked":"Flying Knee","floor":13},{"not_picked":["Dodge and Roll","Sucker Punch"],"picked":"Acrobatics","floor":14},{"not_picked":["Doppelganger","Die Die Die"],"picked":"Night Terror","floor":16},{"not_picked":["Outmaneuver","Skewer"],"picked":"Slice","floor":18},{"not_picked":["Underhanded Strike","Caltrops"],"picked":"Escape Plan+1","floor":19},{"not_picked":["Flying Knee","Distraction"],"picked":"Calculated Gamble","floor":25},{"not_picked":["Glass Knife","Well Laid Plans"],"picked":"A Thousand Cuts","floor":27},{"not_picked":["Catalyst+1","Acrobatics"],"picked":"Accuracy","floor":28},{"not_picked":["Outmaneuver","Calculated Gamble"],"picked":"Backflip+1","floor":31},{"not_picked":["After Image","Glass Knife"],"picked":"Adrenaline","floor":33},{"not_picked":["Poisoned Stab+1","Dagger Spray+1"],"picked":"Blade Dance+1","floor":35},{"not_picked":["Dagger Spray","Acrobatics+1"],"picked":"Noxious Fumes+1","floor":37},{"not_picked":["Backflip+1","Setup"],"picked":"Deflect+1","floor":39},{"not_picked":["Poisoned Stab+1","Masterful Stab+1"],"picked":"Outmaneuver+1","floor":41},{"not_picked":["Acrobatics","Outmaneuver+1"],"picked":"Footwork+1","floor":45},{"not_picked":["Phantasmal Killer","Slice+1","Riddle With Holes"],"picked":"Singing Bowl","floor":46},{"not_picked":["Purity","Transmutation","Secret Weapon"],"picked":"Singing Bowl","floor":47},{"not_picked":["Dagger Spray","Blade Dance"],"picked":"Footwork+1","floor":54}],"player_experience":1071098,"relics_obtained":[{"floor":3,"key":"Bag of Preparation"},{"floor":9,"key":"Potion Belt"},{"floor":12,"key":"Ninja Scroll"},{"floor":13,"key":"Odd Mushroom"},{"floor":14,"key":"Tiny Chest"},{"floor":25,"key":"MealTicket"},{"floor":26,"key":"Ornamental Fan"},{"floor":27,"key":"Centennial Puzzle"},{"floor":30,"key":"Bronze Scales"},{"floor":37,"key":"Gambling Chip"},{"floor":41,"key":"Blue Candle"},{"floor":41,"key":"Torii"},{"floor":43,"key":"Singing Bowl"},{"floor":45,"key":"Vajra"},{"floor":45,"key":"Oddly Smooth Stone"},{"floor":54,"key":"Mummified Hand"},{"floor":54,"key":"Toy Ornithopter"}],"event_choices":[{"damage_healed":0,"gold_gain":0,"player_choice":"Fought Mushrooms","damage_taken":0,"max_hp_gain":0,"max_hp_loss":0,"event_name":"Mushrooms","floor":13,"gold_loss":0},{"damage_healed":0,"gold_gain":0,"player_choice":"Opened","damage_taken":0,"relics_obtained":["Orichalcum"],"max_hp_gain":0,"max_hp_loss":0,"event_name":"The Mausoleum","floor":20,"gold_loss":0,"cards_obtained":["Writhe"]},{"damage_healed":0,"gold_gain":99,"player_choice":"Stole From Cult","damage_taken":0,"max_hp_gain":0,"max_hp_loss":0,"event_name":"Nest","floor":21,"gold_loss":0},{"cards_removed":["Writhe"],"damage_healed":0,"gold_gain":0,"player_choice":"Removed Curses","damage_taken":0,"max_hp_gain":0,"max_hp_loss":0,"event_name":"Fountain of Cleansing","floor":24,"gold_loss":0},{"damage_healed":0,"gold_gain":0,"player_choice":"Fight","damage_taken":0,"max_hp_gain":0,"max_hp_loss":0,"event_name":"MindBloom","floor":37,"gold_loss":0},{"damage_healed":0,"gold_gain":100,"player_choice":"Pray","damage_taken":0,"max_hp_gain":0,"max_hp_loss":0,"event_name":"Golden Shrine","floor":38,"gold_loss":0},{"damage_healed":0,"gold_gain":0,"player_choice":"Memory 1","damage_taken":0,"max_hp_gain":0,"max_hp_loss":0,"event_name":"SensoryStone","floor":47,"gold_loss":0},{"damage_healed":0,"gold_gain":0,"player_choice":"Ignored","damage_taken":0,"max_hp_gain":0,"max_hp_loss":0,"event_name":"Tomb of Lord Red Mask","floor":48,"gold_loss":0}],"is_beta":false,"boss_relics":[{"not_picked":["Runic Pyramid","SacredBark"],"picked":"WristBlade"},{"not_picked":["Fusion Hammer","Sozu"],"picked":"Black Star"}],"items_purged_floors":[36],"is_endless":false,"potions_floor_spawned":[5,14,16,18,25,27,28,31,33,35,37,39,41,45,46,54],"ascension_level":2}}