{"host":"c1h8o8aodufyrxir","time":1613898020,"event":{"mods":["AchievementEnabler","BaseMod","Block Reminder","Downfall","Minty Spire (QoL Compilation)","Rare Cards Sparkle","Relic Stats","StSLib"],"gold_per_floor":[99,111,111,111,121,21,92,122,148,148,159,174,202,202,219,315,365,265,265,278,58,83,83,107,107,107,107,107],"floor_reached":26,"language":"ENG","playtime":1567,"items_purged":[],"score":229,"play_id":"c806ee98-4436-43aa-ad88-3ce2e249463f","local_time":"20210221020020","is_ascension_mode":false,"campfire_choices":[{"floor":1,"key":"RECALL"},{"data":"hexamod:FastForward","floor":6,"key":"SMITH"},{"data":"hexamod:StepThrough","floor":10,"key":"SMITH"},{"data":"hexamod:ExtraCrispy","floor":18,"key":"SMITH"}],"circlet_count":0,"master_deck":["hexamod:Strike","hexamod:Strike","hexamod:Strike","hexamod:Strike","hexamod:Defend","hexamod:Defend+1","hexamod:Defend","hexamod:Defend+1","hexamod:Sear+1","hexamod:Float+1","hexamod:StepThrough+1","CurseOfTheBell","CurseOfTheBell","hexamod:FastForward+1","hexamod:SpectralAdrenaline+1","hexamod:RetreatToShadows+1","hexamod:DynamicBlow","hexamod:ExtraCrispy+1","hexamod:GhostflameInferno+1","hexamod:SoulSteal+1","hexamod:NightmareGuise+1","hexamod:CatchUp+1","hexamod:ShieldOfDarkness+1","hexamod:FastForward+1","hexamod:SecondSeal","hexamod:AdvancingGuard+1","hexamod:PhantomFireball","hexamod:SecondSeal","RitualDagger+1","hexamod:FastForward+1"],"relics":["hexamod:SpiritBrand","downfall:ExtraCursedBell","StoneCalendar","Darkstone Periapt","War Paint","downfall:HeartBlessingRed","Toxic Egg 2","hexamod:MatchstickCase","Pen Nib","Tiny House","downfall:HeartBlessingBlue","Nunchaku"],"acts_visited":["Exordium","TheCity"],"potions_floor_usage":[22],"damage_taken":[{"damage":0,"enemies":"Small Slimes","floor":2,"turns":3},{"damage":0,"enemies":"Jaw Worm","floor":5,"turns":3},{"damage":0,"enemies":"2 Louse","floor":11,"turns":2},{"damage":7,"enemies":"Exordium Thugs","floor":12,"turns":4},{"damage":18,"enemies":"Gremlin Nob","floor":13,"turns":5},{"damage":3,"enemies":"Gremlin Gang","floor":15,"turns":5},{"damage":7,"enemies":"SI_SHIV_ARCHETYPE","floor":16,"turns":7},{"damage":0,"enemies":"Chosen","floor":19,"turns":1},{"damage":15,"enemies":"3 Byrds","floor":20,"turns":5},{"damage":5,"enemies":"downfall:FleeingMerchant","floor":21,"turns":4},{"damage":44,"enemies":"3 Cultists","floor":22,"turns":7},{"damage":22,"enemies":"Gremlin Leader","floor":26,"turns":1}],"seed_played":"-1561452710619625699","potions_obtained":[{"floor":12,"key":"Explosive Potion"},{"floor":13,"key":"champ:CounterPotion"},{"floor":15,"key":"hexamod:DoubleChargePotion"},{"floor":23,"key":"CultistPotion"}],"is_trial":false,"path_per_floor":["R","M","?","?","M","R","T","?","T","R","M","M","E","T","M","B",null,"R","M","M","$","M","?","T","?","E"],"character_chosen":"THE_SPIRIT","items_purchased":["hexamod:FastForward+1","hexamod:SecondSeal","hexamod:AdvancingGuard+1","hexamod:PhantomFireball"],"campfire_rested":0,"item_purchase_floors":[21,21,21,21],"current_hp_per_floor":[70,70,70,70,70,70,70,70,70,70,70,63,45,45,42,35,75,85,85,70,65,21,21,21,21,0,0,0],"gold":107,"neow_bonus":"UPGRADE_CARD","is_daily":false,"chose_seed":false,"campfire_upgraded":3,"win_rate":0.0,"timestamp":1613898020,"path_taken":["R","M","?","?","M","R","T","?","?","R","?","M","E","?","M","BOSS","R","M","M","$","?","?","T","?","E"],"items_purchased_type":["Card","Card","Card","Card"],"build_version":"2020-12-22","purchased_purges":0,"victory":false,"max_hp_per_floor":[70,70,70,70,70,70,70,70,70,70,70,70,70,70,70,70,75,85,85,85,85,85,85,85,85,85,85,85],"relic_stats":{"Darkstone Periapt":0,"Nunchaku":[0],"counters":[12,47],"StoneCalendar":[23],"Pen Nib":[4],"War Paint":["hexamod:Defend","hexamod:Defend"],"obtain_stats":[{"Darkstone Periapt":4,"Tiny House":17,"downfall:HeartBlessingRed":6,"StoneCalendar":4,"Pen Nib":13,"War Paint":4,"hexamod:MatchstickCase":9,"Nunchaku":24,"downfall:BrokenWingStatue":3,"downfall:HeartBlessingBlue":18,"downfall:ExtraCursedBell":4,"Toxic Egg 2":7,"hexamod:SpiritBrand":0},{"Darkstone Periapt":1,"Tiny House":7,"downfall:HeartBlessingRed":2,"StoneCalendar":1,"Pen Nib":5,"War Paint":1,"hexamod:MatchstickCase":2,"Nunchaku":11,"downfall:BrokenWingStatue":1,"downfall:HeartBlessingBlue":7,"downfall:ExtraCursedBell":1,"Toxic Egg 2":2,"hexamod:SpiritBrand":0},{"Darkstone Periapt":3,"Tiny House":29,"downfall:HeartBlessingRed":6,"StoneCalendar":3,"Pen Nib":17,"War Paint":3,"hexamod:MatchstickCase":6,"Nunchaku":46,"downfall:BrokenWingStatue":3,"downfall:HeartBlessingBlue":29,"downfall:ExtraCursedBell":3,"Toxic Egg 2":6,"hexamod:SpiritBrand":0}]},"card_choices":[{"not_picked":["hexamod:AdvancingGuard","hexamod:SwordOfDarkness"],"picked":"hexamod:StepThrough","floor":2},{"not_picked":["hexamod:InspiringFlames","hexamod:SpectersWail"],"picked":"hexamod:FastForward","floor":5},{"not_picked":["hexamod:Hexaguard+1","hexamod:PhantomFireball"],"picked":"hexamod:SpectralAdrenaline+1","floor":11},{"not_picked":["hexamod:BacktrackSmack","hexamod:GhostLash"],"picked":"hexamod:RetreatToShadows+1","floor":12},{"not_picked":["hexamod:GhostOfSpirePast","hexamod:PhantomFireball"],"picked":"hexamod:DynamicBlow","floor":13},{"not_picked":["hexamod:Again+1","hexamod:Hexaguard+1"],"picked":"hexamod:ExtraCrispy","floor":15},{"not_picked":["hexamod:SearingWound+1","hexamod:UnleashSpirits"],"picked":"hexamod:GhostflameInferno+1","floor":16},{"not_picked":["hexamod:ThermalTransfer","hexamod:HeatMetal"],"picked":"hexamod:SoulSteal+1","floor":17},{"not_picked":["hexamod:ExtraCrispy","hexamod:ThermalTransfer"],"picked":"hexamod:NightmareGuise+1","floor":19},{"not_picked":["hexamod:UnlimitedPower+1","hexamod:SpectralAdrenaline+1"],"picked":"hexamod:CatchUp+1","floor":20},{"not_picked":["hexamod:SwordOfDarkness+1","hexamod:HeatMetal"],"picked":"hexamod:ShieldOfDarkness+1","floor":21},{"not_picked":["hexamod:BacktrackSmack","hexamod:RetreatToShadows+1"],"picked":"hexamod:SecondSeal","floor":22}],"player_experience":181654,"relics_obtained":[{"floor":4,"key":"StoneCalendar"},{"floor":4,"key":"Darkstone Periapt"},{"floor":4,"key":"War Paint"},{"floor":7,"key":"Toxic Egg 2"},{"floor":9,"key":"hexamod:MatchstickCase"},{"floor":13,"key":"Pen Nib"},{"floor":24,"key":"Nunchaku"}],"event_choices":[],"is_beta":false,"boss_relics":[{"not_picked":["Astrolabe","Fusion Hammer"],"picked":"Tiny House"}],"items_purged_floors":[],"is_endless":false,"potions_floor_spawned":[12,13,15,16,20],"killed_by":"Gremlin Leader","ascension_level":0}}