{"host":"1v3mnj67s3trvm6y","time":1613909168,"event":{"mods":["BaseMod","Challenge The Spire","Minty Spire (QoL Compilation)","StSLib","The Cursed"],"gold_per_floor":[113,123,136,153,6,6,40,40,67,67,142,326,356,381,381,381,381],"floor_reached":16,"language":"ENG","playtime":601,"items_purged":["TheCursedMod:Strike_TheCursed"],"score":102,"play_id":"8f946fd3-2739-41fa-b75b-6623f9d9bf80","local_time":"20210221210608","is_ascension_mode":false,"campfire_choices":[{"data":"TheCursedMod:ReleasedKnowledge","floor":6,"key":"SMITH"},{"floor":15,"key":"REST"}],"circlet_count":0,"master_deck":["TheCursedMod:Strike_TheCursed","TheCursedMod:Strike_TheCursed","TheCursedMod:Strike_TheCursed","TheCursedMod:Defend_TheCursed+1","TheCursedMod:Defend_TheCursed","TheCursedMod:Defend_TheCursed+1","TheCursedMod:Defend_TheCursed","TheCursedMod:CursedWand","TheCursedMod:CleanUpWorkshop","TheCursedMod:Dregs","TheCursedMod:Torture","TheCursedMod:ReleasedKnowledge+1","TheCursedMod:CursedRelics","TheCursedMod:CursedShiv","TheCursedMod:HellfireBreathing","TheCursedMod:Wield","Injury","Doubt","TheCursedMod:CircleOfAbyss","TheCursedMod:RapidMovement"],"relics":["TheCursedMod:BlackMagic101","War Paint","Golden Idol","CeramicFish","Boot"],"acts_visited":["Exordium"],"potions_floor_usage":[4,16,16],"damage_taken":[{"damage":0,"enemies":"Small Slimes","floor":1,"turns":4},{"damage":3,"enemies":"2 Louse","floor":2,"turns":3},{"damage":1,"enemies":"Jaw Worm","floor":3,"turns":4},{"damage":1,"enemies":"Gremlin Gang","floor":4,"turns":6},{"damage":53,"enemies":"Lagavulin","floor":7,"turns":8},{"damage":4,"enemies":"2 Fungi Beasts","floor":13,"turns":3},{"damage":0,"enemies":"3 Louse","floor":14,"turns":4},{"damage":26,"enemies":"Slime Boss","floor":16,"turns":7}],"seed_played":"-5621230982335927240","potions_obtained":[{"floor":2,"key":"GamblersBrew"},{"floor":3,"key":"LiquidBronze"},{"floor":13,"key":"Strength Potion"},{"floor":14,"key":"Swift Potion"}],"is_trial":false,"path_per_floor":["M","M","M","M","$","R","E","?","T","?","?","?","M","M","R","B"],"character_chosen":"THE_CURSED","items_purchased":["TheCursedMod:HellfireBreathing"],"campfire_rested":1,"item_purchase_floors":[5],"current_hp_per_floor":[82,79,78,77,77,77,24,24,24,17,6,6,2,2,26,0,0],"gold":381,"neow_bonus":"TEN_PERCENT_HP_BONUS","is_daily":false,"chose_seed":false,"campfire_upgraded":1,"win_rate":0.0,"timestamp":1613909168,"path_taken":["M","M","M","M","$","R","E","?","T","?","?","?","?","M","R","BOSS"],"items_purchased_type":["Card"],"build_version":"2020-12-22","purchased_purges":1,"victory":false,"max_hp_per_floor":[82,82,82,82,82,82,82,82,82,82,82,82,82,82,82,82,82],"card_choices":[{"not_picked":["TheCursedMod:SpitefulStrike","TheCursedMod:CursedShiv"],"picked":"TheCursedMod:Torture","floor":1},{"not_picked":["TheCursedMod:SmokeScreen","TheCursedMod:CursedBlade"],"picked":"TheCursedMod:ReleasedKnowledge","floor":2},{"not_picked":["TheCursedMod:SpreadPlague","TheCursedMod:BlessingInDisguise"],"picked":"TheCursedMod:CursedRelics","floor":3},{"not_picked":["TheCursedMod:FleshFromBone","TheCursedMod:SpitefulStrike"],"picked":"TheCursedMod:CursedShiv","floor":4},{"not_picked":["TheCursedMod:Grudge","TheCursedMod:CircleOfWindfury"],"picked":"TheCursedMod:Wield","floor":7},{"not_picked":["TheCursedMod:VitalStrike","TheCursedMod:CircleOfWindfury"],"picked":"TheCursedMod:CircleOfAbyss","floor":13},{"not_picked":["TheCursedMod:CursedShiv","TheCursedMod:BloodBarrier"],"picked":"TheCursedMod:RapidMovement","floor":14}],"player_experience":1583510,"relics_obtained":[{"floor":7,"key":"War Paint"},{"floor":9,"key":"CeramicFish"}],"event_choices":[{"damage_healed":0,"gold_gain":0,"player_choice":"Take Wound","damage_taken":0,"relics_obtained":["Golden Idol"],"max_hp_gain":0,"max_hp_loss":0,"event_name":"Golden Idol","floor":8,"gold_loss":0,"cards_obtained":["Injury"]},{"damage_healed":0,"gold_gain":0,"player_choice":"Success","damage_taken":7,"relics_obtained":["Boot"],"max_hp_gain":0,"max_hp_loss":0,"event_name":"Scrap Ooze","floor":10,"gold_loss":0},{"damage_healed":0,"gold_gain":75,"player_choice":"Gather Gold","damage_taken":11,"max_hp_gain":0,"max_hp_loss":0,"event_name":"World of Goop","floor":11,"gold_loss":0},{"damage_healed":0,"gold_gain":175,"player_choice":"AGREE","damage_taken":0,"max_hp_gain":0,"max_hp_loss":0,"event_name":"Liars Game","floor":12,"gold_loss":0,"cards_obtained":["Doubt"]}],"is_beta":false,"boss_relics":[],"items_purged_floors":[5],"is_endless":false,"potions_floor_spawned":[2,3,13,14],"killed_by":"Slime Boss","ascension_level":0}}