{"host":"bvp2uifzy1c463d9","time":1613875965,"event":{"mods":["AchievementEnabler","BaseMod","Better Note","Block Reminder","Bossed Relics","Colored Map","Colored Powertips","Highlight Path","Minty Spire (QoL Compilation)","Relic Sorter","Relic Stats","Replay The Spire","StSLib","The Blue Laboratory"],"gold_per_floor":[216,166,182,193,213,213,243,255,255,255,255,274,300,300,300,300,300],"floor_reached":16,"language":"ENG","playtime":696,"items_purged":[],"score":129,"play_id":"2de5319f-9483-44ab-87ea-5114fcbd79a0","local_time":"20210220205245","is_ascension_mode":true,"campfire_choices":[{"data":"Hologram","floor":6,"key":"SMITH"},{"floor":11,"key":"REST"},{"floor":15,"key":"REST"}],"circlet_count":0,"master_deck":["Strike_B","Strike_B","Strike_B","Defend_B","Defend_B","Defend_B","Defend_B","Zap","Dualcast","FTL","Gash","Hologram+1","Echo Form","Rebound","Turbo","Stack"],"relics":["Replay:Wanted Poster","Boot","Bottled Tornado","Garlic"],"acts_visited":["Exordium"],"potions_floor_usage":[13],"damage_taken":[{"damage":3,"enemies":"Small Slimes","floor":1,"turns":5},{"damage":0,"enemies":"2 Louse","floor":3,"turns":4},{"damage":3,"enemies":"Jaw Worm","floor":4,"turns":4},{"damage":25,"enemies":"Large Slime","floor":5,"turns":10},{"damage":30,"enemies":"3 Sentries","floor":7,"turns":8},{"damage":9,"enemies":"Exordium Wildlife","floor":8,"turns":3},{"damage":7,"enemies":"Exordium Thugs","floor":12,"turns":4},{"damage":16,"enemies":"Lagavulin","floor":13,"turns":6},{"damage":27,"enemies":"Hexaghost","floor":16,"turns":7}],"seed_played":"5912062709861047709","potions_obtained":[{"floor":4,"key":"blueLaboratory:CoolantVial"},{"floor":7,"key":"SteroidPotion"},{"floor":8,"key":"Ancient Potion"}],"is_trial":false,"path_per_floor":["M","?","M","M","M","R","E","M","T","?","R","M","E","$","R","B"],"character_chosen":"DEFECT","items_purchased":[],"campfire_rested":2,"item_purchase_floors":[],"current_hp_per_floor":[72,72,72,69,44,44,14,5,5,5,27,20,4,4,26,0,0],"gold":300,"neow_bonus":"BOSS_RELIC","is_daily":false,"chose_seed":false,"campfire_upgraded":1,"win_rate":0.0,"timestamp":1613875965,"path_taken":["M","?","M","M","M","R","E","M","T","?","R","M","E","$","R","BOSS"],"items_purchased_type":[],"build_version":"2020-12-22","purchased_purges":0,"victory":false,"max_hp_per_floor":[75,75,75,75,75,75,75,75,75,75,75,75,75,75,75,75,75],"relic_stats":{"counters":[9,51],"Boot":[10],"obtain_stats":[{"Replay:Wanted Poster":0,"Garlic":13,"Bottled Tornado":9,"Cracked Core":0,"Boot":7},{"Replay:Wanted Poster":0,"Garlic":8,"Bottled Tornado":6,"Cracked Core":0,"Boot":5},{"Replay:Wanted Poster":0,"Garlic":44,"Bottled Tornado":34,"Cracked Core":0,"Boot":31}]},"card_choices":[{"not_picked":["Go for the Eyes","Steam"],"picked":"FTL","floor":1},{"not_picked":["BootSequence","Barrage"],"picked":"Gash","floor":3},{"not_picked":["Static Discharge","Melter"],"picked":"Hologram","floor":4},{"not_picked":["Hologram","Recycle"],"picked":"Echo Form","floor":5},{"not_picked":["Cold Snap","Doom and Gloom"],"picked":"Rebound","floor":7},{"not_picked":["Blizzard","BootSequence"],"picked":"Turbo","floor":8},{"not_picked":["Buffer","Rebound"],"picked":"Stack","floor":12},{"not_picked":["Turbo","Redo","Hello World"],"picked":"SKIP","floor":13}],"player_experience":264136,"relics_obtained":[{"floor":7,"key":"Boot"},{"floor":9,"key":"Bottled Tornado"},{"floor":13,"key":"Garlic"}],"event_choices":[{"cards_removed":["Strike_B"],"damage_healed":0,"gold_gain":0,"player_choice":"Card Removal","damage_taken":0,"max_hp_gain":0,"max_hp_loss":0,"event_name":"The Cleric","floor":2,"gold_loss":50}],"is_beta":false,"boss_relics":[],"items_purged_floors":[],"is_endless":false,"potions_floor_spawned":[4,7,8],"killed_by":"Hexaghost","ascension_level":3}}