{"host":"vxy6xn7iqo09pby3","time":1613932431,"event":{"mods":["2.2 Compatiblity","AchievementEnabler","Act Like it!","Aspiration","BaseMod","Beaked The Cultist","Better Note","BetterRewards","Block Reminder","Challenge The Spire","Colored Map","Colored Powertips","Conspire","Downfall","Gremlin Mod","Halation","Hallownest","Hermit","Highlight Path","Hubris","Infinite Spire","Jorbs\u0027s Wanderer Trilogy","Mimic Mod","Minty Spire (QoL Compilation)","Permanent Neow","Quick Restart","Random Character Button","Relic Sorter","Relic Stats","Replay The Spire","Shop Mod","Spicy Shops","StSLib","The Animator","The Construct","The Cursed","The Disciple","The Jungle","The Mystic","The Necromancer","The Runesmith","Trackpad","everything is the same but u backflip on backflip"],"gold_per_floor":[117,137,147,147,147,147,147],"floor_reached":6,"language":"ENG","playtime":191,"items_purged":[],"score":38,"play_id":"9019feb8-85fd-4cff-a023-432e111fd570","local_time":"20210221123351","is_ascension_mode":true,"campfire_choices":[],"circlet_count":0,"master_deck":["Strike_B","Strike_B+1","Strike_B","Defend_B+1","Defend_B","Defend_B","Defend_B","Zap","Dualcast","Chaos"],"relics":["Cracked Core","aspiration:MysteriousAuxiliaryCore"],"acts_visited":["Exordium"],"potions_floor_usage":[6],"damage_taken":[{"damage":16,"enemies":"infinitespire:Voidling","floor":1,"turns":4},{"damage":6,"enemies":"Jaw Worm","floor":2,"turns":3},{"damage":2,"enemies":"Small Slimes","floor":3,"turns":4},{"damage":23,"enemies":"3 Sentries","floor":6,"turns":6}],"seed_played":"-1534464140684336701","potions_obtained":[{"floor":1,"key":"Block Potion"}],"is_trial":false,"path_per_floor":["M","M","M","?","?","E"],"character_chosen":"DEFECT","items_purchased":[],"campfire_rested":0,"item_purchase_floors":[],"current_hp_per_floor":[52,46,44,37,23,0,0],"gold":147,"neow_bonus":"ONE_RARE_RELIC","is_daily":false,"chose_seed":false,"campfire_upgraded":0,"win_rate":0.0,"timestamp":1613932431,"path_taken":["M","?","?","?","?","E"],"items_purchased_type":[],"build_version":"2020-12-22","purchased_purges":0,"victory":false,"max_hp_per_floor":[68,68,68,68,68,68,68],"relic_stats":{"counters":[4,17],"obtain_stats":[{"aspiration:MysteriousAuxiliaryCore":0,"Cracked Core":0},{"aspiration:MysteriousAuxiliaryCore":0,"Cracked Core":0},{"aspiration:MysteriousAuxiliaryCore":0,"Cracked Core":0}]},"card_choices":[{"not_picked":["Compile Driver","conspire:SharedLibrary","Turbo"],"picked":"SKIP","floor":1},{"not_picked":["ReplayTheSpireMod:Reroute Power","Leap"],"picked":"Chaos","floor":2},{"not_picked":["Steam","ReplaySort","Skim"],"picked":"SKIP","floor":3}],"player_experience":119208,"relics_obtained":[],"event_choices":[{"cards_removed":["Strike_B"],"damage_healed":0,"gold_gain":0,"player_choice":"Card Removal","damage_taken":7,"max_hp_gain":0,"max_hp_loss":0,"event_name":"Golden Wing","floor":4,"gold_loss":0},{"damage_healed":0,"gold_gain":0,"player_choice":"Entered Light","damage_taken":14,"max_hp_gain":0,"max_hp_loss":0,"event_name":"Shining Light","floor":5,"gold_loss":0,"cards_upgraded":["Defend_B","Strike_B"]}],"is_beta":false,"boss_relics":[],"items_purged_floors":[],"is_endless":false,"potions_floor_spawned":[1],"killed_by":"3 Sentries","ascension_level":1}}