{"host":"insagfzijja1377g","time":1613876216,"event":{"mods":["BaseMod","Bestiary","Highlight Path","Minty Spire (QoL Compilation)","Relic Stats","Slay the Relics Exporter"],"gold_per_floor":[109,8,8,0,19,47,47,75,75,103,121,46,46,66,66,157,157,134,134,134,22,32,65,79,79,157,157,185,185,202,220,220,292,292,309,334,32,0,11,11,44,62,62,62,78,111,122,122,122,122,122,122,122,11,37,57,57],"floor_reached":56,"language":"ENG","playtime":3938,"items_purged":["Strike_R"],"score":2576,"play_id":"94371087-fd43-4eed-a866-6f4ac7e4892c","local_time":"20210220205656","is_ascension_mode":true,"campfire_choices":[{"data":"Battle Trance","floor":7,"key":"SMITH"},{"data":"Bludgeon","floor":13,"key":"SMITH"},{"data":"Flame Barrier","floor":15,"key":"SMITH"},{"data":"Uppercut","floor":25,"key":"SMITH"},{"data":"Armaments","floor":29,"key":"SMITH"},{"data":"True Grit","floor":32,"key":"SMITH"},{"data":"Dark Embrace","floor":40,"key":"SMITH"},{"floor":44,"key":"RECALL"},{"data":"Rupture","floor":49,"key":"SMITH"},{"data":"Corruption","floor":53,"key":"SMITH"}],"circlet_count":0,"master_deck":["AscendersBane","Strike_R","Strike_R","Defend_R","Defend_R","Defend_R","Defend_R","Bash","Twin Strike","Rampage","Battle Trance+1","Shockwave","Headbutt","Flame Barrier+1","Bludgeon+1","Pommel Strike","Corruption+1","Dark Embrace+1","Necronomicurse","Uppercut+1","Power Through","Rupture+1","Armaments+1","True Grit+1","Pommel Strike+1","Impervious","CurseOfTheBell","Shockwave+1","Dark Embrace+1","Juggernaut+1","Combust+1","True Grit+1","Bloodletting+1","Seeing Red","Fire Breathing+1"],"relics":["Burning Blood","CaptainsWheel","InkBottle","Bird Faced Urn","Orichalcum","Philosopher\u0027s Stone","Necronomicon","Lantern","Pear","Pantograph","Calling Bell","Potion Belt","Frozen Egg 2","Mango","Torii","Pen Nib","Red Mask","Singing Bowl","Blood Vial","Boot"],"acts_visited":["Exordium","TheCity","TheBeyond","TheEnding"],"potions_floor_usage":[6,10,16,16,33,35,41,41,55,56,56,56,56],"damage_taken":[{"damage":1,"enemies":"Cultist","floor":1,"turns":3},{"damage":0,"enemies":"2 Louse","floor":5,"turns":2},{"damage":25,"enemies":"3 Sentries","floor":6,"turns":7},{"damage":6,"enemies":"Gremlin Nob","floor":8,"turns":3},{"damage":28,"enemies":"3 Sentries","floor":10,"turns":10},{"damage":6,"enemies":"Small Slimes","floor":11,"turns":4},{"damage":4,"enemies":"3 Louse","floor":14,"turns":3},{"damage":24,"enemies":"Hexaghost","floor":16,"turns":8},{"damage":6,"enemies":"2 Thieves","floor":18,"turns":4},{"damage":0,"enemies":"Spheric Guardian","floor":22,"turns":2},{"damage":3,"enemies":"Book of Stabbing","floor":23,"turns":3},{"damage":0,"enemies":"Snecko","floor":24,"turns":1},{"damage":0,"enemies":"Gremlin Leader","floor":28,"turns":2},{"damage":0,"enemies":"Centurion and Healer","floor":30,"turns":4},{"damage":0,"enemies":"Sentry and Sphere","floor":31,"turns":3},{"damage":61,"enemies":"Collector","floor":33,"turns":7},{"damage":9,"enemies":"3 Darklings","floor":35,"turns":6},{"damage":1,"enemies":"Mind Bloom Boss Battle","floor":36,"turns":5},{"damage":1,"enemies":"3 Shapes","floor":39,"turns":5},{"damage":79,"enemies":"Reptomancer","floor":41,"turns":8},{"damage":2,"enemies":"Transient","floor":42,"turns":6},{"damage":18,"enemies":"Maw","floor":45,"turns":6},{"damage":2,"enemies":"Giant Head","floor":46,"turns":6},{"damage":1,"enemies":"4 Shapes","floor":47,"turns":6},{"damage":72,"enemies":"Awakened One","floor":50,"turns":11},{"damage":29,"enemies":"Donu and Deca","floor":51,"turns":5},{"damage":68,"enemies":"Shield and Spear","floor":55,"turns":6}],"seed_played":"-7677923658923733254","potions_obtained":[{"floor":6,"key":"BlessingOfTheForge"},{"floor":10,"key":"FearPotion"},{"floor":14,"key":"ColorlessPotion"},{"floor":31,"key":"DistilledChaos"},{"floor":35,"key":"LiquidMemories"},{"floor":39,"key":"BlessingOfTheForge"},{"floor":41,"key":"Energy Potion"},{"floor":45,"key":"Block Potion"},{"floor":55,"key":"ColorlessPotion"}],"is_trial":false,"path_per_floor":["M","$","?","?","M","E","R","E","T","E","M","$","R","M","R","B",null,"M","?","?","$","M","E","M","R","T","?","E","R","M","M","R","B",null,"M","?","$","?","M","R","E","M","T","R","M","E","M","?","R","B","B",null,"R","$","E","B"],"character_chosen":"IRONCLAD","items_purchased":["Battle Trance","AttackPotion","Strength Potion","Block Potion","Dark Embrace+1","Pen Nib","BloodPotion","Fire Potion","Block Potion"],"campfire_rested":0,"item_purchase_floors":[2,2,21,21,37,37,37,54,54],"current_hp_per_floor":[73,73,66,66,72,53,53,53,53,31,31,31,31,33,33,15,60,62,62,41,41,49,54,60,60,70,70,76,76,85,85,85,36,87,90,99,99,99,99,99,51,67,67,67,65,81,100,100,100,42,58,92,92,92,44,0,0],"gold":57,"neow_bonus":"THREE_CARDS","is_daily":false,"chose_seed":false,"campfire_upgraded":9,"win_rate":0.0,"timestamp":1613876216,"path_taken":["M","?","?","?","M","E","R","E","T","E","M","$","R","M","R","BOSS","M","?","?","?","M","E","M","R","T","?","E","R","M","M","R","BOSS","M","?","$","?","M","R","E","M","T","R","M","E","M","?","R","BOSS","BOSS","R","$","E","BOSS"],"items_purchased_type":["Card","Potion","Potion","Potion","Card","Relic","Potion","Potion","Potion"],"build_version":"2020-12-22","purchased_purges":1,"victory":false,"max_hp_per_floor":[75,75,75,75,75,75,75,75,75,75,75,75,75,75,75,75,75,75,75,75,75,75,75,75,75,85,85,85,85,85,85,85,85,99,99,99,99,99,99,99,101,103,103,103,103,103,103,103,103,103,103,103,103,103,103,103,103],"relic_stats":{"Torii":36,"Singing Bowl":4,"counters":[28,144],"Pen Nib":[13],"Orichalcum":[144],"Boot":[0],"Burning Blood":144,"Blood Vial":10,"Bird Faced Urn":[116],"Pantograph":60,"Necronomicon":[49],"obtain_stats":[{"Potion Belt":34,"Lantern":23,"Pear":26,"Torii":36,"Singing Bowl":41,"Mango":34,"Pen Nib":37,"Orichalcum":10,"Frozen Egg 2":34,"Boot":55,"Burning Blood":0,"Calling Bell":34,"Blood Vial":46,"CaptainsWheel":6,"Bird Faced Urn":9,"Pantograph":28,"Philosopher\u0027s Stone":17,"Necronomicon":20,"Red Mask":38,"InkBottle":8},{"Potion Belt":16,"Lantern":11,"Pear":12,"Torii":18,"Singing Bowl":20,"Mango":16,"Pen Nib":18,"Orichalcum":5,"Frozen Egg 2":16,"Boot":27,"Burning Blood":0,"Calling Bell":16,"Blood Vial":23,"CaptainsWheel":3,"Bird Faced Urn":4,"Pantograph":13,"Philosopher\u0027s Stone":8,"Necronomicon":9,"Red Mask":18,"InkBottle":4},{"Potion Belt":66,"Lantern":49,"Pear":50,"Torii":77,"Singing Bowl":90,"Mango":66,"Pen Nib":77,"Orichalcum":25,"Frozen Egg 2":66,"Boot":136,"Burning Blood":0,"Calling Bell":66,"Blood Vial":108,"CaptainsWheel":12,"Bird Faced Urn":15,"Pantograph":52,"Philosopher\u0027s Stone":40,"Necronomicon":44,"Red Mask":77,"InkBottle":15}],"InkBottle":[43]},"card_choices":[{"not_picked":["Flex","Armaments"],"picked":"Twin Strike","floor":0},{"not_picked":["Clothesline","True Grit"],"picked":"Rampage","floor":1},{"not_picked":["Pommel Strike","Dropkick"],"picked":"Shockwave","floor":5},{"not_picked":["Reckless Charge","Clothesline"],"picked":"Headbutt","floor":6},{"not_picked":["Sentinel","Bloodletting"],"picked":"Flame Barrier","floor":8},{"not_picked":["Twin Strike","Pummel"],"picked":"Bludgeon","floor":10},{"not_picked":["Rage","Bloodletting","Heavy Blade"],"picked":"SKIP","floor":11},{"not_picked":["Headbutt","Carnage"],"picked":"Pommel Strike","floor":14},{"not_picked":["Barricade","Berserk"],"picked":"Corruption","floor":16},{"not_picked":["Body Slam","Entrench"],"picked":"Dark Embrace","floor":18},{"not_picked":["Pommel Strike","Clash"],"picked":"Uppercut","floor":22},{"not_picked":["Shockwave","Dropkick"],"picked":"Power Through","floor":23},{"not_picked":["Iron Wave","Warcry"],"picked":"Rupture","floor":24},{"not_picked":["Iron Wave","Bloodletting"],"picked":"Armaments","floor":28},{"not_picked":["Clothesline","Intimidate"],"picked":"True Grit","floor":30},{"not_picked":["Juggernaut","Anger"],"picked":"Pommel Strike+1","floor":31},{"not_picked":["Bludgeon","Fiend Fire"],"picked":"Impervious","floor":33},{"not_picked":["Wild Strike+1","Armaments"],"picked":"Shockwave+1","floor":35},{"not_picked":["Cleave","Carnage"],"picked":"Juggernaut+1","floor":39},{"not_picked":["Cleave+1","Pummel","Anger+1"],"picked":"Singing Bowl","floor":41},{"not_picked":["Iron Wave","Havoc","Intimidate"],"picked":"Singing Bowl","floor":42},{"not_picked":["Uppercut","Sword Boomerang"],"picked":"Combust+1","floor":45},{"not_picked":["Uppercut+1","Headbutt+1"],"picked":"True Grit+1","floor":46},{"not_picked":["Burning Pact","Warcry"],"picked":"Bloodletting+1","floor":47},{"not_picked":["Heavy Blade","Clash+1"],"picked":"Fire Breathing+1","floor":55}],"player_experience":2181694,"relics_obtained":[{"floor":6,"key":"CaptainsWheel"},{"floor":8,"key":"InkBottle"},{"floor":9,"key":"Bird Faced Urn"},{"floor":10,"key":"Orichalcum"},{"floor":20,"key":"Necronomicon"},{"floor":23,"key":"Lantern"},{"floor":26,"key":"Pear"},{"floor":28,"key":"Pantograph"},{"floor":34,"key":"Potion Belt"},{"floor":34,"key":"Frozen Egg 2"},{"floor":34,"key":"Mango"},{"floor":36,"key":"Torii"},{"floor":41,"key":"Singing Bowl"},{"floor":46,"key":"Blood Vial"},{"floor":55,"key":"Boot"}],"event_choices":[{"cards_removed":["Strike_R"],"damage_healed":0,"gold_gain":0,"player_choice":"Card Removal","damage_taken":7,"max_hp_gain":0,"max_hp_loss":0,"event_name":"Golden Wing","floor":3,"gold_loss":0},{"damage_healed":0,"gold_gain":0,"player_choice":"Left Gold","damage_taken":0,"max_hp_gain":0,"max_hp_loss":0,"event_name":"World of Goop","floor":4,"gold_loss":8},{"damage_healed":0,"gold_gain":0,"player_choice":"Ignored","damage_taken":0,"max_hp_gain":0,"max_hp_loss":0,"event_name":"Ghosts","floor":19,"gold_loss":0},{"damage_healed":0,"gold_gain":0,"player_choice":"Obtained Book","damage_taken":21,"max_hp_gain":0,"max_hp_loss":0,"event_name":"Cursed Tome","floor":20,"gold_loss":0},{"damage_healed":0,"gold_gain":0,"player_choice":"Ignored","damage_taken":0,"max_hp_gain":0,"max_hp_loss":0,"event_name":"Vampires","floor":27,"gold_loss":0},{"damage_healed":0,"gold_gain":0,"player_choice":"Fight","damage_taken":0,"max_hp_gain":0,"max_hp_loss":0,"event_name":"MindBloom","floor":36,"gold_loss":0},{"damage_healed":0,"gold_gain":0,"player_choice":"Paid","damage_taken":0,"relics_obtained":["Red Mask"],"max_hp_gain":0,"max_hp_loss":0,"event_name":"Tomb of Lord Red Mask","floor":38,"gold_loss":32},{"damage_healed":0,"gold_gain":0,"cards_transformed":["Strike_R"],"player_choice":"Transformed","damage_taken":0,"max_hp_gain":0,"max_hp_loss":0,"event_name":"Transmorgrifier","floor":48,"gold_loss":0,"cards_obtained":["Seeing Red"]}],"is_beta":false,"boss_relics":[{"not_picked":["Busted Crown","SacredBark"],"picked":"Philosopher\u0027s Stone"},{"not_picked":["Black Blood","SlaversCollar"],"picked":"Calling Bell"}],"items_purged_floors":[12],"is_endless":false,"potions_floor_spawned":[6,10,14,22,28,31,35,39,41,45,55],"killed_by":"The Heart","ascension_level":20}}