{"host":"rdkn868dy8jmb7gs","time":1613904685,"event":{"mods":["Act Like it!","Arknights","BaseMod","BetterRewards","Colored Map","Colored Powertips","Custom Start","Gensokyo","Hubris","Marisa£®ÏF”Í°°ƒß¿Ì…≥£©","Minty Spire (QoL Compilation)","Reimu£®≤©¿ˆ¡È√Œ£©","Remilia£®¿Ÿ√◊¿Ú—«£©","Replay The Spire","Spicy Shops","StSLib","The Servant 0.9.4","Youmu£®ªÍ∆«—˝√Œ£©","°æ“≈ŒÔø®≈∆°øREMEMod","ÛÙª÷∏ƒœ"],"gold_per_floor":[118,118,136,136,155,155,186,186,186,212,222,2,19,35,35,111,111,121,0,12,28,28,60,60,90,139,164,164,182,182,212,212,291,291,302,348,3,3,3,66,66,416,443,467,500,553,553,604,404,434,434,434,21,58,84],"floor_reached":56,"language":"ZHS","playtime":3571,"items_purged":["ats:Strike V","ats:Defend","Doubt","ats:Magnetic Hammer"],"score":2816,"play_id":"37ad0ee2-8adf-4703-a35b-92a907e64320","local_time":"20210221185125","is_ascension_mode":true,"campfire_choices":[{"data":"ats:LN2 Cannon","floor":6.0,"key":"SMITH"},{"data":"ats:Emotion Absorption","floor":8.0,"key":"SMITH"},{"data":"ats:Part Time Job","floor":15.0,"key":"SMITH"},{"data":"ats:Phantom","floor":28.0,"key":"SMITH"},{"floor":30.0,"key":"RECALL"},{"data":"Night Terror","floor":32.0,"key":"SMITH"},{"data":"Gensokyo:ShootingStar","floor":41,"key":"SMITH"},{"data":"ats:Echo Reverb","floor":47,"key":"SMITH"},{"data":"ats:Durian","floor":52,"key":"SMITH"}],"circlet_count":0,"master_deck":["AscendersBane","ats:Strike G+1","ats:Defend+1","ats:Defend+1","ats:Emotion Absorption+1","ats:Wolf Pack+1","ats:Demon Strength","Midas Touch+1","ats:Shell Defense+1","ats:Chain Hook","ats:Calcification","ats:Red Shift","ats:Sashimi Platter+1","ats:LN2 Cannon+1","ats:Calcification","ats:Directed Diagnosis","ats:Part Time Job+1","ats:Shadow Assault","ats:Beaten Up","ats:Shadow Raid","ats:Phantom+1","Night Terror+1","ats:Collapsing Strike","ats:Hook Shot","Gensokyo:ShootingStar+1","ats:Durian+1","Secret Weapon","ats:Shadow Raid+1","Gensokyo:ShootingStar","Gensokyo:ReactiveArmor","Gensokyo:RPG","Gensokyo:GreaterSplit","ats:Chain Hook","Master of Strategy","ats:Echo Reverb+1","REME_HeartOfCthun","ats:Shadow Raid"],"relics":["ats:Sanity","REME_ComplimentaryCards","Mango","Sling","ats:Rhine Circuitry","Centennial Puzzle","Toolbox","Akabeko","Durian","War Paint","ats:Originium","Lantern","Bag of Preparation","Juzu Bracelet","Membership Card","Guide Book","hubris:GrandSneckoEye","Blood Vial","Gensokyo:RedStar","REME_HandOfSuture","Nunchaku","Pet Ghost","REME_LowDesire","Bag of Marbles","ScarletDevilRocket","Replay:Bandana","DollysMirror","hubris:Towel","Mirror","Replay:Wax Seal","ats:Berate","PreservedInsect","Omamori","Onion Ring","REME_LimitBreaker","OrangePellets","Simple Rune","Bottled Tornado","ReplayTheSpireMod:ShopPack","Happy Flower","Incense Burner"],"acts_visited":["Exordium","Gensokyo:Gensokyo","Gensokyo:Gensokyoer","TheEnding"],"potions_floor_usage":[55,55],"damage_taken":[{"damage":2.0,"enemies":"Gensokyo:Python","floor":1.0,"turns":10.0},{"damage":20.0,"enemies":"Gensokyo:2_Kodama","floor":3.0,"turns":11.0},{"damage":0.0,"enemies":"Gensokyo:Gryphon","floor":5.0,"turns":5.0},{"damage":6.0,"enemies":"Gensokyo:Cirno","floor":7.0,"turns":5.0},{"damage":15.0,"enemies":"Gensokyo:Mamizou","floor":10.0,"turns":6.0},{"damage":0.0,"enemies":"Gensokyo:LivingMonolith","floor":11.0,"turns":1.0},{"damage":3.0,"enemies":"Gensokyo:2_Rabbits","floor":13.0,"turns":8.0},{"damage":0.0,"enemies":"Gensokyo:5_Fairies","floor":14.0,"turns":2.0},{"damage":64.0,"enemies":"Gensokyo:Reimu","floor":16.0,"turns":12.0},{"damage":0.0,"enemies":"Gensokyo:AngelMirror","floor":18.0,"turns":3.0},{"damage":18.0,"enemies":"Gensokyo:3_Dogs","floor":20.0,"turns":2.0},{"damage":5.0,"enemies":"Gensokyo:Swordslinger","floor":21.0,"turns":5.0},{"damage":0.0,"enemies":"Gensokyo:Tenshi","floor":23.0,"turns":3.0},{"damage":0.0,"enemies":"Gensokyo:Koishi","floor":25.0,"turns":4.0},{"damage":11.0,"enemies":"Gensokyo:Reisen","floor":27.0,"turns":4.0},{"damage":0.0,"enemies":"Gensokyo:3_Gloops","floor":29.0,"turns":3.0},{"damage":24.0,"enemies":"Gensokyo:Koishi","floor":31.0,"turns":3.0},{"damage":0,"enemies":"Gensokyo:Eternal_Rivals","floor":33,"turns":4},{"damage":0,"enemies":"Gensokyo:3_Boulders","floor":35,"turns":1},{"damage":0,"enemies":"Gensokyo:Kasen","floor":40,"turns":7},{"damage":10,"enemies":"Gensokyo:Doremy","floor":42,"turns":8},{"damage":0,"enemies":"Gensokyo:3_Bats","floor":44,"turns":1},{"damage":0,"enemies":"Gensokyo:AtlasGolem","floor":45,"turns":2},{"damage":0,"enemies":"Gensokyo:Marisa","floor":46,"turns":5},{"damage":0,"enemies":"Gensokyo:Doremy","floor":48,"turns":4},{"damage":0,"enemies":"Gensokyo:Yuyuko","floor":50,"turns":6},{"damage":0,"enemies":"Shield and Spear","floor":54,"turns":1},{"damage":13,"enemies":"The Heart","floor":55,"turns":5}],"seed_played":"-2701564044213012456","potions_obtained":[{"floor":1.0,"key":"GrandPatriotsElixir:ReiMu"},{"floor":3.0,"key":"ats:Burn Small Potion"},{"floor":13.0,"key":"Milkshake"},{"floor":20.0,"key":"Elixir"}],"is_trial":false,"path_per_floor":["M","?","M","?","M","R","E","R","T","E","M","$","M","M","R","B",null,"M","?","M","M","?","E","?","E","T","E","R","M","R","E","R","B",null,"M","?","COS","?","?","E","R","E","T","M","M","E","R","E","R","B",null,"R","$","E","B",null],"character_chosen":"DOCTOR_CLASS","items_purchased":["Mango","ats:Demon Strength","Sling","ats:Rhine Circuitry","Centennial Puzzle","Toolbox","Akabeko","Midas Touch","ats:Shell Defense","Durian","ats:Chain Hook","ats:Calcification","ats:Magnetic Hammer","War Paint","Membership Card","Guide Book","REME_LimitBreaker","OrangePellets","Simple Rune","Bottled Tornado","ReplayTheSpireMod:ShopPack","Happy Flower"],"campfire_rested":0,"item_purchase_floors":[0,0,0,0,0,0,0,0,0,0,0,0,0,0,12,12,49,49,53,53,53,53],"current_hp_per_floor":[91,55,85,85,91,91,89,89,89,76,76,76,91,91,91,64,84,91,91,73,82,73,91,91,91,91,91,91,91,91,67,67,91,91,91,91,91,91,91,91,91,91,91,91,91,91,91,91,91,91,91,91,91,91,91],"gold":84,"neow_bonus":"","is_daily":false,"chose_seed":false,"campfire_upgraded":8,"win_rate":0.0,"timestamp":1613904685,"path_taken":["M","?","M","?","?","R","E","R","T","E","M","?","M","M","R","BOSS","M","?","M","M","?","E","?","E","T","E","R","M","R","E","R","BOSS","M","?","COS","?","?","E","R","E","T","M","M","E","R","E","R","BOSS","R","$","E","BOSS"],"items_purchased_type":["Relic","Card","Relic","Relic","Relic","Relic","Relic","Card","Card","Relic","Card","Card","Card","Relic","Relic","Relic","Relic","Relic","Relic","Relic","Relic","Relic"],"build_version":"2020-12-22","purchased_purges":4,"victory":true,"max_hp_per_floor":[91,91,91,91,91,91,91,91,91,91,91,91,91,91,91,91,91,91,91,91,91,91,91,91,91,91,91,91,91,91,91,91,91,91,91,91,91,91,91,91,91,91,91,91,91,91,91,91,91,91,91,91,91,91,91],"card_choices":[{"not_picked":["ats:Blood Oath","ats:LN2 Cannon"],"picked":"ats:Red Shift","floor":1.0},{"not_picked":["ats:Closed Bolt Burst Fire","ats:Curse Doll","ats:Powerful Strike"],"picked":"SKIP","floor":3.0},{"not_picked":["ats:Poison Spread","ats:Curse Doll"],"picked":"ats:LN2 Cannon","floor":5.0},{"not_picked":["ats:Beaten Up","ats:Magnetic Hammer"],"picked":"ats:Calcification","floor":7.0},{"not_picked":["ats:Absolute Focus","ats:Rapid Magazine","ats:Powerful Strike"],"picked":"SKIP","floor":10.0},{"not_picked":["ats:Song Of Battle","ats:Apocalypse","ats:Consecutive Shot Auto"],"picked":"SKIP","floor":11.0},{"not_picked":["ats:Encircling Forest","ats:Leaping Hammer"],"picked":"ats:Directed Diagnosis","floor":13.0},{"not_picked":["ats:Powerful Strike","ats:Cat Scratch"],"picked":"ats:Part Time Job","floor":14.0},{"not_picked":["ats:Calcification","ats:Soul Rend"],"picked":"ats:Shadow Assault","floor":16.0},{"not_picked":["ats:Revitalization","ats:Leaping Hammer"],"picked":"ats:Beaten Up","floor":18.0},{"not_picked":["ats:Ignite","ats:Hammer On+1"],"picked":"ats:Shadow Raid","floor":20.0},{"not_picked":["ats:Red Shift","ats:Spore Proliferation"],"picked":"ats:Phantom","floor":21.0},{"not_picked":["ats:Leaping Hammer","ats:Closed Bolt Burst Fire"],"picked":"ats:Collapsing Strike","floor":23.0},{"not_picked":["ats:Guardian Obelisk","ats:Thermite Blade","ats:Overload"],"picked":"SKIP","floor":25.0},{"not_picked":["ats:Composite Medical Shells+1","ats:LN2 Cannon","ats:Explosion Area Strengthen"],"picked":"SKIP","floor":27.0},{"not_picked":["ats:Leaping Hammer","ats:Revitalization","ats:Ignite"],"picked":"SKIP","floor":29.0},{"not_picked":["ats:Shell Defense","ats:Closed Bolt Burst Fire"],"picked":"ats:Hook Shot","floor":31.0},{"not_picked":[],"picked":"Gensokyo:ShootingStar","floor":33},{"not_picked":["ats:Volcano","ats:Wolf Pack"],"picked":"ats:Durian","floor":33},{"not_picked":["ats:Explosion Area Strengthen+1","ats:Closed Bolt Burst Fire","ats:Ignite"],"picked":"Secret Weapon","floor":35},{"not_picked":["ats:Closed Bolt Burst Fire+1","ats:Consecutive Shot Auto","REME_HeartOfCthun"],"picked":"ats:Shadow Raid+1","floor":36},{"not_picked":["ats:Cat Scratch","ats:Consecutive Shot Auto","ats:Explosion Area Strengthen","Dark Shackles"],"picked":"SKIP","floor":40},{"not_picked":["ats:Cat Scratch+1","ats:Powerful Strike+1","Swift Strike"],"picked":"ats:Chain Hook","floor":42},{"not_picked":["ats:Shell Defense","ats:Assault Order+1","ats:Closed Bolt Burst Fire"],"picked":"Master of Strategy","floor":44},{"not_picked":["ats:Mental Burst","ats:Apocalypse","ats:Poison Spread+1","REME_BuildACard"],"picked":"SKIP","floor":45},{"not_picked":["ats:Poison Spread","ats:Cat Scratch","Trip"],"picked":"ats:Echo Reverb","floor":46},{"not_picked":["ats:Calcification","ats:Blood Oath+1","ats:Cat Scratch","Mayhem"],"picked":"SKIP","floor":48},{"not_picked":["ReplayUltimateDefense","Secret Weapon","Sadistic Nature"],"picked":"REME_HeartOfCthun","floor":53},{"not_picked":["ats:Hook Shot","ats:Sunburst","hubris:Ssssneak"],"picked":"ats:Shadow Raid","floor":54}],"player_experience":494878,"relics_obtained":[{"floor":7.0,"key":"ats:Originium"},{"floor":7.0,"key":"Lantern"},{"floor":9.0,"key":"Bag of Preparation"},{"floor":10.0,"key":"ats:Originium"},{"floor":10.0,"key":"Juzu Bracelet"},{"floor":23.0,"key":"ats:Originium"},{"floor":23.0,"key":"Blood Vial"},{"floor":25.0,"key":"ats:Originium"},{"floor":25.0,"key":"REME_HandOfSuture"},{"floor":27.0,"key":"Nunchaku"},{"floor":31.0,"key":"Pet Ghost"},{"floor":34,"key":"Bag of Marbles"},{"floor":34,"key":"ScarletDevilRocket"},{"floor":36,"key":"Replay:Bandana"},{"floor":40,"key":"Mirror"},{"floor":42,"key":"Replay:Wax Seal"},{"floor":43,"key":"ats:Berate"},{"floor":46,"key":"Omamori"},{"floor":48,"key":"Onion Ring"},{"floor":54,"key":"Incense Burner"}],"event_choices":[],"is_beta":false,"boss_relics":[{"not_picked":["Abe\u0027s Treasure","REME_DemonsWealth"],"picked":"hubris:GrandSneckoEye"},{"not_picked":["Replay:Drink Me","ats:Sanity Plus"],"picked":"REME_LowDesire"}],"items_purged_floors":[0,0,49,53],"is_endless":false,"potions_floor_spawned":[1,3,10,11,13,20,25,29,33,35,40,42],"ascension_level":13}}