{"host":"ja7oz5ga8zh2u8it","time":1613885526,"event":{"mods":["Ascension Reborn","Aspiration","BaseMod","Downfall","Hermit","Infinite Spire","Mimic Mod","Minty Spire (QoL Compilation)","Replay The Spire","StSLib","The Jungle","The Runesmith"],"gold_per_floor":[117,117,67,92,117,150,150,150,150,164,187,187,217,217,217,347,347,373,391,391,416,448,494,494,517,540,568,568,603,249,249,249,459,459,504,20,47,60,67,67],"floor_reached":39,"language":"ENG","playtime":2576,"items_purged":["hermit:Desperado"],"score":457,"play_id":"edfe652d-2d5c-4dd1-8299-57c25f170be1","local_time":"20210221003206","is_ascension_mode":true,"campfire_choices":[{"data":"hermit:Scavenge","floor":7,"key":"SMITH"},{"data":"hermit:GoldenBullet","floor":15,"key":"SMITH"},{"data":"hermit:FlashPowder","floor":24,"key":"SMITH"},{"data":"hermit:DeadOrAlive","floor":28,"key":"SMITH"},{"floor":32,"key":"REST"}],"circlet_count":0,"master_deck":["hermit:Strike_Hermit","hermit:Strike_Hermit","hermit:Strike_Hermit","hermit:Defend_Hermit","hermit:Defend_Hermit","hermit:Defend_Hermit","hermit:Snapshot","hermit:Covet","hermit:Scavenge+1","hermit:GhostlyPresence","hermit:Glare","hermit:FullyLoaded+1","hermit:Vantage","hermit:GoldenBullet+1","Parasite","hermit:HighNoon","hermit:Quickdraw","hermit:Quickdraw+1","hermit:Determination","hermit:FlashPowder+1","hermit:DeadOrAlive+1","hermit:Malice+1","hermit:LowProfile+1","hermit:Misfire+1","hermit:SprayPray","hermit:RoundhouseKick","hermit:Showdown+1"],"relics":["hermit:Momento","HornCleat","Simple Rune","Golden Idol","Replay:Accelerometer","Philosopher\u0027s Stone","Gremlin Food","Bag of Preparation","PreservedInsect","infinitespire:EmpoweringShard","hermit:DentedPlate","aspiration:HummingbirdHeart","hermit:Horseshoe"],"acts_visited":["Exordium","Exordium","TheBeyond"],"potions_floor_usage":[16,19,23,29,33,38,38],"damage_taken":[{"damage":0,"enemies":"Small Slimes","floor":1,"turns":3},{"damage":0,"enemies":"2 Louse","floor":4,"turns":3},{"damage":0,"enemies":"Cultist","floor":5,"turns":4},{"damage":3,"enemies":"Replay:BlueRogue","floor":6,"turns":8},{"damage":0,"enemies":"Large Slime","floor":10,"turns":4},{"damage":0,"enemies":"2 Fungi Beasts","floor":11,"turns":3},{"damage":0,"enemies":"Blue Slaver","floor":13,"turns":4},{"damage":12,"enemies":"Fading Forest","floor":16,"turns":11},{"damage":0,"enemies":"theJungle:MUSHROOMGANG","floor":18,"turns":5},{"damage":0,"enemies":"theJungle:Flameango_and_Byrd","floor":19,"turns":6},{"damage":3,"enemies":"theJungle:Snecko_Cultist_And_Trap","floor":21,"turns":7},{"damage":15,"enemies":"theJungle:JungleHuntersEncounter","floor":22,"turns":7},{"damage":5,"enemies":"Nightmare","floor":23,"turns":8},{"damage":0,"enemies":"theJungle:Lyon","floor":25,"turns":2},{"damage":10,"enemies":"theJungle:2_Snecko_Cultists","floor":27,"turns":5},{"damage":17,"enemies":"theJungle:2_Flameangoes","floor":29,"turns":8},{"damage":12,"enemies":"theJungle:QueenSpyder","floor":33,"turns":15},{"damage":12,"enemies":"3 Shapes","floor":35,"turns":4},{"damage":17,"enemies":"3 Darklings","floor":37,"turns":6},{"damage":44,"enemies":"Transient","floor":38,"turns":5},{"damage":13,"enemies":"Spire Growth","floor":39,"turns":3}],"seed_played":"5617716854975716476","potions_obtained":[{"floor":4,"key":"SmokeBomb"},{"floor":10,"key":"champ:CounterPotion"},{"floor":11,"key":"Adrenaline Potion"},{"floor":16,"key":"LiquidMemories"},{"floor":22,"key":"SkillPotion"},{"floor":25,"key":"Languid Potion"},{"floor":27,"key":"Elixir"},{"floor":29,"key":"PowerPotion"},{"floor":35,"key":"PowerPotion"}],"is_trial":false,"path_per_floor":["M","?","?","M","M","E","R","?","T","M","M","?","M","?","R","B",null,"M","M","AVR","M","M","NM","R","M","T","M","R","M","$","?","R","B",null,"M","$","M","M","M"],"character_chosen":"HERMIT","items_purchased":["infinitespire:EmpoweringShard","hermit:Misfire+1","aspiration:HummingbirdHeart","hermit:Horseshoe"],"campfire_rested":1,"item_purchase_floors":[30,30,36,36],"current_hp_per_floor":[80,68,68,68,68,65,65,45,45,45,45,45,45,65,65,77,80,80,80,80,77,62,57,57,57,57,47,47,30,30,30,54,42,74,62,62,45,1,0,0],"gold":67,"neow_bonus":"RANDOM_EVENT","is_daily":false,"chose_seed":false,"campfire_upgraded":4,"win_rate":0.0,"timestamp":1613885526,"path_taken":["M","?","?","M","M","E","R","?","T","M","?","?","M","?","R","BOSS","M","M","AVR","M","M","NM","R","M","T","M","R","M","$","?","R","BOSS","M","$","M","?","M"],"items_purchased_type":["Relic","Card","Relic","Relic"],"build_version":"2020-12-22","purchased_purges":1,"victory":false,"max_hp_per_floor":[80,80,80,80,80,80,80,80,80,80,80,80,80,80,80,80,80,80,80,80,80,80,80,80,80,80,80,80,80,80,80,80,80,112,112,112,112,112,112,112],"card_choices":[{"not_picked":["hermit:EyeOfTheStorm","hermit:BodyArmor"],"picked":"hermit:Scavenge","floor":1},{"not_picked":["hermit:Vantage","hermit:BodyArmor"],"picked":"hermit:GhostlyPresence","floor":4},{"not_picked":["hermit:BodyArmor","hermit:Vantage"],"picked":"hermit:Glare","floor":5},{"not_picked":["hermit:Scavenge","hermit:Coalescence"],"picked":"hermit:FullyLoaded","floor":6},{"not_picked":["hermit:ItchyTrigger","hermit:GoldenBullet"],"picked":"hermit:Vantage","floor":10},{"not_picked":["hermit:LoneWolf","hermit:Quickdraw"],"picked":"hermit:Desperado","floor":11},{"not_picked":["hermit:HoleUp","hermit:BodyArmor"],"picked":"hermit:GoldenBullet","floor":13},{"not_picked":["hermit:BlackWind","hermit:EternalForm"],"picked":"hermit:HighNoon","floor":16},{"not_picked":["hermit:DeadMansHand","hermit:HoleUp"],"picked":"hermit:Quickdraw","floor":18},{"not_picked":["hermit:Headshot","hermit:Desperado+1"],"picked":"hermit:Quickdraw+1","floor":19},{"not_picked":["hermit:Brawl","hermit:HighCaliber"],"picked":"hermit:Determination","floor":21},{"not_picked":["hermit:BodyArmor","hermit:BigShot+1"],"picked":"hermit:FlashPowder","floor":22},{"not_picked":["hermit:FullyLoaded","hermit:PistolWhip"],"picked":"hermit:DeadOrAlive","floor":23},{"not_picked":["hermit:TakeCover","hermit:FlashPowder","hermit:Cheat"],"picked":"SKIP","floor":25},{"not_picked":["hermit:Misfire","hermit:HoleUp"],"picked":"hermit:Malice+1","floor":27},{"not_picked":["hermit:Snipe","hermit:Glare"],"picked":"hermit:LowProfile","floor":29},{"not_picked":["hermit:FatalDesire","hermit:Reprieve"],"picked":"hermit:RoundhouseKick","floor":33},{"not_picked":["hermit:ShadowCloak+1","hermit:Glare+1","hermit:Coalescence+1"],"picked":"SKIP","floor":35},{"not_picked":["hermit:Quickdraw+1","hermit:Snipe+1"],"picked":"hermit:Showdown+1","floor":37},{"not_picked":["hermit:Enervate+1","hermit:LuckOfTheDraw","hermit:Vantage"],"picked":"SKIP","floor":38}],"player_experience":344672,"relics_obtained":[{"floor":6,"key":"Simple Rune"},{"floor":9,"key":"Replay:Accelerometer"},{"floor":23,"key":"Bag of Preparation"},{"floor":26,"key":"PreservedInsect"}],"event_choices":[{"damage_healed":0,"gold_gain":0,"player_choice":"Donut","damage_taken":0,"max_hp_gain":5,"max_hp_loss":0,"event_name":"Big Fish","floor":0,"gold_loss":0},{"damage_healed":0,"gold_gain":0,"player_choice":"Success","damage_taken":12,"relics_obtained":["HornCleat"],"max_hp_gain":0,"max_hp_loss":0,"event_name":"Scrap Ooze","floor":2,"gold_loss":0},{"cards_removed":["hermit:Defend_Hermit"],"damage_healed":0,"gold_gain":0,"player_choice":"Card Removal","damage_taken":0,"max_hp_gain":0,"max_hp_loss":0,"event_name":"The Cleric","floor":3,"gold_loss":50},{"damage_healed":0,"gold_gain":0,"player_choice":"Take Damage","damage_taken":20,"relics_obtained":["Golden Idol"],"max_hp_gain":0,"max_hp_loss":0,"event_name":"Golden Idol","floor":8,"gold_loss":0},{"damage_healed":20,"gold_gain":0,"player_choice":"Healed and dodged fight","damage_taken":0,"max_hp_gain":0,"max_hp_loss":0,"event_name":"Mushrooms","floor":14,"gold_loss":0,"cards_obtained":["Parasite"]},{"damage_healed":0,"gold_gain":0,"cards_transformed":["hermit:Strike_Hermit"],"player_choice":"Transformed","damage_taken":0,"max_hp_gain":0,"max_hp_loss":0,"event_name":"Transmorgrifier","floor":31,"gold_loss":0,"cards_obtained":["hermit:SprayPray"]}],"is_beta":false,"boss_relics":[{"not_picked":["aspiration:SilentSkillbook","Runic Dome"],"picked":"Philosopher\u0027s Stone"},{"not_picked":["Replay:Wanted Poster","ChewingGum"],"picked":"hermit:DentedPlate"}],"items_purged_floors":[30],"is_endless":false,"potions_floor_spawned":[4,10,11,16,18,22,25,27,29,35],"killed_by":"Spire Growth","ascension_level":0}}