{"host":"6a9c3xws62y7efyw","time":1613943630,"event":{"mods":["BaseMod","Colored Map","Minty Spire (QoL Compilation)","Relic Stats","StSLib"],"gold_per_floor":[109,127,14,25,100,100,125,135,135,147,174,186,198,221,233,245,245],"floor_reached":16,"language":"ENG","playtime":606,"items_purged":[],"score":204,"play_id":"15b849d8-6a7d-4a1a-95b6-bbce9129002b","local_time":"20210221134030","is_ascension_mode":true,"campfire_choices":[{"data":"Crippling Poison","floor":6.0,"key":"SMITH"},{"floor":10.0,"key":"REST"},{"data":"Crippling Poison","floor":13.0,"key":"SMITH"},{"data":"Skewer","floor":15.0,"key":"SMITH"}],"circlet_count":0,"master_deck":["AscendersBane","Strike_G","Strike_G","Strike_G","Strike_G","Strike_G","Defend_G","Defend_G","Defend_G","Defend_G","Defend_G","Survivor","Neutralize","Master of Strategy","Crippling Poison+1","Masterful Stab","Quick Slash","Footwork","Predator","Glass Knife","Noxious Fumes","Crippling Poison+1","Skewer+1"],"relics":["Ring of the Snake","Ancient Tea Set","MawBank"],"acts_visited":["Exordium"],"potions_floor_usage":[],"damage_taken":[{"damage":2.0,"enemies":"Small Slimes","floor":1.0,"turns":4.0},{"damage":0.0,"enemies":"2 Louse","floor":2.0,"turns":3.0},{"damage":0.0,"enemies":"Jaw Worm","floor":4.0,"turns":4.0},{"damage":23.0,"enemies":"3 Sentries","floor":7.0,"turns":10.0},{"damage":2.0,"enemies":"Lots of Slimes","floor":8.0,"turns":3.0},{"damage":0.0,"enemies":"Looter","floor":11.0,"turns":2.0},{"damage":0.0,"enemies":"Large Slime","floor":14.0,"turns":2.0},{"damage":34,"enemies":"Slime Boss","floor":16,"turns":7}],"seed_played":"-1764838274038050332","potions_obtained":[{"floor":2.0,"key":"Poison Potion"},{"floor":7.0,"key":"Weak Potion"}],"is_trial":false,"path_per_floor":["M","M","$","M","?","R","E","M","T","R","M","?","R","M","R","B"],"character_chosen":"THE_SILENT","items_purchased":["Quick Slash","Footwork"],"campfire_rested":1,"item_purchase_floors":[3,3],"current_hp_per_floor":[42,42,42,42,31,31,8,6,6,25,25,30,30,30,30,0,0],"gold":245,"neow_bonus":"RANDOM_COLORLESS_2","is_daily":false,"chose_seed":false,"campfire_upgraded":3,"win_rate":0.0,"timestamp":1613943630,"path_taken":["M","M","$","M","?","R","E","M","T","R","M","?","R","M","R","BOSS"],"items_purchased_type":["Card","Card"],"build_version":"2020-12-22","purchased_purges":0,"victory":false,"max_hp_per_floor":[66,66,66,66,66,66,66,66,66,66,66,71,71,71,71,71,71],"relic_stats":{"counters":[8,35],"MawBank":84,"obtain_stats":[{"Ancient Tea Set":7,"MawBank":9,"Ring of the Snake":0},{"Ancient Tea Set":4,"MawBank":5,"Ring of the Snake":0},{"Ancient Tea Set":21,"MawBank":24,"Ring of the Snake":0}],"Ring of the Snake":[16]},"card_choices":[{"not_picked":["Transmutation","Violence"],"picked":"Master of Strategy","floor":0.0},{"not_picked":["Concentrate","Flying Knee"],"picked":"Crippling Poison","floor":1.0},{"not_picked":["Flying Knee","Slice"],"picked":"Masterful Stab","floor":2.0},{"not_picked":["Prepared","Flying Knee"],"picked":"Predator","floor":4.0},{"not_picked":["Venomology","Sucker Punch"],"picked":"Glass Knife","floor":7.0},{"not_picked":["Dodge and Roll","Infinite Blades"],"picked":"Noxious Fumes","floor":8.0},{"not_picked":["Slice","Concentrate"],"picked":"Crippling Poison","floor":11.0},{"not_picked":["Dodge and Roll","Finisher"],"picked":"Skewer","floor":14.0}],"player_experience":1571190,"relics_obtained":[{"floor":7.0,"key":"Ancient Tea Set"},{"floor":9.0,"key":"MawBank"}],"event_choices":[{"damage_healed":0.0,"max_hp_gain":0.0,"max_hp_loss":0.0,"gold_gain":75.0,"event_name":"World of Goop","player_choice":"Gather Gold","floor":5.0,"gold_loss":0.0,"damage_taken":11.0},{"damage_healed":0.0,"max_hp_gain":5.0,"max_hp_loss":0.0,"gold_gain":0.0,"event_name":"Big Fish","player_choice":"Donut","floor":12.0,"gold_loss":0.0,"damage_taken":0.0}],"is_beta":false,"boss_relics":[],"items_purged_floors":[],"is_endless":false,"potions_floor_spawned":[2,7],"killed_by":"Slime Boss","ascension_level":20}}