{"host":"wha9hktbkslqvblg","time":1613870790,"event":{"mods":["BaseMod","Colored Map","Minty Spire (QoL Compilation)","Relic Stats","SuperFastMode","everything is the same but u backflip on backflip"],"gold_per_floor":[366,516,28,28,303,332,332,342,342,355,387,387,121,138,138,138,138],"floor_reached":16,"language":"KOR","playtime":264,"items_purged":["Doubt","Strike_R"],"score":216,"play_id":"9f12ba72-32df-4214-bb4a-f12ea4411cb2","local_time":"20210221102630","is_ascension_mode":true,"campfire_choices":[{"data":"Whirlwind","floor":7,"key":"SMITH"},{"data":"Fire Breathing","floor":15,"key":"SMITH"}],"circlet_count":0,"master_deck":["AscendersBane","Strike_R+1","Strike_R","Strike_R","Defend_R","Defend_R","Defend_R","Defend_R+1","Bash","Whirlwind+1","Spot Weakness","Regret","Hemokinesis","Fire Breathing+1","Sword Boomerang"],"relics":["Burning Blood","Chemical X","Bag of Preparation","Mango","Blood Vial","Pen Nib"],"acts_visited":["Exordium"],"potions_floor_usage":[16,16],"damage_taken":[{"damage":4.0,"enemies":"Small Slimes","floor":1.0,"turns":4.0},{"damage":19,"enemies":"3 Sentries","floor":6,"turns":4},{"damage":0,"enemies":"2 Louse","floor":8,"turns":1},{"damage":8,"enemies":"Cultist","floor":10,"turns":3},{"damage":37,"enemies":"Gremlin Nob","floor":11,"turns":4},{"damage":0,"enemies":"Gremlin Gang","floor":14,"turns":1},{"damage":37,"enemies":"Hexaghost","floor":16,"turns":7}],"seed_played":"4452830785037927728","potions_obtained":[{"floor":6,"key":"LiquidBronze"},{"floor":10,"key":"BloodPotion"}],"is_trial":false,"path_per_floor":["M","?","$","?","?","E","R","M","T","M","E","?","$","M","R","B"],"character_chosen":"IRONCLAD","items_purchased":["Chemical X","Bag of Preparation","Spot Weakness","Pen Nib"],"campfire_rested":0,"item_purchase_floors":[3,3,3,13],"current_hp_per_floor":[68,68,68,61,61,62,62,68,68,66,35,10,10,18,18,0,0],"gold":138,"neow_bonus":"TWO_FIFTY_GOLD","is_daily":false,"chose_seed":false,"campfire_upgraded":2,"win_rate":0.0,"timestamp":1613870790,"path_taken":["M","?","$","?","?","E","R","?","T","?","E","?","$","M","R","BOSS"],"items_purchased_type":["Relic","Relic","Card","Relic"],"build_version":"2020-12-22","purchased_purges":2,"victory":false,"max_hp_per_floor":[68,68,68,68,68,82,82,82,82,82,82,82,82,82,82,82,82],"relic_stats":{"Blood Vial":4,"counters":[7,24],"Pen Nib":[1],"Bag of Preparation":[12],"Chemical X":[9],"obtain_stats":[{"Blood Vial":11,"Mango":6,"Pen Nib":13,"Bag of Preparation":3,"Chemical X":3,"Burning Blood":0},{"Blood Vial":5,"Mango":2,"Pen Nib":5,"Bag of Preparation":1,"Chemical X":1,"Burning Blood":0},{"Blood Vial":16,"Mango":8,"Pen Nib":16,"Bag of Preparation":4,"Chemical X":4,"Burning Blood":0}],"Burning Blood":34},"card_choices":[{"not_picked":["Thunderclap","Clothesline"],"picked":"Whirlwind","floor":1.0},{"not_picked":["True Grit","Anger"],"picked":"Hemokinesis","floor":6},{"not_picked":["Reckless Charge","Rampage","Dark Embrace"],"picked":"SKIP","floor":8},{"not_picked":["Burning Pact","Havoc"],"picked":"Fire Breathing","floor":10},{"not_picked":["Pommel Strike","Brutality"],"picked":"Sword Boomerang","floor":11},{"not_picked":["Havoc","Heavy Blade","Dual Wield"],"picked":"SKIP","floor":14}],"player_experience":1004900,"relics_obtained":[{"floor":6,"key":"Mango"},{"floor":11,"key":"Blood Vial"}],"event_choices":[{"damage_healed":0.0,"max_hp_gain":0.0,"max_hp_loss":0.0,"gold_gain":150.0,"event_name":"Liars Game","player_choice":"AGREE","floor":2.0,"gold_loss":0.0,"damage_taken":0.0,"cards_obtained":["Doubt"]},{"cards_removed":["Strike_R"],"damage_healed":0.0,"max_hp_gain":0.0,"max_hp_loss":0.0,"gold_gain":0.0,"event_name":"Golden Wing","player_choice":"Card Removal","floor":4.0,"gold_loss":0.0,"damage_taken":7.0},{"damage_healed":0.0,"max_hp_gain":0.0,"max_hp_loss":0.0,"gold_gain":275.0,"event_name":"Golden Shrine","player_choice":"Desecrate","floor":5.0,"gold_loss":0.0,"damage_taken":0.0,"cards_obtained":["Regret"]},{"damage_healed":0,"gold_gain":0,"player_choice":"Entered Light","damage_taken":25,"max_hp_gain":0,"max_hp_loss":0,"event_name":"Shining Light","floor":12,"gold_loss":0,"cards_upgraded":["Strike_R","Defend_R"]}],"is_beta":false,"boss_relics":[],"items_purged_floors":[3,13],"is_endless":false,"potions_floor_spawned":[6,10,14],"killed_by":"Hexaghost","ascension_level":20}}