{"host":"359hz4210ybch7ku","time":1613894731,"event":{"mods":["BaseMod","Block Reminder","Colored Map","Colored Powertips","Highlight Path","Minty Spire (QoL Compilation)","Slay the Relics Exporter","StSLib"],"gold_per_floor":[114,125,138,88,13,13,47,47,100,100,113,113,129,142,142,247,247,261,285,185,202,214,244,119,119,119,119,134,167,167,442,442,541,541,561,580,595,595,374,374,400,419,446,123,181,217,231,251,251,251,251,251,94,126,126],"floor_reached":56,"language":"ENG","playtime":7184,"items_purged":["Strike_G","Defend_G","Strike_G","Strike_G","Regret"],"score":1531,"play_id":"486e6200-2e32-4bba-a3b1-76ff57b1cc41","local_time":"20210221000531","is_ascension_mode":true,"campfire_choices":[{"data":"Deep Breath","floor":6,"key":"SMITH"},{"data":"Neutralize","floor":8,"key":"SMITH"},{"data":"Finisher","floor":12,"key":"SMITH"},{"data":"Well Laid Plans","floor":15,"key":"SMITH"},{"data":"Setup","floor":25,"key":"SMITH"},{"data":"Tools of the Trade","floor":27,"key":"SMITH"},{"data":"Footwork","floor":30,"key":"SMITH"},{"data":"Footwork","floor":32,"key":"SMITH"},{"floor":40,"key":"RECALL"},{"data":"Phantasmal Killer","floor":49,"key":"SMITH"},{"data":"Acrobatics","floor":52,"key":"SMITH"}],"circlet_count":0,"master_deck":["Strike_G+1","Strike_G","Defend_G+1","Defend_G","Defend_G","Survivor","Neutralize+1","Deep Breath+1","Finisher+1","Blur+1","Dash+1","Blade Dance+1","Escape Plan","Well Laid Plans+1","Tools of the Trade+1","Setup+1","Footwork+1","Footwork+1","Acrobatics+1","Backflip+1","Phantasmal Killer+1","Acrobatics+1","Escape Plan","Eviscerate","Setup+1","Terror+1"],"relics":["Ring of the Snake","War Paint","Bag of Preparation","Philosopher\u0027s Stone","Boot","Thread and Needle","Gremlin Horn","Unceasing Top","HoveringKite","CeramicFish","Whetstone","Pocketwatch","Omamori","Happy Flower","Bronze Scales"],"acts_visited":["Exordium","TheCity","TheBeyond","TheEnding"],"potions_floor_usage":[7,23,55,55,55,55,55],"damage_taken":[{"damage":1,"enemies":"Small Slimes","floor":1,"turns":4},{"damage":3,"enemies":"2 Louse","floor":2,"turns":2},{"damage":0,"enemies":"Cultist","floor":3,"turns":5},{"damage":41,"enemies":"Lagavulin","floor":7,"turns":15},{"damage":0,"enemies":"Exordium Thugs","floor":11,"turns":2},{"damage":0,"enemies":"Blue Slaver","floor":13,"turns":3},{"damage":0,"enemies":"3 Louse","floor":14,"turns":2},{"damage":0,"enemies":"The Guardian","floor":16,"turns":12},{"damage":1,"enemies":"Spheric Guardian","floor":18,"turns":4},{"damage":0,"enemies":"Chosen","floor":21,"turns":3},{"damage":5,"enemies":"Shelled Parasite and Fungi","floor":22,"turns":5},{"damage":3,"enemies":"Gremlin Leader","floor":23,"turns":6},{"damage":0,"enemies":"Snake Plant","floor":28,"turns":4},{"damage":0,"enemies":"Book of Stabbing","floor":29,"turns":6},{"damage":11,"enemies":"Automaton","floor":33,"turns":13},{"damage":0,"enemies":"3 Shapes","floor":35,"turns":4},{"damage":0,"enemies":"Orb Walker","floor":36,"turns":4},{"damage":0,"enemies":"Jaw Worm Horde","floor":37,"turns":4},{"damage":2,"enemies":"Giant Head","floor":41,"turns":6},{"damage":0,"enemies":"Sphere and 2 Shapes","floor":42,"turns":5},{"damage":0,"enemies":"2 Orb Walkers","floor":45,"turns":4},{"damage":0,"enemies":"Reptomancer","floor":46,"turns":5},{"damage":0,"enemies":"Maw","floor":47,"turns":6},{"damage":0,"enemies":"3 Darklings","floor":48,"turns":3},{"damage":1,"enemies":"Time Eater","floor":50,"turns":6},{"damage":17,"enemies":"Shield and Spear","floor":54,"turns":3},{"damage":38,"enemies":"The Heart","floor":55,"turns":6}],"seed_played":"6630967922076089732","potions_obtained":[{"floor":2,"key":"Regen Potion"},{"floor":3,"key":"LiquidMemories"},{"floor":7,"key":"CultistPotion"},{"floor":16,"key":"Fire Potion"},{"floor":18,"key":"EntropicBrew"},{"floor":23,"key":"SkillPotion"},{"floor":33,"key":"GhostInAJar"}],"is_trial":false,"path_per_floor":["M","M","M","?","$","R","E","R","T","?","M","R","M","M","R","B",null,"M","T","$","M","M","E","$","R","T","R","M","E","R","?","R","B",null,"M","M","M","?","$","R","E","M","T","$","?","E","M","M","R","B",null,"R","$","E","B",null],"character_chosen":"THE_SILENT","items_purchased":["Escape Plan","Whetstone","Happy Flower"],"campfire_rested":0,"item_purchase_floors":[39,44,53],"current_hp_per_floor":[69,66,66,66,66,66,37,37,37,37,37,37,37,37,37,37,70,69,69,69,69,64,61,61,61,61,61,61,61,61,61,61,50,70,70,70,70,66,66,66,64,64,64,64,64,64,64,64,64,63,66,66,66,49,11],"gold":126,"neow_bonus":"RANDOM_COLORLESS","is_daily":false,"chose_seed":false,"campfire_upgraded":10,"win_rate":0.0,"timestamp":1613894731,"path_taken":["M","M","M","?","$","R","E","R","T","?","M","R","M","M","R","BOSS","M","?","$","M","M","E","?","R","T","R","M","E","R","?","R","BOSS","M","M","M","?","$","R","E","M","T","$","?","E","M","M","R","BOSS","R","$","E","BOSS"],"items_purchased_type":["Card","Relic","Relic"],"build_version":"2020-12-22","purchased_purges":5,"victory":true,"max_hp_per_floor":[70,70,70,70,70,70,70,70,70,70,70,70,70,70,70,70,70,70,70,70,70,70,70,70,70,70,70,70,70,70,70,70,70,70,70,70,70,66,66,66,66,66,66,66,66,66,66,66,66,66,66,66,66,66,66],"card_choices":[{"not_picked":["Dramatic Entrance","Jack Of All Trades"],"picked":"Deep Breath","floor":0},{"not_picked":["Dodge and Roll","Slice"],"picked":"Finisher","floor":1},{"not_picked":["Poisoned Stab","Dash"],"picked":"Blur","floor":2},{"not_picked":["Quick Slash","Backstab"],"picked":"Dash","floor":3},{"not_picked":["Dodge and Roll","Terror"],"picked":"Blade Dance","floor":7},{"not_picked":["Crippling Poison","Finisher"],"picked":"Escape Plan","floor":11},{"not_picked":["Quick Slash","Predator"],"picked":"Well Laid Plans","floor":13},{"not_picked":["Well Laid Plans","Sucker Punch","Catalyst"],"picked":"SKIP","floor":14},{"not_picked":["Storm of Steel","Wraith Form v2"],"picked":"Tools of the Trade","floor":16},{"not_picked":["Dash","Acrobatics"],"picked":"Setup","floor":18},{"not_picked":["Prepared+1","Backstab"],"picked":"Footwork","floor":21},{"not_picked":["Crippling Poison","All Out Attack+1"],"picked":"Footwork","floor":22},{"not_picked":["Prepared","Sucker Punch"],"picked":"Acrobatics","floor":23},{"not_picked":["Wraith Form v2","Quick Slash","Bouncing Flask"],"picked":"SKIP","floor":28},{"not_picked":["Riddle With Holes","Blade Dance"],"picked":"Backflip+1","floor":29},{"not_picked":["Wraith Form v2","Malaise"],"picked":"Phantasmal Killer","floor":33},{"not_picked":["Poisoned Stab","Riddle With Holes+1"],"picked":"Acrobatics+1","floor":35},{"not_picked":["Dagger Throw+1","Calculated Gamble+1","Outmaneuver"],"picked":"SKIP","floor":36},{"not_picked":["Cloak And Dagger+1","Dagger Throw","Caltrops"],"picked":"SKIP","floor":37},{"not_picked":["Bouncing Flask","Riddle With Holes+1","Cloak And Dagger+1"],"picked":"SKIP","floor":41},{"not_picked":["Dagger Spray+1","Catalyst"],"picked":"Eviscerate","floor":42},{"not_picked":["Glass Knife","Underhanded Strike+1"],"picked":"Setup+1","floor":45},{"not_picked":["Reflex+1","Poisoned Stab"],"picked":"Terror+1","floor":46},{"not_picked":["Prepared+1","Riddle With Holes+1","Quick Slash"],"picked":"SKIP","floor":47},{"not_picked":["PiercingWail+1","Deadly Poison+1","Concentrate+1"],"picked":"SKIP","floor":48},{"not_picked":["Cloak And Dagger+1","Leg Sweep","Flying Knee"],"picked":"SKIP","floor":54}],"player_experience":336068,"relics_obtained":[{"floor":7,"key":"War Paint"},{"floor":9,"key":"Bag of Preparation"},{"floor":19,"key":"Boot"},{"floor":23,"key":"Thread and Needle"},{"floor":26,"key":"Gremlin Horn"},{"floor":29,"key":"Unceasing Top"},{"floor":41,"key":"CeramicFish"},{"floor":45,"key":"Pocketwatch"},{"floor":46,"key":"Omamori"},{"floor":54,"key":"Bronze Scales"}],"event_choices":[{"cards_removed":["Defend_G"],"damage_healed":0,"gold_gain":0,"player_choice":"Card Removal","damage_taken":0,"max_hp_gain":0,"max_hp_loss":0,"event_name":"The Cleric","floor":4,"gold_loss":50},{"damage_healed":0,"gold_gain":0,"player_choice":"Upgraded","damage_taken":0,"max_hp_gain":0,"max_hp_loss":0,"event_name":"Upgrade Shrine","floor":10,"gold_loss":0,"cards_upgraded":["Blade Dance"]},{"damage_healed":0,"gold_gain":275,"player_choice":"Desecrate","damage_taken":0,"max_hp_gain":0,"max_hp_loss":0,"event_name":"Golden Shrine","floor":31,"gold_loss":0,"cards_obtained":["Regret"]},{"damage_healed":0,"gold_gain":0,"player_choice":"Max HP","damage_taken":0,"max_hp_gain":0,"max_hp_loss":4,"event_name":"Winding Halls","floor":38,"gold_loss":0},{"damage_healed":0,"gold_gain":0,"player_choice":"Fight","damage_taken":0,"max_hp_gain":0,"max_hp_loss":0,"event_name":"Mysterious Sphere","floor":45,"gold_loss":0}],"is_beta":false,"boss_relics":[{"not_picked":["Runic Pyramid","Astrolabe"],"picked":"Philosopher\u0027s Stone"},{"not_picked":["Busted Crown","Sozu"],"picked":"HoveringKite"}],"items_purged_floors":[5,20,24,39,44],"is_endless":false,"potions_floor_spawned":[2,3,7,16,18,22,23,33,37,45,46,47],"ascension_level":4}}