{"host":"yml0ux6c8lqydjlc","time":1613882028,"event":{"mods":["Aspiration","BaseMod","Conspire","Downfall","Hermit","Jedi Mod","Minty Spire (QoL Compilation)","Robot Space Explorer","StSLib"],"gold_per_floor":[111,72,88,98,73,92,119,131,183,183,196,221,74,88,88,193,193,209,124,24,34,34,64,64,78,78,3,3,3],"floor_reached":28,"language":"ENG","playtime":2084,"items_purged":["Strike_R","Strike_R"],"score":265,"play_id":"8730800c-5213-49cb-b000-7c0e7b7098fb","local_time":"20210220233348","is_ascension_mode":false,"campfire_choices":[{"floor":10,"key":"REST"},{"data":"Flame Barrier","floor":15,"key":"SMITH"},{"floor":24,"key":"REST"}],"circlet_count":0,"master_deck":["Strike_R+1","Strike_R+1","Defend_R+1","Defend_R","Bash","Battle Trance","Headbutt","Flame Barrier+1","Armaments","Clothesline","Pommel Strike","Pommel Strike","Cleave","Hemokinesis","Impervious","Thunderclap","Flex","Headbutt+1"],"relics":["Burning Blood","Whetstone","Nunchaku","jedi:shrinkray","Empty Cage","Shuriken","Potion Belt"],"acts_visited":["Exordium","TheCity"],"potions_floor_usage":[7,7,16,16,23,25],"damage_taken":[{"damage":3,"enemies":"Cultist","floor":1,"turns":5},{"damage":8,"enemies":"Jaw Worm","floor":3,"turns":5},{"damage":0,"enemies":"Small Slimes","floor":4,"turns":5},{"damage":2,"enemies":"Looter","floor":6,"turns":4},{"damage":31,"enemies":"Lagavulin","floor":7,"turns":2},{"damage":6,"enemies":"Exordium Thugs","floor":8,"turns":6},{"damage":5,"enemies":"3 Louse","floor":11,"turns":4},{"damage":7,"enemies":"2 Fungi Beasts","floor":14,"turns":3},{"damage":69,"enemies":"Slime Boss","floor":16,"turns":13},{"damage":6,"enemies":"3 Byrds","floor":18,"turns":4},{"damage":31,"enemies":"Shell Parasite","floor":21,"turns":9},{"damage":38,"enemies":"Book of Stabbing","floor":23,"turns":6},{"damage":22,"enemies":"Sentry and Sphere","floor":25,"turns":5},{"damage":43,"enemies":"Chosen and Byrds","floor":28,"turns":5}],"seed_played":"-714830622717150047","potions_obtained":[{"floor":3,"key":"champ:CounterPotion"},{"floor":6,"key":"Slimebound:ThreeZeroPotion"},{"floor":7,"key":"jedi:wingpotion"},{"floor":11,"key":"DuplicationPotion"},{"floor":14,"key":"EssenceOfSteel"},{"floor":18,"key":"LiquidBronze"},{"floor":23,"key":"champ:CounterPotion"},{"floor":25,"key":"jedi:mysterypotion"}],"is_trial":false,"path_per_floor":["M","$","M","M","$","M","E","M","T","R","M","T","$","M","R","B",null,"M","?","$","M","?","E","R","M","?","?","M"],"character_chosen":"IRONCLAD","items_purchased":["Flame Barrier","Pommel Strike","Hemokinesis"],"campfire_rested":2,"item_purchase_floors":[2,5,13],"current_hp_per_floor":[80,80,78,80,80,80,55,55,55,79,80,80,80,79,79,16,80,80,80,80,55,55,23,47,31,31,31,0,0],"gold":3,"neow_bonus":"THREE_CARDS","is_daily":false,"chose_seed":false,"campfire_upgraded":1,"win_rate":0.0,"timestamp":1613882028,"path_taken":["M","?","?","M","$","M","E","M","T","R","M","?","$","M","R","BOSS","M","?","$","M","?","E","R","?","?","?","M"],"items_purchased_type":["Card","Card","Card"],"build_version":"2020-12-22","purchased_purges":2,"victory":false,"max_hp_per_floor":[80,80,80,80,80,80,80,80,80,80,80,80,80,80,80,80,80,80,80,80,80,80,80,80,80,80,80,80,80],"card_choices":[{"not_picked":["Warcry","Pummel"],"picked":"Battle Trance","floor":0},{"not_picked":["Heavy Blade","Feel No Pain"],"picked":"Headbutt","floor":1},{"not_picked":["Sword Boomerang","Havoc"],"picked":"Armaments","floor":3},{"not_picked":["Perfected Strike","Flex"],"picked":"Clothesline","floor":4},{"not_picked":["Havoc","jedi:strikingstrike"],"picked":"Pommel Strike","floor":6},{"not_picked":["Entrench","Wild Strike","Spot Weakness"],"picked":"SKIP","floor":7},{"not_picked":["Havoc","True Grit","Anger"],"picked":"SKIP","floor":8},{"not_picked":["Havoc","Feel No Pain"],"picked":"Cleave","floor":11},{"not_picked":["jedi:bloodyhammer","Ghostly Armor","Spot Weakness"],"picked":"SKIP","floor":14},{"not_picked":["jedi:bloodyhammer","Bludgeon"],"picked":"Impervious","floor":16},{"not_picked":["Sword Boomerang","Heavy Blade"],"picked":"Thunderclap","floor":18},{"not_picked":["Pummel+1","Thunderclap"],"picked":"Flex","floor":21},{"not_picked":["Sentinel","Havoc"],"picked":"Headbutt+1","floor":23},{"not_picked":["Pommel Strike","jedi:suffering","Sword Boomerang"],"picked":"SKIP","floor":25}],"player_experience":135289,"relics_obtained":[{"floor":7,"key":"Whetstone"},{"floor":9,"key":"Nunchaku"},{"floor":12,"key":"jedi:shrinkray"},{"floor":23,"key":"Potion Belt"}],"event_choices":[{"damage_healed":0,"gold_gain":0,"player_choice":"Obtained Relic","damage_taken":0,"relics_obtained":["Shuriken"],"max_hp_gain":0,"max_hp_loss":0,"event_name":"Addict","floor":19,"gold_loss":85},{"damage_healed":0,"gold_gain":0,"player_choice":"Forge","damage_taken":0,"max_hp_gain":0,"max_hp_loss":0,"event_name":"Accursed Blacksmith","floor":22,"gold_loss":0,"cards_upgraded":["Defend_R"]},{"cards_removed":["Defend_R"],"damage_healed":0,"gold_gain":0,"player_choice":"Gave Gold","damage_taken":0,"max_hp_gain":0,"max_hp_loss":0,"event_name":"Beggar","floor":27,"gold_loss":75}],"is_beta":false,"boss_relics":[{"not_picked":["Black Blood","Cursed Key"],"picked":"Empty Cage"}],"items_purged_floors":[13,20],"is_endless":false,"potions_floor_spawned":[3,6,7,11,14,18,23,25],"killed_by":"Chosen and Byrds","ascension_level":0}}