{"host":"alk2ftu785mujiir","time":1613928049,"event":{"mods":["BaseMod","Bossed Relics","Colored Map","Downfall","Minty Spire (QoL Compilation)","StSLib"],"gold_per_floor":[115,65,65,65,83,117,117,127,172,172,187,187,43,73,73,172,172,186,186,199,199,210,236,236,78,124,124,159,171,188,205,205,306,306,326,326,226,226,236,271,293,331,343,382,394,456,500,512,524,536],"floor_reached":51,"language":"ENG","playtime":2036,"items_purged":["Strike_R","Strike_R"],"score":1237,"play_id":"55aaf474-e32a-409d-bb84-436550be2030","local_time":"20210221122049","is_ascension_mode":true,"campfire_choices":[{"data":"Inflame","floor":7.0,"key":"SMITH"},{"data":"Immolate","floor":10.0,"key":"SMITH"},{"data":"Clothesline","floor":12.0,"key":"SMITH"},{"data":"Heavy Blade","floor":15.0,"key":"SMITH"},{"data":"Limit Break","floor":24.0,"key":"SMITH"},{"data":"Fire Breathing","floor":27.0,"key":"SMITH"},{"data":"Discovery","floor":32.0,"key":"SMITH"},{"floor":45.0,"key":"REST"},{"data":"Demon Form","floor":49.0,"key":"SMITH"}],"circlet_count":0,"master_deck":["Strike_R","Strike_R","Strike_R+1","Defend_R","Defend_R","Defend_R+1","Bash","Shrug It Off","Whirlwind","Inflame+1","Immolate+1","Fire Breathing+1","Heavy Blade+1","Reaper","Limit Break+1","Disarm","Discovery+1","Impervious","Rage+1","Body Slam+1","Demon Form+1","Armaments+1","Pummel+1","Burning Pact+1","Entrench+1"],"relics":["Burning Blood","Happy Flower","Toy Ornithopter","bronze:BronzeIdol","Bird Faced Urn","Tiny House","PreservedInsect","Pear","Oddly Smooth Stone","FossilizedHelix","Philosopher\u0027s Stone","Mercury Hourglass","MawBank","Mummified Hand","Blue Candle","Letter Opener","StoneCalendar","Bottled Flame"],"acts_visited":["Exordium","TheCity","TheBeyond"],"potions_floor_usage":[50,50],"damage_taken":[{"damage":4.0,"enemies":"2 Louse","floor":1.0,"turns":4.0},{"damage":8.0,"enemies":"Jaw Worm","floor":5.0,"turns":4.0},{"damage":18.0,"enemies":"Gremlin Nob","floor":6.0,"turns":4.0},{"damage":0.0,"enemies":"Cultist","floor":8.0,"turns":3.0},{"damage":4.0,"enemies":"Looter","floor":11.0,"turns":3.0},{"damage":14.0,"enemies":"Lagavulin","floor":14.0,"turns":6.0},{"damage":0.0,"enemies":"Slime Boss","floor":16.0,"turns":4.0},{"damage":0.0,"enemies":"3 Byrds","floor":18.0,"turns":3.0},{"damage":8.0,"enemies":"Shell Parasite","floor":20.0,"turns":7.0},{"damage":21.0,"enemies":"Snecko","floor":22.0,"turns":5.0},{"damage":42.0,"enemies":"Slavers","floor":23.0,"turns":5.0},{"damage":26.0,"enemies":"Gremlin Leader","floor":28.0,"turns":7.0},{"damage":8.0,"enemies":"Snake Plant","floor":29.0,"turns":5.0},{"damage":16.0,"enemies":"Shelled Parasite and Fungi","floor":30.0,"turns":11.0},{"damage":4.0,"enemies":"Cultist and Chosen","floor":31.0,"turns":5.0},{"damage":105.0,"enemies":"Automaton","floor":33.0,"turns":14.0},{"damage":8.0,"enemies":"3 Shapes","floor":35.0,"turns":5.0},{"damage":11.0,"enemies":"Orb Walker","floor":39.0,"turns":4.0},{"damage":16.0,"enemies":"Giant Head","floor":40.0,"turns":6.0},{"damage":6.0,"enemies":"Maw","floor":41.0,"turns":6.0},{"damage":23.0,"enemies":"Nemesis","floor":42.0,"turns":5.0},{"damage":40.0,"enemies":"Giant Head","floor":44.0,"turns":8.0},{"damage":1.0,"enemies":"Mind Bloom Boss Battle","floor":46.0,"turns":8.0},{"damage":16.0,"enemies":"Nemesis","floor":47.0,"turns":7.0},{"damage":48,"enemies":"Time Eater","floor":50,"turns":7}],"seed_played":"-2864991400189561676","potions_obtained":[{"floor":5.0,"key":"SneckoOil"},{"floor":6.0,"key":"AttackPotion"},{"floor":14.0,"key":"ColorlessPotion"},{"floor":20.0,"key":"bronze:BurnAndBuffPotion"},{"floor":22.0,"key":"Energy Potion"},{"floor":28.0,"key":"Regen Potion"},{"floor":31.0,"key":"SpeedPotion"},{"floor":39.0,"key":"SkillPotion"},{"floor":44.0,"key":"Regen Potion"},{"floor":47.0,"key":"Strength Potion"}],"is_trial":false,"path_per_floor":["M","?","?","$","M","E","R","M","T","R","M","R","$","E","R","B",null,"M","?","M","?","M","E","R","$","T","R","E","M","M","M","R","B",null,"M","?","$","T","M","E","M","E","T","E","R","?","E","?","R","B",null],"character_chosen":"IRONCLAD","items_purchased":["Fire Breathing","Impervious"],"campfire_rested":1,"item_purchase_floors":[13,25],"current_hp_per_floor":[74,74,58,58,56,44,44,50,50,50,52,52,52,44,44,59,75,80,80,80,80,69,62,62,62,62,62,51,53,66,72,72,14,71,82,87,87,87,89,81,90,90,90,56,83,90,84,84,84,90],"gold":548,"neow_bonus":"RANDOM_COMMON_RELIC","is_daily":false,"chose_seed":false,"campfire_upgraded":8,"win_rate":0.0,"timestamp":1613928049,"path_taken":["M","?","?","?","M","E","R","M","T","R","?","R","$","E","R","BOSS","M","?","M","?","M","E","R","$","T","R","E","M","M","?","R","BOSS","M","?","$","?","?","E","M","E","T","E","R","?","E","?","R","BOSS"],"items_purchased_type":["Card","Card"],"build_version":"2020-12-22","purchased_purges":2,"victory":true,"max_hp_per_floor":[80,80,80,80,80,80,80,80,80,80,80,80,80,80,80,80,80,80,80,80,80,80,90,90,90,90,90,90,90,90,90,90,90,90,90,90,90,90,90,90,90,90,90,90,90,90,90,90,90,90],"card_choices":[{"not_picked":["Wild Strike","Seeing Red"],"picked":"Shrug It Off","floor":1.0},{"not_picked":["Havoc","Combust"],"picked":"Whirlwind","floor":5.0},{"not_picked":["Flex","Havoc"],"picked":"Inflame","floor":6.0},{"not_picked":["Clothesline","Warcry"],"picked":"Immolate","floor":8.0},{"not_picked":["Wild Strike","Hemokinesis"],"picked":"Clothesline","floor":11.0},{"not_picked":["Infernal Blade","Carnage"],"picked":"Heavy Blade","floor":14.0},{"not_picked":["Corruption","Brutality"],"picked":"Reaper","floor":16.0},{"not_picked":["Entrench","Thunderclap+1","Armaments"],"picked":"SKIP","floor":18.0},{"not_picked":["Iron Wave","Entrench","Clothesline"],"picked":"SKIP","floor":20.0},{"not_picked":["Headbutt","Dropkick","Thunderclap"],"picked":"SKIP","floor":22.0},{"not_picked":["Carnage","Pommel Strike"],"picked":"True Grit+1","floor":23.0},{"not_picked":["Heavy Blade","Bludgeon"],"picked":"Rage+1","floor":28.0},{"not_picked":["Flex","Armaments","Thunderclap"],"picked":"SKIP","floor":29.0},{"not_picked":["Searing Blow+1","Havoc","Battle Trance"],"picked":"SKIP","floor":30.0},{"not_picked":["Burning Pact","Heavy Blade"],"picked":"Body Slam+1","floor":31.0},{"not_picked":["Offering","Fiend Fire"],"picked":"Demon Form","floor":33.0},{"not_picked":["Body Slam","Flex","Clash"],"picked":"SKIP","floor":35.0},{"not_picked":["Twin Strike","Spot Weakness","Thunderclap"],"picked":"SKIP","floor":39.0},{"not_picked":["Clothesline","Exhume"],"picked":"Armaments+1","floor":40.0},{"not_picked":["Headbutt","Flex+1","Twin Strike+1"],"picked":"SKIP","floor":41.0},{"not_picked":["Rampage+1","Body Slam"],"picked":"Pummel+1","floor":42.0},{"not_picked":["Anger","Cleave","True Grit"],"picked":"SKIP","floor":44.0},{"not_picked":["Flex","Blood for Blood+1"],"picked":"Burning Pact+1","floor":46.0},{"not_picked":["Feed","Metallicize"],"picked":"Entrench+1","floor":47.0}],"player_experience":1848900,"relics_obtained":[{"floor":6.0,"key":"Toy Ornithopter"},{"floor":9.0,"key":"bronze:BronzeIdol"},{"floor":14.0,"key":"Bird Faced Urn"},{"floor":23.0,"key":"Pear"},{"floor":26.0,"key":"Oddly Smooth Stone"},{"floor":28.0,"key":"FossilizedHelix"},{"floor":38.0,"key":"Mercury Hourglass"},{"floor":40.0,"key":"MawBank"},{"floor":42.0,"key":"Mummified Hand"},{"floor":43.0,"key":"Blue Candle"},{"floor":44.0,"key":"Letter Opener"},{"floor":46.0,"key":"StoneCalendar"},{"floor":47.0,"key":"Bottled Flame"}],"event_choices":[{"cards_removed":["Defend_R"],"damage_healed":0.0,"max_hp_gain":0.0,"max_hp_loss":0.0,"gold_gain":0.0,"event_name":"The Cleric","player_choice":"Card Removal","floor":2.0,"gold_loss":50.0,"damage_taken":0.0},{"damage_healed":0.0,"max_hp_gain":0.0,"max_hp_loss":0.0,"gold_gain":0.0,"event_name":"Shining Light","player_choice":"Entered Light","floor":3.0,"gold_loss":0.0,"damage_taken":16.0,"cards_upgraded":["Defend_R","Strike_R"]},{"damage_healed":0.0,"max_hp_gain":0.0,"max_hp_loss":0.0,"gold_gain":0.0,"event_name":"The Mausoleum","player_choice":"Opened","floor":19.0,"gold_loss":0.0,"damage_taken":0.0,"relics_obtained":["PreservedInsect"]},{"damage_healed":0.0,"max_hp_gain":0.0,"max_hp_loss":0.0,"gold_gain":0.0,"event_name":"Match and Keep!","player_choice":"3 cards matched","floor":21.0,"gold_loss":0.0,"damage_taken":0.0,"cards_obtained":["Limit Break","Disarm","Discovery"]},{"cards_removed":["True Grit"],"damage_healed":5.0,"max_hp_gain":0.0,"max_hp_loss":0.0,"gold_gain":0.0,"event_name":"Bonfire Elementals","player_choice":"Offered Common","floor":36.0,"gold_loss":0.0,"damage_taken":0.0},{"cards_removed":["True Grit"],"damage_healed":5.0,"max_hp_gain":0.0,"max_hp_loss":0.0,"gold_gain":0.0,"event_name":"Bonfire Elementals","player_choice":"Offered Special","floor":36.0,"gold_loss":0.0,"damage_taken":0.0},{"damage_healed":0.0,"max_hp_gain":0.0,"max_hp_loss":0.0,"gold_gain":0.0,"event_name":"MindBloom","player_choice":"Fight","floor":46.0,"gold_loss":0.0,"damage_taken":0.0},{"cards_removed":["Clothesline"],"damage_healed":0.0,"max_hp_gain":0.0,"max_hp_loss":0.0,"gold_gain":0.0,"event_name":"Falling","player_choice":"Removed Attack","floor":48.0,"gold_loss":0.0,"damage_taken":0.0}],"is_beta":false,"boss_relics":[{"not_picked":["Astrolabe","SlaversCollar"],"picked":"Tiny House"},{"not_picked":["Calling Bell","SacredBark"],"picked":"Philosopher\u0027s Stone"}],"items_purged_floors":[13,37],"is_endless":false,"potions_floor_spawned":[5,6,14,20,22,28,31,39,44,47],"ascension_level":6}}