{"host":"gaqyve1328ta0etl","time":1613905111,"event":{"mods":["BaseMod","Colored Map","Colored Powertips","Duelist Mod","Googly Eyes","Hero for Fun","Minty Spire (QoL Compilation)","Shop Mod","StSLib","SuperFastMode","The Hierophant","The Runesmith"],"gold_per_floor":[144,163,163,163,176,176,215,215,242,254,266,294,306,334,346,447,459,487,499,530,542,554,566,566],"floor_reached":23,"language":"ENG","playtime":456,"items_purged":[],"score":478,"play_id":"09019220-4b40-4907-91de-2c75833645f7","local_time":"20210221025831","is_ascension_mode":true,"campfire_choices":[{"floor":6,"key":"REST"},{"floor":8,"key":"REST"},{"data":"theDuelist:KamionTimelord","floor":11,"key":"SMITH"},{"floor":15,"key":"REST"}],"circlet_count":0,"master_deck":["AscendersBane","theDuelist:BeaverWarrior","theDuelist:BeaverWarrior","theDuelist:CastleWalls","theDuelist:CastleWalls","theDuelist:FinalFlame","theDuelist:GiantSoldier","theDuelist:GiantSoldier","theDuelist:ScrapFactory","theDuelist:Sparks","theDuelist:InfernoFireBlast+1","theDuelist:HappyLover","theDuelist:KamionTimelord+1","theDuelist:BattleFootballer","theDuelist:MiraculousDescent","theDuelist:GravityLash","theDuelist:Gandora","theDuelist:Nameless:Greed:AncientGearBox","theDuelist:Nameless:Power:MaskedDragon"],"relics":["theDuelist:MillenniumPuzzle","theDuelist:CardPoolRelic","theDuelist:CardPoolBasicRelic","theDuelist:BoosterPackPoolRelic","theDuelist:CardPoolAddRelic","theDuelist:CardPoolMinusRelic","theDuelist:CardPoolSaveRelic","theDuelist:CardPoolOptionsRelic","NeowsBlessing","Golden Idol","theDuelist:DuelistOrichalcum","Peace Pipe","MawBank","SlaversCollar"],"acts_visited":["Exordium","TheCity"],"potions_floor_usage":[7,16],"damage_taken":[{"damage":0,"enemies":"Small Slimes","floor":1,"turns":1},{"damage":0,"enemies":"Cultist","floor":2,"turns":1},{"damage":0,"enemies":"2 Louse","floor":5,"turns":1},{"damage":18,"enemies":"Gremlin Nob","floor":7,"turns":5},{"damage":8,"enemies":"Looter","floor":12,"turns":3},{"damage":0,"enemies":"3 Louse","floor":14,"turns":3},{"damage":0,"enemies":"Hexaghost","floor":16,"turns":6},{"damage":45,"enemies":"2 Thieves","floor":18,"turns":5},{"damage":0,"enemies":"Chosen","floor":20,"turns":5},{"damage":12,"enemies":"Snake Plant","floor":23,"turns":1}],"seed_played":"-2700267541908855827","potions_obtained":[{"floor":1,"key":"theDuelist:FlamingBottle"},{"floor":2,"key":"theDuelist:SolderPotionB"},{"floor":7,"key":"theDuelist:WaterBottle"},{"floor":18,"key":"theDuelist:WaterBottle"}],"is_trial":false,"path_per_floor":["M","M","?","?","M","R","E","R","T","$","R","M","$","M","R","B",null,"M","?","M","?","?","M"],"character_chosen":"THE_DUELIST","items_purchased":[],"campfire_rested":3,"item_purchase_floors":[],"current_hp_per_floor":[63,63,39,31,31,52,34,55,55,55,55,47,47,47,68,68,70,25,25,25,33,11,0,0],"gold":566,"neow_bonus":"THREE_ENEMY_KILL","is_daily":false,"chose_seed":false,"campfire_upgraded":1,"win_rate":0.0,"timestamp":1613905111,"path_taken":["M","M","?","?","M","R","E","R","T","$","R","M","$","M","R","BOSS","M","?","?","?","?","M"],"items_purchased_type":[],"build_version":"2020-12-22","purchased_purges":0,"victory":false,"max_hp_per_floor":[70,70,70,70,70,70,70,70,70,70,70,70,70,70,70,70,70,70,70,70,78,83,83,83],"card_choices":[{"not_picked":["theDuelist:SparkBlaster+1","theDuelist:MagnumShield+1","theDuelist:FeatherShot+1","theDuelist:MagicalStone+1"],"picked":"theDuelist:InfernoFireBlast+1","floor":1},{"not_picked":["theDuelist:CrystalRaigeki","theDuelist:CrystalBlessing","theDuelist:MythicalBeast","theDuelist:WhiteNinja","theDuelist:FuryFire"],"picked":"SKIP","floor":2},{"not_picked":["theDuelist:Eva","theDuelist:GreenGraveOni","theDuelist:PurplePainOni","theDuelist:RainbowKuriboh"],"picked":"theDuelist:HappyLover","floor":5},{"not_picked":["theDuelist:SparkBlaster","theDuelist:CrossAttack"],"picked":"theDuelist:KamionTimelord","floor":7},{"not_picked":["theDuelist:Sangan","theDuelist:MythicalBeast","theDuelist:FrontierWiseman","theDuelist:BigKoala"],"picked":"theDuelist:BattleFootballer","floor":12},{"not_picked":["theDuelist:Hinotama","theDuelist:SwordDeepSeated","theDuelist:WormApocalypse","theDuelist:PowerKaishin"],"picked":"theDuelist:MiraculousDescent","floor":14},{"not_picked":["theDuelist:SwordsRevealing","theDuelist:SwordsConcealing","theDuelist:PineappleBlast","theDuelist:KamionTimelord"],"picked":"theDuelist:GravityLash","floor":16},{"not_picked":["theDuelist:EarthquakeGiant","theDuelist:RainbowLife","theDuelist:DestroyerGolem","theDuelist:BlackPendant+1","theDuelist:UltimateOffering"],"picked":"SKIP","floor":18},{"not_picked":["theDuelist:RainbowNeos","theDuelist:EgoBoost","theDuelist:Eva","theDuelist:FairyBox","theDuelist:Graverobber"],"picked":"SKIP","floor":20}],"player_experience":2234812,"relics_obtained":[{"floor":7,"key":"Peace Pipe"},{"floor":9,"key":"MawBank"}],"event_choices":[{"damage_healed":0,"gold_gain":0,"player_choice":"Take Damage","damage_taken":24,"relics_obtained":["Golden Idol"],"max_hp_gain":0,"max_hp_loss":0,"event_name":"Golden Idol","floor":3,"gold_loss":0},{"damage_healed":0,"gold_gain":0,"player_choice":"Dig - random Duelist relic","duelist":true,"damage_taken":0,"max_hp_gain":0,"max_hp_loss":0,"event_name":"Aknamkanon\u0027s Tomb","floor":4,"gold_loss":0},{"cards_removed":["theDuelist:Sparks"],"damage_healed":0,"gold_gain":0,"player_choice":"Offered Basic","damage_taken":0,"max_hp_gain":0,"max_hp_loss":0,"event_name":"Bonfire Elementals","floor":19,"gold_loss":0},{"power_reward":4,"total_magic_score":54,"gold_gain":0,"greed_reward":4,"duelist":true,"damage_taken":0,"relics_obtained":[],"points":18,"war_reward":4,"max_hp_gain":8,"max_hp_loss":0,"spent_points":{"magic":2,"greed":4,"war":4,"power":4,"hunger":4},"event_name":"Nameless Tomb","hunger_reward":4,"floor":21,"gold_loss":0,"cards_obtained":["theDuelist:Gandora","theDuelist:Nameless:Greed:AncientGearBox","theDuelist:Nameless:Power:MaskedDragon"]},{"damage_healed":0,"gold_gain":0,"player_choice":"Shed Blood","damage_taken":27,"max_hp_gain":5,"max_hp_loss":0,"event_name":"Forgotten Altar","floor":22,"gold_loss":0}],"is_beta":false,"boss_relics":[{"not_picked":["Runic Dome","Runic Pyramid"],"picked":"SlaversCollar"}],"items_purged_floors":[],"is_endless":false,"potions_floor_spawned":[1,2,7,18],"killed_by":"Snake Plant","ascension_level":20}}