{"host":"enpah696raxjhbxd","time":1613910224,"event":{"mods":["ATMod(°¢èªMod)","BaseMod","Challenge The Spire","Colored Powertips","Friendly Minions","Good Game Mod","Minty Spire (QoL Compilation)","Replay The Spire","StSLib","TestMod","The Bladedancer","UnlockEverythingMod"],"gold_per_floor":[111,32,32,50,50,80,97,97,97,97,150,115,155,155,155,246,246,265,288,688,712,712,712,750,750,750,781,801,834,846,454,454,454,454],"floor_reached":33,"language":"ZHS","playtime":1428,"items_purged":[],"score":668,"play_id":"a7d08c49-5273-4c60-97bd-501292ad1163","local_time":"20210221202344","is_ascension_mode":true,"campfire_choices":[{"data":"AT_LightSaberMaster","floor":10,"key":"SMITH"},{"data":"testmod-Bloodthirsty","floor":15,"key":"SMITH"},{"data":"AT_EmpoweredMortalDraw","floor":23,"key":"SMITH"},{"floor":25,"key":"RECALL"},{"data":"ReplayTheSpireMod:Brewmster","floor":32,"key":"SMITH"}],"circlet_count":0,"master_deck":["AscendersBane","Strike_G","Strike_G","Strike_G","Strike_G","Strike_G","Defend_G","Defend_G","Defend_G","Defend_G","Defend_G","Survivor","Neutralize","AT_LightSaberMaster+1","testmod-Arrangement","Terror","Finisher","Flying Knee","Hallucinations","Sucker Punch","AT_WindFlip","Adrenaline","Acrobatics","Flying Knee+1","AT_EmpoweredMortalDraw+1","All Out Attack","Poisoned Stab+1","AT_TinkerSharpsword","Acrobatics","ReplayTheSpireMod:Brewmster+1"],"relics":["testmod-TestBox","REME:ComplimentaryCards","testmod-HarvestTotem","Sizzling Blood","Ring of Peace","Ring of Fury","Snack Pack","Golden Idol","Juzu Bracelet","Replay:WaspNest","ChewingGum","testmod-IndustrialRevolution","Snake Skull","Bag of Preparation","MawBank","AT_BellDemon"],"acts_visited":["Exordium","TheCity"],"potions_floor_usage":[6,16,24,29,33,33,33,33,33,33,33,33],"damage_taken":[{"damage":19,"enemies":"Jaw Worm","floor":1,"turns":4},{"damage":27,"enemies":"Small Slimes","floor":4,"turns":6},{"damage":51,"enemies":"3 Sentries","floor":6,"turns":11},{"damage":0,"enemies":"2 Louse","floor":7,"turns":4},{"damage":25,"enemies":"Lagavulin","floor":13,"turns":7},{"damage":45,"enemies":"The Guardian","floor":16,"turns":10},{"damage":10,"enemies":"3 Byrds","floor":18,"turns":5},{"damage":19,"enemies":"Spheric Guardian","floor":19,"turns":4},{"damage":16,"enemies":"3 Cultists","floor":21,"turns":5},{"damage":33,"enemies":"Book of Stabbing","floor":24,"turns":5},{"damage":17,"enemies":"Gremlin Leader","floor":27,"turns":5},{"damage":0,"enemies":"Cultist and Chosen","floor":28,"turns":2},{"damage":15,"enemies":"Slavers","floor":29,"turns":2},{"damage":161,"enemies":"Champ","floor":33,"turns":11}],"seed_played":"-1797751874476884567","potions_obtained":[{"floor":4,"key":"Elixir"},{"floor":7,"key":"Block Potion"},{"floor":18,"key":"Elixir"},{"floor":21,"key":"SkillPotion"},{"floor":28,"key":"Explosive Potion"}],"is_trial":false,"path_per_floor":["M","$","?","M","?","E","M","?","T","R","T","?","E","?","R","B",null,"M","M","?","M","?","R","E","R","T","E","M","E","?","$","R","B"],"character_chosen":"THE_SILENT","items_purchased":["Finisher","AT_BellDemon","Acrobatics","ReplayTheSpireMod:Brewmster"],"campfire_rested":0,"item_purchase_floors":[2,31,31,31],"current_hp_per_floor":[110,110,126,107,107,74,86,37,37,37,37,107,120,120,120,112,140,140,131,131,136,136,136,119,119,119,122,140,133,133,133,133,0,0],"gold":454,"neow_bonus":"RANDOM_COLORLESS","is_daily":false,"chose_seed":false,"campfire_upgraded":4,"win_rate":0.0,"timestamp":1613910224,"path_taken":["M","$","?","M","?","E","M","?","T","R","?","?","E","?","R","BOSS","M","M","?","M","?","R","E","R","T","E","M","E","?","$","R","BOSS"],"items_purchased_type":["Card","Relic","Card","Card"],"build_version":"2020-12-22","purchased_purges":0,"victory":false,"max_hp_per_floor":[132,132,140,140,140,140,140,140,140,140,140,140,140,140,140,140,140,140,140,140,140,140,140,140,140,140,140,140,140,140,140,140,140,140],"card_choices":[{"not_picked":["testmod-Provocation","AT_Homeward"],"picked":"testmod-Bloodthirsty","floor":0.0},{"not_picked":["Prepared","Noxious Fumes"],"picked":"Terror","floor":1},{"not_picked":["Blade Dance","Crippling Poison"],"picked":"Flying Knee","floor":4},{"not_picked":["Slice","Bane"],"picked":"Sucker Punch","floor":6},{"not_picked":["Poisoned Stab","All Out Attack"],"picked":"AT_WindFlip","floor":7},{"not_picked":["Blade Dance","AT_ThistleTea","Crippling Poison"],"picked":"SKIP","floor":13},{"not_picked":["AT_MyraUnstableElement","Atom Bomb"],"picked":"Adrenaline","floor":16},{"not_picked":["Reflex","Deflect"],"picked":"Acrobatics","floor":18},{"not_picked":["Underhanded Strike","Cloak And Dagger"],"picked":"Choke","floor":19},{"not_picked":["Dagger Throw","Prepared"],"picked":"Flying Knee+1","floor":21},{"not_picked":["Outmaneuver","Leg Sweep"],"picked":"Poisoned Stab+1","floor":24},{"not_picked":["Underhanded Strike","Prepared","Flying Knee"],"picked":"SKIP","floor":27},{"not_picked":["AT_TwilightShroud","Slice"],"picked":"AT_TinkerSharpsword","floor":28},{"not_picked":["Grand Finale","Backstab","Heel Hook+1"],"picked":"SKIP","floor":29}],"player_experience":243113,"relics_obtained":[{"floor":5,"key":"Ring of Peace"},{"floor":5,"key":"Ring of Fury"},{"floor":6,"key":"Snack Pack"},{"floor":11,"key":"Juzu Bracelet"},{"floor":13,"key":"Replay:WaspNest"},{"floor":24,"key":"testmod-IndustrialRevolution"},{"floor":26,"key":"Snake Skull"},{"floor":27,"key":"Bag of Preparation"},{"floor":29,"key":"MawBank"}],"event_choices":[{"damage_healed":0,"gold_gain":0,"player_choice":"Take Damage","damage_taken":49,"relics_obtained":["Golden Idol"],"max_hp_gain":0,"max_hp_loss":0,"event_name":"Golden Idol","floor":8,"gold_loss":0},{"damage_healed":35,"gold_gain":0,"player_choice":"Healed","damage_taken":0,"max_hp_gain":0,"max_hp_loss":0,"event_name":"The Cleric","floor":12,"gold_loss":35},{"damage_healed":0,"gold_gain":0,"player_choice":"Ignored","damage_taken":0,"max_hp_gain":0,"max_hp_loss":0,"event_name":"Golden Wing","floor":14,"gold_loss":0},{"damage_healed":0,"gold_gain":400,"player_choice":"Sell","damage_taken":0,"max_hp_gain":0,"max_hp_loss":0,"event_name":"¶÷ÂåË¹µÄÅÌ×Ó","floor":20,"relics_lost":["AT_ATBox"],"gold_loss":0},{"damage_healed":0,"gold_gain":0,"cards_transformed":["testmod-Bloodthirsty","Choke"],"player_choice":"Became Test Subject","damage_taken":0,"max_hp_gain":0,"max_hp_loss":0,"event_name":"Drug Dealer","floor":22,"gold_loss":0,"cards_obtained":["AT_EmpoweredMortalDraw","All Out Attack"]},{"damage_healed":0,"gold_gain":0,"player_choice":"Ignored","damage_taken":0,"max_hp_gain":0,"max_hp_loss":0,"event_name":"Vampires","floor":30,"gold_loss":0}],"is_beta":false,"boss_relics":[{"not_picked":["SlaversCollar","testmod-Recursion"],"picked":"ChewingGum"}],"items_purged_floors":[],"is_endless":false,"potions_floor_spawned":[4,7,18,21,28],"killed_by":"Champ","ascension_level":20}}