{"host":"g3js2eermvvpeiqn","time":1613898975,"event":{"mods":["BaseMod","DeckTracker","Downfall","Minty Spire (QoL Compilation)","Quick Restart","StSLib"],"gold_per_floor":[113,127,127,202,34,59,59,84,84,84,104,136,136,136,136,214,214,230,255,255,255,180,180,13,13,65,65,99,115,134,59,59,130,130,147,493,518,740,755,755,787,787,787,787,800,234,262,262,262,262,262,262,262,20,50,50],"floor_reached":57,"language":"ENG","playtime":3784,"items_purged":["Strike_B","Defend_B"],"score":2826,"play_id":"e212658c-e65b-4605-8088-66f9863c3ded","local_time":"20210221031615","is_ascension_mode":true,"campfire_choices":[{"floor":7.0,"key":"REST"},{"data":"Genetic Algorithm","floor":13.0,"key":"SMITH"},{"data":"Defragment","floor":15.0,"key":"SMITH"},{"data":"Seek","floor":23.0,"key":"SMITH"},{"data":"Zap","floor":25.0,"key":"SMITH"},{"data":"Dualcast","floor":27.0,"key":"SMITH"},{"data":"Double Energy","floor":32.0,"key":"SMITH"},{"floor":40.0,"key":"RECALL"},{"floor":42.0,"key":"REST"},{"floor":49.0,"key":"REST"},{"floor":53.0,"key":"REST"}],"circlet_count":0,"master_deck":["AscendersBane","Defend_B","Defend_B","Zap+1","Dualcast+1","Defragment+1","Echo Form","Genetic Algorithm+1","Seek+1","Cold Snap","Core Surge","Core Surge+1","Hyperbeam+1","Defragment+1","Leap+1","Undo","Double Energy+1","Glacier+1","Amplify","Buffer+1","Recycle","Hologram+1","Defragment+1","Darkness+1","Multi-Cast+1","Biased Cognition+1","Fusion+1","Coolheaded+1"],"relics":["Cracked Core","NeowsBlessing","Question Card","Guardian:PocketSentry","Bag of Preparation","Vajra","Frozen Egg 2","Boot","Astrolabe","Red Mask","Lantern","Runic Capacitor","Regal Pillow","Fusion Hammer","Old Coin","Gambling Chip","Lizard Tail","Toxic Egg 2","Guardian:BottledAnomaly","Pear","MealTicket","Bag of Marbles"],"acts_visited":["Exordium","TheCity","TheBeyond","TheEnding"],"potions_floor_usage":[56,56],"damage_taken":[{"damage":0.0,"enemies":"Jaw Worm","floor":1.0,"turns":1.0},{"damage":0.0,"enemies":"2 Louse","floor":2.0,"turns":1.0},{"damage":0.0,"enemies":"3 Sentries","floor":6.0,"turns":2.0},{"damage":15.0,"enemies":"Lagavulin","floor":8.0,"turns":5.0},{"damage":1.0,"enemies":"Cultist","floor":11.0,"turns":4.0},{"damage":9.0,"enemies":"3 Sentries","floor":12.0,"turns":7.0},{"damage":21.0,"enemies":"The Guardian","floor":16.0,"turns":9.0},{"damage":3.0,"enemies":"3 Byrds","floor":18.0,"turns":3.0},{"damage":0.0,"enemies":"Masked Bandits","floor":19.0,"turns":2.0},{"damage":0.0,"enemies":"Gremlin Leader","floor":28.0,"turns":5.0},{"damage":0.0,"enemies":"Spheric Guardian","floor":29.0,"turns":3.0},{"damage":1.0,"enemies":"Snecko","floor":30.0,"turns":4.0},{"damage":14.0,"enemies":"Champ","floor":33.0,"turns":11.0},{"damage":7.0,"enemies":"Orb Walker","floor":35.0,"turns":2.0},{"damage":0.0,"enemies":"2 Orb Walkers","floor":36.0,"turns":4.0},{"damage":0.0,"enemies":"Mind Bloom Boss Battle","floor":37.0,"turns":5.0},{"damage":0.0,"enemies":"3 Shapes","floor":39.0,"turns":1.0},{"damage":0.0,"enemies":"Reptomancer","floor":41.0,"turns":6.0},{"damage":0.0,"enemies":"Jaw Worm Horde","floor":45.0,"turns":1.0},{"damage":4.0,"enemies":"Giant Head","floor":47.0,"turns":6.0},{"damage":5.0,"enemies":"Donu and Deca","floor":50.0,"turns":8.0},{"damage":12.0,"enemies":"Time Eater","floor":51.0,"turns":9.0},{"damage":31.0,"enemies":"Shield and Spear","floor":55.0,"turns":9.0},{"damage":35,"enemies":"The Heart","floor":56,"turns":13}],"seed_played":"6288057646135600395","potions_obtained":[{"floor":1.0,"key":"Block Potion"},{"floor":8.0,"key":"Weak Potion"},{"floor":12.0,"key":"SneckoOil"},{"floor":18.0,"key":"FairyPotion"},{"floor":35.0,"key":"DuplicationPotion"},{"floor":55.0,"key":"Block Potion"}],"is_trial":false,"path_per_floor":["M","M","?","?","$","E","R","E","T","?","M","E","R","?","R","B",null,"M","?","?","?","?","R","$","R","T","R","E","M","M","$","R","B",null,"M","?","?","?","M","R","E","R","T","?","M","$","E","?","R","B","B",null,"R","$","E","B",null],"character_chosen":"DEFECT","items_purchased":["Guardian:PocketSentry","Runic Capacitor","Guardian:BottledAnomaly","Pear","Darkness+1","Biased Cognition+1","LiquidMemories","Fusion+1"],"campfire_rested":4,"item_purchase_floors":[5,24,46,46,46,54,54,54],"current_hp_per_floor":[64,64,46,35,35,35,56,41,41,41,40,31,31,31,31,10,56,53,53,53,53,53,53,53,53,53,53,53,53,52,52,52,38,63,56,56,56,56,56,56,56,71,71,71,71,81,77,77,81,76,64,77,81,81,50,15],"gold":50,"neow_bonus":"THREE_ENEMY_KILL","is_daily":false,"chose_seed":false,"campfire_upgraded":6,"win_rate":0.0,"timestamp":1613898975,"path_taken":["M","M","?","?","$","E","R","E","T","?","?","E","R","?","R","BOSS","M","?","?","?","?","R","?","R","T","R","E","M","M","$","R","BOSS","M","?","?","?","?","R","E","R","T","?","M","$","E","?","R","BOSS","BOSS","R","$","E","BOSS"],"items_purchased_type":["Relic","Relic","Relic","Relic","Card","Card","Potion","Card"],"build_version":"2020-12-22","purchased_purges":2,"victory":true,"max_hp_per_floor":[71,71,71,71,71,71,71,71,71,71,71,71,71,71,71,71,71,71,71,71,71,71,71,71,71,71,71,71,71,71,71,71,71,71,71,71,71,71,71,71,71,71,71,71,71,81,81,81,81,81,81,81,81,81,81,81],"card_choices":[{"not_picked":["FTL","Rebound"],"picked":"Ball Lightning","floor":1.0},{"not_picked":["Ball Lightning","Barrage"],"picked":"Defragment","floor":2.0},{"not_picked":["Barrage","Sweeping Beam","Compile Driver"],"picked":"Echo Form","floor":6.0},{"not_picked":["Reinforced Body","Skim","Heatsinks"],"picked":"Genetic Algorithm","floor":8.0},{"not_picked":["Redo","Auto Shields","Leap"],"picked":"Cold Snap","floor":11.0},{"not_picked":["Rebound","Sweeping Beam","Leap","Heatsinks+1"],"picked":"SKIP","floor":12.0},{"not_picked":["Buffer+1","Creative AI+1","Reboot"],"picked":"Core Surge","floor":16.0},{"not_picked":["Conserve Battery","Hello World+1","Cold Snap"],"picked":"Leap+1","floor":18.0},{"not_picked":["Auto Shields+1","Turbo","Gash"],"picked":"Undo","floor":28.0},{"not_picked":["Coolheaded","Cold Snap+1","Redo"],"picked":"Double Energy","floor":29.0},{"not_picked":["Turbo","Go for the Eyes","Coolheaded"],"picked":"Glacier+1","floor":30.0},{"not_picked":["Reboot","Rainbow","Core Surge"],"picked":"Amplify","floor":33.0},{"not_picked":["Streamline","Leap","Barrage","Ball Lightning+1"],"picked":"SKIP","floor":35.0},{"not_picked":["Consume","Compile Driver","Lockon"],"picked":"Buffer+1","floor":37.0},{"not_picked":["Sunder","Lockon","Barrage+1"],"picked":"Recycle","floor":39.0},{"not_picked":["Machine Learning+1","White Noise","Redo"],"picked":"Hologram+1","floor":41.0},{"not_picked":["Scrape+1","Coolheaded+1","Streamline"],"picked":"Defragment+1","floor":45.0},{"not_picked":["Consume+1","Chaos+1","FTL"],"picked":"Multi-Cast+1","floor":47.0},{"not_picked":["Darkness+1","Ball Lightning+1","Fusion+1"],"picked":"Coolheaded+1","floor":55.0}],"player_experience":1536512,"relics_obtained":[{"floor":6.0,"key":"Bag of Preparation"},{"floor":8.0,"key":"Vajra"},{"floor":9.0,"key":"Frozen Egg 2"},{"floor":12.0,"key":"Boot"},{"floor":19.0,"key":"Red Mask"},{"floor":28.0,"key":"Regal Pillow"},{"floor":36.0,"key":"Old Coin"},{"floor":37.0,"key":"Gambling Chip"},{"floor":41.0,"key":"Lizard Tail"},{"floor":43.0,"key":"Toxic Egg 2"},{"floor":47.0,"key":"MealTicket"},{"floor":55.0,"key":"Bag of Marbles"}],"event_choices":[{"damage_healed":0.0,"max_hp_gain":0.0,"max_hp_loss":0.0,"gold_gain":0.0,"event_name":"Scrap Ooze","player_choice":"Success","floor":3.0,"gold_loss":0.0,"damage_taken":18.0,"relics_obtained":["Question Card"]},{"damage_healed":0.0,"max_hp_gain":0.0,"max_hp_loss":0.0,"gold_gain":75.0,"event_name":"World of Goop","player_choice":"Gather Gold","floor":4.0,"gold_loss":0.0,"damage_taken":11.0},{"damage_healed":0.0,"max_hp_gain":0.0,"max_hp_loss":0.0,"gold_gain":0.0,"event_name":"Match and Keep!","player_choice":"1 cards matched","floor":10.0,"gold_loss":0.0,"damage_taken":0.0,"cards_obtained":["Seek"]},{"cards_removed":["Strike_B"],"damage_healed":0.0,"max_hp_gain":0.0,"max_hp_loss":0.0,"gold_gain":0.0,"event_name":"Living Wall","player_choice":"Forget","floor":14.0,"gold_loss":0.0,"damage_taken":0.0},{"damage_healed":0.0,"max_hp_gain":0.0,"max_hp_loss":0.0,"gold_gain":0.0,"event_name":"Masked Bandits","player_choice":"Fought Bandits","floor":19.0,"gold_loss":0.0,"damage_taken":0.0},{"damage_healed":0.0,"max_hp_gain":0.0,"max_hp_loss":0.0,"gold_gain":0.0,"event_name":"The Mausoleum","player_choice":"Opened","floor":20.0,"gold_loss":0.0,"damage_taken":0.0,"relics_obtained":["Lantern"],"cards_obtained":["Writhe"]},{"damage_healed":0.0,"max_hp_gain":0.0,"max_hp_loss":0.0,"gold_gain":0.0,"event_name":"Ghosts","player_choice":"Ignored","floor":21.0,"gold_loss":0.0,"damage_taken":0.0},{"cards_removed":["Writhe"],"damage_healed":0.0,"max_hp_gain":0.0,"max_hp_loss":0.0,"gold_gain":0.0,"event_name":"Beggar","player_choice":"Gave Gold","floor":22.0,"gold_loss":75.0,"damage_taken":0.0},{"damage_healed":0.0,"max_hp_gain":0.0,"max_hp_loss":0.0,"gold_gain":0.0,"event_name":"Mysterious Sphere","player_choice":"Fight","floor":36.0,"gold_loss":0.0,"damage_taken":0.0},{"damage_healed":0.0,"max_hp_gain":0.0,"max_hp_loss":0.0,"gold_gain":0.0,"event_name":"MindBloom","player_choice":"Fight","floor":37.0,"gold_loss":0.0,"damage_taken":0.0},{"damage_healed":0.0,"max_hp_gain":0.0,"max_hp_loss":0.0,"gold_gain":222.0,"event_name":"Tomb of Lord Red Mask","player_choice":"Wore Mask","floor":38.0,"gold_loss":0.0,"damage_taken":0.0},{"cards_removed":["Ball Lightning"],"damage_healed":0.0,"max_hp_gain":0.0,"max_hp_loss":0.0,"gold_gain":0.0,"event_name":"Falling","player_choice":"Removed Attack","floor":44.0,"gold_loss":0.0,"damage_taken":0.0},{"damage_healed":0.0,"max_hp_gain":0.0,"max_hp_loss":0.0,"gold_gain":0.0,"event_name":"SensoryStone","player_choice":"Memory 1","floor":48.0,"gold_loss":0.0,"damage_taken":0.0}],"is_beta":false,"boss_relics":[{"not_picked":["Coffee Dripper","Runic Dome"],"picked":"Astrolabe"},{"not_picked":["Inserter","Nuclear Battery"],"picked":"Fusion Hammer"}],"items_purged_floors":[31,46],"is_endless":false,"potions_floor_spawned":[1,8,12,18,28,35,37,47,55],"ascension_level":20}}