{"host":"5n1fl7z5i1vf7jan","time":1613937673,"event":{"mods":["BaseMod","Minty Spire (QoL Compilation)","Quick Restart","Relic Stats"],"gold_per_floor":[99,99,99,99,99,99,99,99,99,99,99,99,99,59,59,59,59,59,59,0,0,0],"floor_reached":21,"language":"ENG","playtime":598,"items_purged":[],"score":412,"play_id":"44699502-d648-4e7d-8d25-c969af158dbc","local_time":"20210221120113","is_ascension_mode":true,"campfire_choices":[{"data":"Streamline","floor":6,"key":"SMITH"},{"data":"Zap","floor":8,"key":"SMITH"},{"data":"Biased Cognition","floor":12,"key":"SMITH"},{"data":"Doom and Gloom","floor":15,"key":"SMITH"}],"circlet_count":0,"master_deck":["AscendersBane","Strike_B","Strike_B","Strike_B","Strike_B","Defend_B","Defend_B","Defend_B","Defend_B","Zap+1","Dualcast","Rip and Tear","Streamline+1","Sweeping Beam","Biased Cognition+1","Doom and Gloom+1","Amplify","Auto Shields","Biased Cognition+1","Conserve Battery"],"relics":["Ectoplasm","FossilizedHelix","Golden Idol","Shuriken","Mummified Hand","SlaversCollar"],"acts_visited":["TheCity"],"potions_floor_usage":[16,20,21],"damage_taken":[{"damage":4.0,"enemies":"Small Slimes","floor":1.0,"turns":5.0},{"damage":0,"enemies":"Jaw Worm","floor":5,"turns":2},{"damage":0,"enemies":"Cultist","floor":7,"turns":3},{"damage":0,"enemies":"Gremlin Nob","floor":10,"turns":3},{"damage":0,"enemies":"Exordium Wildlife","floor":11,"turns":2},{"damage":6,"enemies":"Lots of Slimes","floor":13,"turns":3},{"damage":1,"enemies":"Exordium Thugs","floor":14,"turns":3},{"damage":40,"enemies":"Hexaghost","floor":16,"turns":8},{"damage":15,"enemies":"Shell Parasite","floor":18,"turns":4},{"damage":16,"enemies":"2 Thieves","floor":20,"turns":3},{"damage":19,"enemies":"Centurion and Healer","floor":21,"turns":6}],"seed_played":"2003382561429860332","potions_obtained":[{"floor":1.0,"key":"Energy Potion"},{"floor":11,"key":"Block Potion"},{"floor":13,"key":"Weak Potion"},{"floor":20,"key":"SpeedPotion"}],"is_trial":false,"path_per_floor":["M","?","?","?","M","R","M","R","T","E","M","R","M","M","R","B",null,"M","?","M","M"],"character_chosen":"DEFECT","items_purchased":[],"campfire_rested":0,"item_purchase_floors":[],"current_hp_per_floor":[60,60,49,49,49,49,49,49,49,49,49,49,43,42,42,2,49,34,34,18,0,0],"gold":0,"neow_bonus":"BOSS_RELIC","is_daily":false,"chose_seed":false,"campfire_upgraded":4,"win_rate":0.0,"timestamp":1613937673,"path_taken":["M","?","?","?","M","R","M","R","T","E","M","R","M","M","R","BOSS","M","?","?","M"],"items_purchased_type":[],"build_version":"2020-12-22","purchased_purges":0,"victory":false,"max_hp_per_floor":[71,71,71,64,64,64,64,64,64,64,64,64,64,64,64,64,64,64,64,64,64,64],"relic_stats":{"counters":[11,42],"Golden Idol":53,"Shuriken":[8],"Mummified Hand":[3],"Ectoplasm":376,"obtain_stats":[{"SlaversCollar":17,"Golden Idol":4,"Shuriken":9,"Mummified Hand":10,"Ectoplasm":0,"Cracked Core":0,"FossilizedHelix":3},{"SlaversCollar":8,"Golden Idol":1,"Shuriken":3,"Mummified Hand":4,"Ectoplasm":0,"Cracked Core":0,"FossilizedHelix":1},{"SlaversCollar":29,"Golden Idol":5,"Shuriken":10,"Mummified Hand":13,"Ectoplasm":0,"Cracked Core":0,"FossilizedHelix":5}]},"card_choices":[{"not_picked":["Melter","Beam Cell"],"picked":"Rip and Tear","floor":1.0},{"not_picked":["Double Energy","Hologram"],"picked":"Streamline","floor":5},{"not_picked":["Aggregate","Barrage"],"picked":"Sweeping Beam","floor":7},{"not_picked":["Steam Power","Gash"],"picked":"Biased Cognition","floor":10},{"not_picked":["Skim","Streamline","Sweeping Beam"],"picked":"SKIP","floor":11},{"not_picked":["Blizzard","Steam"],"picked":"Doom and Gloom","floor":13},{"not_picked":["Sweeping Beam","Barrage","Force Field"],"picked":"SKIP","floor":14},{"not_picked":["Meteor Strike","Multi-Cast"],"picked":"Amplify","floor":16},{"not_picked":["White Noise","Gash"],"picked":"Auto Shields","floor":18},{"not_picked":["Hologram+1","Melter"],"picked":"Conserve Battery","floor":20}],"player_experience":379284,"relics_obtained":[{"floor":9,"key":"Shuriken"},{"floor":10,"key":"Mummified Hand"}],"event_choices":[{"damage_healed":0.0,"max_hp_gain":0.0,"max_hp_loss":0.0,"gold_gain":0.0,"event_name":"Liars Game","player_choice":"Ignored","floor":2.0,"gold_loss":0.0,"damage_taken":0.0},{"damage_healed":0.0,"max_hp_gain":0.0,"max_hp_loss":0.0,"gold_gain":0.0,"event_name":"Scrap Ooze","player_choice":"Success","floor":3.0,"gold_loss":0.0,"damage_taken":11.0,"relics_obtained":["FossilizedHelix"]},{"damage_healed":0,"gold_gain":0,"player_choice":"Lose Max HP","damage_taken":0,"relics_obtained":["Golden Idol"],"max_hp_gain":0,"max_hp_loss":7,"event_name":"Golden Idol","floor":4,"gold_loss":0},{"damage_healed":0,"gold_gain":0,"player_choice":"Copied","damage_taken":0,"max_hp_gain":0,"max_hp_loss":0,"event_name":"Duplicator","floor":19,"gold_loss":0,"cards_obtained":["Biased Cognition"]}],"is_beta":false,"boss_relics":[{"not_picked":["Runic Dome","Coffee Dripper"],"picked":"SlaversCollar"}],"items_purged_floors":[],"is_endless":false,"potions_floor_spawned":[1,11,13,20],"killed_by":"Centurion and Healer","ascension_level":20}}