{"host":"91blwi3hgehj6ch9","time":1613946100,"event":{"mods":["2.2 Compatiblity","AchievementEnabler","BaseMod","Colored Map","DeckTracker","Keyboard Shortcuts","Minty Spire (QoL Compilation)","Permanent Neow","Relic Stats","StSLib","SuperFastMode","everything is the same but u backflip on backflip"],"gold_per_floor":[117,117,128,143,156,156,175,193,216,141,159,159,5,25,25,100,100,114,29,40,40,58,58,86,86,86,86,114,127,2,20,20,94,94,106,86,105,118,136,136,136],"floor_reached":40,"language":"KOR","playtime":1708,"items_purged":["Strike_G","Defend_G","Strike_G"],"score":998,"play_id":"e54ea786-8797-4a8d-a808-315980496942","local_time":"20210222072140","is_ascension_mode":true,"campfire_choices":[{"data":"Eviscerate","floor":6.0,"key":"SMITH"},{"data":"Masterful Stab","floor":12.0,"key":"SMITH"},{"data":"Prepared","floor":15.0,"key":"SMITH"},{"data":"Reflex","floor":23.0,"key":"SMITH"},{"data":"Backflip","floor":25.0,"key":"SMITH"},{"floor":27.0,"key":"REST"},{"data":"Night Terror","floor":32.0,"key":"SMITH"}],"circlet_count":0,"master_deck":["AscendersBane","Strike_G+1","Defend_G","Defend_G","Survivor","Neutralize","Blade Dance+1","Eviscerate+1","Reflex+1","Backflip+1","Masterful Stab+1","Dagger Throw+1","Prepared+1","Corpse Explosion","Acrobatics","Corpse Explosion","Night Terror+1","Backflip+1","PiercingWail","After Image"],"relics":["Ring of the Snake","MealTicket","Philosopher\u0027s Stone","Incense Burner","Bronze Scales","Whetstone","Centennial Puzzle","Empty Cage"],"acts_visited":["Exordium","TheCity","TheBeyond"],"potions_floor_usage":[40],"damage_taken":[{"damage":2.0,"enemies":"2 Louse","floor":1.0,"turns":3.0},{"damage":1.0,"enemies":"Cultist","floor":3.0,"turns":3.0},{"damage":15.0,"enemies":"Jaw Worm","floor":4.0,"turns":6.0},{"damage":4.0,"enemies":"Blue Slaver","floor":5.0,"turns":4.0},{"damage":3.0,"enemies":"3 Louse","floor":7.0,"turns":5.0},{"damage":0.0,"enemies":"Red Slaver","floor":8.0,"turns":4.0},{"damage":10.0,"enemies":"Gremlin Gang","floor":11.0,"turns":6.0},{"damage":0.0,"enemies":"Looter","floor":14.0,"turns":2.0},{"damage":37.0,"enemies":"The Guardian","floor":16.0,"turns":13.0},{"damage":18.0,"enemies":"Spheric Guardian","floor":18.0,"turns":4.0},{"damage":0.0,"enemies":"2 Thieves","floor":20.0,"turns":1.0},{"damage":0.0,"enemies":"Cultist and Chosen","floor":22.0,"turns":2.0},{"damage":0.0,"enemies":"Slavers","floor":24.0,"turns":2.0},{"damage":0.0,"enemies":"Gremlin Leader","floor":28.0,"turns":4.0},{"damage":1.0,"enemies":"Chosen and Byrds","floor":29.0,"turns":3.0},{"damage":11.0,"enemies":"Snecko","floor":31.0,"turns":3.0},{"damage":43.0,"enemies":"Collector","floor":33.0,"turns":6.0},{"damage":6.0,"enemies":"3 Shapes","floor":35.0,"turns":2.0},{"damage":0,"enemies":"3 Darklings","floor":37,"turns":2},{"damage":4,"enemies":"Sphere and 2 Shapes","floor":38,"turns":3},{"damage":17,"enemies":"Jaw Worm Horde","floor":39,"turns":2},{"damage":26,"enemies":"Giant Head","floor":40,"turns":5}],"seed_played":"-1587336606376729894","potions_obtained":[{"floor":1.0,"key":"DistilledChaos"},{"floor":3.0,"key":"LiquidBronze"},{"floor":4.0,"key":"CunningPotion"},{"floor":18.0,"key":"Fire Potion"},{"floor":24.0,"key":"CunningPotion"},{"floor":29.0,"key":"Fire Potion"},{"floor":36.0,"key":"Ancient Potion"}],"is_trial":false,"path_per_floor":["M","?","M","M","M","R","M","M","T","$","M","R","$","M","R","B",null,"M","?","M","?","M","R","E","R","T","R","E","M","$","M","R","B",null,"M","?","M","M","M","E"],"character_chosen":"THE_SILENT","items_purchased":["Prepared"],"campfire_rested":1,"item_purchase_floors":[13],"current_hp_per_floor":[57,57,56,41,37,37,34,34,34,49,39,39,54,54,54,17,54,36,36,36,36,36,36,36,36,36,55,55,54,66,55,55,12,53,47,47,47,43,26,0,0],"gold":136,"neow_bonus":"RANDOM_COMMON_RELIC","is_daily":false,"chose_seed":false,"campfire_upgraded":6,"win_rate":0.0,"timestamp":1613946100,"path_taken":["M","?","M","?","?","R","M","M","T","$","M","R","?","M","R","BOSS","M","?","M","?","M","R","E","R","T","R","E","M","$","M","R","BOSS","M","?","?","M","M","E"],"items_purchased_type":["Card"],"build_version":"2020-12-22","purchased_purges":3,"victory":false,"max_hp_per_floor":[66,66,66,66,66,66,66,66,66,66,66,66,66,66,66,66,66,66,66,66,66,66,66,66,66,66,66,66,66,66,66,66,66,66,66,66,66,66,66,66,66],"relic_stats":{"Centennial Puzzle":[21],"counters":[22,85],"Bronze Scales":[45],"MealTicket":42,"Whetstone":["Dagger Throw","Strike_G"],"obtain_stats":[{"Centennial Puzzle":28,"Bronze Scales":24,"MealTicket":0,"Philosopher\u0027s Stone":17,"Incense Burner":19,"Whetstone":26,"Empty Cage":34,"Ring of the Snake":0},{"Centennial Puzzle":14,"Bronze Scales":13,"MealTicket":0,"Philosopher\u0027s Stone":9,"Incense Burner":10,"Whetstone":13,"Empty Cage":17,"Ring of the Snake":0},{"Centennial Puzzle":59,"Bronze Scales":55,"MealTicket":0,"Philosopher\u0027s Stone":46,"Incense Burner":50,"Whetstone":55,"Empty Cage":71,"Ring of the Snake":0}],"Ring of the Snake":[44]},"card_choices":[{"not_picked":["Concentrate","Infinite Blades"],"picked":"Blade Dance","floor":1.0},{"not_picked":["Leg Sweep","Dagger Spray"],"picked":"Eviscerate","floor":3.0},{"not_picked":["Setup","Endless Agony","Infinite Blades"],"picked":"SKIP","floor":4.0},{"not_picked":["Slice","Sucker Punch"],"picked":"Reflex","floor":5.0},{"not_picked":["Outmaneuver","Skewer"],"picked":"Backflip","floor":7.0},{"not_picked":["Reflex","Distraction"],"picked":"Masterful Stab","floor":8.0},{"not_picked":["Footwork","Riddle With Holes"],"picked":"Dagger Throw","floor":11.0},{"not_picked":["Slice","PiercingWail","Malaise"],"picked":"SKIP","floor":14.0},{"not_picked":["Unload","Burst"],"picked":"Corpse Explosion","floor":16.0},{"not_picked":["Cloak And Dagger","Leg Sweep","Skewer"],"picked":"SKIP","floor":18.0},{"not_picked":["Underhanded Strike","Sucker Punch"],"picked":"Acrobatics","floor":20.0},{"not_picked":["Caltrops","Quick Slash"],"picked":"Backflip+1","floor":22.0},{"not_picked":["Dagger Spray","Skewer","Dagger Throw"],"picked":"SKIP","floor":24.0},{"not_picked":["Slice+1","Bullet Time","Dagger Throw"],"picked":"SKIP","floor":28.0},{"not_picked":["Backflip","Blade Dance"],"picked":"PiercingWail","floor":29.0},{"not_picked":["A Thousand Cuts","All Out Attack","Quick Slash"],"picked":"SKIP","floor":31.0},{"not_picked":["Burst","Grand Finale"],"picked":"After Image","floor":33.0},{"not_picked":["Eviscerate+1","Skewer","Heel Hook"],"picked":"SKIP","floor":35.0},{"not_picked":["Flying Knee","Flechettes","Eviscerate"],"picked":"SKIP","floor":37},{"not_picked":["Slice","Choke","Dagger Throw+1"],"picked":"SKIP","floor":38},{"not_picked":["Slice","Choke","Dagger Throw+1"],"picked":"SKIP","floor":38},{"not_picked":["Deflect","Dagger Spray+1","Setup"],"picked":"SKIP","floor":39}],"player_experience":293955,"relics_obtained":[{"floor":24.0,"key":"Bronze Scales"},{"floor":26.0,"key":"Whetstone"},{"floor":28.0,"key":"Centennial Puzzle"}],"event_choices":[{"damage_healed":0.0,"max_hp_gain":0.0,"max_hp_loss":0.0,"gold_gain":0.0,"event_name":"Accursed Blacksmith","player_choice":"Forge","floor":2.0,"gold_loss":0.0,"damage_taken":0.0,"cards_upgraded":["Blade Dance"]},{"damage_healed":0.0,"max_hp_gain":0.0,"max_hp_loss":0.0,"gold_gain":0.0,"event_name":"Addict","player_choice":"Obtained Relic","floor":19.0,"gold_loss":85.0,"damage_taken":0.0,"relics_obtained":["Incense Burner"]},{"damage_healed":0.0,"max_hp_gain":0.0,"max_hp_loss":0.0,"gold_gain":0.0,"cards_transformed":["Strike_G","Strike_G"],"event_name":"Drug Dealer","player_choice":"Became Test Subject","floor":21.0,"gold_loss":0.0,"damage_taken":0.0,"cards_obtained":["Corpse Explosion","Night Terror"]},{"damage_healed":0.0,"max_hp_gain":0.0,"max_hp_loss":0.0,"gold_gain":0.0,"event_name":"The Woman in Blue","player_choice":"Bought 1 Potion","floor":36.0,"gold_loss":0.0,"damage_taken":0.0}],"is_beta":false,"boss_relics":[{"not_picked":["SlaversCollar","SacredBark"],"picked":"Philosopher\u0027s Stone"},{"not_picked":["Pandora\u0027s Box","Runic Pyramid"],"picked":"Empty Cage"}],"items_purged_floors":[10,13,30],"is_endless":false,"potions_floor_spawned":[1,3,4,7,14,18,24,29,37],"killed_by":"Giant Head","ascension_level":20}}