{"host":"8dojo26n353y1ich","time":1613888845,"event":{"mods":["AchievementEnabler","BaseMod","Colored Powertips","Minty Spire (QoL Compilation)","Quick Restart","StSLib"],"gold_per_floor":[112,131,143,161,181,181,198,225,225,237,257,275,300,265,265,366,366,376,144,144,69,0,0,0],"floor_reached":23,"language":"ENG","playtime":883,"items_purged":["Defend_B"],"score":244,"play_id":"9f903627-d13d-44fc-8d37-565e42cd6dc1","local_time":"20210221002725","is_ascension_mode":true,"campfire_choices":[{"data":"Darkness","floor":6,"key":"SMITH"},{"floor":15,"key":"REST"}],"circlet_count":0,"master_deck":["Strike_B","Strike_B","Strike_B","Defend_B","Defend_B","Defend_B","Zap+1","Dualcast","Darkness+1","Sweeping Beam","Conserve Battery","Streamline","Go for the Eyes","Conserve Battery","Loop","Redo","Capacitor","Scrape","Go for the Eyes","Self Repair","Fission","Recycle","Consume"],"relics":["Cracked Core","DataDisk","Pantograph","Odd Mushroom","Dream Catcher","Busted Crown","Runic Capacitor"],"acts_visited":["Exordium","TheCity"],"potions_floor_usage":[8,11,13,13,22],"damage_taken":[{"damage":1,"enemies":"Cultist","floor":1,"turns":3},{"damage":8,"enemies":"Jaw Worm","floor":2,"turns":4},{"damage":13,"enemies":"Small Slimes","floor":3,"turns":2},{"damage":0,"enemies":"2 Fungi Beasts","floor":4,"turns":3},{"damage":0,"enemies":"Large Slime","floor":5,"turns":6},{"damage":14,"enemies":"3 Louse","floor":7,"turns":2},{"damage":13,"enemies":"Gremlin Nob","floor":8,"turns":4},{"damage":9,"enemies":"2 Fungi Beasts","floor":10,"turns":3},{"damage":0,"enemies":"The Mushroom Lair","floor":11,"turns":2},{"damage":7,"enemies":"Lots of Slimes","floor":12,"turns":3},{"damage":9,"enemies":"3 Sentries","floor":13,"turns":5},{"damage":36,"enemies":"Slime Boss","floor":16,"turns":10},{"damage":27,"enemies":"Chosen","floor":18,"turns":6},{"damage":29,"enemies":"2 Thieves","floor":22,"turns":5},{"damage":33,"enemies":"Slavers","floor":23,"turns":2}],"seed_played":"8923887609435720809","potions_obtained":[{"floor":3,"key":"LiquidBronze"},{"floor":4,"key":"Block Potion"},{"floor":7,"key":"FearPotion"},{"floor":10,"key":"Explosive Potion"},{"floor":11,"key":"SmokeBomb"},{"floor":12,"key":"Swift Potion"}],"is_trial":false,"path_per_floor":["M","M","M","M","M","R","M","E","T","M","?","M","E","?","R","B",null,"M","$","?","?","M","E"],"character_chosen":"DEFECT","items_purchased":["Runic Capacitor"],"campfire_rested":1,"item_purchase_floors":[19],"current_hp_per_floor":[74,66,53,53,53,53,39,26,26,17,17,10,1,19,41,37,75,55,55,55,55,33,0,0],"gold":0,"neow_bonus":"UPGRADE_CARD","is_daily":false,"chose_seed":false,"campfire_upgraded":1,"win_rate":0.0,"timestamp":1613888845,"path_taken":["M","?","M","M","M","R","M","E","T","M","?","M","E","?","R","BOSS","M","$","?","?","M","E"],"items_purchased_type":["Relic"],"build_version":"2020-12-22","purchased_purges":1,"victory":false,"max_hp_per_floor":[75,75,75,75,75,75,75,75,75,75,75,75,75,75,75,75,75,75,75,75,75,75,75,75],"card_choices":[{"not_picked":["Streamline","Ball Lightning"],"picked":"Darkness","floor":1},{"not_picked":["BootSequence","Aggregate"],"picked":"Sweeping Beam","floor":2},{"not_picked":["Ball Lightning","Genetic Algorithm"],"picked":"Conserve Battery","floor":3},{"not_picked":["Redo","Steam Power"],"picked":"Streamline","floor":4},{"not_picked":["Rebound","Reinforced Body"],"picked":"Go for the Eyes","floor":5},{"not_picked":["Stack","All For One"],"picked":"Conserve Battery","floor":7},{"not_picked":["Biased Cognition","Conserve Battery"],"picked":"Loop","floor":8},{"not_picked":["Recycle","Rebound"],"picked":"Redo","floor":10},{"not_picked":["Conserve Battery","Stack"],"picked":"Capacitor","floor":11},{"not_picked":["Chaos","Skim"],"picked":"Scrape","floor":12},{"not_picked":["Rebound","Compile Driver"],"picked":"Go for the Eyes","floor":13},{"not_picked":["Rebound","Hyperbeam"],"picked":"Self Repair","floor":15},{"not_picked":["Biased Cognition","Amplify"],"picked":"Fission","floor":16},{"not_picked":[],"picked":"Recycle","floor":18},{"not_picked":[],"picked":"Consume","floor":22}],"player_experience":210266,"relics_obtained":[{"floor":8,"key":"DataDisk"},{"floor":9,"key":"Pantograph"},{"floor":11,"key":"Odd Mushroom"},{"floor":13,"key":"Dream Catcher"}],"event_choices":[{"damage_healed":0,"gold_gain":0,"player_choice":"Fought Mushrooms","damage_taken":0,"max_hp_gain":0,"max_hp_loss":0,"event_name":"Mushrooms","floor":11,"gold_loss":0},{"damage_healed":18,"gold_gain":0,"player_choice":"Healed","damage_taken":0,"max_hp_gain":0,"max_hp_loss":0,"event_name":"The Cleric","floor":14,"gold_loss":35},{"damage_healed":0,"gold_gain":0,"player_choice":"Ignored","damage_taken":0,"max_hp_gain":0,"max_hp_loss":0,"event_name":"Vampires","floor":20,"gold_loss":0},{"cards_removed":["Strike_B"],"damage_healed":0,"gold_gain":0,"player_choice":"Gave Gold","damage_taken":0,"max_hp_gain":0,"max_hp_loss":0,"event_name":"Beggar","floor":21,"gold_loss":75}],"is_beta":false,"boss_relics":[{"not_picked":["Fusion Hammer","Philosopher\u0027s Stone"],"picked":"Busted Crown"}],"items_purged_floors":[19],"is_endless":false,"potions_floor_spawned":[3,4,7,10,11,12],"killed_by":"Slavers","ascension_level":4}}