{"host":"o6j8h35axmoodbwy","time":1613869165,"event":{"mods":["2.2 Compatiblity","Act Like it!","BaseMod","Beaked The Cultist","Colored Map","Colored Powertips","Faster Ascension Climbing","MarisaÅiñ∂âJÅ@ñÇóùçπÅj","Minty Spire (QoL Compilation)","Prisma Mod","Quick Restart","Shop Mod","StSLib","SuperFastMode","Td1madao Mod"],"gold_per_floor":[113,113,129,54,70,96,96,106,106,106,106,121,121,139,139,213,213,229,50,68,68,68,94,94,112,112,112,128,128,128,142,142,142,142],"floor_reached":33,"language":"JPN","playtime":1270,"items_purged":["Strike_R"],"score":521,"play_id":"c8ff1c12-bcb6-43b5-b0d4-7f6dab415c3d","local_time":"20210221095925","is_ascension_mode":true,"campfire_choices":[{"floor":7,"key":"REST"},{"data":"Whirlwind","floor":10,"key":"SMITH"},{"floor":13,"key":"REST"},{"data":"Blood for Blood","floor":15,"key":"SMITH"},{"data":"Shockwave","floor":24,"key":"SMITH"},{"data":"Flame Barrier","floor":27,"key":"SMITH"},{"data":"Juggernaut","floor":29,"key":"SMITH"},{"floor":32,"key":"REST"}],"circlet_count":0,"master_deck":["AscendersBane","Strike_R","Strike_R+1","Strike_R","Defend_R+1","Defend_R","Defend_R","Defend_R","Bash","Whirlwind+1","Shockwave+1","Iron Wave","Blood for Blood+1","Fire Breathing","Wild Strike","Feel No Pain","Sword Boomerang","Juggernaut+1","Shrug It Off","Blind","Inflame","Flex+1","Shrug It Off","Flame Barrier+1","Pommel Strike+1","Pain","Rage+1"],"relics":["Burning Blood","NeowsBlessing","Pen Nib","Oddly Smooth Stone","Velvet Choker","Matryoshka","Smiling Mask","Pear","Mummified Hand","WarpedTongs"],"acts_visited":["Exordium","TheCity"],"potions_floor_usage":[1,16,16,33,33],"damage_taken":[{"damage":0,"enemies":"Jaw Worm","floor":1,"turns":1},{"damage":0,"enemies":"2 Louse","floor":3,"turns":1},{"damage":0,"enemies":"Small Slimes","floor":5,"turns":1},{"damage":61,"enemies":"Lagavulin","floor":6,"turns":8},{"damage":17,"enemies":"Red Slaver","floor":8,"turns":5},{"damage":7,"enemies":"Large Slime","floor":12,"turns":3},{"damage":0,"enemies":"Gremlin Gang","floor":14,"turns":2},{"damage":20,"enemies":"Hexaghost","floor":16,"turns":8},{"damage":12,"enemies":"Chosen","floor":18,"turns":4},{"damage":0,"enemies":"3 Byrds","floor":20,"turns":3},{"damage":22,"enemies":"Gremlin Leader","floor":23,"turns":6},{"damage":17,"enemies":"Cultist and Chosen","floor":25,"turns":7},{"damage":20,"enemies":"Snecko","floor":28,"turns":6},{"damage":19,"enemies":"3 Cultists","floor":31,"turns":4},{"damage":52,"enemies":"Automaton","floor":33,"turns":8}],"seed_played":"1868985636387274579","potions_obtained":[{"floor":1,"key":"Fruit Juice"},{"floor":3,"key":"LiquidMemories"},{"floor":6,"key":"BlessingOfTheForge"},{"floor":12,"key":"AttackPotion"},{"floor":16,"key":"ColorlessPotion"},{"floor":25,"key":"CultistPotion"},{"floor":28,"key":"ElixirPotion"}],"is_trial":false,"path_per_floor":["M","?","M","$","M","E","R","M","T","R","?","M","R","M","R","B",null,"M","$","M","?","?","E","R","M","T","R","M","R","?","M","R","B"],"character_chosen":"IRONCLAD","items_purchased":["Blind","Inflame"],"campfire_rested":3,"item_purchase_floors":[19,19],"current_hp_per_floor":[79,79,80,80,80,25,49,38,38,38,14,13,37,43,43,29,67,61,61,67,67,67,51,51,40,50,50,36,36,36,23,50,0,0],"gold":142,"neow_bonus":"THREE_ENEMY_KILL","is_daily":false,"chose_seed":false,"campfire_upgraded":5,"win_rate":0.0,"timestamp":1613869165,"path_taken":["M","?","M","$","M","E","R","M","T","R","?","M","R","M","R","BOSS","M","$","M","?","?","E","R","?","T","R","M","R","?","M","R","BOSS"],"items_purchased_type":["Card","Card"],"build_version":"2020-12-22","purchased_purges":1,"victory":false,"max_hp_per_floor":[80,80,80,80,80,80,80,80,80,80,80,80,80,80,80,80,80,80,80,80,80,80,80,80,80,90,90,90,90,90,90,90,90,90],"card_choices":[{"not_picked":["Combust","Feel No Pain"],"picked":"Whirlwind","floor":1},{"not_picked":["Body Slam","Rampage"],"picked":"Iron Wave","floor":3},{"not_picked":["Heavy Blade","Rampage"],"picked":"Blood for Blood","floor":5},{"not_picked":["Headbutt","Body Slam"],"picked":"Fire Breathing","floor":6},{"not_picked":["Flex","Headbutt"],"picked":"Wild Strike","floor":8},{"not_picked":["Perfected Strike","Armaments"],"picked":"Feel No Pain","floor":12},{"not_picked":["Thunderclap","Heavy Blade"],"picked":"Sword Boomerang","floor":14},{"not_picked":["Double Tap","Fiend Fire"],"picked":"Juggernaut","floor":16},{"not_picked":["Twin Strike+1","Body Slam"],"picked":"Shrug It Off","floor":18},{"not_picked":["Headbutt","Seeing Red"],"picked":"Flex+1","floor":20},{"not_picked":["Sword Boomerang","Fiend Fire"],"picked":"Shrug It Off","floor":23},{"not_picked":["Clothesline","Hemokinesis+1"],"picked":"Flame Barrier","floor":25},{"not_picked":["Whirlwind","Rampage+1"],"picked":"Pommel Strike+1","floor":28},{"not_picked":["Carnage","Perfected Strike"],"picked":"Rage+1","floor":31}],"player_experience":459788,"relics_obtained":[{"floor":6,"key":"Pen Nib"},{"floor":9,"key":"Oddly Smooth Stone"},{"floor":23,"key":"Smiling Mask"},{"floor":26,"key":"Pear"},{"floor":26,"key":"Mummified Hand"}],"event_choices":[{"damage_healed":0,"gold_gain":0,"cards_transformed":["Strike_R"],"player_choice":"Change","damage_taken":0,"max_hp_gain":0,"max_hp_loss":0,"event_name":"Living Wall","floor":2,"gold_loss":0,"cards_obtained":["Shockwave"]},{"damage_healed":0,"gold_gain":0,"player_choice":"Entered Light","damage_taken":24,"max_hp_gain":0,"max_hp_loss":0,"event_name":"Shining Light","floor":11,"gold_loss":0,"cards_upgraded":["Strike_R","Defend_R"]},{"damage_healed":0,"gold_gain":0,"player_choice":"Gave Potion","damage_taken":0,"relics_obtained":["Matryoshka"],"max_hp_gain":0,"max_hp_loss":0,"event_name":"WeMeetAgain","floor":22,"gold_loss":0},{"damage_healed":0,"gold_gain":0,"player_choice":"Rummage","damage_taken":0,"relics_obtained":["WarpedTongs"],"max_hp_gain":0,"max_hp_loss":0,"event_name":"Accursed Blacksmith","floor":30,"gold_loss":0,"cards_obtained":["Pain"]}],"is_beta":false,"boss_relics":[{"not_picked":["Runic Dome","Empty Cage"],"picked":"Velvet Choker"}],"items_purged_floors":[4],"is_endless":false,"potions_floor_spawned":[1,3,6,12,16,25,28],"killed_by":"Automaton","ascension_level":19}}