{"host":"otnudku6n3tqcmrv","time":1613922004,"event":{"mods":["BaseMod","CapriCore","Colored Map","DeckTracker","KOR Keyword Fix","Keyboard Shortcuts","Minty Spire (QoL Compilation)","Quick Restart","StSLib","SuperFastMode","The Immortal","Waifu the Spire","everything is the same but u backflip on backflip"],"gold_per_floor":[116,134,61,79,79,79,110,123,176,189,189,209,209,219,219,219,219,219],"floor_reached":16,"language":"KOR","playtime":315,"items_purged":[],"score":104,"play_id":"9be0921c-8d96-4201-a931-b11c4dc6090e","local_time":"20210222004004","is_ascension_mode":false,"campfire_choices":[{"data":"MokouMod:SacredFire","floor":6,"key":"SMITH"},{"data":"MokouMod:RisingSunBarrier","floor":11,"key":"SMITH"},{"floor":13,"key":"REST"},{"data":"MokouMod:ResoluteFlare","floor":15,"key":"SMITH"}],"circlet_count":0,"master_deck":["MokouMod:Strike","MokouMod:Strike","MokouMod:Strike","MokouMod:Strike","MokouMod:Defend","MokouMod:Defend","MokouMod:Defend","MokouMod:Defend","MokouMod:HeatSpark","MokouMod:SacredFire+1","MokouMod:ResoluteFlare+1","MokouMod:RisingSunBarrier+1","MokouMod:RisingSunBarrier+1"],"relics":["MokouMod:PhoenixFeather","Frozen Egg 2","Lantern"],"acts_visited":["Exordium"],"potions_floor_usage":[],"damage_taken":[{"damage":11,"enemies":"Jaw Worm","floor":1,"turns":2},{"damage":2,"enemies":"Small Slimes","floor":2,"turns":3},{"damage":0,"enemies":"Cultist","floor":4,"turns":3},{"damage":6,"enemies":"Lagavulin","floor":7,"turns":6},{"damage":9,"enemies":"Blue Slaver","floor":8,"turns":3},{"damage":1,"enemies":"2 Fungi Beasts","floor":10,"turns":3},{"damage":3,"enemies":"3 Louse","floor":12,"turns":2},{"damage":0,"enemies":"Large Slime","floor":14,"turns":5},{"damage":17,"enemies":"Slime Boss","floor":16,"turns":8}],"seed_played":"3945449189812488283","potions_obtained":[{"floor":2,"key":"BlessingOfTheForge"},{"floor":7,"key":"Block Potion"}],"is_trial":false,"path_per_floor":["M","M","$","M","?","R","E","M","T","M","R","M","R","M","R","B"],"character_chosen":"MKU","items_purchased":["MokouMod:RisingSunBarrier"],"campfire_rested":1,"item_purchase_floors":[3],"current_hp_per_floor":[43,41,41,41,34,34,28,19,19,18,18,15,37,37,37,20,20,20],"gold":219,"neow_bonus":"THREE_RARE_CARDS","is_daily":false,"chose_seed":false,"campfire_upgraded":3,"win_rate":0.0,"timestamp":1613922004,"path_taken":["M","M","$","M","?","R","E","M","T","M","R","M","R","M","R","BOSS"],"items_purchased_type":["Card"],"build_version":"2020-12-22","purchased_purges":0,"victory":false,"max_hp_per_floor":[75,75,75,75,75,75,75,75,75,75,75,75,75,75,75,75,75,75],"card_choices":[{"not_picked":["MokouMod:PhoenixForm","MokouMod:ResonatingAura"],"picked":"MokouMod:SacredFire","floor":0},{"not_picked":["MokouMod:ScorchingColumn","MokouMod:IndiscriminateIgnition"],"picked":"MokouMod:ResoluteFlare","floor":1},{"not_picked":["MokouMod:ScorchingColumn","MokouMod:RoaringFlare","MokouMod:AdaptivePyromancy"],"picked":"SKIP","floor":2},{"not_picked":["MokouMod:BurningDraft","MokouMod:HeatCyclone","MokouMod:AdaptivePyromancy"],"picked":"SKIP","floor":4},{"not_picked":["MokouMod:Scorch","MokouMod:Ember","MokouMod:Sear"],"picked":"SKIP","floor":7},{"not_picked":["MokouMod:FlamingFireTalons","MokouMod:IgnitionBarrier","MokouMod:IllusoryBattlefield"],"picked":"SKIP","floor":8},{"not_picked":["MokouMod:Sear","MokouMod:Scorch","MokouMod:Firecracker"],"picked":"SKIP","floor":10},{"not_picked":["MokouMod:ResoluteFlare","MokouMod:Stoke","MokouMod:IcarusDive"],"picked":"SKIP","floor":12},{"not_picked":["MokouMod:HeatCyclone","MokouMod:UncontrollableSolarReaction"],"picked":"MokouMod:RisingSunBarrier+1","floor":14}],"player_experience":1312544,"relics_obtained":[{"floor":7,"key":"Frozen Egg 2"},{"floor":9,"key":"Lantern"}],"event_choices":[{"cards_removed":["MokouMod:Strike"],"damage_healed":0,"gold_gain":0,"player_choice":"Card Removal","damage_taken":7,"max_hp_gain":0,"max_hp_loss":0,"event_name":"Golden Wing","floor":5,"gold_loss":0}],"is_beta":false,"boss_relics":[],"items_purged_floors":[],"is_endless":false,"potions_floor_spawned":[2,7],"killed_by":"Slime Boss","ascension_level":0}}