{"host":"5jyeqch4fosnsiz2","time":1613878934,"event":{"mods":["BaseMod","Bestiary","Colored Map","Colored Powertips","Filter the Spire","Minty Spire (QoL Compilation)","Relic Stats","StSLib","Waifu the Spire","ojb\u0027s Better Paths Mod","ojb\u0027s Info Mod"],"gold_per_floor":[116,116,16,30,47,75,75,103,103,103,159,169,221,231,231,332,332,350,5,24,42,54,54,54,54,122,151,51,68,85,16,16,116,116,129,145,158,158,158,158,158],"floor_reached":40,"language":"ENG","playtime":2285,"items_purged":["Defend_B","Strike_B"],"score":460,"play_id":"81bf2e70-4792-4065-9ad9-ff97017b11ac","local_time":"20210220224214","is_ascension_mode":false,"campfire_choices":[{"data":"Streamline","floor":7,"key":"SMITH"},{"data":"Scrape","floor":10,"key":"SMITH"},{"data":"Redo","floor":15,"key":"SMITH"},{"data":"Seek","floor":23,"key":"SMITH"},{"data":"Glacier","floor":32,"key":"SMITH"}],"circlet_count":0,"master_deck":["Strike_B","Strike_B","Strike_B","Defend_B","Defend_B","Defend_B","Zap+1","Dualcast","Conserve Battery","Go for the Eyes","Rebound","Streamline+1","Scrape+1","Rip and Tear","Redo+1","Seek+1","Consume+1","Glacier+1","Turbo+1","Capacitor","Leap+1","Genetic Algorithm"],"relics":["Cracked Core","NeowsBlessing","Ornamental Fan","Odd Mushroom","Symbiotic Virus","Shuriken","Runic Pyramid","Calipers","Cables","Blue Candle","Philosopher\u0027s Stone"],"acts_visited":["Exordium","TheCity","TheBeyond"],"potions_floor_usage":[6,16,27,27,30,37,37,39],"damage_taken":[{"damage":0,"enemies":"Small Slimes","floor":1,"turns":1},{"damage":0,"enemies":"2 Louse","floor":4,"turns":1},{"damage":0,"enemies":"Jaw Worm","floor":5,"turns":1},{"damage":21,"enemies":"3 Sentries","floor":6,"turns":6},{"damage":6,"enemies":"The Mushroom Lair","floor":8,"turns":3},{"damage":16,"enemies":"Lagavulin Event","floor":11,"turns":4},{"damage":0,"enemies":"Exordium Thugs","floor":12,"turns":3},{"damage":10,"enemies":"Lots of Slimes","floor":14,"turns":4},{"damage":20,"enemies":"Slime Boss","floor":16,"turns":5},{"damage":10,"enemies":"Shell Parasite","floor":18,"turns":3},{"damage":0,"enemies":"Spheric Guardian","floor":20,"turns":3},{"damage":10,"enemies":"3 Cultists","floor":21,"turns":6},{"damage":0,"enemies":"Snecko","floor":22,"turns":4},{"damage":39,"enemies":"Gremlin Leader","floor":27,"turns":6},{"damage":12,"enemies":"Snake Plant","floor":29,"turns":3},{"damage":0,"enemies":"Sentry and Sphere","floor":30,"turns":3},{"damage":0,"enemies":"Champ","floor":33,"turns":17},{"damage":0,"enemies":"3 Shapes","floor":35,"turns":5},{"damage":10,"enemies":"3 Darklings","floor":36,"turns":5},{"damage":13,"enemies":"Transient","floor":37,"turns":5},{"damage":0,"enemies":"4 Shapes","floor":39,"turns":1},{"damage":77,"enemies":"Reptomancer","floor":40,"turns":3}],"seed_played":"2801772700274034632","potions_obtained":[{"floor":4,"key":"Fire Potion"},{"floor":5,"key":"EssenceOfDarkness"},{"floor":16,"key":"Dexterity Potion"},{"floor":29,"key":"Explosive Potion"},{"floor":30,"key":"SmokeBomb"},{"floor":33,"key":"Weak Potion"},{"floor":35,"key":"SkillPotion"}],"is_trial":false,"path_per_floor":["M","?","$","M","M","E","R","?","T","R","?","M","?","M","R","B",null,"M","$","M","M","M","R","?","?","T","E","$","M","M","$","R","B",null,"M","M","M","?","M","E"],"character_chosen":"DEFECT","items_purchased":["Go for the Eyes","Calipers","FocusPotion","Capacitor"],"campfire_rested":0,"item_purchase_floors":[3,19,19,31],"current_hp_per_floor":[75,80,80,80,80,59,59,53,53,53,37,37,37,27,27,7,80,70,70,70,60,60,60,60,60,60,21,21,9,9,9,9,9,80,80,70,57,57,57,0,0],"gold":158,"neow_bonus":"THREE_ENEMY_KILL","is_daily":false,"chose_seed":false,"campfire_upgraded":5,"win_rate":0.0,"timestamp":1613878934,"path_taken":["M","?","$","M","M","E","R","?","T","R","?","M","?","M","R","BOSS","M","$","M","M","M","R","?","?","T","E","$","?","?","?","R","BOSS","M","M","M","?","M","E"],"items_purchased_type":["Card","Relic","Potion","Card"],"build_version":"2020-12-22","purchased_purges":2,"victory":false,"max_hp_per_floor":[75,80,80,80,80,80,80,80,80,80,80,80,80,80,80,80,80,80,80,80,80,80,80,80,80,80,80,80,80,80,80,80,80,80,80,80,80,76,76,76,76],"relic_stats":{"counters":[22,92],"Ornamental Fan":[88],"Shuriken":[20],"Blue Candle":[0],"obtain_stats":[{"Calipers":19,"NeowsBlessing":0,"Ornamental Fan":6,"Shuriken":11,"Blue Candle":27,"Philosopher\u0027s Stone":34,"Odd Mushroom":8,"Cracked Core":0,"Symbiotic Virus":9,"Runic Pyramid":17,"Cables":26},{"Calipers":10,"NeowsBlessing":0,"Ornamental Fan":4,"Shuriken":5,"Blue Candle":14,"Philosopher\u0027s Stone":17,"Odd Mushroom":5,"Cracked Core":0,"Symbiotic Virus":5,"Runic Pyramid":9,"Cables":13},{"Calipers":31,"NeowsBlessing":0,"Ornamental Fan":9,"Shuriken":12,"Blue Candle":50,"Philosopher\u0027s Stone":73,"Odd Mushroom":12,"Cracked Core":0,"Symbiotic Virus":12,"Runic Pyramid":28,"Cables":44}],"Cables":[40,7,26,7,0]},"card_choices":[{"not_picked":["Barrage","Ball Lightning"],"picked":"Conserve Battery","floor":1},{"not_picked":["Go for the Eyes","Conserve Battery"],"picked":"Rebound","floor":4},{"not_picked":["Turbo","Ball Lightning","Chill"],"picked":"SKIP","floor":5},{"not_picked":["Meteor Strike","Blizzard"],"picked":"Streamline","floor":6},{"not_picked":["Beam Cell","Turbo"],"picked":"Scrape","floor":8},{"not_picked":["BootSequence","Recycle"],"picked":"Rip and Tear","floor":12},{"not_picked":["Go for the Eyes","Coolheaded"],"picked":"Redo","floor":14},{"not_picked":["Fission","Echo Form"],"picked":"Seek","floor":16},{"not_picked":["Defragment","Capacitor"],"picked":"Consume+1","floor":18},{"not_picked":["Chaos","Coolheaded+1"],"picked":"Glacier","floor":20},{"not_picked":["Gash","Compile Driver","Blizzard"],"picked":"SKIP","floor":21},{"not_picked":["Barrage+1","Streamline","Reprogram+1"],"picked":"SKIP","floor":22},{"not_picked":["Beam Cell","Gash","Barrage+1"],"picked":"SKIP","floor":27},{"not_picked":["Barrage","Rebound","Beam Cell+1"],"picked":"SKIP","floor":29},{"not_picked":["Sweeping Beam","Undo"],"picked":"Turbo+1","floor":30},{"not_picked":["Cold Snap","Doom and Gloom","Redo"],"picked":"SKIP","floor":35},{"not_picked":["Gash","Melter+1"],"picked":"Leap+1","floor":36},{"not_picked":["Cold Snap+1","Skim+1"],"picked":"Genetic Algorithm","floor":37}],"player_experience":404208,"relics_obtained":[{"floor":6,"key":"Ornamental Fan"},{"floor":8,"key":"Odd Mushroom"},{"floor":9,"key":"Symbiotic Virus"},{"floor":26,"key":"Cables"},{"floor":27,"key":"Blue Candle"}],"event_choices":[{"damage_healed":0,"gold_gain":0,"player_choice":"Donut","damage_taken":0,"max_hp_gain":5,"max_hp_loss":0,"event_name":"Big Fish","floor":2,"gold_loss":0},{"damage_healed":0,"gold_gain":0,"player_choice":"Fought Mushrooms","damage_taken":0,"max_hp_gain":0,"max_hp_loss":0,"event_name":"Mushrooms","floor":8,"gold_loss":0},{"damage_healed":0,"gold_gain":30,"player_choice":"Searched \u00273\u0027 times","damage_taken":0,"relics_obtained":["Shuriken"],"max_hp_gain":0,"max_hp_loss":0,"event_name":"Dead Adventurer","floor":11,"gold_loss":0},{"damage_healed":0,"gold_gain":52,"player_choice":"Gained Gold","damage_taken":0,"max_hp_gain":0,"max_hp_loss":0,"event_name":"Golden Wing","floor":13,"gold_loss":0},{"damage_healed":0,"gold_gain":0,"player_choice":"Forge","damage_taken":0,"max_hp_gain":0,"max_hp_loss":0,"event_name":"Accursed Blacksmith","floor":25,"gold_loss":0,"cards_upgraded":["Zap"]},{"damage_healed":0,"gold_gain":0,"player_choice":"Max HP","damage_taken":0,"max_hp_gain":0,"max_hp_loss":4,"event_name":"Winding Halls","floor":38,"gold_loss":0}],"is_beta":false,"boss_relics":[{"not_picked":["SacredBark","Sozu"],"picked":"Runic Pyramid"},{"not_picked":["Fusion Hammer","Busted Crown"],"picked":"Philosopher\u0027s Stone"}],"items_purged_floors":[3,28],"is_endless":false,"potions_floor_spawned":[4,5,16,29,30,33,35],"killed_by":"Reptomancer","ascension_level":0}}