{"host":"goda751pbqw5j0wn","time":1613908477,"event":{"mods":["Act Like it!","Arknights","BaseMod","Highlight Path","Minty Spire (QoL Compilation)","READ ME - Guardian Mod","Shop Mod","StSLib","óô»ðÖ¸ÄÏ"],"gold_per_floor":[112,127,127,427,446,371,3181,3181,3181,2571,2582,2597,2623,2623,2038,2140,2140,2158,2168,2168,2168,2182,2211,1593,1018,1018,163,192,211,238,250,11,106,1060,1079,1098,694,744,744,318,346,193,193,219,219,246,246,246,0,0],"floor_reached":51,"language":"ZHS","playtime":2315,"items_purged":["ats:Defend","ats:Strike C","ats:Defend","ats:Strike G","ats:Strike S","ats:Defend","ats:Hammer On","ats:Defend","ats:Emotion Absorption"],"score":953,"play_id":"7dd87c20-d2df-4259-a9b9-e69011795c5c","local_time":"20210221195437","is_ascension_mode":true,"campfire_choices":[{"data":"Apotheosis","floor":8,"key":"SMITH"}],"circlet_count":0,"master_deck":["ats:Armor Crushing Shot+1","ats:Explosion Area Strengthen","ats:Revitalization","Apotheosis+1","ats:Wolf Pack+1","ats:Shell Defense+1","ats:Consecutive Shot Auto+1","ats:Composite Medical Shells","ats:Echo Reverb+1","ats:Directed Diagnosis+1","ats:Poison Spread","ats:Calcification+1","ats:Leaping Hammer","ats:Closed Bolt Burst Fire+1","ats:Guard Mode+1","ats:Overload+1","ats:Sashimi Platter","ats:Neurotoxin+1","ats:Powerful Strike+1","ats:Curse Doll+1","ats:Part Time Job+1","ats:Rat Pack+1","ats:Thorns+1","ats:Rat Pack+1","ats:Counter Healing Mode+1","ats:Poison Spread+1","Madness+1","Madness+1"],"relics":["ats:Sanity","Old Coin","Bottled Lightning","Pear","Blue Candle","Toxic Egg 2","Lee\u0027s Waffle","ats:Originium","Pantograph","Akabeko","SlaversCollar","Happy Flower","Frozen Egg 2","Lantern","Sling","Bronze Scales","Ancient Tea Set","Molten Egg 2","Gremlin Horn","InkBottle","Matryoshka","Mummified Hand","ats:Tactical Delivery","Whetstone","StoneCalendar","ClockworkSouvenir","Lizard Tail","PreservedInsect","ats:Bonebreaker","Regal Pillow","Bottled Tornado","ats:Industrial Water Cannon"],"acts_visited":["Exordium","TheCity","TheBeyond"],"potions_floor_usage":[13,22,23,33,33,33,50],"damage_taken":[{"damage":4,"enemies":"Small Slimes","floor":1,"turns":4},{"damage":1,"enemies":"Jaw Worm","floor":2,"turns":4},{"damage":2,"enemies":"ats:Genji","floor":5,"turns":3},{"damage":2,"enemies":"Looter","floor":11,"turns":3},{"damage":0,"enemies":"Large Slime","floor":12,"turns":5},{"damage":16,"enemies":"Gremlin Nob","floor":13,"turns":4},{"damage":26,"enemies":"The Guardian","floor":16,"turns":8},{"damage":0,"enemies":"Spheric Guardian","floor":18,"turns":4},{"damage":2,"enemies":"Chosen","floor":19,"turns":4},{"damage":13,"enemies":"Shelled Parasite and Fungi","floor":22,"turns":7},{"damage":15,"enemies":"Book of Stabbing","floor":23,"turns":5},{"damage":0,"enemies":"Gremlin Leader","floor":28,"turns":3},{"damage":1,"enemies":"Snecko","floor":29,"turns":3},{"damage":20,"enemies":"Book of Stabbing","floor":30,"turns":3},{"damage":0,"enemies":"Centurion and Healer","floor":31,"turns":5},{"damage":13,"enemies":"Collector","floor":33,"turns":5},{"damage":10,"enemies":"Orb Walker","floor":35,"turns":3},{"damage":0,"enemies":"3 Darklings","floor":36,"turns":4},{"damage":4,"enemies":"Mind Bloom Boss Battle","floor":38,"turns":5},{"damage":18,"enemies":"Reptomancer","floor":41,"turns":4},{"damage":8,"enemies":"Nemesis","floor":44,"turns":4},{"damage":0,"enemies":"Reptomancer","floor":46,"turns":3},{"damage":60,"enemies":"Time Eater","floor":50,"turns":8}],"seed_played":"1016319335301556844","potions_obtained":[{"floor":2,"key":"ats:Burn Small Potion"},{"floor":11,"key":"PowerPotion"},{"floor":13,"key":"Weak Potion"},{"floor":16,"key":"ats:Emergency Sanity Potion"},{"floor":21,"key":"EntropicBrew"},{"floor":21,"key":"PowerPotion"},{"floor":22,"key":"DistilledChaos"},{"floor":30,"key":"EntropicBrew"},{"floor":38,"key":"Ancient Potion"},{"floor":44,"key":"Energy Potion"}],"is_trial":false,"path_per_floor":["M","M","?","?","M","R","$","R","T","R","M","M","E","?","R","B",null,"M","M","?","?","M","E","$","R","T","$","E","M","E","M","R","B",null,"M","M","$","?","?","R","E","R","T","E","?","E","R","?","R","B",null],"character_chosen":"DOCTOR_CLASS","items_purchased":["Apotheosis","Bottled Lightning","ats:Wolf Pack","Pear","Toxic Egg 2","Lee\u0027s Waffle","ats:Shell Defense+1","ats:Consecutive Shot Auto","ats:Directed Diagnosis+1","ats:Poison Spread","Akabeko","Secret Technique+1","Frozen Egg 2","Lantern","ats:Sashimi Platter","Sling","ats:Neurotoxin+1","Bronze Scales","Molten Egg 2","Gremlin Horn","ats:Powerful Strike+1","CultistPotion","Mummified Hand","Whetstone","ClockworkSouvenir","PreservedInsect","ats:Industrial Water Cannon"],"campfire_rested":0,"item_purchase_floors":[7,7,7,7,10,10,10,10,15,15,15,15,24,24,24,25,25,25,27,27,27,27,32,37,40,42,49],"current_hp_per_floor":[75,74,67,67,65,65,75,75,75,96,94,96,80,61,61,84,96,96,96,96,96,96,88,88,88,88,88,89,88,75,96,96,96,96,94,96,96,96,96,96,95,95,95,92,80,94,94,94,94,50],"gold":0,"neow_bonus":"TEN_PERCENT_HP_BONUS","is_daily":false,"chose_seed":false,"campfire_upgraded":1,"win_rate":0.0,"timestamp":1613908477,"path_taken":["M","M","?","?","M","R","$","R","T","R","?","M","E","?","R","BOSS","M","M","?","?","?","E","$","R","T","$","E","M","E","M","R","BOSS","M","M","$","?","?","R","E","R","T","E","?","E","R","?","R","BOSS"],"items_purchased_type":["Card","Relic","Card","Relic","Relic","Relic","Card","Card","Card","Card","Relic","Card","Relic","Relic","Card","Relic","Card","Relic","Relic","Relic","Card","Potion","Relic","Relic","Relic","Relic","Relic"],"build_version":"2020-12-22","purchased_purges":9,"victory":true,"max_hp_per_floor":[79,79,79,79,79,79,89,89,89,96,96,96,96,96,96,96,96,96,96,96,96,96,96,96,96,96,96,96,96,96,96,96,96,96,96,96,96,96,96,96,96,96,96,96,96,96,96,96,96,96],"card_choices":[{"not_picked":["ats:Closed Bolt Burst Fire","ats:Blood Oath"],"picked":"ats:Explosion Area Strengthen","floor":1},{"not_picked":["ats:Powerful Strike","ats:Very Hot Blade"],"picked":"ats:Hammer On","floor":2},{"not_picked":["ats:Counter Healing Mode","ats:Curse Doll"],"picked":"ats:Revitalization","floor":5},{"not_picked":["ats:Hook Shot+1","ats:Closed Bolt Burst Fire"],"picked":"ats:Composite Medical Shells","floor":11},{"not_picked":["ats:Steam Pump+1","ats:Revitalization+1","ats:Explosion Area Strengthen"],"picked":"SKIP","floor":12},{"not_picked":["ats:Very Hot Blade","ats:Hook Shot+1"],"picked":"ats:Echo Reverb+1","floor":13},{"not_picked":["ats:Roar Of Ursus","ats:Durian+1"],"picked":"ats:Calcification+1","floor":16},{"not_picked":["ats:Shell Defense+1","ats:Mental Burst"],"picked":"ats:Leaping Hammer","floor":18},{"not_picked":["ats:Leaping Hammer+1","ats:Composite Medical Shells"],"picked":"ats:Closed Bolt Burst Fire+1","floor":19},{"not_picked":["ats:Assault Order+1","ats:Shell Defense+1"],"picked":"ats:Overload","floor":22},{"not_picked":["ats:Echo Reverb+1","ats:Steam Pump+1","ats:Assault Order+1"],"picked":"SKIP","floor":23},{"not_picked":["ats:Closed Bolt Burst Fire+1","ats:Assault Order+1"],"picked":"ats:Curse Doll+1","floor":28},{"not_picked":["ats:Soul Absorption+1","ats:Support Order+1"],"picked":"ats:Part Time Job+1","floor":29},{"not_picked":["ats:Red Shift+1","ats:Very Hot Blade+1"],"picked":"ats:Rat Pack+1","floor":30},{"not_picked":["ats:Sunburst+1","ats:Very Hot Blade+1"],"picked":"ats:Thorns+1","floor":31},{"not_picked":["ats:Echo Reverb+1","ats:Roar Of Ursus+1"],"picked":"ats:Rat Pack+1","floor":33},{"not_picked":["ats:Apocalypse+1","ats:Curse Doll+1"],"picked":"ats:Counter Healing Mode+1","floor":35},{"not_picked":["ats:Revitalization+1","ats:Flexible Camouflage+1","ats:Explosion Area Strengthen+1"],"picked":"SKIP","floor":36},{"not_picked":["ats:Apocalypse+1","ats:Powerful Strike+1"],"picked":"ats:Poison Spread+1","floor":41},{"not_picked":["ats:Apocalypse+1","ats:Absolute Focus+1","ats:Leaping Hammer+1"],"picked":"SKIP","floor":44},{"not_picked":["ats:Literary Storm+1","ats:Very Hot Blade+1","ats:Guard Mode+1"],"picked":"SKIP","floor":46},{"not_picked":["ats:Literary Storm+1","ats:Very Hot Blade+1","ats:Guard Mode+1"],"picked":"SKIP","floor":46}],"player_experience":547684,"relics_obtained":[{"floor":9,"key":"Blue Candle"},{"floor":13,"key":"ats:Originium"},{"floor":13,"key":"Pantograph"},{"floor":23,"key":"ats:Originium"},{"floor":23,"key":"Happy Flower"},{"floor":26,"key":"Ancient Tea Set"},{"floor":28,"key":"ats:Originium"},{"floor":28,"key":"InkBottle"},{"floor":30,"key":"ats:Originium"},{"floor":30,"key":"Matryoshka"},{"floor":38,"key":"StoneCalendar"},{"floor":41,"key":"Lizard Tail"},{"floor":43,"key":"ats:Bonebreaker"},{"floor":44,"key":"Regal Pillow"},{"floor":46,"key":"Bottled Tornado"}],"event_choices":[{"cards_removed":["ats:Strike V"],"damage_healed":0,"gold_gain":0,"player_choice":"Card Removal","damage_taken":7,"max_hp_gain":0,"max_hp_loss":0,"event_name":"Golden Wing","floor":3,"gold_loss":0},{"damage_healed":0,"gold_gain":0,"player_choice":"Gave Potion","damage_taken":0,"relics_obtained":["Old Coin"],"max_hp_gain":0,"max_hp_loss":0,"event_name":"WeMeetAgain","floor":4,"gold_loss":0},{"damage_healed":0,"gold_gain":0,"player_choice":"Entered Light","damage_taken":19,"max_hp_gain":0,"max_hp_loss":0,"event_name":"Shining Light","floor":14,"gold_loss":0,"cards_upgraded":["ats:Armor Crushing Shot","ats:Wolf Pack"]},{"damage_healed":0,"gold_gain":0,"player_choice":"Read","damage_taken":0,"max_hp_gain":0,"max_hp_loss":0,"event_name":"The Library","floor":20,"gold_loss":0,"cards_obtained":["ats:Guard Mode"]},{"damage_healed":0,"gold_gain":0,"player_choice":"Got Potions","damage_taken":0,"max_hp_gain":0,"max_hp_loss":0,"event_name":"Lab","floor":21,"gold_loss":0},{"damage_healed":0,"gold_gain":0,"player_choice":"Fight","damage_taken":0,"max_hp_gain":0,"max_hp_loss":0,"event_name":"MindBloom","floor":38,"gold_loss":0},{"damage_healed":0,"gold_gain":0,"player_choice":"Ignored","damage_taken":0,"max_hp_gain":0,"max_hp_loss":0,"event_name":"Tomb of Lord Red Mask","floor":39,"gold_loss":0},{"damage_healed":0,"gold_gain":0,"player_choice":"Embrace Madness","damage_taken":12,"max_hp_gain":0,"max_hp_loss":0,"event_name":"Winding Halls","floor":45,"gold_loss":0,"cards_obtained":["Madness","Madness"]},{"cards_removed":["Secret Technique"],"damage_healed":0,"gold_gain":0,"player_choice":"Removed Skill","damage_taken":0,"max_hp_gain":0,"max_hp_loss":0,"event_name":"Falling","floor":48,"gold_loss":0}],"is_beta":false,"boss_relics":[{"not_picked":["SacredBark","Ectoplasm"],"picked":"SlaversCollar"},{"not_picked":["ats:Sanity Plus","Snecko Eye"],"picked":"ats:Tactical Delivery"}],"items_purged_floors":[6,7,10,15,24,25,27,37,40],"is_endless":false,"potions_floor_spawned":[2,11,13,16,22,28,29,30,38,44],"ascension_level":1}}