{"host":"czzthkrvfe6r7fjf","time":1613891694,"event":{"mods":["ATMod(∞¢Ë™Mod)","Act Like it!","BaseMod","Downfall","GungeonMod","Marisa£®ÏF”Í°°ƒß¿Ì…≥£©","Minty Spire (QoL Compilation)","Quick Restart","StSLib","The Servant 0.9.4","Waifu the Spire","°æπ¶ƒ‹Mod°øªÏ„Á÷Æª∑–ﬁ∏¥≤π∂°"],"gold_per_floor":[110,60,7,7,17,52,67,67,67,102,124,149,149,168,168,268,268,283,283,302,2,2,2,19,35,35,45,45,64,93,93,93,189,189,199,199,212,212,224,251,266,266,290,324,372,389,314,348,348,348,348,348,92,123,123],"floor_reached":56,"language":"ZHS","playtime":1734,"items_purged":["Strike_R","Defend_R"],"score":2010,"play_id":"7a8749fa-5ff0-4aff-bf97-a71599185c2c","local_time":"20210221151454","is_ascension_mode":true,"campfire_choices":[{"data":"Armaments","floor":8.0,"key":"SMITH"},{"data":"AT_KingSlayer","floor":15.0,"key":"SMITH"},{"floor":23,"key":"REST"},{"data":"Battle Trance","floor":32,"key":"SMITH"},{"floor":42,"key":"RECALL"},{"data":"Body Slam","floor":49,"key":"SMITH"},{"data":"Flex","floor":52,"key":"SMITH"}],"circlet_count":0,"master_deck":["Strike_R","Strike_R","Defend_R+1","Defend_R","Defend_R","Bash","AT_KingSlayer+1","Armaments+1","True Grit","Body Slam+1","Battle Trance+1","Flex+1","Thunderclap","Demon Form+1"],"relics":["Burning Blood","AT_ATBox","NeowsBlessing","Regal Pillow","AT_ForceNature","DemoMod:WhiteGuonStone","Odd Mushroom","DemoMod:PartiallyEatenCheese","AT_RedNoBalance","Busted Crown","MutagenicStrength","Strange Spoon","AT_SunfireAegis","Bag of Preparation","DemoMod:DecoyRelic","Vajra","Black Star","Blue Candle","DemoMod:PinkGuonStone","AT_SilvercatRing","DemoMod:GundromedaStrain","Ginger","CatCart","AT_TimeSand","Orichalcum","Lantern","Anchor","AT_RedTearstoneRing"],"acts_visited":["Exordium","TheCity","TheBeyond","TheEnding"],"potions_floor_usage":[27,40,55,55,55,55,55],"damage_taken":[{"damage":0.0,"enemies":"Small Slimes","floor":1.0,"turns":1.0},{"damage":0.0,"enemies":"Jaw Worm","floor":5.0,"turns":1.0},{"damage":0.0,"enemies":"Gremlin Nob","floor":6.0,"turns":1.0},{"damage":15.0,"enemies":"Cultist","floor":7.0,"turns":5.0},{"damage":11.0,"enemies":"3 Sentries","floor":10.0,"turns":8.0},{"damage":22.0,"enemies":"The Mushroom Lair","floor":11.0,"turns":4.0},{"damage":19.0,"enemies":"Gremlin Nob","floor":12.0,"turns":5.0},{"damage":3.0,"enemies":"3 Louse","floor":14.0,"turns":5.0},{"damage":0.0,"enemies":"Slime Boss","floor":16.0,"turns":7.0},{"damage":6.0,"enemies":"Shell Parasite","floor":18.0,"turns":5.0},{"damage":23.0,"enemies":"Spheric Guardian","floor":20.0,"turns":6.0},{"damage":9,"enemies":"Cultist and Chosen","floor":24,"turns":4},{"damage":11,"enemies":"Shelled Parasite and Fungi","floor":25,"turns":4},{"damage":0,"enemies":"3 Cultists","floor":27,"turns":4},{"damage":5,"enemies":"Centurion and Healer","floor":29,"turns":5},{"damage":0,"enemies":"Gremlin Leader","floor":30,"turns":1},{"damage":0,"enemies":"Collector","floor":33,"turns":2},{"damage":0,"enemies":"Orb Walker","floor":35,"turns":1},{"damage":1,"enemies":"3 Shapes","floor":37,"turns":5},{"damage":5,"enemies":"3 Darklings","floor":39,"turns":4},{"damage":0,"enemies":"Nemesis","floor":40,"turns":1},{"damage":0,"enemies":"Jaw Worm Horde","floor":41,"turns":2},{"damage":0,"enemies":"Reptomancer","floor":44,"turns":1},{"damage":0,"enemies":"Orin","floor":45,"turns":4},{"damage":0,"enemies":"Sphere and 2 Shapes","floor":46,"turns":2},{"damage":0,"enemies":"Giant Head","floor":48,"turns":1},{"damage":0,"enemies":"Donu and Deca","floor":50,"turns":2},{"damage":27,"enemies":"Shield and Spear","floor":54,"turns":4},{"damage":6,"enemies":"The Heart","floor":55,"turns":4}],"seed_played":"1983500379411592497","potions_obtained":[{"floor":6.0,"key":"Explosive Potion"},{"floor":10.0,"key":"Explosive Potion"},{"floor":11.0,"key":"bronze:BurnAndBuffPotion"},{"floor":12.0,"key":"Fire Potion"},{"floor":20.0,"key":"ColorlessPotion"},{"floor":24,"key":"EntropicBrew"},{"floor":25,"key":"Strength Potion"},{"floor":33,"key":"SkillPotion"},{"floor":40,"key":"Fruit Juice"},{"floor":44,"key":"Strength Potion"},{"floor":45,"key":"DemoMod:LeadSkinPotion"}],"is_trial":false,"path_per_floor":["M","?","$","?","M","E","M","R","T","E","?","E","?","M","R","B",null,"M","?","M","$","?","R","M","M","T","M","?","M","E","?","R","B",null,"M","?","M","?","M","E","M","R","T","E","?","M","$","E","R","B",null,"R","$","E","B",null],"character_chosen":"IRONCLAD","items_purchased":["Armaments","Strange Spoon","AT_SunfireAegis","Lantern"],"campfire_rested":1,"item_purchase_floors":[3,21,21,53],"current_hp_per_floor":[80,80,80,80,80,80,71,71,71,66,50,37,30,43,43,46,80,40,40,23,23,23,62,37,32,32,38,38,39,45,45,45,51,80,80,80,80,78,79,92,92,92,92,92,92,92,92,92,92,92,92,92,92,71,71],"gold":123,"neow_bonus":"THREE_ENEMY_KILL","is_daily":false,"chose_seed":false,"campfire_upgraded":5,"win_rate":0.0,"timestamp":1613891694,"path_taken":["M","?","$","?","?","E","M","R","T","E","?","E","?","M","R","BOSS","M","?","M","$","?","R","M","M","T","?","?","M","E","?","R","BOSS","M","?","M","?","M","E","?","R","T","E","?","M","$","E","R","BOSS","R","$","E","BOSS"],"items_purchased_type":["Card","Relic","Relic","Relic"],"build_version":"2020-12-22","purchased_purges":2,"victory":true,"max_hp_per_floor":[80,80,80,80,80,80,80,80,80,80,80,80,80,80,80,80,80,80,80,80,80,80,80,80,80,80,80,80,80,80,80,80,80,80,80,80,80,80,80,92,92,92,92,92,92,92,92,92,92,92,92,92,92,92,92],"card_choices":[{"not_picked":["AT_IchimonjiDouble","Pummel","Heavy Blade"],"picked":"SKIP","floor":1.0},{"not_picked":["Perfected Strike","Armaments"],"picked":"True Grit","floor":5.0},{"not_picked":["Hemokinesis","Evolve"],"picked":"Body Slam","floor":6.0},{"not_picked":["Shrug It Off","Anger"],"picked":"Battle Trance","floor":7.0},{"not_picked":["Anger","Heavy Blade","Cleave"],"picked":"SKIP","floor":10.0},{"not_picked":["Armaments","Pummel"],"picked":"Flex","floor":12.0},{"not_picked":["Flex","True Grit"],"picked":"Thunderclap","floor":14.0},{"not_picked":["Immolate","Brutality"],"picked":"Demon Form","floor":16.0},{"not_picked":["Sever Soul"],"picked":"SKIP","floor":18.0},{"not_picked":["Sword Boomerang"],"picked":"SKIP","floor":20.0},{"not_picked":["Havoc"],"picked":"SKIP","floor":24},{"not_picked":["Havoc"],"picked":"SKIP","floor":25},{"not_picked":["Headbutt"],"picked":"SKIP","floor":27},{"not_picked":["Armaments"],"picked":"SKIP","floor":29},{"not_picked":["Reckless Charge"],"picked":"SKIP","floor":30},{"not_picked":["Wild Strike"],"picked":"SKIP","floor":35},{"not_picked":["Thunderclap"],"picked":"SKIP","floor":37},{"not_picked":["Rampage"],"picked":"SKIP","floor":39},{"not_picked":["AT_IchimonjiDouble"],"picked":"SKIP","floor":40},{"not_picked":["Bloodletting"],"picked":"SKIP","floor":41},{"not_picked":["Bloodletting"],"picked":"SKIP","floor":41},{"not_picked":["Clothesline+1"],"picked":"SKIP","floor":44},{"not_picked":["Pummel"],"picked":"SKIP","floor":46},{"not_picked":["AT_BodySlamDance+1"],"picked":"SKIP","floor":48},{"not_picked":["Thunderclap"],"picked":"SKIP","floor":54}],"player_experience":145529,"relics_obtained":[{"floor":6.0,"key":"Regal Pillow"},{"floor":9.0,"key":"AT_ForceNature"},{"floor":10.0,"key":"DemoMod:WhiteGuonStone"},{"floor":11.0,"key":"Odd Mushroom"},{"floor":12.0,"key":"DemoMod:PartiallyEatenCheese"},{"floor":26,"key":"Bag of Preparation"},{"floor":30,"key":"DemoMod:DecoyRelic"},{"floor":40,"key":"DemoMod:PinkGuonStone"},{"floor":40,"key":"AT_SilvercatRing"},{"floor":44,"key":"DemoMod:GundromedaStrain"},{"floor":44,"key":"Ginger"},{"floor":45,"key":"CatCart"},{"floor":48,"key":"AT_TimeSand"},{"floor":48,"key":"Orichalcum"},{"floor":54,"key":"Anchor"},{"floor":54,"key":"AT_RedTearstoneRing"}],"event_choices":[{"cards_removed":["Strike_R"],"damage_healed":0.0,"max_hp_gain":0.0,"max_hp_loss":0.0,"gold_gain":0.0,"event_name":"The Cleric","player_choice":"Card Removal","floor":2.0,"gold_loss":50.0,"damage_taken":0.0},{"damage_healed":0.0,"max_hp_gain":0.0,"max_hp_loss":0.0,"gold_gain":0.0,"event_name":"Match and Keep!","player_choice":"0 cards matched","floor":4.0,"gold_loss":0.0,"damage_taken":0.0,"cards_obtained":[]},{"damage_healed":0.0,"max_hp_gain":0.0,"max_hp_loss":0.0,"gold_gain":0.0,"event_name":"Mushrooms","player_choice":"Fought Mushrooms","floor":11.0,"gold_loss":0.0,"damage_taken":0.0},{"damage_healed":0.0,"max_hp_gain":0.0,"max_hp_loss":0.0,"gold_gain":0.0,"event_name":"Scrap Ooze","player_choice":"Success","floor":13.0,"gold_loss":0.0,"damage_taken":7.0,"relics_obtained":["AT_SilverBalance"]},{"damage_healed":0.0,"max_hp_gain":0.0,"max_hp_loss":0.0,"gold_gain":0.0,"event_name":"Drug Dealer","player_choice":"Inject Mutagens","floor":19.0,"gold_loss":0.0,"damage_taken":0.0,"relics_obtained":["MutagenicStrength"]},{"damage_healed":0,"gold_gain":0,"player_choice":"Forge","damage_taken":0,"max_hp_gain":0,"max_hp_loss":0,"event_name":"Accursed Blacksmith","floor":22,"gold_loss":0,"cards_upgraded":["Demon Form"]},{"cards_removed":["Strike_R"],"damage_healed":0,"gold_gain":0,"player_choice":"Elegance","damage_taken":0,"max_hp_gain":0,"max_hp_loss":0,"event_name":"Back to Basics","floor":28,"gold_loss":0},{"damage_healed":0,"gold_gain":0,"player_choice":"Opened","damage_taken":0,"relics_obtained":["Vajra"],"max_hp_gain":0,"max_hp_loss":0,"event_name":"The Mausoleum","floor":31,"gold_loss":0},{"damage_healed":0,"gold_gain":0,"player_choice":"Memory 1","damage_taken":0,"max_hp_gain":0,"max_hp_loss":0,"event_name":"SensoryStone","floor":36,"gold_loss":0},{"damage_healed":0,"gold_gain":0,"player_choice":"Fight","damage_taken":0,"max_hp_gain":0,"max_hp_loss":0,"event_name":"OrinTheCat","floor":45,"gold_loss":0}],"is_beta":false,"boss_relics":[{"not_picked":["Runic Pyramid","Pandora\u0027s Box"],"picked":"Busted Crown"},{"not_picked":["Runic Cube","Mark of Pain"],"picked":"Black Star"}],"items_purged_floors":[47,53],"is_endless":false,"potions_floor_spawned":[6,10,11,12,20,24,25,33,35,40,44,45],"ascension_level":4}}