{"host":"f2zkc2gsfwbibc34","time":1613910042,"event":{"mods":["AchievementEnabler","BaseMod","Better Note","Colored Map","Colored Powertips","Defuse TimeMaze Blight","Minty Spire (QoL Compilation)","Permanent Neow","StSLib","SuperFastMode","The Servant 0.9.4"],"gold_per_floor":[110,110,135,39,39,39,83,83,83,83,83,99,134,155,155,286,286,261,310,400,416,261,261,261,261,261,284,305,305,305,220,220,351,351,371,389,349,370,190,190,190,190,214,252,267,291,305,0,0,0],"floor_reached":51,"language":"ENG","playtime":1908,"items_purged":["Strike_S","Defend_S"],"score":914,"play_id":"8b004b12-26f3-4df4-912c-c5d75e6f481b","local_time":"20210221132042","is_ascension_mode":true,"campfire_choices":[{"data":"Manipulate","floor":6,"key":"SMITH"},{"floor":11,"key":"REST"},{"data":"Defy","floor":15,"key":"SMITH"},{"data":"MurderousAura","floor":23,"key":"SMITH"},{"data":"Defy","floor":25,"key":"SMITH"},{"floor":32,"key":"REST"},{"data":"Luminosity","floor":40,"key":"SMITH"},{"data":"SilverBlades","floor":42,"key":"SMITH"},{"data":"Hightail","floor":49,"key":"SMITH"}],"circlet_count":0,"master_deck":["Strike_S","Strike_S+1","Strike_S+1","Defend_S","Defend_S+1","Defend_S","KidneyShot","Exchange","TheWorld","Rearm","DoubleEdge+1","Misdirection","Manipulate+1","SurpressingFire","Unruled","SpecialFormula","KillingDoll+1","Defy+1","Defy+1","MurderousAura+1","SpecialFormula","DoubleEdge","Rewind+1","BestPractice","Initiator+1","Defy+1","Defy","FlawlessForm+1","BottledTime+1","Hightail+1","Luminosity+1","Spin+1","SilverBlades+1","Collapse+1","Rearm","DoubleEdge+1"],"relics":["SplendidAttire","Golden Idol","Whetstone","Tiny Chest","Toolbox","MealTicket","Prayer Wheel","RomanBracelet","Oddly Smooth Stone","Molten Egg 2","Blood Vial","Shuriken","Philosopher\u0027s Stone","Sundial","Toy Ornithopter","Strawberry","Red Mask"],"acts_visited":["Exordium","TheCity","TheBeyond"],"potions_floor_usage":[13,13,16,21,27,44,46,50],"damage_taken":[{"damage":2,"enemies":"2 Louse","floor":1,"turns":2},{"damage":1,"enemies":"Small Slimes","floor":3,"turns":3},{"damage":2,"enemies":"Lagavulin","floor":7,"turns":4},{"damage":0,"enemies":"Cultist","floor":12,"turns":3},{"damage":20,"enemies":"3 Sentries","floor":13,"turns":4},{"damage":9,"enemies":"Lots of Slimes","floor":14,"turns":3},{"damage":0,"enemies":"Slime Boss","floor":16,"turns":9},{"damage":27,"enemies":"2 Thieves","floor":18,"turns":5},{"damage":0,"enemies":"Spheric Guardian","floor":21,"turns":2},{"damage":20,"enemies":"Cultist and Chosen","floor":27,"turns":6},{"damage":10,"enemies":"Chosen and Byrds","floor":28,"turns":5},{"damage":34,"enemies":"Collector","floor":33,"turns":9},{"damage":4,"enemies":"3 Shapes","floor":35,"turns":5},{"damage":11,"enemies":"3 Darklings","floor":36,"turns":8},{"damage":29,"enemies":"4 Shapes","floor":38,"turns":7},{"damage":0,"enemies":"Reptomancer","floor":44,"turns":4},{"damage":12,"enemies":"Sphere and 2 Shapes","floor":45,"turns":6},{"damage":16,"enemies":"3 Darklings","floor":46,"turns":3},{"damage":11,"enemies":"Transient","floor":47,"turns":5},{"damage":34,"enemies":"Awakened One","floor":50,"turns":11}],"seed_played":"2890494543888861448","potions_obtained":[{"floor":3,"key":"BlessingOfTheForge"},{"floor":7,"key":"Regen Potion"},{"floor":13,"key":"SteroidPotion"},{"floor":14,"key":"Strength Potion"},{"floor":27,"key":"Fruit Juice"},{"floor":30,"key":"SmokeBomb"},{"floor":30,"key":"BlessingOfTheForge"},{"floor":30,"key":"Weak Potion"},{"floor":45,"key":"Dexterity Potion"},{"floor":46,"key":"SpeedPotion"}],"is_trial":false,"path_per_floor":["M","?","M","$","?","R","E","?","T","?","R","M","E","M","R","B",null,"M","T","?","M","$","R","?","R","T","M","M","T","?","?","R","B",null,"M","M","?","M","$","R","T","R","T","E","M","M","M","?","R","B",null],"character_chosen":"THE_SERVANT","items_purchased":["Misdirection","Whetstone","Tiny Chest","Toolbox","Manipulate","BestPractice","SilverBlades"],"campfire_rested":2,"item_purchase_floors":[4,4,4,4,4,22,39],"current_hp_per_floor":[57,43,42,42,42,42,40,40,40,28,45,45,34,30,30,35,59,32,32,20,25,40,40,40,40,40,30,28,28,28,28,47,25,64,60,61,61,44,59,59,59,59,59,71,64,60,56,56,56,38],"gold":0,"neow_bonus":"THREE_RARE_CARDS","is_daily":false,"chose_seed":false,"campfire_upgraded":7,"win_rate":0.0,"timestamp":1613910042,"path_taken":["M","?","M","$","?","R","E","?","T","?","R","M","E","M","R","BOSS","M","?","?","M","$","R","?","R","T","?","M","?","?","?","R","BOSS","M","M","?","M","$","R","?","R","T","E","M","M","M","?","R","BOSS"],"items_purchased_type":["Card","Relic","Relic","Relic","Card","Card","Card"],"build_version":"2020-12-22","purchased_purges":2,"victory":true,"max_hp_per_floor":[59,59,59,59,59,59,59,59,59,59,59,59,59,59,59,59,59,59,59,59,59,59,59,59,59,59,64,64,64,64,64,64,64,64,64,64,64,64,64,64,64,64,64,71,71,71,71,71,71,71],"card_choices":[{"not_picked":["Duplication","SoulSculpture"],"picked":"TheWorld","floor":0},{"not_picked":["FanOfKnives","BottledTime"],"picked":"Rearm","floor":1},{"not_picked":["Potential","Alleviate"],"picked":"DoubleEdge","floor":3},{"not_picked":["ReturningBlade","DoubleEdge"],"picked":"SurpressingFire","floor":7},{"not_picked":["Starlight","Foresight"],"picked":"Unruled","floor":12},{"not_picked":["Reset","Starlight"],"picked":"SpecialFormula","floor":12},{"not_picked":["TimeWarp","Replace"],"picked":"KillingDoll","floor":13},{"not_picked":["Ricochet","FastForward"],"picked":"Defy","floor":14},{"not_picked":["Moonlight","Starlight"],"picked":"Defy","floor":14},{"not_picked":["LightFlow","KillingDoll"],"picked":"MurderousAura","floor":16},{"not_picked":["Alleviate","TimeWarp"],"picked":"SpecialFormula","floor":18},{"not_picked":["Starlight","Ricochet"],"picked":"DoubleEdge","floor":18},{"not_picked":["DoubleEdge","FastForward"],"picked":"Rewind+1","floor":21},{"not_picked":["BottledTime","Potential","Moonlight"],"picked":"SKIP","floor":21},{"not_picked":["Rearm","BottledTime"],"picked":"Initiator+1","floor":27},{"not_picked":["Starlight+1","DoubleEdge+1"],"picked":"Defy+1","floor":27},{"not_picked":["Moondial+1","Rearm"],"picked":"Defy","floor":28},{"not_picked":["BottledTime","Replace","Rearm"],"picked":"SKIP","floor":28},{"not_picked":["KillingDoll+1","PendulumOfEternity+1"],"picked":"FlawlessForm","floor":33},{"not_picked":["InstantArmor","FastForward+1"],"picked":"BottledTime+1","floor":35},{"not_picked":["Starlight+1","Rewind","Reset+1"],"picked":"SKIP","floor":35},{"not_picked":["StarChef","Moondial"],"picked":"Hightail","floor":36},{"not_picked":["Alleviate","Replace","Manipulate"],"picked":"SKIP","floor":36},{"not_picked":["ReturningBlade+1","BottledTime+1"],"picked":"Luminosity","floor":38},{"not_picked":["DualDimension","Desolation+1"],"picked":"Spin+1","floor":38},{"not_picked":["ShatteredReality+1","Solidify"],"picked":"Collapse+1","floor":44},{"not_picked":["Spin+1","TimeWarp+1"],"picked":"Rearm","floor":45},{"not_picked":["Starlight+1","Gouge+1","FastForward+1"],"picked":"SKIP","floor":45},{"not_picked":["Replace+1","Misdirection+1"],"picked":"DoubleEdge+1","floor":46},{"not_picked":["Sabotage+1","Revamp+1","Starlight+1"],"picked":"SKIP","floor":46},{"not_picked":["Potential+1","KillingDoll+1","Starlight+1"],"picked":"SKIP","floor":47},{"not_picked":["Starlight+1","InstantArmor","Spin+1"],"picked":"SKIP","floor":47}],"player_experience":114593,"relics_obtained":[{"floor":7,"key":"MealTicket"},{"floor":9,"key":"Prayer Wheel"},{"floor":13,"key":"RomanBracelet"},{"floor":19,"key":"Oddly Smooth Stone"},{"floor":26,"key":"Molten Egg 2"},{"floor":29,"key":"Blood Vial"},{"floor":41,"key":"Sundial"},{"floor":43,"key":"Toy Ornithopter"},{"floor":44,"key":"Strawberry"}],"event_choices":[{"damage_healed":0,"gold_gain":0,"player_choice":"Take Damage","damage_taken":14,"relics_obtained":["Golden Idol"],"max_hp_gain":0,"max_hp_loss":0,"event_name":"Golden Idol","floor":2,"gold_loss":0},{"damage_healed":0,"gold_gain":0,"player_choice":"Leave","damage_taken":0,"max_hp_gain":0,"max_hp_loss":0,"event_name":"The Cleric","floor":5,"gold_loss":0},{"damage_healed":0,"gold_gain":0,"player_choice":"Ignored","damage_taken":0,"max_hp_gain":0,"max_hp_loss":0,"event_name":"Liars Game","floor":8,"gold_loss":0},{"damage_healed":0,"gold_gain":0,"player_choice":"Entered Light","damage_taken":12,"max_hp_gain":0,"max_hp_loss":0,"event_name":"Shining Light","floor":10,"gold_loss":0,"cards_upgraded":["Defend_S","Strike_S"]},{"damage_healed":0,"gold_gain":90,"player_choice":"GOLD ","damage_taken":12,"max_hp_gain":0,"max_hp_loss":0,"event_name":"Knowing Skull","floor":20,"potions_obtained":[],"gold_loss":0,"cards_obtained":[]},{"damage_healed":0,"gold_gain":0,"player_choice":"Upgraded","damage_taken":0,"max_hp_gain":0,"max_hp_loss":0,"event_name":"Upgrade Shrine","floor":24,"gold_loss":0,"cards_upgraded":["KillingDoll"]},{"damage_healed":0,"gold_gain":0,"player_choice":"Got Potions","damage_taken":0,"max_hp_gain":0,"max_hp_loss":0,"event_name":"Lab","floor":30,"gold_loss":0},{"damage_healed":0,"gold_gain":0,"player_choice":"Obtained Relic","damage_taken":0,"relics_obtained":["Shuriken"],"max_hp_gain":0,"max_hp_loss":0,"event_name":"Addict","floor":31,"gold_loss":85},{"damage_healed":0,"gold_gain":0,"player_choice":"Upgrade","damage_taken":0,"max_hp_gain":0,"max_hp_loss":0,"event_name":"Designer","floor":37,"gold_loss":40,"cards_upgraded":["FlawlessForm"]},{"damage_healed":0,"gold_gain":0,"player_choice":"Paid","damage_taken":0,"relics_obtained":["Red Mask"],"max_hp_gain":0,"max_hp_loss":0,"event_name":"Tomb of Lord Red Mask","floor":48,"gold_loss":305}],"is_beta":false,"boss_relics":[{"not_picked":["Busted Crown","SacredBark"],"picked":"SplendidAttire"},{"not_picked":["Sozu","Tiny House"],"picked":"Philosopher\u0027s Stone"}],"items_purged_floors":[22,39],"is_endless":false,"potions_floor_spawned":[3,7,13,14,27,36,45,46],"ascension_level":3}}