{"host":"cd25ms2o8pjhjp7m","time":1613934883,"event":{"mods":["Aspiration","BaseMod","Bestiary","Better Third Choice","BetterRewards","Conspire","Curses Come First","Friendly Minions","GifTheSpireLib","Hubris","Infinite Spire","Minty Spire (QoL Compilation)","Rare Cards Sparkle","Relic Stats","Reliquary","Replay The Spire","Robot Space Explorer","StSLib","The Poker Player","The Runesmith","Uncapped","[IsaacMod]????","??????REMEMod"],"gold_per_floor":[109,109,127,201,201,201,213,74,151,111,111,138,238,250,250,354,354,365,365,383,153,190,190,202,202,278,278,295,295,295,306,306,306,306],"floor_reached":33,"language":"DEU","playtime":1440,"items_purged":["Strike_P","Strike_P"],"score":295,"play_id":"43f7d35c-0e7b-4aad-91ed-e95171f2af0a","local_time":"20210221201443","is_ascension_mode":false,"campfire_choices":[{"data":"Replay:Battleflow","floor":6.0,"key":"SMITH"},{"data":"DevaForm","floor":11.0,"key":"SMITH"},{"floor":15,"key":"REST"},{"floor":23,"key":"REST"},{"floor":27,"key":"REST"},{"floor":30,"key":"REST"},{"floor":32,"key":"REST"}],"circlet_count":0,"master_deck":["Strike_P","Strike_P","Defend_P","Defend_P","Defend_P","Defend_P","Eruption","Vigilance+1","DoctorFetus+1","Replay:Battleflow+1","Protect","PathToVictory","DevaForm+1","Wish","Replay:Anticipation","Vault","DevaForm","Vault","Swivel","DeceiveReality","Replay:ManipulateFuture","EmptyBody","infinitespire:UltimateForm+1","REME_CRH"],"relics":["PureWater","REME_ComplimentaryCards","HushsDoor","GuppysTail","DeadEye","reliquary:ExpiredCoupon","Philosopher\u0027s Stone","GuppysPaw","Dream Catcher","BookOfRevelations","infinitespire:WardingShard"],"acts_visited":["Exordium","TheCity"],"potions_floor_usage":[14,16,24],"damage_taken":[{"damage":2.0,"enemies":"Jaw Worm","floor":1.0,"turns":4.0},{"damage":0.0,"enemies":"Cultist","floor":3.0,"turns":4.0},{"damage":0.0,"enemies":"2 Louse","floor":7.0,"turns":2.0},{"damage":20.0,"enemies":"3 Sentries","floor":12.0,"turns":7.0},{"damage":8,"enemies":"Exordium Thugs","floor":14,"turns":5},{"damage":0,"enemies":"The Guardian","floor":16,"turns":8},{"damage":15,"enemies":"3 Byrds","floor":18,"turns":6},{"damage":0,"enemies":"2 Thieves","floor":20,"turns":5},{"damage":18,"enemies":"Chosen and Byrds","floor":22,"turns":8},{"damage":15,"enemies":"Cultist and Chosen","floor":24,"turns":8},{"damage":3,"enemies":"conspire:HollyBat","floor":28,"turns":12},{"damage":27,"enemies":"Snake Plant","floor":31,"turns":9},{"damage":37,"enemies":"hubris:MusketHawk","floor":33,"turns":9}],"seed_played":"5605245052134338505","potions_obtained":[{"floor":10.0,"key":"Milkshake"},{"floor":10.0,"key":"EntropicBrew"},{"floor":10.0,"key":"Weak Potion"},{"floor":14,"key":"Swift Potion"},{"floor":16,"key":"SneckoOil"},{"floor":20,"key":"Energy Potion"},{"floor":31,"key":"Swift Potion"}],"is_trial":false,"path_per_floor":["M","?","M","T","?","R","M","$","T","?","R","E","?","M","R","B",null,"M","?","M","$","M","R","M","?","T","R","M","?","R","M","R","B"],"character_chosen":"WATCHER","items_purchased":["DevaForm","GuppysPaw","DevaForm","Vault","BookOfRevelations"],"campfire_rested":5,"item_purchase_floors":[8,17,17,17,21],"current_hp_per_floor":[70,70,70,70,70,70,70,70,70,70,70,50,50,42,63,63,50,35,35,35,35,17,32,17,17,17,32,29,29,44,17,32,0,0],"gold":306,"neow_bonus":"UPGRADE_CARD","is_daily":false,"chose_seed":false,"campfire_upgraded":2,"win_rate":0.0,"timestamp":1613934883,"path_taken":["M","?","?","?","?","R","M","?","T","?","R","E","?","M","R","BOSS","M","?","M","$","M","R","M","?","T","R","M","?","R","M","R","BOSS"],"items_purchased_type":["Card","Relic","Card","Card","Relic"],"build_version":"2020-12-22","purchased_purges":2,"victory":false,"max_hp_per_floor":[72,72,72,72,72,72,72,72,72,72,72,72,72,72,72,72,50,50,50,50,50,50,50,50,50,50,50,50,50,50,50,50,50,50],"relic_stats":{"Dream Catcher":4,"counters":[13,87],"obtain_stats":[{"KeepersGift":0,"GuppysTail":0,"reliquary:ExpiredCoupon":12,"Dream Catcher":19,"infinitespire:WardingShard":26,"GuppysPaw":17,"BookOfRevelations":21,"Philosopher\u0027s Stone":17,"DeadEye":9,"PureWater":0,"HushsDoor":0,"REME_ComplimentaryCards":0},{"KeepersGift":0,"GuppysTail":0,"reliquary:ExpiredCoupon":4,"Dream Catcher":7,"infinitespire:WardingShard":10,"GuppysPaw":6,"BookOfRevelations":8,"Philosopher\u0027s Stone":6,"DeadEye":3,"PureWater":0,"HushsDoor":0,"REME_ComplimentaryCards":0},{"KeepersGift":0,"GuppysTail":0,"reliquary:ExpiredCoupon":17,"Dream Catcher":36,"infinitespire:WardingShard":57,"GuppysPaw":30,"BookOfRevelations":41,"Philosopher\u0027s Stone":30,"DeadEye":10,"PureWater":0,"HushsDoor":0,"REME_ComplimentaryCards":0}]},"card_choices":[{"not_picked":[],"picked":"DoctorFetus","floor":0.0},{"not_picked":["EmptyBody","Bomb"],"picked":"Replay:Battleflow","floor":1.0},{"not_picked":["CutThroughFate","Replay:Vibes"],"picked":"Protect","floor":3.0},{"not_picked":["Replay:BluntJabs","REME_Repentance"],"picked":"PathToVictory","floor":7.0},{"not_picked":["Replay:Vibes","SignatureMove"],"picked":"Wish","floor":12.0},{"not_picked":["Halt","Prostrate"],"picked":"Replay:Anticipation","floor":14},{"not_picked":["Blasphemy","SpiritShield"],"picked":"Vault","floor":16},{"not_picked":["CutThroughFate","Prostrate"],"picked":"REME_Repentance","floor":18},{"not_picked":["LikeWater+1","Collect"],"picked":"Swivel","floor":20},{"not_picked":["EmptyFist","Protect"],"picked":"DeceiveReality","floor":22},{"not_picked":["ClearTheMind","Consecrate"],"picked":"Replay:ManipulateFuture","floor":23},{"not_picked":["WreathOfFlame+1","EmptyFist+1","Vengeance+1"],"picked":"SKIP","floor":24},{"not_picked":["Prostrate","Pray+1"],"picked":"EmptyBody","floor":27},{"not_picked":["Consecrate","WreathOfFlame","CutThroughFate"],"picked":"SKIP","floor":28},{"not_picked":["Replay:Vibes","Study","JustLucky"],"picked":"SKIP","floor":31},{"not_picked":["FollowUp+1","CrushJoints"],"picked":"REME_CRH","floor":32}],"player_experience":501418,"relics_obtained":[{"floor":9.0,"key":"DeadEye"},{"floor":12.0,"key":"reliquary:ExpiredCoupon"},{"floor":26,"key":"infinitespire:WardingShard"}],"event_choices":[{"damage_healed":0.0,"max_hp_gain":0.0,"max_hp_loss":0.0,"gold_gain":0.0,"event_name":"Living Wall","player_choice":"Grow","floor":2.0,"gold_loss":0.0,"damage_taken":0.0,"cards_upgraded":["DoctorFetus"]},{"damage_healed":0.0,"max_hp_gain":0.0,"max_hp_loss":0.0,"gold_gain":0.0,"event_name":"The Woman in Blue","player_choice":"Bought 3 Potions","floor":10.0,"gold_loss":0.0,"damage_taken":0.0},{"damage_healed":0,"gold_gain":100,"player_choice":"Gold","damage_taken":0,"max_hp_gain":0,"max_hp_loss":0,"event_name":"Wheel of Change","floor":13,"gold_loss":0},{"cards_removed":["REME_Repentance"],"damage_healed":0,"gold_gain":0,"player_choice":"Gave Card","damage_taken":0,"relics_obtained":["Dream Catcher"],"max_hp_gain":0,"max_hp_loss":0,"event_name":"WeMeetAgain","floor":19,"gold_loss":0},{"damage_healed":0,"gold_gain":0,"player_choice":"Leave","damage_taken":0,"max_hp_gain":0,"max_hp_loss":0,"event_name":"conspire:Investor","floor":25,"gold_loss":0},{"cards_removed":["Bullet Time"],"damage_healed":0,"gold_gain":0,"player_choice":"Took Card","damage_taken":0,"max_hp_gain":0,"max_hp_loss":0,"event_name":"NoteForYourself","floor":29,"gold_loss":0,"cards_obtained":["infinitespire:UltimateForm"]}],"is_beta":false,"boss_relics":[{"not_picked":["hubris:GrandSneckoEye","reliquary:WritOfMandamus"],"picked":"Philosopher\u0027s Stone"},{"not_picked":[]}],"items_purged_floors":[17,21],"is_endless":false,"potions_floor_spawned":[14,16,20,31],"killed_by":"hubris:MusketHawk","ascension_level":0}}