{"host":"ie50qk0ts9eskyyo","time":1613914740,"event":{"mods":["BaseMod","BetterRewards","Colored Map","Curses Come First","Downfall","Gremlin Mod","Highlight Path","Hubris","Infinite Spire","Minty Spire (QoL Compilation)","Quick Restart","Reliquary","Replay The Spire","Shop Mod","StSLib","SuperFastMode","The Dragon Tamer","The Jungle"],"gold_per_floor":[111,59,69,88,88,88,104,116,141,160,85,97,115,131,131,230,230,230],"floor_reached":16,"language":"ENG","playtime":1002,"items_purged":["DTMod:Strike"],"score":148,"play_id":"10a79215-1e86-44e6-8cd2-08fea173956b","local_time":"20210221083900","is_ascension_mode":false,"metric_token":1171,"campfire_choices":[{"data":"DTMod:MaximumCharge","floor":6,"key":"SMITH"},{"data":"DTMod:Outburst","floor":15,"key":"SMITH"}],"dtmod_dragon_data":[30,50,-1,-1,0,0],"circlet_count":0,"master_deck":["DTMod:Strike","DTMod:Strike","DTMod:Strike","DTMod:DoubleHit","DTMod:TargetDefense","DTMod:TargetDefense","DTMod:TargetDefense","DTMod:TargetDefense","DTMod:SwitchingTactic","DTMod:WarmUp","DTMod:BlueScale","DTMod:MaximumCharge+1","DTMod:TauntingStrike+1","DTMod:DeepFocus","DTMod:PurifyingFlame","DTMod:DarkBreath","DTMod:CalculatedDefense","DTMod:ComboAttack","DTMod:Outburst+1"],"relics":["DTMod:PactStone","OrangePellets","Replay:Accelerometer","Happy Flower","Peace Pipe","Tiny Chest"],"acts_visited":["Exordium"],"potions_floor_usage":[13,16],"damage_taken":[{"damage":2,"enemies":"Jaw Worm","floor":1,"turns":4},{"damage":0,"enemies":"Cultist","floor":3,"turns":3},{"damage":0,"enemies":"Small Slimes","floor":4,"turns":2},{"damage":0,"enemies":"3 Louse","floor":7,"turns":4},{"damage":0,"enemies":"Exordium Wildlife","floor":8,"turns":3},{"damage":0,"enemies":"Blue Slaver","floor":10,"turns":4},{"damage":0,"enemies":"Looter","floor":12,"turns":1},{"damage":0,"enemies":"3 Louse","floor":13,"turns":3},{"damage":0,"enemies":"Gremlin Gang","floor":14,"turns":5},{"damage":12,"enemies":"Hexaghost","floor":16,"turns":9}],"seed_played":"8039676667183175122","potions_obtained":[{"floor":4,"key":"Swift Potion"},{"floor":7,"key":"Elixir"},{"floor":13,"key":"Weak Potion"}],"is_trial":false,"path_per_floor":["M","$","M","M","?","R","M","M","T","M","$","M","M","M","R","B"],"character_chosen":"THE_DT","items_purchased":["OrangePellets","Replay:Accelerometer","Happy Flower","DTMod:WarmUp","DTMod:BlueScale","hexamod:SoulburnPotion","DTMod:TauntingStrike+1"],"campfire_rested":0,"item_purchase_floors":[0,0,0,0,0,0,2],"current_hp_per_floor":[21,21,21,21,21,21,21,21,21,21,21,21,21,21,21,9,9,9],"gold":230,"neow_bonus":"","is_daily":false,"chose_seed":false,"campfire_upgraded":2,"win_rate":0.0,"timestamp":1613914740,"path_taken":["M","$","M","M","?","R","M","M","T","M","$","?","?","M","R","BOSS"],"items_purchased_type":["Relic","Relic","Relic","Card","Card","Potion","Card"],"build_version":"2020-12-22","purchased_purges":1,"victory":false,"max_hp_per_floor":[45,45,45,45,45,45,45,45,45,45,45,45,45,45,45,45,45,45],"card_choices":[{"not_picked":["DTMod:MagicField","DTMod:GhostSkin"],"picked":"DTMod:MaximumCharge","floor":1},{"not_picked":["DTMod:Observe","DTMod:Weaken"],"picked":"DTMod:DeepFocus","floor":3},{"not_picked":["DTMod:BuildUp","DTMod:Threaten","DTMod:BlueScale"],"picked":"SKIP","floor":4},{"not_picked":["DTMod:StarRain","DTMod:DarkBreath"],"picked":"DTMod:PurifyingFlame","floor":7},{"not_picked":["DTMod:BreakAttack","DTMod:ComboAttack"],"picked":"DTMod:DarkBreath","floor":8},{"not_picked":["DTMod:GhostSkin","DTMod:Weaken","DTMod:HeatWave"],"picked":"SKIP","floor":10},{"not_picked":["DTMod:HeatWave","DTMod:MagicField"],"picked":"DTMod:CalculatedDefense","floor":12},{"not_picked":["DTMod:CleansingStrike","DTMod:Observe"],"picked":"DTMod:ComboAttack","floor":13},{"not_picked":["DTMod:RecklessFlurry","DTMod:MasterPlan"],"picked":"DTMod:Outburst","floor":14}],"player_experience":117543,"relics_obtained":[{"floor":9,"key":"Tiny Chest"}],"event_choices":[{"damage_healed":0,"gold_gain":0,"player_choice":"Ignored","damage_taken":0,"max_hp_gain":0,"max_hp_loss":0,"event_name":"NoteForYourself","floor":5,"gold_loss":0}],"is_beta":false,"boss_relics":[],"items_purged_floors":[11],"is_endless":false,"potions_floor_spawned":[4,7,10,13,14],"killed_by":"Hexaghost","ascension_level":0}}