{"host":"mnpd8gh7cwxsn5kh","time":1613928457,"event":{"mods":["BaseMod","Bestiary","Block Reminder","Colored Map","Colored Powertips","Highlight Path","Minty Spire (QoL Compilation)","Relic Sorter","Relic Stats"],"gold_per_floor":[366,20,20,40,40,74,92,126,126,151,169,169,187,216,216,294,294,306,323,340,340,340],"floor_reached":21,"language":"ENG","playtime":2010,"items_purged":["Strike_P"],"score":472,"play_id":"bcad7a38-8870-4a18-9e73-38cb0de752a7","local_time":"20210221182737","is_ascension_mode":true,"campfire_choices":[{"floor":15,"key":"REST"}],"circlet_count":0,"master_deck":["AscendersBane","Strike_P","Defend_P","Defend_P","Defend_P","Eruption+1","Vigilance","TalkToTheHand","FollowUp","Meditate","EmptyFist","CrushJoints","Wallop","TalkToTheHand","ThirdEye","Protect","EmptyFist+1","SpiritShield","Weave+1","Alpha+1","EmptyBody+1","TalkToTheHand+1","Conclude+1","Scrawl"],"relics":["PureWater","Membership Card","Lantern","Darkstone Periapt","Shovel","Calipers","InkBottle","Molten Egg 2","Toy Ornithopter","Astrolabe"],"acts_visited":["Exordium","TheCity"],"potions_floor_usage":[6,8,10,14,16,20],"damage_taken":[{"damage":0,"enemies":"Cultist","floor":1,"turns":3},{"damage":0,"enemies":"Small Slimes","floor":4,"turns":3},{"damage":7,"enemies":"Gremlin Nob","floor":6,"turns":3},{"damage":0,"enemies":"Jaw Worm","floor":7,"turns":2},{"damage":13,"enemies":"3 Sentries","floor":8,"turns":8},{"damage":0,"enemies":"Gremlin Nob","floor":10,"turns":2},{"damage":18,"enemies":"Gremlin Gang","floor":11,"turns":4},{"damage":4,"enemies":"Looter","floor":13,"turns":2},{"damage":7,"enemies":"3 Sentries","floor":14,"turns":9},{"damage":12,"enemies":"Hexaghost","floor":16,"turns":11},{"damage":12,"enemies":"Chosen","floor":18,"turns":6},{"damage":37,"enemies":"Spheric Guardian","floor":19,"turns":6},{"damage":16,"enemies":"Snake Plant","floor":20,"turns":4},{"damage":11,"enemies":"Shelled Parasite and Fungi","floor":21,"turns":2}],"seed_played":"6546368218014257236","potions_obtained":[{"floor":3,"key":"Ambrosia"},{"floor":3,"key":"SneckoOil"},{"floor":6,"key":"BlessingOfTheForge"},{"floor":10,"key":"StancePotion"},{"floor":11,"key":"Weak Potion"},{"floor":16,"key":"Regen Potion"}],"is_trial":false,"path_per_floor":["M","$","?","M","?","E","M","E","T","E","M","T","M","E","R","B",null,"M","M","M","M"],"character_chosen":"WATCHER","items_purchased":["Membership Card","Lantern","FollowUp","Meditate"],"campfire_rested":1,"item_purchase_floors":[2,2,2,2],"current_hp_per_floor":[61,61,61,61,61,54,54,41,41,41,23,23,19,12,30,23,52,40,3,4,0,0],"gold":340,"neow_bonus":"TWO_FIFTY_GOLD","is_daily":false,"chose_seed":false,"campfire_upgraded":0,"win_rate":0.0,"timestamp":1613928457,"path_taken":["M","$","?","?","?","E","M","E","T","E","M","?","M","E","R","BOSS","M","?","M","M"],"items_purchased_type":["Relic","Relic","Card","Card"],"build_version":"2020-12-22","purchased_purges":1,"victory":false,"max_hp_per_floor":[62,62,62,62,62,62,62,62,62,62,62,62,62,62,62,62,62,62,62,62,62,62],"relic_stats":{"Darkstone Periapt":0,"Shovel":0,"counters":[14,65],"Astrolabe":["Weave","Alpha","EmptyBody"],"obtain_stats":[{"Darkstone Periapt":6,"Lantern":2,"Shovel":8,"Calipers":9,"Astrolabe":17,"Molten Egg 2":12,"Membership Card":2,"PureWater":0,"InkBottle":10,"Toy Ornithopter":14},{"Darkstone Periapt":3,"Lantern":1,"Shovel":5,"Calipers":5,"Astrolabe":10,"Molten Egg 2":7,"Membership Card":1,"PureWater":0,"InkBottle":6,"Toy Ornithopter":9},{"Darkstone Periapt":9,"Lantern":3,"Shovel":19,"Calipers":19,"Astrolabe":47,"Molten Egg 2":25,"Membership Card":3,"PureWater":0,"InkBottle":21,"Toy Ornithopter":36}],"InkBottle":[13],"Toy Ornithopter":10},"card_choices":[{"not_picked":["CutThroughFate","Protect"],"picked":"TalkToTheHand","floor":1},{"not_picked":["Meditate","MentalFortress"],"picked":"EmptyFist","floor":4},{"not_picked":["Crescendo","InnerPeace"],"picked":"CrushJoints","floor":6},{"not_picked":["Adaptation","CrushJoints"],"picked":"Wallop","floor":7},{"not_picked":["EmptyFist","Meditate"],"picked":"TalkToTheHand","floor":8},{"not_picked":["BowlingBash","SashWhip"],"picked":"ThirdEye","floor":10},{"not_picked":["Consecrate","CrushJoints"],"picked":"Protect","floor":11},{"not_picked":["ClearTheMind","DevaForm","LikeWater"],"picked":"SKIP","floor":13},{"not_picked":["InnerPeace","Evaluate"],"picked":"EmptyFist+1","floor":14},{"not_picked":["Alpha","Establishment"],"picked":"SpiritShield","floor":16},{"not_picked":["CrushJoints+1","FollowUp+1"],"picked":"TalkToTheHand+1","floor":18},{"not_picked":["Consecrate+1","ForeignInfluence"],"picked":"Conclude+1","floor":19},{"not_picked":["Conclude+1","ClearTheMind"],"picked":"Scrawl","floor":20}],"player_experience":658259,"relics_obtained":[{"floor":6,"key":"Darkstone Periapt"},{"floor":8,"key":"Shovel"},{"floor":9,"key":"Calipers"},{"floor":10,"key":"InkBottle"},{"floor":12,"key":"Molten Egg 2"},{"floor":14,"key":"Toy Ornithopter"}],"event_choices":[{"damage_healed":0,"gold_gain":0,"player_choice":"Got Potions","damage_taken":0,"max_hp_gain":0,"max_hp_loss":0,"event_name":"Lab","floor":3,"gold_loss":0},{"damage_healed":0,"gold_gain":0,"player_choice":"Grow","damage_taken":0,"max_hp_gain":0,"max_hp_loss":0,"event_name":"Living Wall","floor":5,"gold_loss":0,"cards_upgraded":["Eruption"]}],"is_beta":false,"boss_relics":[{"not_picked":["Black Star","Calling Bell"],"picked":"Astrolabe"}],"items_purged_floors":[2],"is_endless":false,"potions_floor_spawned":[6,7,10,11,16],"killed_by":"Shelled Parasite and Fungi","ascension_level":20}}