{"host":"vnz4608r4gf5d2ow","time":1613939783,"event":{"mods":["AchievementEnabler","BaseMod","Minty Spire (QoL Compilation)"],"gold_per_floor":[109,109,125,125,138,138,153,153,153,153,3,3,66,96,96,200,200,213,213,232,41,61,89,89,102,182,182,182,182,107,119,119,224,224,244,244,257,4,4,4,4],"floor_reached":40,"language":"ENG","playtime":2657,"items_purged":["Strike_R"],"score":603,"play_id":"03bd4245-3668-48e5-a4d6-7142730a95c8","local_time":"20210221153623","is_ascension_mode":true,"campfire_choices":[{"data":"Bash","floor":6.0,"key":"SMITH"},{"data":"Flame Barrier","floor":8.0,"key":"SMITH"},{"data":"Twin Strike","floor":10.0,"key":"SMITH"},{"data":"Feel No Pain","floor":12.0,"key":"SMITH"},{"data":"Heavy Blade","floor":15.0,"key":"SMITH"},{"data":"Barricade","floor":24.0,"key":"SMITH"},{"floor":27.0,"key":"REST"},{"floor":29.0,"key":"REST"},{"data":"Body Slam","floor":32.0,"key":"SMITH"}],"circlet_count":0,"master_deck":["AscendersBane","Strike_R","Defend_R","Defend_R","Defend_R","Defend_R","Bash+1","Twin Strike+1","Shrug It Off","Feel No Pain+1","Flame Barrier+1","Flame Barrier","Heavy Blade+1","Barricade+1","Fire Breathing","Dropkick","Spot Weakness","Body Slam+1","Offering","Dual Wield","Fiend Fire","Bludgeon","Uppercut+1","Demon Form","Pommel Strike+1","Burning Pact+1","Shrug It Off"],"relics":["Black Blood","Pantograph","Vajra","Blue Candle","StoneCalendar","Velvet Choker","Strawberry","Eternal Feather","Nunchaku"],"acts_visited":["Exordium","TheCity","TheBeyond"],"potions_floor_usage":[],"damage_taken":[{"damage":7.0,"enemies":"2 Louse","floor":1.0,"turns":3.0},{"damage":7.0,"enemies":"Small Slimes","floor":3.0,"turns":3.0},{"damage":1.0,"enemies":"Cultist","floor":5.0,"turns":3.0},{"damage":7.0,"enemies":"2 Fungi Beasts","floor":7.0,"turns":3.0},{"damage":8.0,"enemies":"Gremlin Nob","floor":13.0,"turns":3.0},{"damage":25.0,"enemies":"Gremlin Nob","floor":14.0,"turns":4.0},{"damage":19.0,"enemies":"The Guardian","floor":16.0,"turns":11.0},{"damage":15.0,"enemies":"Spheric Guardian","floor":18.0,"turns":4.0},{"damage":4.0,"enemies":"3 Byrds","floor":20.0,"turns":4.0},{"damage":8.0,"enemies":"Cultist and Chosen","floor":22.0,"turns":5.0},{"damage":47.0,"enemies":"Book of Stabbing","floor":23.0,"turns":5.0},{"damage":36.0,"enemies":"3 Cultists","floor":25.0,"turns":6.0},{"damage":14.0,"enemies":"Shelled Parasite and Fungi","floor":31.0,"turns":7.0},{"damage":80,"enemies":"Collector","floor":33,"turns":10},{"damage":10,"enemies":"3 Shapes","floor":35,"turns":7},{"damage":13,"enemies":"Orb Walker","floor":37,"turns":4},{"damage":91,"enemies":"Time Eater","floor":40,"turns":5}],"seed_played":"5213064983428680217","potions_obtained":[{"floor":14.0,"key":"Block Potion"},{"floor":16.0,"key":"AttackPotion"},{"floor":18.0,"key":"SneckoOil"},{"floor":22.0,"key":"PowerPotion"},{"floor":23.0,"key":"Weak Potion"}],"is_trial":false,"path_per_floor":["M","?","M","$","M","R","M","R","T","R","$","R","?","E","R","B",null,"M","?","M","$","M","E","R","M","T","R","?","R","?","M","R","B",null,"M","$","M","$","?","B"],"character_chosen":"IRONCLAD","items_purchased":["Vajra","Spot Weakness","Body Slam","Offering","Shrug It Off","Nunchaku"],"campfire_rested":2,"item_purchase_floors":[11,21,21,21,38,38],"current_hp_per_floor":[71,71,70,70,75,75,74,74,74,74,74,74,72,53,53,65,76,67,72,74,74,72,38,38,8,8,46,46,84,84,76,87,13,69,71,71,70,70,70,0,0],"gold":4,"neow_bonus":"TRANSFORM_CARD","is_daily":false,"chose_seed":false,"campfire_upgraded":7,"win_rate":0.0,"timestamp":1613939783,"path_taken":["M","?","M","$","M","R","M","R","T","R","$","R","?","E","R","BOSS","M","?","M","$","?","E","R","M","T","R","?","R","?","M","R","BOSS","M","$","M","$","?","BOSS"],"items_purchased_type":["Relic","Card","Card","Card","Card","Relic"],"build_version":"2020-12-22","purchased_purges":1,"victory":false,"max_hp_per_floor":[80,80,80,80,80,80,80,80,80,80,80,80,80,80,80,80,80,80,80,80,80,80,87,87,87,87,87,87,87,87,87,87,87,87,87,87,87,87,87,87,87],"card_choices":[{"not_picked":["Perfected Strike","Clothesline"],"picked":"Twin Strike","floor":1.0},{"not_picked":["Entrench","Dropkick"],"picked":"Shrug It Off","floor":3.0},{"not_picked":["Seeing Red","Second Wind"],"picked":"Feel No Pain","floor":5.0},{"not_picked":["Infernal Blade","Rage"],"picked":"Flame Barrier","floor":7.0},{"not_picked":["Combust","Headbutt"],"picked":"Flame Barrier","floor":13.0},{"not_picked":["Wild Strike","Uppercut"],"picked":"Heavy Blade","floor":14.0},{"not_picked":["Brutality","Limit Break"],"picked":"Barricade","floor":16.0},{"not_picked":["Perfected Strike","Shockwave"],"picked":"Fire Breathing","floor":18.0},{"not_picked":["Anger","Clash"],"picked":"Dropkick","floor":20.0},{"not_picked":["Second Wind","Thunderclap+1"],"picked":"Dual Wield","floor":22.0},{"not_picked":["Wild Strike","Twin Strike+1"],"picked":"Fiend Fire","floor":23.0},{"not_picked":["Bloodletting+1","Dual Wield","Blood for Blood"],"picked":"SKIP","floor":25.0},{"not_picked":["Warcry","Thunderclap+1"],"picked":"Uppercut+1","floor":31.0},{"not_picked":["Offering","Impervious"],"picked":"Demon Form","floor":33},{"not_picked":["Rupture+1","Clothesline+1"],"picked":"Pommel Strike+1","floor":35},{"not_picked":["Warcry+1","Sword Boomerang+1"],"picked":"Burning Pact+1","floor":37}],"player_experience":993735,"relics_obtained":[{"floor":9.0,"key":"Pantograph"},{"floor":13.0,"key":"Blue Candle"},{"floor":14.0,"key":"StoneCalendar"},{"floor":23.0,"key":"Strawberry"},{"floor":26.0,"key":"Eternal Feather"}],"event_choices":[{"damage_healed":0.0,"max_hp_gain":0.0,"max_hp_loss":0.0,"gold_gain":0.0,"event_name":"The Cleric","player_choice":"Leave","floor":2.0,"gold_loss":0.0,"damage_taken":0.0},{"damage_healed":0.0,"max_hp_gain":0.0,"max_hp_loss":0.0,"gold_gain":30.0,"event_name":"Dead Adventurer","player_choice":"Searched \u00272\u0027 times","floor":13.0,"gold_loss":0.0,"damage_taken":0.0},{"cards_removed":["Anger"],"damage_healed":5.0,"max_hp_gain":0.0,"max_hp_loss":0.0,"gold_gain":0.0,"event_name":"Bonfire Elementals","player_choice":"Offered Common","floor":19.0,"gold_loss":0.0,"damage_taken":0.0},{"cards_removed":["Anger"],"damage_healed":5.0,"max_hp_gain":0.0,"max_hp_loss":0.0,"gold_gain":0.0,"event_name":"Bonfire Elementals","player_choice":"Offered Special","floor":19.0,"gold_loss":0.0,"damage_taken":0.0},{"damage_healed":0.0,"max_hp_gain":0.0,"max_hp_loss":0.0,"gold_gain":0.0,"cards_transformed":["Strike_R","Strike_R"],"event_name":"Drug Dealer","player_choice":"Became Test Subject","floor":28.0,"gold_loss":0.0,"damage_taken":0.0,"cards_obtained":["Bludgeon","Searing Blow"]},{"cards_removed":["Searing Blow"],"damage_healed":0.0,"max_hp_gain":0.0,"max_hp_loss":0.0,"gold_gain":0.0,"event_name":"Beggar","player_choice":"Gave Gold","floor":30.0,"gold_loss":75.0,"damage_taken":0.0},{"damage_healed":0,"gold_gain":0,"player_choice":"Took Portal","damage_taken":0,"max_hp_gain":0,"max_hp_loss":0,"event_name":"SecretPortal","floor":39,"gold_loss":0}],"is_beta":false,"boss_relics":[{"not_picked":["Black Star","Coffee Dripper"],"picked":"Velvet Choker"},{"not_picked":["Snecko Eye","Empty Cage"],"picked":"Black Blood"}],"items_purged_floors":[38],"is_endless":false,"potions_floor_spawned":[14,16,18,22,23],"killed_by":"Time Eater","ascension_level":10}}