{"host":"jt67skv49snb75sm","time":1613944483,"event":{"mods":["BaseMod","Bestiary","Minty Spire (QoL Compilation)","Relic Stats"],"gold_per_floor":[111,36,36,52,17,17,27,27,27,55,66,98,58,70,70,70,70],"floor_reached":16,"language":"ENG","playtime":701,"items_purged":["Normality"],"score":220,"play_id":"ceaa0193-ac07-4d5c-a090-070546eadcbf","local_time":"20210221225443","is_ascension_mode":true,"campfire_choices":[{"data":"Sucker Punch","floor":6.0,"key":"SMITH"},{"data":"Deadly Poison","floor":8.0,"key":"SMITH"},{"floor":15,"key":"REST"}],"circlet_count":0,"master_deck":["AscendersBane","Strike_G","Strike_G","Strike_G","Strike_G","Defend_G","Defend_G","Defend_G","Defend_G","Defend_G","Survivor","Neutralize","Cloak And Dagger","Sucker Punch+1","Deadly Poison+1","Burst","Sucker Punch","Cloak And Dagger","Bouncing Flask","Blur"],"relics":["Ring of the Snake","The Specimen","Gremlin Horn","Incense Burner","Bag of Marbles"],"acts_visited":["Exordium"],"potions_floor_usage":[12,16],"damage_taken":[{"damage":10.0,"enemies":"Jaw Worm","floor":1.0,"turns":5.0},{"damage":0.0,"enemies":"Small Slimes","floor":4.0,"turns":5.0},{"damage":0.0,"enemies":"Cultist","floor":7.0,"turns":6.0},{"damage":23.0,"enemies":"3 Sentries","floor":10.0,"turns":9.0},{"damage":0.0,"enemies":"2 Fungi Beasts","floor":11.0,"turns":4.0},{"damage":45,"enemies":"Gremlin Nob","floor":12,"turns":5},{"damage":0,"enemies":"Lots of Slimes","floor":14,"turns":4},{"damage":27,"enemies":"Slime Boss","floor":16,"turns":10}],"seed_played":"-4800852133138569373","potions_obtained":[{"floor":1.0,"key":"Poison Potion"},{"floor":4.0,"key":"Regen Potion"},{"floor":14,"key":"Swift Potion"}],"is_trial":false,"path_per_floor":["M","$","?","M","?","R","M","R","T","E","M","E","$","M","R","B"],"character_chosen":"THE_SILENT","items_purchased":["Bouncing Flask"],"campfire_rested":1,"item_purchase_floors":[13],"current_hp_per_floor":[49,49,42,42,58,58,58,58,58,35,35,5,5,5,24,0,0],"gold":70,"neow_bonus":"ONE_RARE_RELIC","is_daily":false,"chose_seed":false,"campfire_upgraded":2,"win_rate":0.0,"timestamp":1613944483,"path_taken":["M","$","?","M","?","R","M","R","T","E","M","E","?","M","R","BOSS"],"items_purchased_type":["Card"],"build_version":"2020-12-22","purchased_purges":1,"victory":false,"max_hp_per_floor":[66,66,66,66,66,66,66,66,66,66,66,66,66,66,66,66,66],"relic_stats":{"Gremlin Horn":[9,9],"counters":[8,48],"obtain_stats":[{"The Specimen":0,"Gremlin Horn":9,"Incense Burner":10,"Bag of Marbles":12,"Ring of the Snake":0},{"The Specimen":0,"Gremlin Horn":3,"Incense Burner":4,"Bag of Marbles":6,"Ring of the Snake":0},{"The Specimen":0,"Gremlin Horn":16,"Incense Burner":25,"Bag of Marbles":34,"Ring of the Snake":0}],"Ring of the Snake":[16]},"card_choices":[{"not_picked":["Deflect","PiercingWail"],"picked":"Cloak And Dagger","floor":1.0},{"not_picked":["Well Laid Plans","Slice"],"picked":"Sucker Punch","floor":4.0},{"not_picked":["Quick Slash","Eviscerate"],"picked":"Deadly Poison","floor":7.0},{"not_picked":["Eviscerate","Expertise"],"picked":"Burst","floor":10.0},{"not_picked":["Dodge and Roll","Acrobatics"],"picked":"Sucker Punch","floor":11.0},{"not_picked":["Calculated Gamble","Eviscerate"],"picked":"Cloak And Dagger","floor":12},{"not_picked":["Backflip","Expertise"],"picked":"Blur","floor":14}],"player_experience":865551,"relics_obtained":[{"floor":9.0,"key":"Gremlin Horn"},{"floor":10.0,"key":"Incense Burner"},{"floor":12,"key":"Bag of Marbles"}],"event_choices":[{"cards_removed":["Strike_G"],"damage_healed":0.0,"max_hp_gain":0.0,"max_hp_loss":0.0,"gold_gain":0.0,"event_name":"Golden Wing","player_choice":"Card Removal","floor":3.0,"gold_loss":0.0,"damage_taken":7.0},{"damage_healed":16.0,"max_hp_gain":0.0,"max_hp_loss":0.0,"gold_gain":0.0,"event_name":"The Cleric","player_choice":"Healed","floor":5.0,"gold_loss":35.0,"damage_taken":0.0}],"is_beta":false,"boss_relics":[],"items_purged_floors":[2],"is_endless":false,"potions_floor_spawned":[1,4,14],"killed_by":"Slime Boss","ascension_level":20}}