{"host":"iv24d026eac8pm4e","time":1613904705,"event":{"mods":["BaseMod","Minty Spire (QoL Compilation)"],"gold_per_floor":[109,128,144,163,163,163,238,238,263,413,443,443,455,19,19,94,94,111,67,87,103,28,28,28],"floor_reached":23,"language":"ENG","playtime":927,"items_purged":["Strike_G"],"score":386,"play_id":"17a4b7b7-cd9e-431d-bd0a-de51ab323618","local_time":"20210221025145","is_ascension_mode":true,"campfire_choices":[{"data":"Blade Dance","floor":6,"key":"SMITH"},{"floor":8,"key":"REST"},{"floor":12,"key":"REST"},{"data":"Accuracy","floor":15,"key":"SMITH"}],"circlet_count":0,"master_deck":["AscendersBane","Strike_G","Strike_G","Strike_G","Defend_G","Defend_G","Defend_G","Defend_G","Defend_G","Survivor","Neutralize","Finisher","Accuracy+1","Blade Dance+1","Blur","Blade Dance","Cloak And Dagger","Accuracy","Malaise","Blur","Backflip","Sucker Punch+1","PiercingWail+1"],"relics":["Ring of the Snake","Incense Burner","Orichalcum","Centennial Puzzle","Ornamental Fan","Cursed Key"],"acts_visited":["Exordium","TheCity"],"potions_floor_usage":[11,13,19,23],"damage_taken":[{"damage":5,"enemies":"Small Slimes","floor":1,"turns":8},{"damage":2,"enemies":"Jaw Worm","floor":2,"turns":4},{"damage":1,"enemies":"2 Louse","floor":3,"turns":4},{"damage":5,"enemies":"Red Slaver","floor":4,"turns":4},{"damage":22,"enemies":"3 Sentries","floor":11,"turns":7},{"damage":7,"enemies":"Lots of Slimes","floor":13,"turns":3},{"damage":8,"enemies":"The Guardian","floor":16,"turns":11},{"damage":5,"enemies":"Shell Parasite","floor":18,"turns":6},{"damage":0,"enemies":"2 Thieves","floor":19,"turns":5},{"damage":19,"enemies":"3 Cultists","floor":20,"turns":5},{"damage":8,"enemies":"Snecko","floor":21,"turns":5},{"damage":29,"enemies":"Slavers","floor":23,"turns":5}],"seed_played":"881866355368591106","potions_obtained":[{"floor":4,"key":"PowerPotion"},{"floor":11,"key":"DuplicationPotion"},{"floor":13,"key":"Explosive Potion"},{"floor":19,"key":"Weak Potion"},{"floor":20,"key":"Fire Potion"}],"is_trial":false,"path_per_floor":["M","M","M","M","?","R","?","R","T","?","E","R","M","$","R","B",null,"M","M","M","M","?","E"],"character_chosen":"THE_SILENT","items_purchased":["Accuracy","Ornamental Fan"],"campfire_rested":2,"item_purchase_floors":[14,14],"current_hp_per_floor":[39,37,36,31,24,24,13,32,32,32,10,29,22,22,22,14,53,48,48,29,21,21,0,0],"gold":28,"neow_bonus":"ONE_RARE_RELIC","is_daily":false,"chose_seed":false,"campfire_upgraded":2,"win_rate":0.0,"timestamp":1613904705,"path_taken":["M","M","M","M","?","R","?","R","T","?","E","R","?","$","R","BOSS","M","M","M","M","?","E"],"items_purchased_type":["Card","Relic"],"build_version":"2020-12-22","purchased_purges":1,"victory":false,"max_hp_per_floor":[66,66,66,66,66,66,66,66,66,66,66,66,66,66,66,66,66,66,66,66,66,66,66,66],"card_choices":[{"not_picked":["Outmaneuver","Dagger Throw"],"picked":"Finisher","floor":1},{"not_picked":["Deadly Poison","Crippling Poison"],"picked":"Accuracy","floor":2},{"not_picked":["Poisoned Stab","Escape Plan"],"picked":"Blade Dance","floor":3},{"not_picked":["Deadly Poison","Backflip"],"picked":"Blur","floor":4},{"not_picked":["Malaise","Deflect"],"picked":"Blade Dance","floor":11},{"not_picked":["Flechettes","Poisoned Stab"],"picked":"Cloak And Dagger","floor":13},{"not_picked":["Adrenaline","Night Terror"],"picked":"Malaise","floor":16},{"not_picked":["Underhanded Strike","Prepared"],"picked":"Blur","floor":18},{"not_picked":["Expertise+1","Eviscerate+1"],"picked":"Backflip","floor":19},{"not_picked":["Flying Knee","Deadly Poison"],"picked":"Sucker Punch+1","floor":20},{"not_picked":["Acrobatics","Slice+1"],"picked":"PiercingWail+1","floor":21}],"player_experience":2550075,"relics_obtained":[{"floor":9,"key":"Orichalcum"},{"floor":11,"key":"Centennial Puzzle"}],"event_choices":[{"cards_removed":["Strike_G"],"damage_healed":0,"gold_gain":0,"player_choice":"Card Removal","damage_taken":7,"max_hp_gain":0,"max_hp_loss":0,"event_name":"Golden Wing","floor":5,"gold_loss":0},{"damage_healed":0,"gold_gain":75,"player_choice":"Gather Gold","damage_taken":11,"max_hp_gain":0,"max_hp_loss":0,"event_name":"World of Goop","floor":7,"gold_loss":0},{"damage_healed":0,"gold_gain":150,"player_choice":"AGREE","damage_taken":0,"max_hp_gain":0,"max_hp_loss":0,"event_name":"Liars Game","floor":10,"gold_loss":0,"cards_obtained":["Doubt"]},{"cards_removed":["Doubt"],"damage_healed":0,"gold_gain":0,"player_choice":"Gave Gold","damage_taken":0,"max_hp_gain":0,"max_hp_loss":0,"event_name":"Beggar","floor":22,"gold_loss":75}],"is_beta":false,"boss_relics":[{"not_picked":["WristBlade","Snecko Eye"],"picked":"Cursed Key"}],"items_purged_floors":[14],"is_endless":false,"potions_floor_spawned":[4,11,13,19,20],"killed_by":"Slavers","ascension_level":20}}