{"host":"hqxy2g3i5ker09hc","time":1613876937,"event":{"mods":["2.2 Compatiblity","AlwaysNeverKeys","Aspiration","BaseMod","Beaked The Cultist","Better Match","Better Note","Better Sensory Stone","Better Silent Start","Better Third Choice","Better-Laid Plans","CCEM2","CatGirl Mod","Chen","Conspire","Downfall","GifTheSpireLib","Gold Saver","Gremlin Mod","Hubris","Ironclad Rager","Jorbs\u0027s Wanderer Trilogy","Minty Spire (QoL Compilation)","MostiFishMod","Permanent Neow","Quarter Circle Forward PUNCH!","Quick Restart","Replay The Spire","Shop Mod","Small Relic Pack","Spikes Relics","StSLib","Stuff the Spire","The Animator","The Bug Knight","The Forsaken","The Wild Card"],"gold_per_floor":[1080,1080,351,365,72,72,106,106,174,174,185,185,195,250,250,345,345,364,381,490,490,490,490,503,463,463,482,434,444,444,122,122,217,217,233,310,310,11,27,40,40,90,90,90,9,20,20,40,40,40,40,40,40,73,73],"floor_reached":56,"language":"ENG","playtime":5961,"items_purged":[],"score":1093,"play_id":"7baa1bff-cfd0-4159-a31a-33949571072b","local_time":"20210221040857","is_ascension_mode":false,"campfire_choices":[{"data":"Gremlin:ShowOfHands","floor":6.0,"key":"SMITH"},{"data":"Gremlin:GremlinDance","floor":10.0,"key":"SMITH"},{"data":"Gremlin:Whiz","floor":12.0,"key":"SMITH"},{"floor":15.0,"key":"REST"},{"data":"Gremlin:Scatter","floor":23.0,"key":"SMITH"},{"data":"Gremlin:Revel","floor":30.0,"key":"SMITH"},{"floor":49.0,"key":"DIG"},{"floor":52,"key":"DIG"}],"circlet_count":0,"master_deck":["Gremlin:Strike+1","Gremlin:Strike+1","Gremlin:Strike+1","Gremlin:Strike+1","Gremlin:Defend+1","Gremlin:Defend+1","Gremlin:Defend+1","Gremlin:Defend+1","Gremlin:TagTeam+1","Gremlin:GremlinDance+1","Gremlin:ShowOfHands+1","Gremlin:Exacerbate+1","Gremlin:Irritability+1","Gremlin:MakeshiftArmor+1","Gremlin:ShowOfHands+1","Gremlin:Patsy+1","Gremlin:Whiz+1","Gremlin:Nob+1","Gremlin:Wizardry+1","Gremlin:CongaLine+1","Gremlin:Revel+1","Gremlin:Heckle+1","Gremlin:BulkUp+1","Gremlin:Scatter+1","Gremlin:InfiniteBlocks+1","Gremlin:Revel+1","Gremlin:BulkUp+1","Gremlin:Enthusiasm+1","Gremlin:Necromancy+1","Gremlin:Dazzle+1","Gremlin:BulkUp+1","Gremlin:Pretaliation+1","Gremlin:Changeo+1","Gremlin:ArmsTheft+1","Parasite","Gremlin:BulkUp+1","Gremlin:FairyDust+1"],"relics":["Gremlin:GremlinKnob","DaveBox","DSteel32","SynthV:TestCard","Happy Flower","Iron Hammer","Oddly Smooth Stone","SnailShell","ReplayTheSpireMod:TigerMarble","GiantMaggot","Bag of Marbles","Velvet Choker","StuffTheSpire:OldFever","GremlinMask","qcfpunch:Handcuffs","CCEMRelics:WrappedPresent","qcfpunch:Lotus_Statue","RhineCircuit","ReplayTheSpireMod:Shallot","Matryoshka","Replay:Multitool","CCEMRelics:BundleOfDynamite","Lizard Tail","hubris:Towel","CCEMRelics:OverlyComfyChair","beaked:ShinyBauble","Lantern"],"acts_visited":["Exordium","TheCity","TheBeyond","TheEnding"],"potions_floor_usage":[55],"damage_taken":[{"damage":3.0,"enemies":"Small Slimes","floor":1.0,"turns":4.0},{"damage":0.0,"enemies":"Cultist","floor":4.0,"turns":4.0},{"damage":12.0,"enemies":"Gremlin Nob","floor":7.0,"turns":4.0},{"damage":0.0,"enemies":"2 Louse","floor":11.0,"turns":2.0},{"damage":0.0,"enemies":"Looter","floor":13.0,"turns":2.0},{"damage":6.0,"enemies":"Gremlin Nob","floor":14.0,"turns":5.0},{"damage":0.0,"enemies":"Slime Boss","floor":16.0,"turns":7.0},{"damage":0.0,"enemies":"Chosen","floor":18.0,"turns":4.0},{"damage":0.0,"enemies":"Shell Parasite","floor":19.0,"turns":4.0},{"damage":11.0,"enemies":"Cultist and Chosen","floor":24.0,"turns":7.0},{"damage":0.0,"enemies":"Snake Plant","floor":27.0,"turns":4.0},{"damage":0.0,"enemies":"conspire:HollyBat","floor":29.0,"turns":6.0},{"damage":0.0,"enemies":"conspire:MysteriousRune","floor":33.0,"turns":11.0},{"damage":0.0,"enemies":"Orb Walker","floor":35.0,"turns":5.0},{"damage":0.0,"enemies":"3 Darklings","floor":39.0,"turns":6.0},{"damage":0.0,"enemies":"Spire Growth","floor":40.0,"turns":5.0},{"damage":0.0,"enemies":"Mind Bloom Boss Battle","floor":42.0,"turns":7.0},{"damage":0.0,"enemies":"Jaw Worm Horde","floor":46.0,"turns":6.0},{"damage":0.0,"enemies":"Writhing Mass","floor":48.0,"turns":6.0},{"damage":0.0,"enemies":"Replay:Hell Engine","floor":50.0,"turns":10.0},{"damage":5,"enemies":"Shield and Spear","floor":54,"turns":8},{"damage":58,"enemies":"The Heart","floor":55,"turns":13}],"seed_played":"1538516330179885946","potions_obtained":[{"floor":7.0,"key":"FearPotion"},{"floor":11.0,"key":"sneckomod:MuddlingPotion"},{"floor":14.0,"key":"Block Potion"},{"floor":16.0,"key":"Weak Potion"},{"floor":19.0,"key":"Elixir"},{"floor":42.0,"key":"SmokeBomb"}],"is_trial":false,"path_per_floor":["M","?","$","M","$","R","E","?","T","R","M","R","M","?","R","B",null,"M","M","?","?","?","R","M","?","T","M","$","M","R","$","R","B",null,"M","T","?","$","M","M","R","?","T","R","$","M","R","M","R","B",null,"R","$","E","B",null],"character_chosen":"GREMLIN","items_purchased":["Happy Flower","Iron Hammer","Gremlin:Exacerbate","Gremlin:Irritability","Gremlin:MakeshiftArmor","Gremlin:ShowOfHands","Oddly Smooth Stone","SnailShell","Energy Potion","CCEMRelics:WrappedPresent","Gremlin:Enthusiasm","Matryoshka","Gremlin:BulkUp","Gremlin:ArmsTheft"],"campfire_rested":1,"item_purchase_floors":[3,3,3,3,3,3,5,5,28,31,31,38,38,45],"current_hp_per_floor":[17,17,17,20,20,20,12,12,12,12,12,12,12,6,12,12,20,20,20,12,12,12,12,20,20,20,20,20,20,20,21,21,21,21,21,21,21,21,21,21,20,20,20,19,19,19,19,19,19,19,19,19,19,19,14],"gold":73,"neow_bonus":"HUNDRED_GOLD","is_daily":false,"chose_seed":false,"campfire_upgraded":5,"win_rate":0.0,"timestamp":1613876937,"path_taken":["M","?","$","?","?","R","E","?","T","R","M","R","?","?","R","BOSS","M","M","?","?","?","R","?","?","T","M","$","?","R","$","R","BOSS","M","?","?","$","M","M","R","?","T","R","$","M","R","M","R","BOSS","R","$","E","BOSS"],"items_purchased_type":["Relic","Relic","Card","Card","Card","Card","Relic","Relic","Potion","Relic","Card","Relic","Card","Card"],"build_version":"2020-12-22","purchased_purges":0,"victory":true,"max_hp_per_floor":[20,20,20,20,20,20,20,20,20,20,20,20,20,20,20,20,20,20,20,20,20,20,20,20,20,20,20,20,20,20,21,21,21,21,21,21,21,21,21,21,20,20,20,19,19,19,19,19,19,19,19,19,19,19,19],"card_choices":[{"not_picked":["Gremlin:Tadah","Gremlin:BurlyBlow"],"picked":"Gremlin:ShowOfHands","floor":1.0},{"not_picked":["Gremlin:Tadah","Gremlin:PourSalt","Gremlin:Pinprick","Gremlin:CatScratch","Gremlin:Rhythm"],"picked":"SKIP","floor":4.0},{"not_picked":["Gremlin:Erupt","Gremlin:DaggerDance","Gremlin:Pinprick","Gremlin:Glimmer"],"picked":"Gremlin:Patsy","floor":7.0},{"not_picked":["Gremlin:DaggerDance","Gremlin:Presto","Gremlin:Patsy","Gremlin:Tadah"],"picked":"Gremlin:Whiz","floor":11.0},{"not_picked":["Gremlin:GremlinArms","Gremlin:PourSalt","Gremlin:GlitterGuard","Gremlin:Patsy"],"picked":"Gremlin:Nob","floor":13.0},{"not_picked":["Gremlin:AggressiveDefense","Gremlin:BubbleBarrier","Gremlin:PourSalt","Gremlin:Presto"],"picked":"Gremlin:Wizardry","floor":14.0},{"not_picked":["Gremlin:Necromancy","Gremlin:Exacerbate","Gremlin:Unforgiving","Gremlin:TargetWeakness"],"picked":"Gremlin:CongaLine","floor":16.0},{"not_picked":["Gremlin:ProperTools","Gremlin:CatScratch","Gremlin:GremlinMeal","Gremlin:Mockery"],"picked":"Gremlin:Revel+1","floor":18.0},{"not_picked":["Gremlin:Jeer","Gremlin:ToeStub","Gremlin:Patsy+1","Gremlin:Irritability+1"],"picked":"Gremlin:Heckle","floor":19.0},{"not_picked":["Gremlin:CounterStrike","Gremlin:Patsy+1","Gremlin:Pinprick","Gremlin:FeelTheAudience"],"picked":"Gremlin:BulkUp","floor":20.0},{"not_picked":["Gremlin:Duplicate","Gremlin:GremlinToss+1","Gremlin:ShowOfHands+1","Gremlin:Pinprick"],"picked":"Gremlin:Scatter","floor":20.0},{"not_picked":["Gremlin:Pretaliation","Gremlin:Tadah","Gremlin:Patsy","Gremlin:ShowOfHands"],"picked":"Gremlin:InfiniteBlocks+1","floor":24.0},{"not_picked":["Gremlin:BubbleBarrier","Gremlin:Irritability","Gremlin:Unforgiving","Gremlin:IrksomeBlow+1"],"picked":"Gremlin:Revel","floor":27.0},{"not_picked":["Gremlin:Tricksy","Gremlin:Polish","Gremlin:Presto+1","Gremlin:ShankStone"],"picked":"Gremlin:BulkUp+1","floor":29.0},{"not_picked":["Gremlin:SecondVolley","Gremlin:Unforgiving","Gremlin:FairyDust","Gremlin:Nob"],"picked":"Gremlin:Necromancy","floor":33.0},{"not_picked":["Gremlin:BulkUp","Gremlin:InfiniteBlocks","Gremlin:Tricksy+1","Gremlin:ShowOfHands"],"picked":"Gremlin:Dazzle","floor":35.0},{"not_picked":["Gremlin:FollowThrough+1","Gremlin:Patsy","Gremlin:Glimmer+1","Gremlin:Irritability+1"],"picked":"Gremlin:Pretaliation+1","floor":39.0},{"not_picked":["Gremlin:Unforgiving","Gremlin:GremlinMeal+1","Gremlin:BulkUp+1","Gremlin:GremlinArms"],"picked":"Gremlin:Changeo+1","floor":40.0},{"not_picked":["Gremlin:GremlinArms+1","Gremlin:MakeshiftArmor","Gremlin:SecondVolley","Gremlin:GremlinOffensive","Gremlin:Tadah+1"],"picked":"SKIP","floor":46.0},{"not_picked":["Gremlin:Duplicate","Gremlin:TwistTheKnife+1","Gremlin:Pretaliation+1","Gremlin:PourSalt"],"picked":"Gremlin:BulkUp+1","floor":48.0},{"not_picked":["Gremlin:Tricksy","Gremlin:GremlinArms+1","Gremlin:Glimmer+1","Gremlin:ShowOfHands"],"picked":"Gremlin:FairyDust","floor":54}],"player_experience":731513,"relics_obtained":[{"floor":1.0,"key":"SynthV:TestCard"},{"floor":7.0,"key":"ReplayTheSpireMod:TigerMarble"},{"floor":9.0,"key":"GiantMaggot"},{"floor":14.0,"key":"Bag of Marbles"},{"floor":20.0,"key":"StuffTheSpire:OldFever"},{"floor":26.0,"key":"qcfpunch:Handcuffs"},{"floor":31.0,"key":"qcfpunch:Lotus_Statue"},{"floor":36.0,"key":"ReplayTheSpireMod:Shallot"},{"floor":42.0,"key":"Replay:Multitool"},{"floor":43.0,"key":"CCEMRelics:BundleOfDynamite"},{"floor":43.0,"key":"Lizard Tail"},{"floor":49.0,"key":"CCEMRelics:OverlyComfyChair"},{"floor":52,"key":"beaked:ShinyBauble"},{"floor":54,"key":"Lantern"}],"event_choices":[{"damage_healed":0.0,"max_hp_gain":0.0,"max_hp_loss":0.0,"gold_gain":0.0,"event_name":"betterNote:BetterNote","player_choice":"Ignored","floor":2.0,"gold_loss":0.0,"damage_taken":0.0,"cards_obtained":["Defend_G"]},{"damage_healed":0.0,"max_hp_gain":0.0,"max_hp_loss":0.0,"gold_gain":0.0,"event_name":"Accursed Blacksmith","player_choice":"Forge","floor":8.0,"gold_loss":0.0,"damage_taken":0.0,"cards_upgraded":["Gremlin:ShowOfHands"]},{"damage_healed":0.0,"max_hp_gain":0.0,"max_hp_loss":0.0,"gold_gain":30.0,"event_name":"Dead Adventurer","player_choice":"Searched \u00272\u0027 times","floor":14.0,"gold_loss":0.0,"damage_taken":0.0},{"damage_healed":0.0,"max_hp_gain":0.0,"max_hp_loss":0.0,"gold_gain":0.0,"event_name":"FaceTrader","player_choice":"Trade","floor":22.0,"gold_loss":0.0,"damage_taken":0.0,"relics_obtained":["GremlinMask"]},{"damage_healed":0.0,"max_hp_gain":0.0,"max_hp_loss":0.0,"gold_gain":0.0,"event_name":"Designer","player_choice":"Upgraded Two","floor":25.0,"gold_loss":40.0,"damage_taken":0.0,"cards_upgraded":["Gremlin:Defend","Gremlin:BulkUp"]},{"damage_healed":0.0,"max_hp_gain":0.0,"max_hp_loss":0.0,"gold_gain":0.0,"event_name":"MindBloom","player_choice":"Fight","floor":42.0,"gold_loss":0.0,"damage_taken":0.0}],"is_beta":false,"boss_relics":[{"not_picked":["FeatherPendant","BloodWine"],"picked":"Velvet Choker"},{"not_picked":["aspiration:PoetsPen_weak","ReplayTheSpireMod:DimensionalGlitch"],"picked":"RhineCircuit"}],"items_purged_floors":[],"is_endless":false,"potions_floor_spawned":[7,11,14,16,19,33,35,40,42,48],"ascension_level":0}}