{"host":"or8fr2mp0k3eluj8","time":1613924788,"event":{"mods":["AchievementEnabler","BaseMod","Colored Map","DeckTracker","Keyboard Shortcuts","Minty Spire (QoL Compilation)","StSLib","SuperFastMode","everything is the same but u backflip on backflip"],"gold_per_floor":[112,129,142,155,174,174,194,228,278,309,334,121,121,121,121,217,217,237,137,149,169,169,194,194,206,251,285,385,385,385],"floor_reached":29,"language":"KOR","playtime":964,"items_purged":["Strike_G","Strike_G"],"score":348,"play_id":"bf31388d-0d9c-4363-a3c4-4ace1cbdb6b1","local_time":"20210222012628","is_ascension_mode":true,"campfire_choices":[{"data":"Bouncing Flask","floor":6,"key":"SMITH"},{"floor":13,"key":"REST"},{"data":"Neutralize","floor":15,"key":"SMITH"},{"floor":24,"key":"REST"}],"circlet_count":0,"master_deck":["Strike_G","Strike_G","Strike_G","Defend_G","Defend_G","Defend_G","Defend_G","Defend_G","Survivor","Neutralize+1","Corpse Explosion","Backflip","Bouncing Flask+1","PiercingWail","After Image","Ghostly","Ghostly","Ghostly","Ghostly","Ghostly"],"relics":["Ring of the Snake","Toy Ornithopter","MawBank","Strawberry","Happy Flower","Sozu","Mummified Hand","Tiny Chest","Incense Burner","Ornamental Fan"],"acts_visited":["Exordium","TheCity"],"potions_floor_usage":[8,16,29],"damage_taken":[{"damage":0,"enemies":"Cultist","floor":1,"turns":4},{"damage":0,"enemies":"2 Louse","floor":2,"turns":3},{"damage":2,"enemies":"Small Slimes","floor":3,"turns":3},{"damage":7,"enemies":"Exordium Thugs","floor":4,"turns":5},{"damage":14,"enemies":"Blue Slaver","floor":5,"turns":4},{"damage":13,"enemies":"Lots of Slimes","floor":7,"turns":2},{"damage":10,"enemies":"3 Sentries","floor":8,"turns":4},{"damage":17,"enemies":"Exordium Thugs","floor":10,"turns":3},{"damage":0,"enemies":"2 Fungi Beasts","floor":11,"turns":3},{"damage":15,"enemies":"The Guardian","floor":16,"turns":10},{"damage":11,"enemies":"3 Byrds","floor":18,"turns":3},{"damage":2,"enemies":"Chosen","floor":20,"turns":5},{"damage":8,"enemies":"Snake Plant","floor":21,"turns":4},{"damage":22,"enemies":"Book of Stabbing","floor":23,"turns":9},{"damage":0,"enemies":"Centurion and Healer","floor":25,"turns":5},{"damage":9,"enemies":"Slavers","floor":27,"turns":6},{"damage":2,"enemies":"Colosseum Slavers","floor":28,"turns":5},{"damage":4,"enemies":"Colosseum Nobs","floor":28,"turns":5},{"damage":18,"enemies":"Chosen and Byrds","floor":29,"turns":8}],"seed_played":"-657375472266179799","potions_obtained":[{"floor":3,"key":"Swift Potion"},{"floor":4,"key":"Block Potion"},{"floor":5,"key":"Block Potion"},{"floor":11,"key":"Weak Potion"},{"floor":16,"key":"Dexterity Potion"}],"is_trial":false,"path_per_floor":["M","M","M","M","M","R","M","E","T","M","M","$","R","?","R","B",null,"M","$","M","M","?","E","R","M","T","E","?","M"],"character_chosen":"THE_SILENT","items_purchased":["Strawberry"],"campfire_rested":2,"item_purchase_floors":[12],"current_hp_per_floor":[70,70,68,61,47,47,34,24,24,7,7,14,37,37,37,27,77,66,66,64,56,38,16,27,27,27,18,12,0,0],"gold":385,"neow_bonus":"ONE_RANDOM_RARE_CARD","is_daily":false,"chose_seed":false,"campfire_upgraded":2,"win_rate":0.0,"timestamp":1613924788,"path_taken":["M","M","M","?","M","R","?","E","T","M","M","?","R","?","R","BOSS","M","?","M","M","?","E","R","M","T","E","?","M"],"items_purchased_type":["Relic"],"build_version":"2020-12-22","purchased_purges":2,"victory":false,"max_hp_per_floor":[70,70,70,70,70,70,70,70,70,70,70,77,77,77,77,77,77,77,77,77,77,38,38,38,38,38,38,38,38,38],"card_choices":[{"not_picked":["Prepared","Finisher","Riddle With Holes"],"picked":"SKIP","floor":1},{"not_picked":["Endless Agony","Predator"],"picked":"Backflip","floor":2},{"not_picked":["Flechettes","Choke"],"picked":"Bouncing Flask","floor":3},{"not_picked":["Underhanded Strike","Acrobatics","Backflip"],"picked":"SKIP","floor":4},{"not_picked":["Prepared","Tactician","Blade Dance"],"picked":"SKIP","floor":5},{"not_picked":["Backflip","Underhanded Strike"],"picked":"PiercingWail","floor":7},{"not_picked":["Envenom","Distraction","Endless Agony"],"picked":"SKIP","floor":8},{"not_picked":["Blade Dance","Infinite Blades","Distraction"],"picked":"SKIP","floor":10},{"not_picked":["Flying Knee","Dagger Spray","Blade Dance"],"picked":"SKIP","floor":11},{"not_picked":["Storm of Steel","Envenom"],"picked":"After Image","floor":16},{"not_picked":["Concentrate","Blade Dance","Flying Knee"],"picked":"SKIP","floor":18},{"not_picked":["Dagger Throw","Sucker Punch","Underhanded Strike"],"picked":"SKIP","floor":20},{"not_picked":["Bane","Blade Dance","Dash+1"],"picked":"SKIP","floor":21},{"not_picked":["Calculated Gamble","Poisoned Stab","Backflip"],"picked":"SKIP","floor":23},{"not_picked":["Prepared","Blade Dance+1","Flying Knee"],"picked":"SKIP","floor":25},{"not_picked":["Riddle With Holes+1","Venomology","Quick Slash"],"picked":"SKIP","floor":27}],"player_experience":431865,"relics_obtained":[{"floor":8,"key":"Toy Ornithopter"},{"floor":9,"key":"MawBank"},{"floor":23,"key":"Mummified Hand"},{"floor":27,"key":"Tiny Chest"},{"floor":28,"key":"Incense Burner"},{"floor":28,"key":"Ornamental Fan"}],"event_choices":[{"damage_healed":0,"gold_gain":0,"player_choice":"Gave Potion","damage_taken":0,"relics_obtained":["Happy Flower"],"max_hp_gain":0,"max_hp_loss":0,"event_name":"WeMeetAgain","floor":14,"gold_loss":0},{"damage_healed":0,"gold_gain":0,"player_choice":"Became a Ghost","damage_taken":0,"max_hp_gain":0,"max_hp_loss":39,"event_name":"Ghosts","floor":22,"gold_loss":0,"cards_obtained":["Ghostly","Ghostly","Ghostly","Ghostly","Ghostly"]},{"damage_healed":0,"gold_gain":0,"player_choice":"Fight","damage_taken":0,"max_hp_gain":0,"max_hp_loss":0,"event_name":"Colosseum","floor":28,"gold_loss":0},{"damage_healed":0,"gold_gain":0,"player_choice":"Fought Nobs","damage_taken":0,"max_hp_gain":0,"max_hp_loss":0,"event_name":"Colosseum","floor":28,"gold_loss":0}],"is_beta":false,"boss_relics":[{"not_picked":["Coffee Dripper","Fusion Hammer"],"picked":"Sozu"}],"items_purged_floors":[12,19],"is_endless":false,"potions_floor_spawned":[3,4,5,7,11,16,23,27,28],"killed_by":"Chosen and Byrds","ascension_level":2}}