{"host":"1y3caoxlf2txzqg0","time":1613869127,"event":{"mods":["Alarm Clock","BaseMod","Colored Map","DeckTracker","Downfall","GifTheSpireLib","Minty Spire (QoL Compilation)","Rare Cards Sparkle","Relic Stats","Spire Birthday Party","StSLib"],"gold_per_floor":[99,99,8,20,35,35,35,60,80,91,91,109,70,124,136,136,136,136],"floor_reached":16,"language":"DEU","playtime":1395,"items_purged":[],"score":117,"play_id":"7a900cee-2f6a-4bc5-bd3b-427c97da355d","local_time":"20210221015847","is_ascension_mode":true,"campfire_choices":[{"floor":1,"key":"RECALL"},{"floor":11,"key":"REST"}],"circlet_count":0,"master_deck":["Guardian:Strike_Guardian","Guardian:Strike_Guardian","Guardian:Strike_Guardian","Guardian:Strike_Guardian","Guardian:Defend_Guardian","Guardian:Defend_Guardian","Guardian:Defend_Guardian","Guardian:Defend_Guardian","Guardian:CurlUp","Guardian:TwinSlam","Pain","Guardian:Orbwalk","Guardian:PrimingBeam","Guardian:Reroute","Guardian:GemFinder","Guardian:Recover","Guardian:PrismaticBeam+1","Guardian:Gem_Red","Guardian:ChargeCore+1","Guardian:Gem_Red","Guardian:TimeCapacitor","Guardian:WalkerClaw+1","Guardian:Gem_Cyan","Guardian:BodySlam+1"],"relics":["Guardian:ModeShifter","WarpedTongs","Molten Egg 2","Lantern","Bag of Preparation"],"acts_visited":["Exordium"],"potions_floor_usage":[12,16,16],"damage_taken":[{"damage":9,"enemies":"downfall:FleeingMerchant","floor":3,"turns":4},{"damage":4,"enemies":"Cultist","floor":4,"turns":4},{"damage":13,"enemies":"Small Slimes","floor":5,"turns":4},{"damage":30,"enemies":"Lagavulin","floor":8,"turns":6},{"damage":9,"enemies":"Jaw Worm","floor":9,"turns":3},{"damage":16,"enemies":"3 Louse","floor":10,"turns":4},{"damage":4,"enemies":"Exordium Wildlife","floor":12,"turns":3},{"damage":9,"enemies":"downfall:FleeingMerchant","floor":13,"turns":4},{"damage":16,"enemies":"Blue Slaver","floor":15,"turns":3},{"damage":6,"enemies":"DF_ARCHETYPE_STREAMLINE","floor":16,"turns":3}],"seed_played":"-7864699942584290335","potions_obtained":[{"floor":4,"key":"LiquidBronze"},{"floor":9,"key":"GamblersBrew"},{"floor":10,"key":"SteroidPotion"},{"floor":15,"key":"SpeedPotion"}],"is_trial":false,"path_per_floor":["R","?","$","M","M","?","T","E","M","M","R","M","$","T","M","B"],"character_chosen":"GUARDIAN","items_purchased":["Guardian:Orbwalk","Guardian:WalkerClaw+1"],"campfire_rested":1,"item_purchase_floors":[3,13],"current_hp_per_floor":[88,88,79,75,62,62,62,32,23,7,33,29,20,20,4,0,0,0],"gold":136,"neow_bonus":"TEN_PERCENT_HP_BONUS","is_daily":false,"chose_seed":false,"campfire_upgraded":0,"win_rate":0.0,"timestamp":1613869127,"path_taken":["R","?","?","M","?","?","T","E","M","M","R","M","$","?","M","BOSS"],"items_purchased_type":["Card","Card"],"build_version":"2020-12-22","purchased_purges":0,"victory":false,"max_hp_per_floor":[88,88,88,88,88,88,88,88,88,88,88,88,88,88,88,88,88,88],"relic_stats":{"counters":[10,38],"Bag of Preparation":[4],"obtain_stats":[{"Lantern":8,"Guardian:ModeShifter":0,"Molten Egg 2":6,"Bag of Preparation":14,"WarpedTongs":2},{"Lantern":4,"Guardian:ModeShifter":0,"Molten Egg 2":3,"Bag of Preparation":8,"WarpedTongs":0},{"Lantern":18,"Guardian:ModeShifter":0,"Molten Egg 2":12,"Bag of Preparation":32,"WarpedTongs":0}],"WarpedTongs":[38]},"card_choices":[{"not_picked":["Guardian:Suspension","Guardian:Gem_Cyan"],"picked":"Guardian:Gem_Purple","floor":3},{"not_picked":["Guardian:Incinerate","Guardian:Gem_Crimson"],"picked":"Guardian:PrimingBeam","floor":4},{"not_picked":["Guardian:Harden","Guardian:Planning"],"picked":"Guardian:Reroute","floor":5},{"not_picked":["Guardian:VentSteam","Guardian:ChargeCore+1"],"picked":"Guardian:GemFinder","floor":8},{"not_picked":["Guardian:Gem_Green","Guardian:Gem_Lightblue"],"picked":"Guardian:Gem_Cyan","floor":9},{"not_picked":["Guardian:Gem_Cyan","Guardian:Suspension"],"picked":"Guardian:Recover","floor":9},{"not_picked":["Guardian:Gem_Lightblue","Guardian:Gem_Green"],"picked":"Guardian:Gem_Cyan","floor":10},{"not_picked":["Guardian:ShieldCharger","Guardian:Suspension"],"picked":"Guardian:PrismaticBeam+1","floor":10},{"not_picked":["Guardian:Gem_Lightblue","Guardian:Gem_Green"],"picked":"Guardian:Gem_Red","floor":12},{"not_picked":["Guardian:TimeBomb","Guardian:TemporalStrike+1"],"picked":"Guardian:ChargeCore+1","floor":12},{"not_picked":["Guardian:Gem_Cyan","Guardian:Gem_Green"],"picked":"Guardian:Gem_Red","floor":13},{"not_picked":["Guardian:BronzeArmor","Guardian:GemFinder"],"picked":"Guardian:TimeCapacitor","floor":13},{"not_picked":["Guardian:Gem_Green","Guardian:Gem_Lightblue"],"picked":"Guardian:Gem_Cyan","floor":15},{"not_picked":["Guardian:DecasProtection","Guardian:WalkerClaw+1"],"picked":"Guardian:BodySlam+1","floor":15}],"player_experience":1038133,"relics_obtained":[{"floor":8,"key":"Lantern"},{"floor":14,"key":"Bag of Preparation"}],"event_choices":[],"is_beta":false,"boss_relics":[],"items_purged_floors":[],"is_endless":false,"potions_floor_spawned":[4,9,10,15],"killed_by":"DF_ARCHETYPE_STREAMLINE","ascension_level":3}}