{"host":"qp7xs8nuzfsyommi","time":1613921343,"event":{"mods":["2.2 Compatiblity","BaseMod","Colored Powertips","DeckTracker","Highlight Path","Minty Spire (QoL Compilation)","Permanent Neow","Quick Restart","StSLib"],"gold_per_floor":[117,131,147,167,182,182,182,208,208,227,227,245,245,245,245,245,245],"floor_reached":16,"language":"ENG","playtime":640,"items_purged":[],"score":208,"play_id":"a2eb87d9-47e3-4a34-9148-8b0373fd498e","local_time":"20210221102903","is_ascension_mode":true,"campfire_choices":[{"data":"Zap","floor":6,"key":"SMITH"},{"floor":11,"key":"REST"},{"data":"Machine Learning","floor":15,"key":"SMITH"}],"circlet_count":0,"master_deck":["AscendersBane","Strike_B","Strike_B+1","Strike_B","Strike_B","Defend_B","Defend_B+1","Defend_B","Defend_B","Zap+1","Dualcast","Rip and Tear","Chill","Glacier","Gash","Machine Learning+1","Sweeping Beam","Parasite"],"relics":["Philosopher\u0027s Stone","Nunchaku","Akabeko"],"acts_visited":["Exordium"],"potions_floor_usage":[8,16],"damage_taken":[{"damage":2,"enemies":"Cultist","floor":1,"turns":4},{"damage":3,"enemies":"Jaw Worm","floor":2,"turns":5},{"damage":4,"enemies":"2 Louse","floor":3,"turns":3},{"damage":6,"enemies":"Large Slime","floor":4,"turns":4},{"damage":0,"enemies":"2 Fungi Beasts","floor":5,"turns":4},{"damage":19,"enemies":"3 Sentries","floor":8,"turns":13},{"damage":0,"enemies":"3 Louse","floor":10,"turns":3},{"damage":3,"enemies":"Blue Slaver","floor":12,"turns":4},{"damage":49,"enemies":"Slime Boss","floor":16,"turns":8}],"seed_played":"6788033172032891596","potions_obtained":[{"floor":1,"key":"SpeedPotion"},{"floor":4,"key":"BlessingOfTheForge"},{"floor":10,"key":"Explosive Potion"}],"is_trial":false,"path_per_floor":["M","M","M","M","M","R","?","E","T","M","R","M","?","?","R","B"],"character_chosen":"DEFECT","items_purchased":[],"campfire_rested":1,"item_purchase_floors":[],"current_hp_per_floor":[62,59,55,49,49,49,28,9,9,9,30,27,27,44,44,0,0],"gold":245,"neow_bonus":"BOSS_RELIC","is_daily":false,"chose_seed":false,"campfire_upgraded":2,"win_rate":0.0,"timestamp":1613921343,"path_taken":["M","M","M","M","?","R","?","E","T","M","R","M","?","?","R","BOSS"],"items_purchased_type":[],"build_version":"2020-12-22","purchased_purges":0,"victory":false,"max_hp_per_floor":[71,71,71,71,71,71,71,71,71,71,71,71,71,71,71,71,71],"card_choices":[{"not_picked":["Blizzard","Defragment","Rebound"],"picked":"SKIP","floor":1},{"not_picked":["Conserve Battery","Aggregate"],"picked":"Rip and Tear","floor":2},{"not_picked":["Scrape","Blizzard"],"picked":"Chill","floor":3},{"not_picked":["Static Discharge","Ball Lightning"],"picked":"Glacier","floor":4},{"not_picked":["Coolheaded","Sweeping Beam"],"picked":"Gash","floor":5},{"not_picked":["Rebound","Stack","Fusion"],"picked":"SKIP","floor":8},{"not_picked":["Lockon","Steam"],"picked":"Machine Learning","floor":10},{"not_picked":["Redo","Ball Lightning"],"picked":"Sweeping Beam","floor":12}],"player_experience":1462933,"relics_obtained":[{"floor":8,"key":"Nunchaku"},{"floor":9,"key":"Akabeko"}],"event_choices":[{"damage_healed":0,"gold_gain":0,"player_choice":"Entered Light","damage_taken":21,"max_hp_gain":0,"max_hp_loss":0,"event_name":"Shining Light","floor":7,"gold_loss":0,"cards_upgraded":["Strike_B","Defend_B"]},{"damage_healed":0,"gold_gain":0,"player_choice":"Ignored","damage_taken":0,"max_hp_gain":0,"max_hp_loss":0,"event_name":"Liars Game","floor":13,"gold_loss":0},{"damage_healed":17,"gold_gain":0,"player_choice":"Healed and dodged fight","damage_taken":0,"max_hp_gain":0,"max_hp_loss":0,"event_name":"Mushrooms","floor":14,"gold_loss":0,"cards_obtained":["Parasite"]}],"is_beta":false,"boss_relics":[],"items_purged_floors":[],"is_endless":false,"potions_floor_spawned":[1,4,5,10],"killed_by":"Slime Boss","ascension_level":20}}