{"host":"lnfs5t5iydkm2lft","time":1613866567,"event":{"mods":["AchievementEnabler","Aspiration","BaseMod","Better Third Choice","BetterRewards","Colored Powertips","Downfall","Hermit","Hubris","Infinite Spire","Marisa????????","Minty Spire (QoL Compilation)","Quick Restart","Reliquary","Replay The Spire","StSLib","The Runesmith","TheBandit","everything is the same but u backflip on backflip"],"gold_per_floor":[117,117,136,147,35,35,67,87,141,141,152,187,199,239,251,365,377,409,435,447,474,497,509,521,533,545,577,589,613,625,637,666,678,690,797,809,832,844,856,881,893,905,905],"floor_reached":42,"language":"ENG","playtime":5986,"items_purged":[],"score":554,"play_id":"e7b116cb-15d4-4b30-94e3-993fd1658858","local_time":"20210220181607","is_ascension_mode":true,"campfire_choices":[{"data":"Draining Mist","floor":6,"key":"SMITH"},{"floor":13,"key":"REST"},{"data":"infinitespire:Starlight","floor":23,"key":"SMITH"},{"data":"infinitespire:Fortify","floor":25,"key":"SMITH"},{"data":"Catalyst","floor":28,"key":"SMITH"}],"circlet_count":0,"master_deck":["Strike_G","Strike_G","Strike_G","Strike_G","Defend_G","Defend_G","Defend_G","Defend_G","Survivor","Neutralize","Catalyst+1","hubris:NaturalOne","Crippling Poison","Draining Mist+1","Poisoned Stab+1","Catalyst+1","Replay:Bag of Tricks+1","Backstab","Toxin Wave","infinitespire:Neurotoxin+1","Escape Plan","Burst","infinitespire:Fortify+1","infinitespire:Starlight+1","Deadly Poison+1","Burst","Calculated Gamble+1","Madness","Madness"],"relics":["Ring of the Snake","hubris:Icosahedron","Bag of Marbles","Bronze Scales","MawBank","aspiration:SeaSaltIceCream","aspiration:Nostalgia","m_SlimeRing","Empty Cage","Ring of the Serpent","Regal Pillow","Painkiller Herb","infinitespire:ShieldingShard"],"acts_visited":["Exordium","TheCity","TheBeyond"],"potions_floor_usage":[7,8,11,16,19,35,35],"damage_taken":[{"damage":0,"enemies":"2 Louse","floor":1,"turns":4},{"damage":4,"enemies":"Small Slimes","floor":3,"turns":6},{"damage":2,"enemies":"Cultist","floor":4,"turns":5},{"damage":31,"enemies":"3 Sentries","floor":7,"turns":7},{"damage":0,"enemies":"Looter","floor":8,"turns":1},{"damage":0,"enemies":"Exordium Thugs","floor":11,"turns":3},{"damage":7,"enemies":"Replay:BlueRogue","floor":12,"turns":4},{"damage":3,"enemies":"Gremlin Nob","floor":14,"turns":3},{"damage":36,"enemies":"Fading Forest","floor":16,"turns":11},{"damage":6,"enemies":"3 Byrds","floor":18,"turns":3},{"damage":0,"enemies":"2 Thieves","floor":19,"turns":1},{"damage":16,"enemies":"Centurion and Healer","floor":21,"turns":6},{"damage":0,"enemies":"Chosen and Byrds","floor":22,"turns":4},{"damage":6,"enemies":"Cultist and Chosen","floor":27,"turns":6},{"damage":18,"enemies":"Snake Plant","floor":29,"turns":3},{"damage":9,"enemies":"Centurion and Healer","floor":32,"turns":4},{"damage":23,"enemies":"hubris:MusketHawk","floor":35,"turns":5},{"damage":0,"enemies":"Orb Walker","floor":37,"turns":2},{"damage":11,"enemies":"3 Shapes","floor":40,"turns":4},{"damage":0,"enemies":"Writhing Mass","floor":42,"turns":2}],"seed_played":"784226243864114808","potions_obtained":[{"floor":4,"key":"AttackPotion"},{"floor":7,"key":"AttackPotion"},{"floor":8,"key":"DistilledChaos"},{"floor":14,"key":"LiquidBronze"},{"floor":16,"key":"AttackPotion"},{"floor":18,"key":"Ancient Potion"},{"floor":21,"key":"Fire Potion"},{"floor":32,"key":"LifebloodPotion"},{"floor":37,"key":"AttackPotion"},{"floor":40,"key":"infinitespire:BlackPotion"}],"is_trial":false,"path_per_floor":["M","?","M","M","$","R","E","M","T","?","M","E","R","E","R","B",null,"M","M","AVR","M","M","R","?","R","T","M","R","M","PTL","PTL","M","$","R","B",null,"?","?","?","?","T","?"],"character_chosen":"THE_SILENT","items_purchased":["Poisoned Stab","Catalyst+1"],"campfire_rested":1,"item_purchase_floors":[5,5],"current_hp_per_floor":[77,77,73,71,71,71,40,40,40,40,40,33,56,53,76,40,68,62,62,62,56,56,56,56,56,56,65,65,47,47,47,53,53,77,54,71,71,61,47,36,36,36,36],"gold":905,"neow_bonus":"TEN_PERCENT_HP_BONUS","is_daily":false,"chose_seed":false,"campfire_upgraded":4,"win_rate":0.0,"timestamp":1613866567,"path_taken":["M","?","M","M","$","R","E","M","T","?","M","E","R","E","R","BOSS","M","M","AVR","M","M","R","?","R","T","M","R","M","PTL","PTL","M","$","R","BOSS","?","?","?","?","?","?"],"items_purchased_type":["Card","Card"],"build_version":"2020-12-22","purchased_purges":0,"victory":false,"max_hp_per_floor":[77,77,77,77,77,77,77,77,77,77,77,77,77,77,77,77,77,77,77,77,77,77,77,77,77,77,77,77,77,77,77,77,77,77,77,77,77,77,82,82,82,82,82],"card_choices":[{"not_picked":["Escape Plan","Underhanded Strike"],"picked":"Catalyst","floor":1},{"not_picked":["Sucker Punch","Flying Knee"],"picked":"Crippling Poison","floor":3},{"not_picked":["Concentrate","Bane"],"picked":"Draining Mist","floor":4},{"not_picked":["Dagger Throw","Acrobatics"],"picked":"Replay:Bag of Tricks","floor":7},{"not_picked":["Quick Slash","Dagger Spray"],"picked":"Backstab","floor":8},{"not_picked":["ReplayTheSpireMod:Shiv Toss","Outmaneuver"],"picked":"Toxin Wave","floor":11},{"not_picked":["PiercingWail","Accuracy"],"picked":"infinitespire:Neurotoxin","floor":12},{"not_picked":["Underhanded Strike","Hidden Blade"],"picked":"Escape Plan","floor":14},{"not_picked":["Malaise","Bullet Time"],"picked":"Burst","floor":16},{"not_picked":["Quick Slash","Hidden Blade","Cloak And Dagger"],"picked":"SKIP","floor":18},{"not_picked":["Escape Plan","Terror+1","Flying Knee+1"],"picked":"SKIP","floor":19},{"not_picked":["ReplayTheSpireMod:Shiv Toss","Underhanded Strike","Predator"],"picked":"SKIP","floor":21},{"not_picked":["Flying Knee","Skewer+1","Dagger Spray"],"picked":"SKIP","floor":22},{"not_picked":["Flying Knee","Dagger Spray+1"],"picked":"Deadly Poison+1","floor":27},{"not_picked":["Poisoned Stab","Blade Dance","Quick Slash"],"picked":"SKIP","floor":29},{"not_picked":["Hidden Blade+1","Infinite Blades","Heel Hook+1"],"picked":"SKIP","floor":32},{"not_picked":["aspiration:Lunge","infinitespire:Neurotoxin"],"picked":"Burst","floor":35},{"not_picked":["Underhanded Strike","Flying Knee+1"],"picked":"Calculated Gamble+1","floor":37},{"not_picked":["Sucker Punch+1","Masterful Stab","Prepared"],"picked":"SKIP","floor":40}],"player_experience":397766,"relics_obtained":[{"floor":7,"key":"Bag of Marbles"},{"floor":9,"key":"Bronze Scales"},{"floor":12,"key":"MawBank"},{"floor":14,"key":"aspiration:SeaSaltIceCream"},{"floor":41,"key":"infinitespire:ShieldingShard"}],"event_choices":[{"damage_healed":0,"gold_gain":0,"player_choice":"Grow","damage_taken":0,"max_hp_gain":0,"max_hp_loss":0,"event_name":"Living Wall","floor":10,"gold_loss":0,"cards_upgraded":["Replay:Bag of Tricks"]},{"damage_healed":0,"gold_gain":0,"player_choice":"Ignored","damage_taken":0,"max_hp_gain":0,"max_hp_loss":0,"event_name":"Beggar","floor":24,"gold_loss":0},{"damage_healed":0,"gold_gain":0,"player_choice":"Embrace Madness","damage_taken":10,"max_hp_gain":0,"max_hp_loss":0,"event_name":"Winding Halls","floor":38,"gold_loss":0,"cards_obtained":["Madness","Madness"]},{"damage_healed":0,"gold_gain":0,"player_choice":"Random: Violet","damage_taken":0,"max_hp_gain":0,"max_hp_loss":0,"event_name":"betterThird:BetterPortal","floor":39,"gold_loss":0},{"damage_healed":0,"gold_gain":0,"player_choice":"Shed Blood","damage_taken":19,"max_hp_gain":5,"max_hp_loss":0,"event_name":"Forgotten Altar","floor":39,"gold_loss":0}],"is_beta":false,"boss_relics":[{"not_picked":["Pandora\u0027s Box","aspiration:FutureDiary"],"picked":"Empty Cage"},{"not_picked":["reliquary:Craggleroot","hubris:TerracottaHorce"],"picked":"Painkiller Herb"}],"items_purged_floors":[],"is_endless":false,"potions_floor_spawned":[4,7,8,14,16,18,21,32,37,40],"killed_by":"Writhing Mass","ascension_level":5}}