{"host":"dmtlrev5pkc1867p","time":1613875191,"event":{"mods":["AchievementEnabler","BaseMod","Colored Map","Colored Powertips","Custom Start","Downfall","Hermit","Highlight Path","Hubris","Infinite Spire","Marisa¡]Ãú«B¡@Å]²z¨F¡^","Minty Spire (QoL Compilation)","Permanent Neow","Quick Restart","Rare Cards Sparkle","Relic Sorter","Relic Stats","Replay The Spire","Shop Mod","StSLib","SuperFastMode","The Construct","The Cursed","The Mystic","The Necromancer","The Poker Player","The Runesmith","The Servant 0.9.4"],"gold_per_floor":[109,109,109,109,128,128,162,162,162,162,162,175,194,105,105,204,204,218,238,238,199,214,240,240,240,240,271,271,285,285,295,295,295,295],"floor_reached":33,"language":"ZHS","playtime":1384,"items_purged":[],"score":442,"play_id":"11cc8f37-f3c0-4da7-bc28-4c5f5eb2a0d6","local_time":"20210221103951","is_ascension_mode":true,"campfire_choices":[{"floor":6.0,"key":"REST"},{"floor":8.0,"key":"REST"},{"floor":10.0,"key":"RECALL"},{"data":"TheCursedMod:SoulReap","floor":15.0,"key":"SMITH"},{"floor":24.0,"key":"REST"},{"floor":28.0,"key":"REST"},{"floor":32,"key":"REST"}],"circlet_count":0,"master_deck":["AscendersBane","TheCursedMod:Strike_TheCursed","TheCursedMod:Strike_TheCursed","TheCursedMod:Strike_TheCursed","TheCursedMod:Strike_TheCursed","TheCursedMod:Defend_TheCursed","TheCursedMod:Defend_TheCursed","TheCursedMod:Defend_TheCursed","TheCursedMod:Defend_TheCursed","TheCursedMod:CursedWand","TheCursedMod:CleanUpWorkshop","TheCursedMod:Dregs","TheCursedMod:CursedStaff+1","TheCursedMod:SoulReap+1","TheCursedMod:RapidMovement","Amnesia","TheCursedMod:TacticalStrike","TheCursedMod:RapidMovement","TheCursedMod:Dregs","ReplayTheSpireMod:Trickstab","TheCursedMod:CollectTribute","TheCursedMod:CursedAmulet","TheCursedMod:Wield","TheCursedMod:Hemoplague","TheCursedMod:CursedAmulet","TheCursedMod:BloodBarrier","infinitespire:Starlight","TheCursedMod:AbyssShockwave","TheCursedMod:CircleOfCorruption","TheCursedMod:RapidMovement+1"],"relics":["TheCursedMod:BlackMagic101","hubris:Reverence","TungstenRod","Anchor","Simple Rune","ReplayTheSpireMod:CursedCoin","hubris:TenFootPole","Fusion Hammer","hubris:CrystalStatue","hubris:Backtick","Bird Faced Urn","TheAbacus","Replay:Wax Seal"],"acts_visited":["Exordium","TheCity"],"potions_floor_usage":[],"damage_taken":[{"damage":2.0,"enemies":"Cultist","floor":1.0,"turns":4.0},{"damage":0.0,"enemies":"2 Louse","floor":5.0,"turns":2.0},{"damage":13.0,"enemies":"3 Sentries","floor":7.0,"turns":7.0},{"damage":0.0,"enemies":"Small Slimes","floor":12.0,"turns":2.0},{"damage":0.0,"enemies":"2 Fungi Beasts","floor":13.0,"turns":2.0},{"damage":51.0,"enemies":"Slime Boss","floor":16.0,"turns":14.0},{"damage":16.0,"enemies":"Chosen","floor":18.0,"turns":6.0},{"damage":15.0,"enemies":"Spheric Guardian","floor":19.0,"turns":4.0},{"damage":8.0,"enemies":"Centurion and Healer","floor":22.0,"turns":5.0},{"damage":30.0,"enemies":"Nightmare","floor":23.0,"turns":11.0},{"damage":39.0,"enemies":"Replay:Snechameleon","floor":27.0,"turns":8.0},{"damage":1.0,"enemies":"Shelled Parasite and Fungi","floor":29.0,"turns":6.0},{"damage":0.0,"enemies":"Snake Plant","floor":30.0,"turns":1.0},{"damage":46,"enemies":"3 Cultists","floor":31,"turns":7},{"damage":75,"enemies":"hubris:MusketHawk","floor":33,"turns":11}],"seed_played":"-4833629791808987255","potions_obtained":[{"floor":1.0,"key":"champ:CounterPotion"},{"floor":7.0,"key":"PowerPotion"},{"floor":16.0,"key":"SmokeBomb"},{"floor":18.0,"key":"Swift Potion"},{"floor":19.0,"key":"Fire Potion"},{"floor":29.0,"key":"SmokeBomb"}],"is_trial":false,"path_per_floor":["M","?","$","?","M","R","E","R","T","R","?","M","M","$","R","B",null,"M","M","?","$","M","NM","R","AVR","T","E","R","M","M","M","R","B"],"character_chosen":"THE_CURSED","items_purchased":["ReplayTheSpireMod:CursedCoin","ReplayTheSpireMod:Trickstab","hubris:TenFootPole","TheCursedMod:Hemoplague"],"campfire_rested":5,"item_purchase_floors":[14,14,14,21],"current_hp_per_floor":[48,48,48,21,21,43,35,57,57,57,75,75,75,75,75,24,62,53,38,36,36,35,11,33,33,33,17,39,57,57,31,53,0,0],"gold":295,"neow_bonus":"ONE_RARE_RELIC","is_daily":false,"chose_seed":false,"campfire_upgraded":1,"win_rate":0.0,"timestamp":1613875191,"path_taken":["M","?","?","?","M","R","E","R","T","R","?","M","M","$","R","BOSS","M","M","?","$","M","NM","R","AVR","T","E","R","M","?","M","R","BOSS"],"items_purchased_type":["Relic","Card","Relic","Card"],"build_version":"2020-12-22","purchased_purges":0,"victory":false,"max_hp_per_floor":[75,75,75,75,75,75,75,75,75,75,75,75,75,75,75,75,75,75,75,75,75,75,75,75,75,75,75,75,75,75,75,75,75,75],"relic_stats":{"TheAbacus":[48],"counters":[15,89],"Bird Faced Urn":[15],"obtain_stats":[{"TheCursedMod:BlackMagic101":0,"hubris:CrystalStatue":23,"ReplayTheSpireMod:CursedCoin":14,"Anchor":4,"hubris:Backtick":25,"TheAbacus":25,"Bird Faced Urn":25,"Simple Rune":7,"Fusion Hammer":17,"hubris:TenFootPole":14,"Replay:Wax Seal":27,"TungstenRod":0,"hubris:Reverence":9},{"TheCursedMod:BlackMagic101":0,"hubris:CrystalStatue":10,"ReplayTheSpireMod:CursedCoin":5,"Anchor":1,"hubris:Backtick":10,"TheAbacus":10,"Bird Faced Urn":10,"Simple Rune":3,"Fusion Hammer":6,"hubris:TenFootPole":5,"Replay:Wax Seal":11,"TungstenRod":0,"hubris:Reverence":3},{"TheCursedMod:BlackMagic101":0,"hubris:CrystalStatue":56,"ReplayTheSpireMod:CursedCoin":17,"Anchor":4,"hubris:Backtick":56,"TheAbacus":56,"Bird Faced Urn":56,"Simple Rune":13,"Fusion Hammer":30,"hubris:TenFootPole":17,"Replay:Wax Seal":64,"TungstenRod":0,"hubris:Reverence":13}],"TungstenRod":54},"card_choices":[{"not_picked":["TheCursedMod:SpitefulStrike","TheCursedMod:CircleOfCorruption"],"picked":"TheCursedMod:CursedStaff","floor":1.0},{"not_picked":["TheCursedMod:SmokeScreen","TheCursedMod:CursedStaff"],"picked":"TheCursedMod:SoulReap","floor":5.0},{"not_picked":["TheCursedMod:SpitefulStrike","TheCursedMod:FleshFromBone"],"picked":"TheCursedMod:RapidMovement","floor":7.0},{"not_picked":["TheCursedMod:CircleOfAmplification","TheCursedMod:FuryStrike"],"picked":"TheCursedMod:TacticalStrike","floor":12.0},{"not_picked":["TheCursedMod:SurpriseAttack","TheCursedMod:RavingStaff"],"picked":"TheCursedMod:RapidMovement","floor":13.0},{"not_picked":["TheCursedMod:StunningStrike","TheCursedMod:ForbiddenAlchemy"],"picked":"TheCursedMod:CollectTribute","floor":16.0},{"not_picked":["TheCursedMod:FleshFromBone","TheCursedMod:TacticalStrike"],"picked":"TheCursedMod:CursedAmulet","floor":18.0},{"not_picked":["TheCursedMod:FuryStrike","TheCursedMod:RavingStaff"],"picked":"TheCursedMod:Wield","floor":19.0},{"not_picked":["TheCursedMod:CircleOfFocus","TheCursedMod:VitalStrike"],"picked":"TheCursedMod:CursedAmulet","floor":22.0},{"not_picked":["TheCursedMod:SpitefulStrike","TheCursedMod:Stigma"],"picked":"TheCursedMod:BloodBarrier","floor":23.0},{"not_picked":["TheCursedMod:Mangle","TheCursedMod:Wield"],"picked":"TheCursedMod:AbyssShockwave","floor":27.0},{"not_picked":["TheCursedMod:SurpriseAttack","TheCursedMod:CircleOfWindfury"],"picked":"TheCursedMod:CircleOfCorruption","floor":29.0},{"not_picked":["TheCursedMod:VitalStrike","TheCursedMod:FleshFromBone"],"picked":"TheCursedMod:RapidMovement+1","floor":31}],"player_experience":756916,"relics_obtained":[{"floor":7.0,"key":"Simple Rune"},{"floor":9.0,"key":"hubris:Reverence"},{"floor":23.0,"key":"hubris:CrystalStatue"},{"floor":27.0,"key":"Replay:Wax Seal"}],"event_choices":[{"damage_healed":0.0,"max_hp_gain":0.0,"max_hp_loss":0.0,"gold_gain":0.0,"event_name":"Accursed Blacksmith","player_choice":"Forge","floor":2.0,"gold_loss":0.0,"damage_taken":0.0,"cards_upgraded":["TheCursedMod:CursedStaff"]},{"damage_healed":0.0,"max_hp_gain":0.0,"max_hp_loss":0.0,"gold_gain":0.0,"event_name":"Scrap Ooze","player_choice":"Success","floor":4.0,"gold_loss":0.0,"damage_taken":33.0,"relics_obtained":["Anchor"]},{"damage_healed":0.0,"max_hp_gain":0.0,"max_hp_loss":0.0,"gold_gain":0.0,"event_name":"Knowing Skull","player_choice":"","floor":20.0,"potions_obtained":[],"gold_loss":0.0,"damage_taken":6.0,"cards_obtained":[]}],"is_beta":false,"boss_relics":[{"not_picked":["Velvet Choker","ReplayTheSpireMod:DimensionalGlitch"],"picked":"Fusion Hammer"}],"items_purged_floors":[],"is_endless":false,"potions_floor_spawned":[1,7,16,18,19,29],"killed_by":"hubris:MusketHawk","ascension_level":11}}