{"host":"to2s10i0cynxbiqz","time":1613888258,"event":{"mods":["BaseMod","Colored Powertips","Highlight Path","Minty Spire (QoL Compilation)","Quick Restart","StSLib","slay the spire mod where everything is the same but ironclad has a cowboy hat"],"gold_per_floor":[112,123,141,161,131,131,144,144,171,18,18,37,112,128,128,225,225,240,126,144,23,23,23,23,23],"floor_reached":24,"language":"ZHS","playtime":991,"items_purged":["Strike_G"],"score":273,"play_id":"d6e109b5-6c4f-4d05-a83d-97182c1a3193","local_time":"20210221141738","is_ascension_mode":true,"campfire_choices":[{"data":"A Thousand Cuts","floor":6.0,"key":"SMITH"},{"floor":8.0,"key":"REST"},{"data":"Noxious Fumes","floor":11.0,"key":"SMITH"},{"floor":15.0,"key":"REST"},{"data":"Concentrate","floor":23,"key":"SMITH"}],"circlet_count":0,"master_deck":["Strike_G","Strike_G","Strike_G","Strike_G","Defend_G","Defend_G","Defend_G","Defend_G","Defend_G","Survivor","Neutralize","A Thousand Cuts+1","Underhanded Strike","Noxious Fumes+1","Outmaneuver","Backflip","Deflect","Underhanded Strike","Hologram","Undo","Seek","Concentrate+1","Underhanded Strike","Noxious Fumes+1"],"relics":["Ring of the Snake","Blood Vial","PrismaticShard","SacredBark"],"acts_visited":["Exordium","TheCity"],"potions_floor_usage":[20,24],"damage_taken":[{"damage":0.0,"enemies":"Jaw Worm","floor":1.0,"turns":4.0},{"damage":0.0,"enemies":"Cultist","floor":2.0,"turns":4.0},{"damage":0.0,"enemies":"2 Louse","floor":3.0,"turns":3.0},{"damage":21.0,"enemies":"Exordium Thugs","floor":4.0,"turns":6.0},{"damage":4.0,"enemies":"Looter","floor":5.0,"turns":4.0},{"damage":0.0,"enemies":"Large Slime","floor":7.0,"turns":6.0},{"damage":16.0,"enemies":"Gremlin Gang","floor":12.0,"turns":4.0},{"damage":7.0,"enemies":"2 Fungi Beasts","floor":14.0,"turns":4.0},{"damage":5.0,"enemies":"The Guardian","floor":16.0,"turns":14.0},{"damage":1.0,"enemies":"Chosen","floor":18.0,"turns":6.0},{"damage":27,"enemies":"2 Thieves","floor":20,"turns":5},{"damage":21,"enemies":"Sentry and Sphere","floor":24,"turns":3}],"seed_played":"1272146690802587235","potions_obtained":[{"floor":7.0,"key":"SpeedPotion"},{"floor":14.0,"key":"ColorlessPotion"},{"floor":18.0,"key":"Swift Potion"},{"floor":20,"key":"BlessingOfTheForge"}],"is_trial":false,"path_per_floor":["M","M","M","M","M","R","M","R","T","$","R","M","?","M","R","B",null,"M","$","M","$","?","R","M"],"character_chosen":"THE_SILENT","items_purchased":["PrismaticShard","Concentrate","Underhanded Strike","Noxious Fumes"],"campfire_rested":2,"item_purchase_floors":[10,19,21,21],"current_hp_per_floor":[63,63,63,42,38,38,38,56,56,56,56,42,36,31,49,46,59,60,60,35,35,35,35,16,16],"gold":23,"neow_bonus":"THREE_RARE_CARDS","is_daily":false,"chose_seed":false,"campfire_upgraded":3,"win_rate":0.0,"timestamp":1613888258,"path_taken":["M","M","M","M","M","R","M","R","T","$","R","M","?","M","R","BOSS","M","?","M","$","?","R","M"],"items_purchased_type":["Relic","Card","Card","Card"],"build_version":"2020-12-22","purchased_purges":1,"victory":false,"max_hp_per_floor":[63,63,63,63,63,63,63,63,63,63,63,63,63,63,63,63,63,63,63,63,63,63,63,63,63],"card_choices":[{"not_picked":["After Image","Corpse Explosion"],"picked":"A Thousand Cuts","floor":0.0},{"not_picked":["Deadly Poison","Accuracy"],"picked":"Underhanded Strike","floor":1.0},{"not_picked":["Underhanded Strike","Blade Dance"],"picked":"Noxious Fumes","floor":2.0},{"not_picked":["Well Laid Plans","Dagger Spray"],"picked":"Outmaneuver","floor":3.0},{"not_picked":["Storm of Steel","Blade Dance"],"picked":"Backflip","floor":4.0},{"not_picked":["All Out Attack","Quick Slash"],"picked":"Deflect","floor":5.0},{"not_picked":["Deadly Poison","Calculated Gamble"],"picked":"Underhanded Strike","floor":7.0},{"not_picked":["SashWhip","Mind Blast"],"picked":"Hologram","floor":12.0},{"not_picked":["LikeWater","Riddle With Holes"],"picked":"Undo","floor":14.0},{"not_picked":["Storm of Steel","Buffer"],"picked":"Seek","floor":16.0},{"not_picked":["FlyingSleeves","Thunderclap","Choke"],"picked":"SKIP","floor":18.0},{"not_picked":["Flex","Well Laid Plans","Cloak And Dagger"],"picked":"SKIP","floor":20}],"player_experience":271156,"relics_obtained":[{"floor":9.0,"key":"Blood Vial"}],"event_choices":[{"damage_healed":0.0,"max_hp_gain":0.0,"max_hp_loss":0.0,"gold_gain":75.0,"event_name":"FaceTrader","player_choice":"Touch","floor":13.0,"gold_loss":0.0,"damage_taken":6.0},{"damage_healed":0,"gold_gain":0,"player_choice":"Upgraded","damage_taken":0,"max_hp_gain":0,"max_hp_loss":0,"event_name":"Upgrade Shrine","floor":22,"gold_loss":0,"cards_upgraded":["Noxious Fumes"]}],"is_beta":false,"boss_relics":[{"not_picked":["Ectoplasm","Cursed Key"],"picked":"SacredBark"}],"items_purged_floors":[19],"is_endless":false,"potions_floor_spawned":[7,14,18,20],"killed_by":"Sentry and Sphere","ascension_level":9}}