{"host":"r4fh4z5myensb3zv","time":1613926822,"event":{"mods":["BaseMod","Colored Map","Colored Powertips","DeckTracker","Minty Spire (QoL Compilation)","Rare Cards Sparkle","Relic Stats"],"gold_per_floor":[115,134,134,144,65,95,95,115,187,197,11,39,58,58,58,155,455,472,186,176,190,190,190,190,190],"floor_reached":24,"language":"ENG","playtime":2658,"items_purged":[],"score":198,"play_id":"a5967f2a-1b26-4611-a65e-4a8cdaa76eb0","local_time":"20210221180022","is_ascension_mode":false,"campfire_choices":[{"floor":7,"key":"REST"},{"floor":15,"key":"REST"},{"floor":23,"key":"REST"}],"circlet_count":0,"master_deck":["Strike_G","Strike_G","Strike_G","Strike_G","Strike_G","Defend_G","Defend_G","Defend_G","Defend_G","Defend_G","Survivor+1","Neutralize","Footwork","Cloak And Dagger","Well Laid Plans","Dodge and Roll","Slice","Deflect","Backflip","Accuracy","Slice","Choke","Envenom","CurseOfTheBell","Dagger Spray","Footwork","Backstab","Finesse","Prepared+1"],"relics":["Ring of the Snake","Peace Pipe","Kunai","Membership Card","Odd Mushroom","Calling Bell","Bag of Preparation","Mummified Hand","Old Coin","Ornamental Fan"],"acts_visited":["Exordium","TheCity"],"potions_floor_usage":[16,16],"damage_taken":[{"damage":1,"enemies":"Cultist","floor":1,"turns":5},{"damage":0,"enemies":"Small Slimes","floor":2,"turns":4},{"damage":0,"enemies":"Jaw Worm","floor":4,"turns":6},{"damage":41,"enemies":"Gremlin Nob","floor":6,"turns":6},{"damage":14,"enemies":"Gremlin Gang","floor":8,"turns":8},{"damage":0,"enemies":"3 Louse","floor":10,"turns":6},{"damage":7,"enemies":"The Mushroom Lair","floor":12,"turns":7},{"damage":0,"enemies":"Blue Slaver","floor":13,"turns":5},{"damage":6,"enemies":"The Guardian","floor":16,"turns":13},{"damage":22,"enemies":"Spheric Guardian","floor":18,"turns":14},{"damage":0,"enemies":"2 Thieves","floor":20,"turns":4},{"damage":10,"enemies":"Cultist and Chosen","floor":21,"turns":9},{"damage":86,"enemies":"Gremlin Leader","floor":24,"turns":14}],"seed_played":"1167161164371101484","potions_obtained":[{"floor":1,"key":"Energy Potion"},{"floor":2,"key":"Ancient Potion"},{"floor":13,"key":"Strength Potion"},{"floor":16,"key":"Fire Potion"},{"floor":21,"key":"Fire Potion"}],"is_trial":false,"path_per_floor":["M","M","?","M","$","E","R","M","T","M","$","?","M","?","R","B",null,"M","$","M","M","?","R","E"],"character_chosen":"THE_SILENT","items_purchased":["Dodge and Roll","Slice","Accuracy","Membership Card","Footwork","Backstab","Ornamental Fan","FairyPotion","Finesse"],"campfire_rested":3,"item_purchase_floors":[5,5,11,11,19,19,19,19,19],"current_hp_per_floor":[69,69,69,69,69,28,49,35,35,35,35,28,28,28,49,43,70,48,48,48,38,38,59,0,0],"gold":190,"neow_bonus":"UPGRADE_CARD","is_daily":false,"chose_seed":false,"campfire_upgraded":0,"win_rate":0.0,"timestamp":1613926822,"path_taken":["M","M","?","M","$","E","R","M","T","M","$","?","M","?","R","BOSS","M","$","M","M","?","R","E"],"items_purchased_type":["Card","Card","Card","Relic","Card","Card","Relic","Potion","Card"],"build_version":"2020-12-22","purchased_purges":0,"victory":false,"max_hp_per_floor":[70,70,70,70,70,70,70,70,70,70,70,70,70,70,70,70,70,70,70,70,70,70,70,70,70],"relic_stats":{"Peace Pipe":0,"counters":[13,101],"Mummified Hand":[17],"Ornamental Fan":[40],"Bag of Preparation":[8],"Kunai":[24],"obtain_stats":[{"Peace Pipe":6,"Calling Bell":17,"Mummified Hand":17,"Ornamental Fan":19,"Bag of Preparation":17,"Kunai":9,"Membership Card":11,"Odd Mushroom":12,"Ring of the Snake":0,"Old Coin":17},{"Peace Pipe":4,"Calling Bell":9,"Mummified Hand":9,"Ornamental Fan":10,"Bag of Preparation":9,"Kunai":5,"Membership Card":6,"Odd Mushroom":7,"Ring of the Snake":0,"Old Coin":9},{"Peace Pipe":21,"Calling Bell":60,"Mummified Hand":60,"Ornamental Fan":74,"Bag of Preparation":60,"Kunai":29,"Membership Card":35,"Odd Mushroom":42,"Ring of the Snake":0,"Old Coin":60}],"Ring of the Snake":[26]},"card_choices":[{"not_picked":["Deadly Poison","Calculated Gamble"],"picked":"Footwork","floor":1},{"not_picked":["Prepared","Dash"],"picked":"Cloak And Dagger","floor":2},{"not_picked":["Underhanded Strike","Expertise"],"picked":"Well Laid Plans","floor":4},{"not_picked":["Night Terror","Flying Knee"],"picked":"Deflect","floor":6},{"not_picked":["Caltrops","Catalyst","Deadly Poison"],"picked":"SKIP","floor":8},{"not_picked":["Catalyst","Dash"],"picked":"Backflip","floor":10},{"not_picked":["Footwork","Noxious Fumes"],"picked":"Slice","floor":12},{"not_picked":["Deflect","Malaise"],"picked":"Choke","floor":13},{"not_picked":["Glass Knife","Doppelganger"],"picked":"Envenom","floor":16},{"not_picked":["Acrobatics","Heel Hook+1"],"picked":"Dagger Spray","floor":18},{"not_picked":["Bane","Well Laid Plans"],"picked":"Prepared+1","floor":20},{"not_picked":["Sucker Punch","Backflip","Dodge and Roll"],"picked":"SKIP","floor":21}],"player_experience":129206,"relics_obtained":[{"floor":6,"key":"Peace Pipe"},{"floor":9,"key":"Kunai"},{"floor":12,"key":"Odd Mushroom"},{"floor":17,"key":"Bag of Preparation"},{"floor":17,"key":"Mummified Hand"},{"floor":17,"key":"Old Coin"}],"event_choices":[{"damage_healed":0,"gold_gain":0,"player_choice":"Leave","damage_taken":0,"max_hp_gain":0,"max_hp_loss":0,"event_name":"The Cleric","floor":3,"gold_loss":0},{"damage_healed":0,"gold_gain":0,"player_choice":"Fought Mushrooms","damage_taken":0,"max_hp_gain":0,"max_hp_loss":0,"event_name":"Mushrooms","floor":12,"gold_loss":0},{"damage_healed":0,"gold_gain":0,"player_choice":"Ignored","damage_taken":0,"max_hp_gain":0,"max_hp_loss":0,"event_name":"Golden Idol","floor":14,"gold_loss":0},{"damage_healed":0,"gold_gain":0,"player_choice":"Ignored","damage_taken":0,"max_hp_gain":0,"max_hp_loss":0,"event_name":"Transmorgrifier","floor":22,"gold_loss":0}],"is_beta":false,"boss_relics":[{"not_picked":["Sozu","Astrolabe"],"picked":"Calling Bell"}],"items_purged_floors":[],"is_endless":false,"potions_floor_spawned":[1,2,13,16,21],"killed_by":"Gremlin Leader","ascension_level":0}}