{"host":"g3js2eermvvpeiqn","time":1613894884,"event":{"mods":["BaseMod","DeckTracker","Downfall","Minty Spire (QoL Compilation)","Quick Restart","StSLib"],"gold_per_floor":[117,42,42,42,1,1,1,37,112,147,147,172,196,221,221,312,312,327,351,3,22,22,22,57,57,57,80,119,44,44,59,59,152,152,166,499,499,511,536,536,564,564,613,613,293,293,310,340,340,340,340,340,340,6,38,38,38],"floor_reached":56,"language":"ENG","playtime":3087,"items_purged":["Strike_G","Tools of the Trade"],"score":2348,"play_id":"afacb84e-4c7d-4f40-9976-3c39c7456d1b","local_time":"20210221020804","is_ascension_mode":true,"campfire_choices":[{"data":"Caltrops","floor":6.0,"key":"SMITH"},{"data":"Prepared","floor":11.0,"key":"SMITH"},{"data":"1","floor":15.0,"key":"LIFT"},{"floor":23.0,"key":"REST"},{"data":"2","floor":25.0,"key":"LIFT"},{"floor":32.0,"key":"REST"},{"data":"3","floor":40.0,"key":"LIFT"},{"floor":42.0,"key":"REST"},{"floor":44.0,"key":"RECALL"},{"floor":49.0,"key":"REST"},{"data":"Accuracy","floor":53.0,"key":"SMITH"}],"circlet_count":0,"master_deck":["AscendersBane","Survivor","Neutralize","Prepared+1","Caltrops+1","Reflex+1","Glass Knife","Noxious Fumes","Blade Dance+1","Backflip+1","Burst+1","Backstab+1","Dagger Throw+1","A Thousand Cuts","Blade Dance+1","Blade Dance+1","PiercingWail+1","Blade Dance+1","Burst+1","Adrenaline+1","Distraction+1","Accuracy+1","Concentrate+1","Envenom","Envenom","Phantasmal Killer+1","PiercingWail+1","Malaise+1","Acrobatics+1","Concentrate+1","Terror+1","Acrobatics+1","Adrenaline+1"],"relics":["Ring of the Snake","NeowsBlessing","Toxic Egg 2","Bottled Lightning","Girya","WristBlade","ClockworkSouvenir","Ginger","Anchor","Pandora\u0027s Box","The Specimen","Torii","MealTicket","Oddly Smooth Stone","Bird Faced Urn","Vajra","Whetstone"],"acts_visited":["Exordium","TheCity","TheBeyond","TheEnding"],"potions_floor_usage":[56,56],"damage_taken":[{"damage":0.0,"enemies":"2 Louse","floor":1.0,"turns":1.0},{"damage":0.0,"enemies":"Gremlin Nob","floor":8.0,"turns":1.0},{"damage":0.0,"enemies":"Lagavulin","floor":10.0,"turns":1.0},{"damage":1.0,"enemies":"Small Slimes","floor":12.0,"turns":4.0},{"damage":4.0,"enemies":"Jaw Worm","floor":13.0,"turns":3.0},{"damage":6.0,"enemies":"Looter","floor":14.0,"turns":3.0},{"damage":17.0,"enemies":"The Guardian","floor":16.0,"turns":11.0},{"damage":22.0,"enemies":"2 Thieves","floor":18.0,"turns":4.0},{"damage":5.0,"enemies":"Chosen","floor":19.0,"turns":5.0},{"damage":3.0,"enemies":"Centurion and Healer","floor":21.0,"turns":4.0},{"damage":0.0,"enemies":"Gremlin Leader","floor":24.0,"turns":4.0},{"damage":5.0,"enemies":"Shelled Parasite and Fungi","floor":27.0,"turns":3.0},{"damage":26.0,"enemies":"Book of Stabbing","floor":28.0,"turns":4.0},{"damage":0.0,"enemies":"Cultist and Chosen","floor":31.0,"turns":2.0},{"damage":0.0,"enemies":"Collector","floor":33.0,"turns":2.0},{"damage":0.0,"enemies":"Orb Walker","floor":35.0,"turns":1.0},{"damage":16.0,"enemies":"3 Shapes","floor":38.0,"turns":4.0},{"damage":0.0,"enemies":"Mind Bloom Boss Battle","floor":39.0,"turns":4.0},{"damage":8.0,"enemies":"Reptomancer","floor":41.0,"turns":2.0},{"damage":3.0,"enemies":"Writhing Mass","floor":47.0,"turns":3.0},{"damage":8.0,"enemies":"Giant Head","floor":48.0,"turns":4.0},{"damage":48.0,"enemies":"Time Eater","floor":50.0,"turns":7.0},{"damage":0.0,"enemies":"Awakened One","floor":51.0,"turns":3.0},{"damage":0.0,"enemies":"Shield and Spear","floor":55.0,"turns":2.0},{"damage":67,"enemies":"The Heart","floor":56,"turns":5}],"seed_played":"-3208773490383493496","potions_obtained":[{"floor":1.0,"key":"BlessingOfTheForge"},{"floor":12.0,"key":"Energy Potion"},{"floor":18.0,"key":"CunningPotion"},{"floor":27.0,"key":"Poison Potion"},{"floor":28.0,"key":"SteroidPotion"},{"floor":31.0,"key":"SteroidPotion"},{"floor":39.0,"key":"Strength Potion"},{"floor":41.0,"key":"Regen Potion"},{"floor":55.0,"key":"DuplicationPotion"}],"is_trial":false,"path_per_floor":["M","?","?","?","$","R","$","E","T","E","R","M","M","M","R","B",null,"M","M","$","M","?","R","E","R","T","M","E","$","?","M","R","B",null,"M","?","?","M","?","R","E","R","T","R","$","?","M","E","R","B","B",null,"R","$","E","B"],"character_chosen":"THE_SILENT","items_purchased":["Caltrops","A Thousand Cuts","ClockworkSouvenir","Oddly Smooth Stone","Energy Potion","Vajra","Acrobatics+1","SteroidPotion","Weak Potion"],"campfire_rested":4,"item_purchase_floors":[5,20,20,45,45,54,54,54,54],"current_hp_per_floor":[59,59,52,52,52,52,52,52,52,52,52,51,47,41,41,24,51,29,24,24,21,21,39,39,39,39,34,8,8,8,8,26,26,52,52,52,52,36,36,36,28,46,46,46,60,60,57,49,60,25,33,53,53,60,60,0,0],"gold":38,"neow_bonus":"THREE_ENEMY_KILL","is_daily":false,"chose_seed":false,"campfire_upgraded":3,"win_rate":0.0,"timestamp":1613894884,"path_taken":["M","?","?","?","?","R","?","E","T","E","R","M","?","M","R","BOSS","M","M","$","M","?","R","E","R","T","M","E","$","?","M","R","BOSS","M","?","?","?","?","R","E","R","T","R","$","?","M","E","R","BOSS","BOSS","R","$","E","BOSS"],"items_purchased_type":["Card","Card","Relic","Relic","Potion","Relic","Card","Potion","Potion"],"build_version":"2020-12-22","purchased_purges":2,"victory":false,"max_hp_per_floor":[66,66,66,60,60,60,60,60,60,60,60,60,60,60,60,60,60,60,60,60,60,60,60,60,60,60,60,60,60,60,60,60,60,60,60,60,60,60,60,60,60,60,60,60,60,60,60,60,60,60,60,60,60,60,60,60,60],"card_choices":[{"not_picked":["Cloak And Dagger","Bane"],"picked":"Prepared","floor":1.0},{"not_picked":["Bane","Concentrate+1"],"picked":"Reflex+1","floor":8.0},{"not_picked":["Endless Agony","Setup+1"],"picked":"Glass Knife","floor":10.0},{"not_picked":["Concentrate+1","PiercingWail+1"],"picked":"Noxious Fumes","floor":12.0},{"not_picked":["Backstab","Acrobatics+1"],"picked":"Blade Dance+1","floor":13.0},{"not_picked":["Concentrate+1","Flying Knee"],"picked":"Backflip+1","floor":14.0},{"not_picked":["Doppelganger+1","Grand Finale"],"picked":"Burst+1","floor":16.0},{"not_picked":["Poisoned Stab","Flying Knee+1"],"picked":"Backstab","floor":18.0},{"not_picked":["Expertise+1","All Out Attack"],"picked":"Dagger Throw","floor":19.0},{"not_picked":["PiercingWail+1","All Out Attack"],"picked":"Blade Dance+1","floor":21.0},{"not_picked":["Sucker Punch","Backstab"],"picked":"Blade Dance+1","floor":24.0},{"not_picked":["Skewer","Flechettes"],"picked":"PiercingWail+1","floor":27.0},{"not_picked":["Envenom","Concentrate+1"],"picked":"Blade Dance+1","floor":28.0},{"not_picked":["Noxious Fumes+1","Sucker Punch","Slice"],"picked":"SKIP","floor":31.0},{"not_picked":["Phantasmal Killer+1","Grand Finale"],"picked":"Adrenaline+1","floor":33.0},{"not_picked":["Bane","Backflip+1"],"picked":"PiercingWail+1","floor":35.0},{"not_picked":["Bane+1","Crippling Poison+1"],"picked":"Acrobatics+1","floor":38.0},{"not_picked":["Underhanded Strike","Riddle With Holes+1","Escape Plan+1"],"picked":"SKIP","floor":41.0},{"not_picked":["Deadly Poison+1","Backstab+1"],"picked":"Concentrate+1","floor":47.0},{"not_picked":["Dodge and Roll+1","Dagger Throw"],"picked":"Terror+1","floor":48.0},{"not_picked":["Underhanded Strike","Calculated Gamble+1"],"picked":"Adrenaline+1","floor":55.0}],"player_experience":1533425,"relics_obtained":[{"floor":8.0,"key":"Toxic Egg 2"},{"floor":9.0,"key":"Bottled Lightning"},{"floor":10.0,"key":"Girya"},{"floor":24.0,"key":"Ginger"},{"floor":28.0,"key":"Anchor"},{"floor":39.0,"key":"The Specimen"},{"floor":41.0,"key":"Torii"},{"floor":43.0,"key":"MealTicket"},{"floor":48.0,"key":"Bird Faced Urn"},{"floor":55.0,"key":"Whetstone"}],"event_choices":[{"cards_removed":["Strike_G"],"damage_healed":0.0,"max_hp_gain":0.0,"max_hp_loss":0.0,"gold_gain":0.0,"event_name":"The Cleric","player_choice":"Card Removal","floor":2.0,"gold_loss":75.0,"damage_taken":0.0},{"cards_removed":["Defend_G"],"damage_healed":0.0,"max_hp_gain":0.0,"max_hp_loss":0.0,"gold_gain":0.0,"event_name":"Golden Wing","player_choice":"Card Removal","floor":3.0,"gold_loss":0.0,"damage_taken":7.0},{"damage_healed":0.0,"max_hp_gain":0.0,"max_hp_loss":6.0,"gold_gain":0.0,"event_name":"Golden Idol","player_choice":"Lose Max HP","floor":4.0,"gold_loss":0.0,"damage_taken":0.0,"relics_obtained":["Golden Idol"]},{"damage_healed":0.0,"max_hp_gain":0.0,"max_hp_loss":0.0,"gold_gain":0.0,"event_name":"Ghosts","player_choice":"Ignored","floor":22.0,"gold_loss":0.0,"damage_taken":0.0},{"damage_healed":0.0,"max_hp_gain":0.0,"max_hp_loss":0.0,"gold_gain":0.0,"event_name":"Duplicator","player_choice":"Copied","floor":30.0,"gold_loss":0.0,"damage_taken":0.0,"cards_obtained":["Burst"]},{"damage_healed":0.0,"max_hp_gain":0.0,"max_hp_loss":0.0,"gold_gain":333.0,"event_name":"The Moai Head","player_choice":"Gave Idol","floor":36.0,"relics_lost":["Golden Idol"],"gold_loss":0.0,"damage_taken":0.0},{"damage_healed":0.0,"max_hp_gain":0.0,"max_hp_loss":0.0,"gold_gain":0.0,"event_name":"Match and Keep!","player_choice":"1 cards matched","floor":37.0,"gold_loss":0.0,"damage_taken":0.0,"cards_obtained":["Malaise"]},{"damage_healed":0.0,"max_hp_gain":0.0,"max_hp_loss":0.0,"gold_gain":0.0,"event_name":"MindBloom","player_choice":"Fight","floor":39.0,"gold_loss":0.0,"damage_taken":0.0},{"damage_healed":0.0,"max_hp_gain":0.0,"max_hp_loss":0.0,"gold_gain":0.0,"event_name":"Tomb of Lord Red Mask","player_choice":"Ignored","floor":46.0,"gold_loss":0.0,"damage_taken":0.0}],"is_beta":false,"boss_relics":[{"not_picked":["Empty Cage","Busted Crown"],"picked":"WristBlade"},{"not_picked":["Snecko Eye","Tiny House"],"picked":"Pandora\u0027s Box"}],"items_purged_floors":[29,45],"is_endless":false,"potions_floor_spawned":[1,12,16,18,27,28,31,39,41,55],"killed_by":"The Heart","ascension_level":20}}