{"host":"6ktzxxgjnfnrmlug","time":1613926935,"event":{"mods":["Astrologer","BaseMod","Better Third Choice","KinomotoSakuraMod(ƒæ÷Æ±æ”£)","Marisa£®ÏF”Í°°ƒß¿Ì…≥£©","Minty Spire (QoL Compilation)","Prisma Mod","Remilia£®¿Ÿ√◊¿Ú—«£©","Replay The Spire","StSLib","The Alterego","The Animator","Yakumo Yukari mod","Youmu£®ªÍ∆«—˝√Œ£©","yUi"],"gold_per_floor":[116,0,36,36,36,36,36,36,36,62,80,80,80],"floor_reached":12,"language":"ZHS","playtime":476,"items_purged":[],"score":99,"play_id":"7ac4d967-ff4a-4a72-8438-07dc5ec703f6","local_time":"20210222010215","is_ascension_mode":false,"campfire_choices":[{"data":"Enlightenment","floor":6,"key":"SMITH"},{"data":"alterego_mod:SakuraLabyrinth","floor":8,"key":"SMITH"}],"circlet_count":0,"master_deck":["alterego_mod:Strike","alterego_mod:Strike","alterego_mod:Strike","alterego_mod:Strike","alterego_mod:Defend","alterego_mod:Defend","alterego_mod:Defend","alterego_mod:Defend","alterego_mod:Impale","alterego_mod:BigMeatyClaws","alterego_mod:BrynhildrsRune","alterego_mod:SakuraLabyrinth+1","Enlightenment+1","alterego_mod:Cycle","alterego_mod:Skirt","alterego_mod:DeftHands","alterego_mod:Bloomers","alterego_mod:BreastValley","alterego_mod:Mirror","alterego_mod:Bounce","alterego_mod:MagicResistance"],"relics":["alterego_mod:MasochisticConstitution","NeowsBlessing","Bottled Lightning","Orichalcum"],"acts_visited":["Exordium"],"potions_floor_usage":[],"damage_taken":[{"damage":0,"enemies":"Small Slimes","floor":1,"turns":1},{"damage":0,"enemies":"Gremlin Nob","floor":10,"turns":1},{"damage":0,"enemies":"Jaw Worm","floor":11,"turns":1},{"damage":25,"enemies":"Lagavulin","floor":12,"turns":5}],"seed_played":"-241649219139844312","potions_obtained":[{"floor":3,"key":"Explosive Potion"},{"floor":3,"key":"Reflective Coating"},{"floor":3,"key":"Strength Potion"},{"floor":11,"key":"SkillPotion"}],"is_trial":false,"path_per_floor":["M","?","?","?","$","R","?","R","T","E","M","E"],"character_chosen":"The_Alterego","items_purchased":[],"campfire_rested":0,"item_purchase_floors":[],"current_hp_per_floor":[70,76,46,71,71,71,71,71,71,71,71,46,46],"gold":80,"neow_bonus":"THREE_ENEMY_KILL","is_daily":false,"chose_seed":false,"campfire_upgraded":2,"win_rate":0.0,"timestamp":1613926935,"path_taken":["M","?","?","?","$","R","?","R","T","E","M","E"],"items_purchased_type":[],"build_version":"2020-12-22","purchased_purges":0,"victory":false,"max_hp_per_floor":[70,76,76,76,76,76,76,76,76,76,76,76,76],"card_choices":[{"not_picked":["alterego_mod:1TonWallop","alterego_mod:Pet"],"picked":"alterego_mod:SakuraLabyrinth","floor":1},{"not_picked":["alterego_mod:Jiggle","alterego_mod:Punishment"],"picked":"alterego_mod:Cycle","floor":3},{"not_picked":["alterego_mod:1TonWallop","alterego_mod:MaintainEyeContact"],"picked":"alterego_mod:Bounce","floor":10},{"not_picked":["alterego_mod:BiFurious","alterego_mod:BreastValley"],"picked":"alterego_mod:MagicResistance","floor":11}],"player_experience":63707,"relics_obtained":[{"floor":9,"key":"Bottled Lightning"},{"floor":10,"key":"Orichalcum"}],"event_choices":[{"damage_healed":0,"gold_gain":0,"player_choice":"RENOUNCE","damage_taken":116,"max_hp_gain":0,"max_hp_loss":0,"event_name":"betterThird:BetterSerpent","floor":2,"gold_loss":116,"cards_obtained":["Enlightenment"]},{"damage_healed":25,"gold_gain":0,"player_choice":"Banana","damage_taken":0,"max_hp_gain":0,"max_hp_loss":0,"event_name":"Big Fish","floor":4,"gold_loss":0}],"is_beta":false,"boss_relics":[],"items_purged_floors":[],"is_endless":false,"potions_floor_spawned":[11],"killed_by":"Lagavulin","ascension_level":0}}