{"host":"v7dcfm09mlh04wa7","time":1613932391,"event":{"mods":["BaseMod","Minty Spire (QoL Compilation)","StSLib"],"gold_per_floor":[112,112,79,91,43,378,378,413,413,413,432,451,451,462,462,567,567,584,120,130,144,162,162,193,206,275,275,275,275,285,300,300,300,300],"floor_reached":33,"language":"ENG","playtime":1361,"items_purged":["Strike_P"],"score":334,"play_id":"f9dbf9c7-7118-4482-bc62-62d382cd08e9","local_time":"20210221133311","is_ascension_mode":true,"campfire_choices":[{"data":"Eruption","floor":7,"key":"SMITH"},{"data":"BattleHymn","floor":10,"key":"SMITH"},{"floor":13,"key":"REST"},{"floor":15,"key":"RECALL"},{"data":"Establishment","floor":23,"key":"SMITH"},{"floor":27,"key":"REST"},{"floor":29,"key":"REST"},{"floor":32,"key":"REST"}],"circlet_count":0,"master_deck":["Strike_P+1","Strike_P+1","Strike_P+1","Defend_P+1","Defend_P+1","Defend_P+1","Defend_P+1","Eruption+1","Vigilance","Indignation","WheelKick","FlurryOfBlows","BattleHymn+1","EmptyFist","DevaForm","CutThroughFate","Study","Establishment+1","Prostrate+1","Ragnarok+1","Tantrum+1","CarveReality+1","Vengeance","WheelKick+1","ConjureBlade","FlurryOfBlows+1","WindmillStrike+1","Adaptation+1"],"relics":["PureWater","NeowsBlessing","CultistMask","Old Coin","Pen Nib","Sozu","Molten Egg 2","Orrery","Unceasing Top","Mercury Hourglass"],"acts_visited":["Exordium","TheCity"],"potions_floor_usage":[8,16,22],"damage_taken":[{"damage":0,"enemies":"Small Slimes","floor":1,"turns":1},{"damage":0,"enemies":"Cultist","floor":4,"turns":1},{"damage":0,"enemies":"Gremlin Nob","floor":6,"turns":1},{"damage":30,"enemies":"Lagavulin","floor":8,"turns":3},{"damage":7,"enemies":"Jaw Worm","floor":11,"turns":2},{"damage":1,"enemies":"Looter","floor":12,"turns":2},{"damage":3,"enemies":"Blue Slaver","floor":14,"turns":2},{"damage":30,"enemies":"Hexaghost","floor":16,"turns":4},{"damage":13,"enemies":"Shell Parasite","floor":18,"turns":3},{"damage":6,"enemies":"3 Byrds","floor":20,"turns":3},{"damage":0,"enemies":"Snecko","floor":21,"turns":2},{"damage":10,"enemies":"Snake Plant","floor":22,"turns":2},{"damage":18,"enemies":"Gremlin Leader","floor":24,"turns":4},{"damage":8,"enemies":"Cultist and Chosen","floor":25,"turns":3},{"damage":20,"enemies":"Centurion and Healer","floor":30,"turns":3},{"damage":14,"enemies":"Sentry and Sphere","floor":31,"turns":3},{"damage":48,"enemies":"Automaton","floor":33,"turns":4}],"seed_played":"1341541113029436053","potions_obtained":[{"floor":1,"key":"Weak Potion"},{"floor":12,"key":"Weak Potion"},{"floor":14,"key":"Ambrosia"}],"is_trial":false,"path_per_floor":["M","?","$","M","$","E","R","E","T","R","M","M","R","M","R","B",null,"M","$","M","M","M","R","E","M","T","R","?","R","M","M","R","B"],"character_chosen":"WATCHER","items_purchased":["WheelKick","FlurryOfBlows","Molten Egg 2","Orrery"],"campfire_rested":4,"item_purchase_floors":[3,5,19,19],"current_hp_per_floor":[72,72,72,72,72,72,72,42,42,42,35,34,55,52,52,22,72,59,59,53,53,43,43,25,17,17,38,38,59,39,25,46,0,0],"gold":300,"neow_bonus":"THREE_ENEMY_KILL","is_daily":false,"chose_seed":false,"campfire_upgraded":3,"win_rate":0.0,"timestamp":1613932391,"path_taken":["M","?","$","M","$","E","R","E","T","R","?","M","R","M","R","BOSS","M","$","M","M","M","R","E","M","T","R","?","R","M","M","R","BOSS"],"items_purchased_type":["Card","Card","Relic","Relic"],"build_version":"2020-12-22","purchased_purges":1,"victory":false,"max_hp_per_floor":[72,72,72,72,72,72,72,72,72,72,72,72,72,72,72,72,72,72,72,72,72,72,72,72,72,72,72,72,72,72,72,72,72,72],"card_choices":[{"not_picked":["CrushJoints","FollowUp"],"picked":"Indignation","floor":1},{"not_picked":["CrushJoints","Protect","ForeignInfluence"],"picked":"SKIP","floor":4},{"not_picked":["Crescendo","Consecrate"],"picked":"BattleHymn","floor":6},{"not_picked":["FlyingSleeves","Wallop"],"picked":"EmptyFist","floor":8},{"not_picked":["BattleHymn","Study"],"picked":"DevaForm","floor":11},{"not_picked":["WreathOfFlame","Crescendo"],"picked":"CutThroughFate","floor":12},{"not_picked":["FearNoEvil","EmptyFist"],"picked":"Study","floor":14},{"not_picked":["Alpha","DevaForm"],"picked":"Establishment","floor":16},{"not_picked":["SashWhip","CrushJoints"],"picked":"Prostrate+1","floor":18},{"not_picked":["Swivel+1","BowlingBash+1"],"picked":"Ragnarok+1","floor":19},{"not_picked":["FlurryOfBlows+1","CrushJoints+1"],"picked":"Tantrum+1","floor":19},{"not_picked":["Nirvana","Halt"],"picked":"CarveReality+1","floor":19},{"not_picked":["Conclude+1","BowlingBash+1"],"picked":"Vengeance","floor":19},{"not_picked":["PathToVictory","Protect"],"picked":"WheelKick+1","floor":20},{"not_picked":["Halt+1","ThirdEye"],"picked":"ConjureBlade","floor":21},{"not_picked":["Crescendo+1","CrushJoints+1"],"picked":"FlurryOfBlows+1","floor":22},{"not_picked":["Protect","InnerPeace"],"picked":"WindmillStrike+1","floor":24},{"not_picked":["FollowUp+1","Indignation+1"],"picked":"Adaptation+1","floor":25},{"not_picked":["SignatureMove+1","Pray","MentalFortress"],"picked":"SKIP","floor":30},{"not_picked":["CrushJoints+1","SashWhip+1","EmptyFist+1"],"picked":"SKIP","floor":31}],"player_experience":236070,"relics_obtained":[{"floor":6,"key":"Old Coin"},{"floor":8,"key":"Pen Nib"},{"floor":24,"key":"Unceasing Top"},{"floor":26,"key":"Mercury Hourglass"}],"event_choices":[{"damage_healed":0,"gold_gain":0,"player_choice":"Trade","damage_taken":0,"relics_obtained":["CultistMask"],"max_hp_gain":0,"max_hp_loss":0,"event_name":"FaceTrader","floor":2,"gold_loss":0},{"damage_healed":0,"gold_gain":0,"player_choice":"Simplicity","damage_taken":0,"max_hp_gain":0,"max_hp_loss":0,"event_name":"Back to Basics","floor":28,"gold_loss":0,"cards_upgraded":["Strike_P","Strike_P","Strike_P","Defend_P","Defend_P","Defend_P","Defend_P"]}],"is_beta":false,"boss_relics":[{"not_picked":["SacredBark","Coffee Dripper"],"picked":"Sozu"}],"items_purged_floors":[19],"is_endless":false,"potions_floor_spawned":[1,12,14,18,21,24,25,30],"killed_by":"Automaton","ascension_level":2}}