{"host":"wlgkfzos7pl2iqxb","time":1613951916,"event":{"mods":["100% Spire Juice","Act Like it!","BaseMod","Conspire","Defuse TimeMaze Blight","Gensokyo","Good Game Mod","Hubris","Infinite Spire","Koishi","Marisa????????","Minty Spire (QoL Compilation)","Morshu Shopkeeper","Morshu Shopkeeper - ENHANCED","Rare Cards Sparkle","Relic Sorter","Relic Stats","Reliquary","Ruina","Shop Mod","Small Relic Pack","StSLib","Wandering Minibosses","[IsaacMod]????"],"gold_per_floor":[111,111,82,32,32,121,121,191,191,230,286,286,286,286,286,400,400,413,413],"floor_reached":18,"language":"ENG","playtime":864,"items_purged":[],"score":362,"play_id":"1fcf6696-97d9-4076-b39a-6b71f3c00791","local_time":"20210222005836","is_ascension_mode":true,"campfire_choices":[{"data":"WitchOfGreed","floor":7,"key":"SMITH"},{"floor":12,"key":"REST"},{"data":"Gensokyo:MarisaTwilightSpark","floor":15,"key":"SMITH"}],"circlet_count":0,"master_deck":["AscendersBane","Strike_MRS","Strike_MRS","Strike_MRS","Strike_MRS","Defend_MRS","Defend_MRS","Defend_MRS","Defend_MRS","MasterSpark","UpSweep","Amplify","Clumsy","WitchOfGreed+1","conspire:SpireCoStock","Gensokyo:MarisaTwilightSpark+1","GravityBeat","AsteroidBelt","BinaryStars"],"relics":["MiniHakkero","hubris:Icosahedron","TheBible","REME:ComplimentaryCards","HushsDoor","Gensokyo:NagashiBinaDoll","Blood Vial","BookofShadows","Orichalcum","Cursed Key"],"acts_visited":["Gensokyo:Gensokyo","ruina:Briah"],"potions_floor_usage":[6,16],"damage_taken":[{"damage":11.0,"enemies":"Gensokyo:Gryphon","floor":1.0,"turns":4.0},{"damage":16,"enemies":"Gensokyo:Mamizou","floor":6,"turns":9},{"damage":13,"enemies":"Gensokyo:Aya","floor":8,"turns":7},{"damage":7,"enemies":"Gensokyo:Python","floor":10,"turns":3},{"damage":1,"enemies":"Gensokyo:3_Fairies","floor":11,"turns":5},{"damage":24,"enemies":"Gensokyo:Yukari","floor":16,"turns":10},{"damage":69,"enemies":"ruina:BadWolf","floor":18,"turns":7}],"seed_played":"8690801246095314849","potions_obtained":[{"floor":0.0,"key":"Dexterity Potion"},{"floor":0.0,"key":"DuplicationPotion"},{"floor":6,"key":"Explosive Potion"},{"floor":8,"key":"SteroidPotion"},{"floor":16,"key":"GamblersBrew"}],"is_trial":false,"path_per_floor":["M","?","$","?","?","E","R","E","T","M","M","R","?","?","R","B",null,"M"],"character_chosen":"MARISA","items_purchased":["WitchOfGreed"],"campfire_rested":1,"item_purchase_floors":[3],"current_hp_per_floor":[52,52,52,52,52,36,36,25,25,20,21,42,42,42,42,20,58,0,0],"gold":413,"neow_bonus":"THREE_SMALL_POTIONS","is_daily":false,"chose_seed":false,"campfire_upgraded":2,"win_rate":0.0,"timestamp":1613951916,"path_taken":["M","?","$","?","?","E","R","E","T","?","M","R","?","?","R","BOSS","M"],"items_purchased_type":["Card"],"build_version":"2020-12-22","purchased_purges":0,"victory":false,"max_hp_per_floor":[70,70,70,70,70,70,70,70,70,70,70,70,70,70,70,70,70,70,70],"relic_stats":{"Blood Vial":10,"counters":[7,45],"Orichalcum":[60],"Cursed Key":0,"obtain_stats":[{"KeepersGift":0,"Blood Vial":6,"REME:ComplimentaryCards":0,"BookofShadows":8,"hubris:Icosahedron":13,"TheBible":0,"Gensokyo:NagashiBinaDoll":2,"MiniHakkero":0,"Orichalcum":9,"HushsDoor":0,"Cursed Key":17},{"KeepersGift":0,"Blood Vial":2,"REME:ComplimentaryCards":0,"BookofShadows":3,"hubris:Icosahedron":5,"TheBible":0,"Gensokyo:NagashiBinaDoll":1,"MiniHakkero":0,"Orichalcum":3,"HushsDoor":0,"Cursed Key":6},{"KeepersGift":0,"Blood Vial":13,"REME:ComplimentaryCards":0,"BookofShadows":20,"hubris:Icosahedron":28,"TheBible":0,"Gensokyo:NagashiBinaDoll":4,"MiniHakkero":0,"Orichalcum":20,"HushsDoor":0,"Cursed Key":38}]},"card_choices":[{"not_picked":["AsteroidBelt","DragonMeteor","SporeBomb"],"picked":"SKIP","floor":1.0},{"not_picked":["Acceleration","WitchOfGreed","StarlightTyphoon"],"picked":"SKIP","floor":6},{"not_picked":["GalacticHalo","EarthLightRay","DoubleSpark"],"picked":"SKIP","floor":8},{"not_picked":["GalacticHalo","EarthLightRay","DoubleSpark"],"picked":"SKIP","floor":8},{"not_picked":["UnstableBomb","Acceleration"],"picked":"GravityBeat","floor":10},{"not_picked":["IllusionStar","EnergyFlow"],"picked":"AsteroidBelt","floor":11},{"not_picked":["SuperNova","ManaRampage"],"picked":"BinaryStars","floor":16}],"player_experience":936819,"relics_obtained":[{"floor":6,"key":"Blood Vial"},{"floor":8,"key":"BookofShadows"},{"floor":9,"key":"Orichalcum"}],"event_choices":[{"damage_healed":0.0,"max_hp_gain":0.0,"max_hp_loss":0.0,"gold_gain":0.0,"event_name":"conspire:Investor","player_choice":"Invest 1","floor":4.0,"gold_loss":0.0,"damage_taken":0.0}],"is_beta":false,"boss_relics":[{"not_picked":["Black Star","Pandora\u0027s Box"],"picked":"Cursed Key"},{"not_picked":[]}],"items_purged_floors":[],"is_endless":false,"potions_floor_spawned":[10,16],"killed_by":"ruina:BadWolf","ascension_level":20}}