{"host":"8ztb9kwpjc2zof9s","time":1613920500,"event":{"mods":["BaseMod","Block Reminder","Curses Come First","Minty Spire (QoL Compilation)","Relic Stats","StSLib"],"gold_per_floor":[99,99,99,99,99,99,99,99,99,99,54,15,15,15,15,15,15],"floor_reached":16,"language":"ENG","playtime":800,"items_purged":[],"score":177,"play_id":"f34021de-623d-4882-8db1-517788792cc0","local_time":"20210221071500","is_ascension_mode":true,"campfire_choices":[{"data":"Leg Sweep","floor":6,"key":"SMITH"},{"data":"Tactician","floor":8,"key":"SMITH"},{"data":"Neutralize","floor":15,"key":"SMITH"}],"circlet_count":0,"master_deck":["AscendersBane","Strike_G","Strike_G","Strike_G","Strike_G","Strike_G","Defend_G","Defend_G","Defend_G","Defend_G","Defend_G","Survivor","Neutralize+1","Acrobatics","PiercingWail","Leg Sweep+1","Tactician+1","Blade Dance","Dash","Dash","Reflex","Flying Knee"],"relics":["Ectoplasm","SsserpentHead","Sundial","Ornamental Fan"],"acts_visited":["Exordium"],"potions_floor_usage":[14,16,16],"damage_taken":[{"damage":7,"enemies":"Small Slimes","floor":1,"turns":5},{"damage":4,"enemies":"Jaw Worm","floor":3,"turns":4},{"damage":0,"enemies":"Cultist","floor":4,"turns":4},{"damage":6,"enemies":"Exordium Thugs","floor":7,"turns":8},{"damage":4,"enemies":"Blue Slaver","floor":10,"turns":5},{"damage":6,"enemies":"Looter","floor":11,"turns":4},{"damage":0,"enemies":"2 Fungi Beasts","floor":13,"turns":5},{"damage":2,"enemies":"3 Sentries","floor":14,"turns":11},{"damage":39,"enemies":"Slime Boss","floor":16,"turns":11}],"seed_played":"4625634336214859955","potions_obtained":[{"floor":1,"key":"GhostInAJar"},{"floor":13,"key":"ColorlessPotion"},{"floor":14,"key":"Poison Potion"}],"is_trial":false,"path_per_floor":["M","?","M","M","?","R","M","R","T","M","M","$","M","E","R","B"],"character_chosen":"THE_SILENT","items_purchased":["Dash"],"campfire_rested":0,"item_purchase_floors":[12],"current_hp_per_floor":[52,57,53,53,53,53,47,47,47,43,37,37,37,35,35,0,0],"gold":15,"neow_bonus":"BOSS_RELIC","is_daily":false,"chose_seed":false,"campfire_upgraded":3,"win_rate":0.0,"timestamp":1613920500,"path_taken":["M","?","M","M","?","R","M","R","T","M","M","$","?","E","R","BOSS"],"items_purchased_type":["Card"],"build_version":"2020-12-22","purchased_purges":0,"victory":false,"max_hp_per_floor":[66,71,71,71,71,71,71,71,71,71,71,71,71,71,71,71,71],"relic_stats":{"SsserpentHead":0,"counters":[9,57],"Sundial":[4],"Ornamental Fan":[24],"Ectoplasm":232,"obtain_stats":[{"SsserpentHead":5,"Sundial":9,"Ornamental Fan":14,"Ectoplasm":0,"Ring of the Snake":0},{"SsserpentHead":3,"Sundial":4,"Ornamental Fan":8,"Ectoplasm":0,"Ring of the Snake":0},{"SsserpentHead":13,"Sundial":21,"Ornamental Fan":46,"Ectoplasm":0,"Ring of the Snake":0}]},"card_choices":[{"not_picked":["Riddle With Holes","Prepared"],"picked":"Acrobatics","floor":1},{"not_picked":["Quick Slash","Crippling Poison"],"picked":"PiercingWail","floor":3},{"not_picked":["Well Laid Plans","Acrobatics"],"picked":"Leg Sweep","floor":4},{"not_picked":["Storm of Steel","Leg Sweep"],"picked":"Tactician","floor":7},{"not_picked":["Bane","Poisoned Stab"],"picked":"Blade Dance","floor":10},{"not_picked":["PiercingWail","Riddle With Holes"],"picked":"Dash","floor":11},{"not_picked":["Riddle With Holes","Dodge and Roll"],"picked":"Reflex","floor":13},{"not_picked":["Outmaneuver","Slice"],"picked":"Flying Knee","floor":14}],"player_experience":370665,"relics_obtained":[{"floor":9,"key":"Sundial"},{"floor":14,"key":"Ornamental Fan"}],"event_choices":[{"damage_healed":0,"gold_gain":0,"player_choice":"Donut","damage_taken":0,"max_hp_gain":5,"max_hp_loss":0,"event_name":"Big Fish","floor":2,"gold_loss":0},{"damage_healed":0,"gold_gain":0,"player_choice":"Trade","damage_taken":0,"relics_obtained":["SsserpentHead"],"max_hp_gain":0,"max_hp_loss":0,"event_name":"FaceTrader","floor":5,"gold_loss":0}],"is_beta":false,"boss_relics":[],"items_purged_floors":[],"is_endless":false,"potions_floor_spawned":[1,13,14],"killed_by":"Slime Boss","ascension_level":14}}