{"host":"skr63qsdfgeey3it","time":1613869498,"event":{"mods":["BaseMod","Colored Map","Hubris","Minty Spire (QoL Compilation)","Monster B Gone","Reliquary","Replay The Spire","Spicy Shops","StSLib"],"gold_per_floor":[13,28,28,40,54,54,79,8,33,86,86,86,115,132,132,208,208,225,237,12,12,12,12,29,22,22,41,41,61,76,129,129,129,129],"floor_reached":33,"language":"ENG","playtime":1275,"items_purged":["Pride","Injury"],"score":537,"play_id":"6fe25310-3da4-4696-bf95-76a390d1d14e","local_time":"20210220190458","is_ascension_mode":true,"campfire_choices":[{"floor":6,"key":"REST"},{"floor":12,"key":"REST"},{"floor":15,"key":"REST"},{"data":"Tempest","floor":23,"key":"SMITH"},{"floor":32,"key":"REST"}],"circlet_count":0,"master_deck":["AscendersBane","Transmutation+1","Strike_B","Strike_B","Strike_B","Defend_B","Defend_B","Defend_B","Defend_B","Zap+1","Dualcast","Rebound","Tempest+1","Melter","Cold Snap","Amplify","ReplayTheSpireMod:Calculation Training","Heatsinks","Rebound","Redo","ReplayTheSpireMod:Omega Cannon","Skim","Heatsinks","Ghostly","Ghostly","Ghostly","Double Energy","Clumsy","FIFO Queue","Force Field","Rebound","Recycle","hubris:SpecializedCircuitry","Fission+1"],"relics":["Cracked Core","hubris:CuriousFeather","MealTicket","Smiling Mask","reliquary:SharkskinSheath","hubris:PeanutButter","Nuclear Battery","Membership Card","Chemical X","hubris:Teleporter","ReplayTheSpireMod:CursedCoin","Orrery","reliquary:TridentHead","Nunchaku"],"acts_visited":["Exordium","TheCity"],"potions_floor_usage":[7,13,13,14,16,19,19,30,33],"damage_taken":[{"damage":0,"enemies":"2 Louse","floor":1,"turns":3},{"damage":11,"enemies":"Cultist","floor":2,"turns":4},{"damage":2,"enemies":"Jaw Worm","floor":4,"turns":3},{"damage":14,"enemies":"2 Fungi Beasts","floor":5,"turns":3},{"damage":41,"enemies":"Lagavulin","floor":7,"turns":7},{"damage":0,"enemies":"3 Sentries","floor":13,"turns":5},{"damage":30,"enemies":"Exordium Thugs","floor":14,"turns":4},{"damage":23,"enemies":"The Guardian","floor":16,"turns":11},{"damage":0,"enemies":"Spheric Guardian","floor":18,"turns":1},{"damage":6,"enemies":"Shell Parasite","floor":19,"turns":2},{"damage":8,"enemies":"Centurion and Healer","floor":24,"turns":6},{"damage":16,"enemies":"Snake Plant","floor":27,"turns":6},{"damage":0,"enemies":"Snecko","floor":29,"turns":3},{"damage":15,"enemies":"Centurion and Healer","floor":30,"turns":7},{"damage":21,"enemies":"Champ","floor":33,"turns":8}],"seed_played":"523569803898034151","potions_obtained":[{"floor":2,"key":"GamblersBrew"},{"floor":5,"key":"Elixir"},{"floor":7,"key":"Reflective Coating"},{"floor":13,"key":"Dexterity Potion"},{"floor":14,"key":"Languid Potion"},{"floor":18,"key":"PowerPotion"},{"floor":27,"key":"LiquidMemories"},{"floor":29,"key":"FearPotion"}],"is_trial":false,"path_per_floor":["M","M","?","M","M","R","E","$","T","T","?","R","E","M","R","B",null,"M","M","$","?","?","R","M","$","T","M","?","M","M","T","R","B"],"character_chosen":"DEFECT","items_purchased":["Heatsinks","Membership Card","Chemical X","ReplayTheSpireMod:CursedCoin","FIFO Queue","Orrery"],"campfire_rested":4,"item_purchase_floors":[8,20,20,25,25,25],"current_hp_per_floor":[64,53,53,51,37,58,17,32,32,32,32,53,53,23,44,21,59,59,53,68,35,35,35,27,35,35,19,19,19,4,4,14,0,0],"gold":129,"neow_bonus":"ONE_RARE_RELIC","is_daily":false,"chose_seed":false,"campfire_upgraded":1,"win_rate":0.0,"timestamp":1613869498,"path_taken":["M","M","?","?","M","R","E","?","T","?","?","R","E","?","R","BOSS","M","M","$","?","?","R","?","$","T","M","?","M","?","?","R","BOSS"],"items_purchased_type":["Card","Relic","Relic","Relic","Card","Relic"],"build_version":"2020-12-22","purchased_purges":2,"victory":false,"max_hp_per_floor":[71,71,71,71,71,71,71,71,71,71,71,71,71,71,71,71,71,71,71,71,35,35,35,35,35,35,35,35,35,35,35,35,35,35],"card_choices":[{"not_picked":["Compile Driver","Gash"],"picked":"Rebound","floor":1},{"not_picked":["Streamline","Coolheaded"],"picked":"Tempest","floor":2},{"not_picked":["Compile Driver","Doom and Gloom"],"picked":"Cold Snap","floor":4},{"not_picked":["BasicCrystalCard","Hello World"],"picked":"Amplify","floor":5},{"not_picked":["Seek","Sweeping Beam"],"picked":"ReplayTheSpireMod:Calculation Training","floor":7},{"not_picked":["Turbo","Streamline"],"picked":"Rebound","floor":13},{"not_picked":["Gash","Barrage"],"picked":"Redo","floor":14},{"not_picked":["ReplayRNGCard","Hyperbeam"],"picked":"ReplayTheSpireMod:Omega Cannon","floor":16},{"not_picked":["Redo","Coolheaded"],"picked":"Skim","floor":18},{"not_picked":["Aggregate+1","ReplayTheSpireMod:Reroute Power"],"picked":"Heatsinks","floor":19},{"not_picked":["Steam Power","Coolheaded"],"picked":"Double Energy","floor":24},{"not_picked":["Ball Lightning","Sunder"],"picked":"Force Field","floor":25},{"not_picked":["ReplaySort","Steam Power"],"picked":"Rebound","floor":25},{"not_picked":["Go for the Eyes","Turbo"],"picked":"Recycle","floor":25},{"not_picked":["Coolheaded","Steam Power+1"],"picked":"hubris:SpecializedCircuitry","floor":25},{"not_picked":["Beam Cell","Compile Driver"],"picked":"Fission","floor":25},{"not_picked":["Rebound","Skim","Barrage"],"picked":"SKIP","floor":27},{"not_picked":["Streamline","Cold Snap","Conserve Battery"],"picked":"SKIP","floor":29},{"not_picked":["Heatsinks","Redo","Streamline"],"picked":"SKIP","floor":30}],"player_experience":986169,"relics_obtained":[{"floor":7,"key":"MealTicket"},{"floor":9,"key":"Smiling Mask"},{"floor":10,"key":"reliquary:SharkskinSheath"},{"floor":13,"key":"hubris:PeanutButter"},{"floor":26,"key":"reliquary:TridentHead"},{"floor":31,"key":"Nunchaku"}],"event_choices":[{"damage_healed":0,"gold_gain":0,"cards_transformed":["Strike_B"],"player_choice":"Transformed","damage_taken":0,"max_hp_gain":0,"max_hp_loss":0,"event_name":"Transmorgrifier","floor":3,"gold_loss":0,"cards_obtained":["Melter"]},{"damage_healed":0,"gold_gain":0,"player_choice":"Became a Ghost","damage_taken":0,"max_hp_gain":0,"max_hp_loss":36,"event_name":"Ghosts","floor":21,"gold_loss":0,"cards_obtained":["Ghostly","Ghostly","Ghostly"]},{"damage_healed":0,"gold_gain":0,"player_choice":"Upgraded","damage_taken":0,"max_hp_gain":0,"max_hp_loss":0,"event_name":"Upgrade Shrine","floor":28,"gold_loss":0,"cards_upgraded":["Fission"]}],"is_beta":false,"boss_relics":[{"not_picked":["SacredBark","Replay:Wanted Poster"],"picked":"Nuclear Battery"}],"items_purged_floors":[25,25],"is_endless":false,"potions_floor_spawned":[2,5,7,13,14,18,27,29],"killed_by":"Champ","ascension_level":15}}