{"host":"l1pzlbpva2o8t11s","time":1613944643,"event":{"mods":["AchievementEnabler","BaseMod","Block Reminder","Colored Map","Minty Spire (QoL Compilation)","Random Character Button","Relic Stats","StSLib","The Jungle"],"gold_per_floor":[111,111,125,136,12,12,28,28,28,54,54,54,64,13,13,115,115,129,129,129,142,142,142,142,178,257,257,272,282,282,197,197,297,297,315,365,80,93,93,93,108,121,121,121,121,141,155,185,185,185,185],"floor_reached":50,"language":"ENG","playtime":2361,"items_purged":["Strike_G","Strike_G+1"],"score":579,"play_id":"34955f31-aeb5-4978-b0c6-072788a42d04","local_time":"20210221225723","is_ascension_mode":true,"campfire_choices":[{"data":"Cloak And Dagger","floor":6.0,"key":"SMITH"},{"data":"Finisher","floor":8.0,"key":"SMITH"},{"data":"Accuracy","floor":15.0,"key":"SMITH"},{"data":"Envenom","floor":23.0,"key":"SMITH"},{"floor":30.0,"key":"RECALL"},{"floor":32.0,"key":"REST"},{"data":"Infinite Blades","floor":40.0,"key":"SMITH"},{"data":"Cloak And Dagger","floor":45.0,"key":"SMITH"},{"floor":49.0,"key":"REST"}],"circlet_count":0,"master_deck":["Strike_G+1","Strike_G+1","Strike_G+1","Defend_G+1","Defend_G+1","Defend_G+1","Defend_G+1","Survivor","Neutralize","Accuracy+1","Finisher+1","Cloak And Dagger+1","Slice","Blade Dance","Envenom+1","Blade Dance","Cloak And Dagger+1","Blade Dance","Infinite Blades+1","Writhe","Blade Dance"],"relics":["Ring of the Serpent","WingedGreaves","Gremlin Horn","Shuriken","MutagenicStrength","Darkstone Periapt","Pantograph","Boot","WristBlade","Tough Bandages","Pen Nib","Ninja Scroll","Bag of Marbles"],"acts_visited":["Exordium","TheCity","TheBeyond"],"potions_floor_usage":[],"damage_taken":[{"damage":3.0,"enemies":"Small Slimes","floor":1.0,"turns":5.0},{"damage":2.0,"enemies":"Cultist","floor":3.0,"turns":4.0},{"damage":0.0,"enemies":"Jaw Worm","floor":4.0,"turns":4.0},{"damage":2.0,"enemies":"Large Slime","floor":7.0,"turns":4.0},{"damage":0.0,"enemies":"3 Louse","floor":13.0,"turns":2.0},{"damage":23.0,"enemies":"Slime Boss","floor":16.0,"turns":4.0},{"damage":19.0,"enemies":"Spheric Guardian","floor":18.0,"turns":4.0},{"damage":4.0,"enemies":"Shell Parasite","floor":21.0,"turns":3.0},{"damage":4.0,"enemies":"Cultist and Chosen","floor":25.0,"turns":5.0},{"damage":0.0,"enemies":"Sentry and Sphere","floor":28.0,"turns":3.0},{"damage":0.0,"enemies":"Centurion and Healer","floor":29.0,"turns":3.0},{"damage":17.0,"enemies":"Champ","floor":33.0,"turns":8.0},{"damage":0.0,"enemies":"Orb Walker","floor":35.0,"turns":2.0},{"damage":20.0,"enemies":"Mind Bloom Boss Battle","floor":36.0,"turns":4.0},{"damage":10.0,"enemies":"3 Shapes","floor":38.0,"turns":1.0},{"damage":0.0,"enemies":"Transient","floor":41.0,"turns":5.0},{"damage":0.0,"enemies":"Spire Growth","floor":42.0,"turns":3.0},{"damage":0.0,"enemies":"3 Darklings","floor":46.0,"turns":2.0},{"damage":18.0,"enemies":"Maw","floor":47.0,"turns":3.0},{"damage":19.0,"enemies":"Nemesis","floor":48.0,"turns":3.0},{"damage":0,"enemies":"Donu and Deca","floor":50,"turns":1}],"seed_played":"6618621212920410384","potions_obtained":[{"floor":1.0,"key":"FearPotion"},{"floor":3.0,"key":"ColorlessPotion"},{"floor":7.0,"key":"LiquidMemories"},{"floor":21.0,"key":"Poison Potion"},{"floor":25.0,"key":"Weak Potion"},{"floor":35.0,"key":"Regen Potion"},{"floor":38.0,"key":"Strength Potion"},{"floor":42.0,"key":"Energy Potion"}],"is_trial":false,"path_per_floor":["M","?","M","M","$","R","M","R","T","T","?","?","M","$","R","B",null,"M","?","?","M","?","R","?","M","T","T","M","M","R","?","R","B",null,"M","?","$","M","$","R","M","M","T","?","R","M","M","E","R","B"],"character_chosen":"THE_SILENT","items_purchased":["Cloak And Dagger","Blade Dance","Pen Nib","Infinite Blades"],"campfire_rested":2,"item_purchase_floors":[5,14,37,37],"current_hp_per_floor":[46,46,44,44,44,44,42,42,42,42,35,28,28,28,28,5,70,51,38,38,34,34,34,34,30,30,30,30,30,30,30,52,58,75,75,55,55,45,45,45,45,45,45,70,70,70,52,42,66,81,81],"gold":185,"neow_bonus":"ONE_RARE_RELIC","is_daily":false,"chose_seed":false,"campfire_upgraded":6,"win_rate":0.0,"timestamp":1613944643,"path_taken":["M","?","?","M","$","R","M","R","T","?","?","?","M","$","R","BOSS","M","?","?","M","?","R","?","M","T","?","M","?","R","?","R","BOSS","M","?","$","M","$","R","M","M","T","?","R","M","M","E","R","BOSS"],"items_purchased_type":["Card","Card","Relic","Card"],"build_version":"2020-12-22","purchased_purges":2,"victory":false,"max_hp_per_floor":[70,70,70,70,70,70,70,70,70,70,70,70,70,70,70,70,70,70,75,75,75,75,75,75,75,75,75,75,75,75,75,75,75,75,75,75,75,75,75,75,75,75,75,81,81,81,81,81,81,81,81],"relic_stats":{"Darkstone Periapt":6,"Tough Bandages":[0],"Gremlin Horn":[9,9],"counters":[21,72],"Shuriken":[62],"Pantograph":38,"Pen Nib":[10],"Boot":[5],"obtain_stats":[{"Darkstone Periapt":26,"Gremlin Horn":9,"Pen Nib":37,"Boot":31,"Tough Bandages":36,"WristBlade":34,"Shuriken":11,"Ninja Scroll":43,"MutagenicStrength":20,"Pantograph":27,"WingedGreaves":0,"Bag of Marbles":48,"Ring of the Serpent":17,"Ring of the Snake":0},{"Darkstone Periapt":9,"Gremlin Horn":4,"Pen Nib":14,"Boot":11,"Tough Bandages":14,"WristBlade":12,"Shuriken":4,"Ninja Scroll":17,"MutagenicStrength":7,"Pantograph":9,"WingedGreaves":0,"Bag of Marbles":20,"Ring of the Serpent":6,"Ring of the Snake":0},{"Darkstone Periapt":35,"Gremlin Horn":17,"Pen Nib":55,"Boot":41,"Tough Bandages":55,"WristBlade":49,"Shuriken":17,"Ninja Scroll":64,"MutagenicStrength":27,"Pantograph":35,"WingedGreaves":0,"Bag of Marbles":72,"Ring of the Serpent":23,"Ring of the Snake":0}]},"card_choices":[{"not_picked":["Expertise","Outmaneuver","Quick Slash"],"picked":"SKIP","floor":1.0},{"not_picked":["Flechettes","Dodge and Roll"],"picked":"Accuracy","floor":3.0},{"not_picked":["Skewer","Quick Slash"],"picked":"Finisher","floor":4.0},{"not_picked":["Heel Hook","Crippling Poison"],"picked":"Slice","floor":7.0},{"not_picked":["Setup","PiercingWail","Skewer"],"picked":"SKIP","floor":13.0},{"not_picked":["Storm of Steel","Malaise"],"picked":"Envenom","floor":16.0},{"not_picked":["Outmaneuver","Prepared+1","Blur"],"picked":"SKIP","floor":18.0},{"not_picked":["Dagger Spray","Deflect","PiercingWail"],"picked":"SKIP","floor":21.0},{"not_picked":["Setup+1","Acrobatics"],"picked":"Blade Dance","floor":25.0},{"not_picked":["Outmaneuver","Dodge and Roll+1","Acrobatics"],"picked":"SKIP","floor":28.0},{"not_picked":["Calculated Gamble","Prepared","Backflip+1"],"picked":"SKIP","floor":29.0},{"not_picked":["Footwork+1","Terror"],"picked":"Cloak And Dagger","floor":35.0},{"not_picked":["Quick Slash+1","Bane+1"],"picked":"Blade Dance","floor":36.0},{"not_picked":["Prepared+1","Calculated Gamble+1","Flying Knee+1"],"picked":"SKIP","floor":38.0},{"not_picked":["Escape Plan","Poisoned Stab","Predator+1"],"picked":"SKIP","floor":41.0},{"not_picked":["Poisoned Stab","Malaise","Dagger Throw+1"],"picked":"SKIP","floor":42.0},{"not_picked":["Prepared+1","Dodge and Roll+1"],"picked":"Blade Dance","floor":46.0},{"not_picked":["Prepared+1","Blade Dance+1","Backstab+1"],"picked":"SKIP","floor":47.0},{"not_picked":["Tactician","Cloak And Dagger+1","Eviscerate"],"picked":"SKIP","floor":48.0}],"player_experience":173918,"relics_obtained":[{"floor":9.0,"key":"Gremlin Horn"},{"floor":26.0,"key":"Darkstone Periapt"},{"floor":27.0,"key":"Pantograph"},{"floor":36.0,"key":"Tough Bandages"},{"floor":43.0,"key":"Ninja Scroll"},{"floor":48.0,"key":"Bag of Marbles"}],"event_choices":[{"damage_healed":0.0,"max_hp_gain":0.0,"max_hp_loss":0.0,"gold_gain":0.0,"event_name":"The Woman in Blue","player_choice":"Bought 0 Potions","floor":2.0,"gold_loss":0.0,"damage_taken":0.0},{"damage_healed":0.0,"max_hp_gain":0.0,"max_hp_loss":0.0,"gold_gain":0.0,"event_name":"Scrap Ooze","player_choice":"Success","floor":11.0,"gold_loss":0.0,"damage_taken":7.0,"relics_obtained":["Shuriken"]},{"cards_removed":["Defend_G"],"damage_healed":0.0,"max_hp_gain":0.0,"max_hp_loss":0.0,"gold_gain":0.0,"event_name":"Golden Wing","player_choice":"Card Removal","floor":12.0,"gold_loss":0.0,"damage_taken":7.0},{"damage_healed":0.0,"max_hp_gain":5.0,"max_hp_loss":0.0,"gold_gain":0.0,"event_name":"Forgotten Altar","player_choice":"Shed Blood","floor":19.0,"gold_loss":0.0,"damage_taken":18.0},{"damage_healed":0.0,"max_hp_gain":0.0,"max_hp_loss":0.0,"gold_gain":0.0,"event_name":"Drug Dealer","player_choice":"Inject Mutagens","floor":20.0,"gold_loss":0.0,"damage_taken":0.0,"relics_obtained":["MutagenicStrength"]},{"damage_healed":0.0,"max_hp_gain":0.0,"max_hp_loss":0.0,"gold_gain":0.0,"event_name":"Back to Basics","player_choice":"Simplicity","floor":22.0,"gold_loss":0.0,"damage_taken":0.0,"cards_upgraded":["Strike_G","Strike_G","Strike_G","Strike_G","Defend_G","Defend_G","Defend_G","Defend_G"]},{"damage_healed":0.0,"max_hp_gain":0.0,"max_hp_loss":0.0,"gold_gain":0.0,"event_name":"Vampires","player_choice":"Ignored","floor":24.0,"gold_loss":0.0,"damage_taken":0.0},{"damage_healed":0.0,"max_hp_gain":0.0,"max_hp_loss":0.0,"gold_gain":0.0,"event_name":"Addict","player_choice":"Obtained Relic","floor":31.0,"gold_loss":85.0,"damage_taken":0.0,"relics_obtained":["Boot"]},{"damage_healed":0.0,"max_hp_gain":0.0,"max_hp_loss":0.0,"gold_gain":0.0,"event_name":"MindBloom","player_choice":"Fight","floor":36.0,"gold_loss":0.0,"damage_taken":0.0},{"damage_healed":19.0,"max_hp_gain":0.0,"max_hp_loss":0.0,"gold_gain":0.0,"event_name":"Winding Halls","player_choice":"Writhe","floor":44.0,"gold_loss":0.0,"damage_taken":0.0,"cards_obtained":["Writhe"]}],"is_beta":false,"boss_relics":[{"not_picked":["Coffee Dripper","Ectoplasm"],"picked":"Ring of the Serpent"},{"not_picked":["SacredBark","Velvet Choker"],"picked":"WristBlade"}],"items_purged_floors":[5,37],"is_endless":false,"potions_floor_spawned":[1,3,7,21,25,35,38,41,42],"killed_by":"Donu and Deca","ascension_level":4}}