{"host":"8i6urbfw19gmz7qf","time":1613867116,"event":{"mods":["AchievementEnabler","Aspiration","BaseMod","Colored Map","Conspire","Energized Spire","Friendly Minions","Halation","Hermit","Highlight Path","Hubris","Minty Spire (QoL Compilation)","Quick Restart","READ ME - Snecko Mod","Random Character Button","Replay The Spire","Robot Space Explorer","StSLib","Synergy Search","The Cursed","The Jungle","The Marked","The Necromancer"],"gold_per_floor":[116,116,116,116,129,129,147,147,201,154,172,122,43,54,54,152,152,166,185,198,138,138,138],"floor_reached":22,"language":"ENG","playtime":1113,"items_purged":[],"score":176,"play_id":"f0b21462-cdbb-4b1c-8ac9-853f0d6707dc","local_time":"20210220162516","is_ascension_mode":false,"campfire_choices":[{"floor":6,"key":"REST"},{"floor":8,"key":"REST"},{"floor":15,"key":"REST"}],"circlet_count":0,"master_deck":["theMarked:Strike","theMarked:Strike+1","theMarked:Strike","theMarked:Strike+1","theMarked:Strike","theMarked:Defend","theMarked:Defend","theMarked:Defend","theMarked:Defend","theMarked:SoldierOfQuellstein","theMarked:Memento","theMarked:BanishingWave","theMarked:WardOff","theMarked:EmpowerWeapon","theMarked:Memento","theMarked:TwofoldDefense","theMarked:BanishingStrike","theMarked:MysticalArsenal","theMarked:Pokerface","theMarked:EternalStudent","theMarked:Frustration+1","theMarked:ChannelForce","theMarked:MysticalArsenal+1"],"relics":["theMarked:ArtifactOfAir","Calipers","PreservedInsect","halation:ForbiddenBikini"],"acts_visited":["Exordium","TheCity"],"potions_floor_usage":[16],"damage_taken":[{"damage":0,"enemies":"2 Louse","floor":1,"turns":2},{"damage":13,"enemies":"Jaw Worm","floor":5,"turns":4},{"damage":9,"enemies":"Cultist","floor":7,"turns":3},{"damage":11,"enemies":"2 Fungi Beasts","floor":11,"turns":5},{"damage":7,"enemies":"conspire:2 RoseBushes","floor":14,"turns":4},{"damage":71,"enemies":"Hexaghost","floor":16,"turns":11},{"damage":20,"enemies":"2 Thieves","floor":18,"turns":3},{"damage":45,"enemies":"3 Byrds","floor":19,"turns":7},{"damage":17,"enemies":"Cultist and Chosen","floor":20,"turns":6},{"damage":22,"enemies":"conspire:HollyBat","floor":22,"turns":6}],"seed_played":"-1852558196300699477","potions_obtained":[{"floor":1,"key":"SpeedPotion"},{"floor":7,"key":"Venom Potion"},{"floor":19,"key":"FairyPotion"}],"is_trial":false,"path_per_floor":["M","?","?","?","M","R","M","R","T","$","M","?","$","M","R","B",null,"M","M","M","?","M"],"character_chosen":"THE_DEFAULT","items_purchased":["theMarked:TwofoldDefense","theMarked:MysticalArsenal"],"campfire_rested":3,"item_purchase_floors":[10,13],"current_hp_per_floor":[72,58,58,58,45,66,57,72,72,72,61,61,61,54,72,1,72,52,7,15,15,0,0],"gold":138,"neow_bonus":"THREE_CARDS","is_daily":false,"chose_seed":false,"campfire_upgraded":0,"win_rate":0.0,"timestamp":1613867116,"path_taken":["M","?","?","?","?","R","M","R","T","$","?","?","?","M","R","BOSS","M","M","M","?","M"],"items_purchased_type":["Card","Card"],"build_version":"2020-12-22","purchased_purges":0,"victory":false,"max_hp_per_floor":[72,72,72,72,72,72,72,72,72,72,72,72,72,72,72,72,72,72,72,72,72,72,72],"card_choices":[{"not_picked":["theMarked:Aftermath","theMarked:ElectricStrings"],"picked":"theMarked:Memento","floor":0},{"not_picked":["theMarked:ElectricStrings","theMarked:Electrocute"],"picked":"theMarked:BanishingWave","floor":1},{"not_picked":["theMarked:ElectricStrings","theMarked:HeightenedSenses"],"picked":"theMarked:EmpowerWeapon","floor":5},{"not_picked":["theMarked:Determination","theMarked:ElectricStrings"],"picked":"theMarked:Memento","floor":7},{"not_picked":["theMarked:SwordAndMagic","theMarked:Aftermath"],"picked":"theMarked:BanishingStrike","floor":11},{"not_picked":["theMarked:HeightenedSenses","theMarked:RepellingDischarge"],"picked":"theMarked:Pokerface","floor":14},{"not_picked":["theMarked:Challenge","theMarked:Toughness"],"picked":"theMarked:EternalStudent","floor":16},{"not_picked":["theMarked:TakeCover","theMarked:Improvise"],"picked":"theMarked:Frustration+1","floor":18},{"not_picked":["theMarked:Frustration","theMarked:Parkour"],"picked":"theMarked:ChannelForce","floor":19},{"not_picked":["theMarked:ChainLightning","theMarked:RepellingDischarge+1"],"picked":"theMarked:MysticalArsenal+1","floor":20}],"player_experience":48677,"relics_obtained":[{"floor":9,"key":"PreservedInsect"}],"event_choices":[{"damage_healed":0,"gold_gain":0,"player_choice":"Entered Light","damage_taken":14,"max_hp_gain":0,"max_hp_loss":0,"event_name":"Shining Light","floor":2,"gold_loss":0,"cards_upgraded":["theMarked:Strike","theMarked:Strike"]},{"damage_healed":0,"gold_gain":0,"player_choice":"Box","damage_taken":0,"relics_obtained":["Calipers"],"max_hp_gain":0,"max_hp_loss":0,"event_name":"Big Fish","floor":4,"gold_loss":0,"cards_obtained":["Regret"]},{"cards_removed":["Regret"],"damage_healed":0,"gold_gain":0,"player_choice":"Card Removal","damage_taken":0,"max_hp_gain":0,"max_hp_loss":0,"event_name":"The Cleric","floor":12,"gold_loss":50}],"is_beta":false,"boss_relics":[{"not_picked":["hubris:HollowSoul","energizedSpire:DeadBattery"],"picked":"halation:ForbiddenBikini"}],"items_purged_floors":[],"is_endless":false,"potions_floor_spawned":[1,7,19],"killed_by":"conspire:HollyBat","ascension_level":0}}