{"host":"fiyb7gvx7tok3jeh","time":1613921124,"event":{"mods":["BaseMod","Colored Map","Colored Powertips","DeckTracker","Googly Eyes","Highlight Path","Minty Spire (QoL Compilation)"],"gold_per_floor":[117,117,131,150,162,189,189,222,247,277,303,317,347,136,136,238,238,253,273,286,297,297,323,10,10,10,42,42,52,52,87,87,185,185,203,203,218,218,21,48,48,98,98,98,98,132,32,62,62,62,62,62,20,51,51],"floor_reached":56,"language":"ENG","playtime":2785,"items_purged":["Defend_R","Injury","Flex+1"],"score":1921,"play_id":"6fd1d655-285c-42ed-9857-445aacc88e67","local_time":"20210221172524","is_ascension_mode":true,"campfire_choices":[{"data":"Carnage","floor":7,"key":"SMITH"},{"data":"Inflame","floor":15,"key":"SMITH"},{"data":"Barricade","floor":25,"key":"SMITH"},{"data":"Carnage","floor":28,"key":"SMITH"},{"floor":32,"key":"RECALL"},{"data":"Body Slam","floor":41,"key":"SMITH"},{"data":"Bash","floor":45,"key":"SMITH"},{"data":"Clothesline","floor":49,"key":"SMITH"},{"data":"Defend_R","floor":52,"key":"SMITH"}],"circlet_count":0,"master_deck":["Strike_R","Strike_R","Strike_R","Strike_R","Defend_R+1","Defend_R+1","Defend_R+1","Bash+1","Clothesline+1","Inflame+1","Carnage+1","Carnage+1","Shrug It Off+1","Armaments+1","Shockwave+1","Disarm+1","Shrug It Off+1","Barricade+1","Headbutt+1","Inflame+1","Impervious+1","Flame Barrier+1","Power Through+1","Exhume+1","Body Slam+1","Body Slam+1","True Grit+1","Shrug It Off+1","Berserk+1"],"relics":["Runic Pyramid","Toxic Egg 2","Lantern","Anchor","Centennial Puzzle","Bottled Tornado","Self Forming Clay","Cursed Key","MutagenicStrength","Frozen Egg 2","Gremlin Horn","Omamori","Happy Flower","Black Star","Nunchaku","Eternal Feather","Lizard Tail","War Paint","The Courier","Strawberry","HornCleat","Bag of Marbles","Red Skull"],"acts_visited":["Exordium","TheCity","TheBeyond","TheEnding"],"potions_floor_usage":[6,11,20,23,27,31,50,50,54,55],"damage_taken":[{"damage":0,"enemies":"2 Louse","floor":1,"turns":2},{"damage":0,"enemies":"Cultist","floor":3,"turns":3},{"damage":8,"enemies":"Small Slimes","floor":4,"turns":3},{"damage":9,"enemies":"2 Fungi Beasts","floor":5,"turns":3},{"damage":35,"enemies":"3 Sentries","floor":6,"turns":7},{"damage":8,"enemies":"Gremlin Nob","floor":8,"turns":3},{"damage":4,"enemies":"Lagavulin","floor":11,"turns":5},{"damage":3,"enemies":"Blue Slaver","floor":12,"turns":3},{"damage":6,"enemies":"Gremlin Nob","floor":13,"turns":3},{"damage":0,"enemies":"The Guardian","floor":16,"turns":9},{"damage":0,"enemies":"3 Byrds","floor":18,"turns":6},{"damage":0,"enemies":"Chosen","floor":19,"turns":5},{"damage":5,"enemies":"Sentry and Sphere","floor":20,"turns":4},{"damage":0,"enemies":"Snecko","floor":21,"turns":4},{"damage":33,"enemies":"Book of Stabbing","floor":23,"turns":5},{"damage":16,"enemies":"Slavers","floor":27,"turns":4},{"damage":0,"enemies":"Snake Plant","floor":29,"turns":4},{"damage":0,"enemies":"Gremlin Leader","floor":31,"turns":7},{"damage":0,"enemies":"Collector","floor":33,"turns":11},{"damage":0,"enemies":"Orb Walker","floor":35,"turns":6},{"damage":1,"enemies":"3 Darklings","floor":37,"turns":8},{"damage":0,"enemies":"Reptomancer","floor":40,"turns":6},{"damage":0,"enemies":"Mind Bloom Boss Battle","floor":42,"turns":3},{"damage":0,"enemies":"Giant Head","floor":46,"turns":7},{"damage":0,"enemies":"Reptomancer","floor":48,"turns":5},{"damage":16,"enemies":"Donu and Deca","floor":50,"turns":7},{"damage":1,"enemies":"Shield and Spear","floor":54,"turns":6},{"damage":113,"enemies":"The Heart","floor":55,"turns":13}],"seed_played":"4867034595486244915","potions_obtained":[{"floor":5,"key":"Regen Potion"},{"floor":6,"key":"SteroidPotion"},{"floor":8,"key":"Block Potion"},{"floor":11,"key":"GamblersBrew"},{"floor":18,"key":"HeartOfIron"},{"floor":29,"key":"Fire Potion"},{"floor":35,"key":"Block Potion"},{"floor":40,"key":"Block Potion"},{"floor":42,"key":"EssenceOfSteel"},{"floor":54,"key":"BlessingOfTheForge"}],"is_trial":false,"path_per_floor":["M","?","M","M","M","E","R","E","T","?","E","M","E","$","R","B",null,"M","M","M","M","?","E","$","R","T","E","R","M","?","E","R","B",null,"M","?","M","?","$","E","R","?","T","$","R","E","$","E","R","B",null,"R","$","E","B",null],"character_chosen":"IRONCLAD","items_purchased":["Disarm+1","Shrug It Off+1","Inflame+1","Impervious+1","Regen Potion","Body Slam","True Grit+1","SkillPotion"],"campfire_rested":0,"item_purchase_floors":[14,14,24,24,24,39,39,53],"current_hp_per_floor":[72,72,72,64,55,35,35,27,27,27,23,20,14,14,14,14,64,64,64,59,59,59,26,26,26,26,22,22,22,22,22,22,22,66,66,66,65,65,65,65,76,76,76,76,76,76,76,83,83,67,79,83,83,82,11],"gold":51,"neow_bonus":"BOSS_RELIC","is_daily":false,"chose_seed":false,"campfire_upgraded":8,"win_rate":0.0,"timestamp":1613921124,"path_taken":["M","?","?","M","M","E","R","E","T","?","E","M","E","$","R","BOSS","M","M","M","M","?","E","$","R","T","E","R","M","?","E","R","BOSS","M","?","M","?","$","E","R","?","T","?","R","E","$","E","R","BOSS","R","$","E","BOSS"],"items_purchased_type":["Card","Card","Card","Card","Potion","Card","Card","Potion"],"build_version":"2020-12-22","purchased_purges":3,"victory":true,"max_hp_per_floor":[80,80,80,80,80,80,80,80,80,80,80,80,80,80,80,80,80,80,80,80,80,80,80,80,80,80,80,80,80,80,80,80,80,80,80,76,76,76,76,76,76,76,76,76,76,76,76,83,83,83,83,83,83,83,83],"card_choices":[{"not_picked":["Pommel Strike","Heavy Blade"],"picked":"Clothesline","floor":1},{"not_picked":["Perfected Strike","Feel No Pain"],"picked":"Inflame","floor":3},{"not_picked":["True Grit","Dual Wield"],"picked":"Carnage","floor":4},{"not_picked":["Rupture","Infernal Blade"],"picked":"Carnage","floor":5},{"not_picked":["Warcry+1","Headbutt"],"picked":"Flex+1","floor":6},{"not_picked":["Metallicize","Twin Strike"],"picked":"Shrug It Off+1","floor":8},{"not_picked":["Barricade","Havoc+1"],"picked":"Armaments+1","floor":11},{"not_picked":["Rupture","Clothesline","Sword Boomerang"],"picked":"SKIP","floor":12},{"not_picked":["Wild Strike","Clothesline"],"picked":"Shockwave+1","floor":13},{"not_picked":["Immolate","Brutality"],"picked":"Barricade","floor":16},{"not_picked":["Warcry+1","Burning Pact+1","Iron Wave+1"],"picked":"SKIP","floor":18},{"not_picked":["Rampage+1","Hemokinesis+1"],"picked":"Headbutt+1","floor":19},{"not_picked":["Clothesline+1","Pummel","Power Through+1"],"picked":"SKIP","floor":20},{"not_picked":["Headbutt","Warcry+1","Clothesline"],"picked":"SKIP","floor":21},{"not_picked":["Cleave","Battle Trance+1","Perfected Strike"],"picked":"SKIP","floor":23},{"not_picked":["Fiend Fire","Uppercut+1"],"picked":"Flame Barrier+1","floor":27},{"not_picked":["Feel No Pain+1","Infernal Blade+1"],"picked":"Power Through+1","floor":29},{"not_picked":["Power Through+1","Warcry+1","Anger"],"picked":"SKIP","floor":31},{"not_picked":["Brutality+1","Immolate"],"picked":"Exhume+1","floor":33},{"not_picked":["Flex+1","Rupture+1","Thunderclap+1"],"picked":"SKIP","floor":35},{"not_picked":["Flex+1","Pummel+1"],"picked":"Body Slam+1","floor":37},{"not_picked":["Uppercut+1","Heavy Blade+1","Warcry+1"],"picked":"SKIP","floor":40},{"not_picked":["Bludgeon","Clothesline+1"],"picked":"Shrug It Off+1","floor":42},{"not_picked":["Bloodletting+1","Second Wind+1","Cleave+1"],"picked":"SKIP","floor":46},{"not_picked":["Dropkick+1","Armaments+1","Thunderclap+1"],"picked":"SKIP","floor":48},{"not_picked":["Uppercut+1","Inflame+1"],"picked":"Berserk+1","floor":54}],"player_experience":332814,"relics_obtained":[{"floor":6,"key":"Toxic Egg 2"},{"floor":8,"key":"Lantern"},{"floor":9,"key":"Anchor"},{"floor":11,"key":"Bottled Tornado"},{"floor":13,"key":"Self Forming Clay"},{"floor":23,"key":"Frozen Egg 2"},{"floor":26,"key":"Gremlin Horn"},{"floor":27,"key":"Omamori"},{"floor":31,"key":"Happy Flower"},{"floor":40,"key":"Nunchaku"},{"floor":40,"key":"Eternal Feather"},{"floor":42,"key":"Lizard Tail"},{"floor":46,"key":"War Paint"},{"floor":46,"key":"The Courier"},{"floor":48,"key":"Strawberry"},{"floor":48,"key":"HornCleat"},{"floor":54,"key":"Bag of Marbles"},{"floor":54,"key":"Red Skull"}],"event_choices":[{"cards_removed":["Strike_R"],"damage_healed":0,"gold_gain":0,"player_choice":"Purged","damage_taken":0,"max_hp_gain":0,"max_hp_loss":0,"event_name":"Purifier","floor":2,"gold_loss":0},{"damage_healed":0,"gold_gain":30,"player_choice":"Searched \u00273\u0027 times","damage_taken":0,"relics_obtained":["Centennial Puzzle"],"max_hp_gain":0,"max_hp_loss":0,"event_name":"Dead Adventurer","floor":10,"gold_loss":0},{"damage_healed":0,"gold_gain":0,"player_choice":"Inject Mutagens","damage_taken":0,"relics_obtained":["MutagenicStrength"],"max_hp_gain":0,"max_hp_loss":0,"event_name":"Drug Dealer","floor":22,"gold_loss":0},{"damage_healed":0,"gold_gain":0,"player_choice":"Max HP","damage_taken":0,"max_hp_gain":0,"max_hp_loss":4,"event_name":"Winding Halls","floor":36,"gold_loss":0},{"damage_healed":0,"gold_gain":0,"player_choice":"Ignored","damage_taken":0,"max_hp_gain":0,"max_hp_loss":0,"event_name":"Tomb of Lord Red Mask","floor":38,"gold_loss":0},{"damage_healed":0,"gold_gain":0,"player_choice":"Fight","damage_taken":0,"max_hp_gain":0,"max_hp_loss":0,"event_name":"MindBloom","floor":42,"gold_loss":0}],"is_beta":false,"boss_relics":[{"not_picked":["Ectoplasm","Runic Dome"],"picked":"Cursed Key"},{"not_picked":["Philosopher\u0027s Stone","Empty Cage"],"picked":"Black Star"}],"items_purged_floors":[14,39,47],"is_endless":false,"potions_floor_spawned":[5,6,8,11,18,29,35,40,42,54],"ascension_level":7}}