{"host":"ghnln56zhm0b0ozo","time":1613940158,"event":{"mods":["2.2 Compatiblity","BaseMod","Block Reminder","Downfall","Minty Spire (QoL Compilation)","Quick Restart","Rare Cards Sparkle","Relic Stats","StSLib"],"gold_per_floor":[99,99,274,274,274,306,306,406,30,49,34,34,51,36,56,56,56,56],"floor_reached":16,"language":"ENG","playtime":719,"items_purged":["downfall:Malfunctioning"],"score":121,"play_id":"875f7ccb-84e2-477d-9146-ddddc7dae679","local_time":"20210221224238","is_ascension_mode":false,"campfire_choices":[{"data":"hexamod:Sear","floor":1,"key":"SMITH"}],"circlet_count":0,"master_deck":["hexamod:Strike+1","hexamod:Strike","hexamod:Strike","hexamod:Defend","hexamod:Defend","hexamod:Defend+1","hexamod:Defend","hexamod:Sear+1","hexamod:Float","hexamod:HauntingEcho+1","Doubt","hexamod:FlamesFromBeyond","hexamod:SkipABeat","hexamod:PhantomFireball","hexamod:ExtraCrispy","hexamod:FifthSeal","hexamod:SpectralSpark","hexamod:HeatCrush","hexamod:SixthSeal","hexamod:ThermalTransfer"],"relics":["hexamod:SpiritBrand","downfall:HeartsMalice","Meat on the Bone","Anchor","PreservedInsect"],"acts_visited":["Exordium"],"potions_floor_usage":[16,16],"damage_taken":[{"damage":0,"enemies":"2 Louse","floor":2,"turns":1},{"damage":0,"enemies":"Gremlin Nob","floor":6,"turns":1},{"damage":0,"enemies":"downfall:FleeingMerchant","floor":9,"turns":1},{"damage":0,"enemies":"Small Slimes","floor":10,"turns":4},{"damage":0,"enemies":"downfall:FleeingMerchant","floor":11,"turns":4},{"damage":0,"enemies":"Cultist","floor":13,"turns":3},{"damage":0,"enemies":"downfall:FleeingMerchant","floor":14,"turns":4},{"damage":5,"enemies":"Exordium Thugs","floor":15,"turns":3},{"damage":122,"enemies":"DF_ARCHETYPE_STREAMLINE","floor":16,"turns":14}],"seed_played":"2948176786301044649","potions_obtained":[{"floor":13,"key":"SkillPotion"},{"floor":15,"key":"EssenceOfSteel"}],"is_trial":false,"path_per_floor":["R","M","?","?","?","E","T","?","$","M","$","?","M","$","M","B"],"character_chosen":"THE_SPIRIT","items_purchased":["Anchor","PreservedInsect"],"campfire_rested":0,"item_purchase_floors":[9,9],"current_hp_per_floor":[70,70,70,70,70,70,70,70,70,70,70,70,70,70,65,0,0,0],"gold":56,"neow_bonus":"THREE_ENEMY_KILL","is_daily":false,"chose_seed":false,"campfire_upgraded":1,"win_rate":0.0,"timestamp":1613940158,"path_taken":["R","M","?","?","?","E","T","?","$","M","?","?","M","$","M","BOSS"],"items_purchased_type":["Relic","Relic"],"build_version":"2020-12-22","purchased_purges":1,"victory":false,"max_hp_per_floor":[70,70,70,70,70,70,70,70,70,70,70,70,70,70,70,70,70,70],"relic_stats":{"counters":[9,32],"PreservedInsect":100,"obtain_stats":[{"Bottled Flame":6,"Anchor":9,"downfall:HeartsMalice":0,"PreservedInsect":9,"hexamod:SpiritBrand":0,"Meat on the Bone":7},{"Bottled Flame":2,"Anchor":3,"downfall:HeartsMalice":0,"PreservedInsect":3,"hexamod:SpiritBrand":0,"Meat on the Bone":2},{"Bottled Flame":0,"Anchor":0,"downfall:HeartsMalice":0,"PreservedInsect":0,"hexamod:SpiritBrand":0,"Meat on the Bone":0}],"Meat on the Bone":0},"card_choices":[{"not_picked":["hexamod:Firestarter","hexamod:RetreatToShadows"],"picked":"hexamod:HauntingEcho","floor":2},{"not_picked":["hexamod:NightmareGuise","hexamod:SearingWound"],"picked":"hexamod:FlamesFromBeyond","floor":6},{"not_picked":["hexamod:ChargedBarrage","hexamod:HeatCrush"],"picked":"hexamod:SkipABeat","floor":9},{"not_picked":["hexamod:ThermalTransfer","hexamod:ShieldOfDarkness"],"picked":"hexamod:PhantomFireball","floor":10},{"not_picked":["hexamod:FastForward","hexamod:GhostShield"],"picked":"hexamod:ExtraCrispy","floor":11},{"not_picked":["hexamod:FastForward","hexamod:GhostOfSpirePresent"],"picked":"hexamod:SpectralSpark","floor":13},{"not_picked":["hexamod:ShieldOfDarkness","hexamod:Hexaguard"],"picked":"hexamod:HeatCrush","floor":14},{"not_picked":["hexamod:SecondSeal","hexamod:ThirdSeal"],"picked":"hexamod:SixthSeal","floor":15},{"not_picked":["hexamod:PowerFromBeyond","hexamod:HauntingEcho"],"picked":"hexamod:ThermalTransfer","floor":15}],"player_experience":177275,"relics_obtained":[{"floor":6,"key":"Bottled Flame"},{"floor":7,"key":"Meat on the Bone"}],"event_choices":[],"is_beta":false,"boss_relics":[],"items_purged_floors":[9],"is_endless":false,"potions_floor_spawned":[13,15],"killed_by":"DF_ARCHETYPE_STREAMLINE","ascension_level":0}}