{"host":"0kk91h4bq4kgfj0u","time":1613926105,"event":{"mods":["BaseMod","Bestiary","Block Reminder","Colored Map","Colored Powertips","Curses Come First","Highlight Path","Minty Spire (QoL Compilation)","Relic Stats","StSLib"],"gold_per_floor":[114,114,189,204,267,297,297,327,327,342,42,72,102,144,156,268,280,307,319,331,358,370,412,424,466,553,565,602,644,656,668,680,792,804,831,845,857,535,535,565,565,595,620,620,650,700,730,283,283,283],"floor_reached":51,"language":"ENG","playtime":1864,"items_purged":[],"score":997,"play_id":"8d899d5a-a45e-461e-961d-ad1ea4667ac9","local_time":"20210221114825","daily_mods":["SealedDeck","Flight","Elite Swarm"],"is_ascension_mode":false,"campfire_choices":[{"data":"Heavy Blade","floor":7,"key":"SMITH"},{"data":"1","floor":15,"key":"LIFT"},{"data":"Demon Form","floor":24,"key":"SMITH"},{"floor":27,"key":"REST"},{"data":"Limit Break","floor":32,"key":"SMITH"},{"data":"2","floor":41,"key":"LIFT"},{"data":"Berserk","floor":44,"key":"SMITH"},{"floor":49,"key":"DIG"}],"circlet_count":0,"master_deck":["Hemokinesis","Rupture","Iron Wave","Armaments","Clothesline","Pommel Strike","Anger","Heavy Blade+1","Thunderclap","Shrug It Off","Rampage","Cleave","Bludgeon","Impervious","Perfected Strike","Immolate","Feed","Demon Form+1","Exhume","CurseOfTheBell","Flex+1","Metallicize+1","Reaper","Whirlwind","Limit Break+1","Twin Strike+1","Fire Breathing","Berserk+1","Demon Form","Uppercut","Berserk","Apotheosis","Entrench","Dark Embrace","Seeing Red","Cleave","Headbutt"],"relics":["Burning Blood","FossilizedHelix","Bronze Scales","White Beast Statue","Nunchaku","Tiny Chest","Girya","MawBank","MealTicket","Calling Bell","Orichalcum","Letter Opener","Thread and Needle","Enchiridion","Mercury Hourglass","Juzu Bracelet","Pantograph","Red Mask","Bottled Lightning","HornCleat","SlaversCollar","Shovel","Ancient Tea Set","Membership Card","Eternal Feather","Meat on the Bone","Sundial","Bag of Preparation","Oddly Smooth Stone","TungstenRod","Dream Catcher","Akabeko","Ornamental Fan","Red Skull"],"acts_visited":["Exordium","TheCity","TheBeyond"],"potions_floor_usage":[25,25,25,33,40,50,50],"damage_taken":[{"damage":4,"enemies":"Small Slimes","floor":1,"turns":3},{"damage":2,"enemies":"2 Louse","floor":4,"turns":2},{"damage":16,"enemies":"Gremlin Nob","floor":6,"turns":4},{"damage":3,"enemies":"Lagavulin","floor":8,"turns":5},{"damage":0,"enemies":"Cultist","floor":10,"turns":2},{"damage":16,"enemies":"Gremlin Nob","floor":12,"turns":4},{"damage":22,"enemies":"Lagavulin","floor":13,"turns":4},{"damage":4,"enemies":"Gremlin Nob","floor":14,"turns":4},{"damage":38,"enemies":"The Guardian","floor":16,"turns":9},{"damage":0,"enemies":"Chosen","floor":18,"turns":3},{"damage":2,"enemies":"2 Thieves","floor":21,"turns":3},{"damage":37,"enemies":"Book of Stabbing","floor":23,"turns":5},{"damage":41,"enemies":"Slavers","floor":25,"turns":4},{"damage":0,"enemies":"Masked Bandits","floor":28,"turns":3},{"damage":13,"enemies":"Gremlin Leader","floor":29,"turns":5},{"damage":39,"enemies":"Collector","floor":33,"turns":8},{"damage":0,"enemies":"3 Darklings","floor":35,"turns":3},{"damage":29,"enemies":"2 Orb Walkers","floor":36,"turns":5},{"damage":11,"enemies":"Reptomancer","floor":40,"turns":4},{"damage":12,"enemies":"Giant Head","floor":42,"turns":7},{"damage":0,"enemies":"Nemesis","floor":45,"turns":5},{"damage":0,"enemies":"Mind Bloom Boss Battle","floor":46,"turns":4},{"damage":3,"enemies":"Reptomancer","floor":47,"turns":4},{"damage":96,"enemies":"Donu and Deca","floor":50,"turns":8}],"seed_played":"-7397021786818157212","potions_obtained":[{"floor":8,"key":"Swift Potion"},{"floor":10,"key":"EssenceOfSteel"},{"floor":12,"key":"ColorlessPotion"},{"floor":25,"key":"SteroidPotion"},{"floor":28,"key":"EntropicBrew"},{"floor":29,"key":"Regen Potion"},{"floor":33,"key":"Fruit Juice"},{"floor":35,"key":"SmokeBomb"},{"floor":40,"key":"BloodPotion"}],"is_trial":false,"path_per_floor":["M","?","?","M","?","E","R","E","T","M","$","E","E","E","R","B",null,"M","?","?","M","$","E","R","E","T","R","?","E","T","?","R","B",null,"M","?","?","$","T","E","R","E","T","R","E","?","E","$","R","B",null],"character_chosen":"IRONCLAD","items_purchased":["Nunchaku","Tiny Chest","Ancient Tea Set","Fire Breathing","Membership Card","Apotheosis","Akabeko","Ornamental Fan","Entrench","Dark Embrace","Seeing Red","Cleave","Headbutt"],"campfire_rested":1,"item_purchase_floors":[11,11,38,38,38,48,48,48,48,48,48,48,48],"current_hp_per_floor":[80,80,69,73,73,63,63,66,66,72,72,62,46,48,48,19,83,83,67,67,74,86,55,55,38,38,63,69,62,62,62,62,75,91,91,71,71,86,86,81,94,88,88,94,94,94,94,94,94,34],"gold":283,"neow_bonus":"","is_daily":true,"chose_seed":false,"campfire_upgraded":4,"win_rate":0.0,"timestamp":1613926105,"path_taken":["M","?","?","M","?","E","R","E","T","M","$","E","E","E","R","BOSS","M","?","?","M","$","E","R","E","T","R","?","E","?","?","R","BOSS","M","?","?","$","?","E","R","E","T","R","E","?","E","$","R","BOSS"],"items_purchased_type":["Relic","Relic","Relic","Card","Relic","Card","Relic","Relic","Card","Card","Card","Card","Card"],"build_version":"2020-12-22","purchased_purges":0,"victory":true,"max_hp_per_floor":[80,80,80,80,80,80,80,80,80,80,80,80,80,80,80,83,83,83,83,83,86,86,86,86,86,86,86,86,86,86,86,86,91,91,91,94,94,94,94,94,94,94,94,94,94,94,94,94,94,94],"relic_stats":{"counters":[24,108],"Eternal Feather":19,"Juzu Bracelet":1,"Bag of Preparation":[8],"Letter Opener":[0],"Orichalcum":[168],"MawBank":300,"Burning Blood":115,"Mercury Hourglass":[290],"Nunchaku":[16],"Dream Catcher":0,"Shovel":1,"Sundial":[0],"Ornamental Fan":[8],"Bronze Scales":[266],"Pantograph":24,"Tiny Chest":2,"MealTicket":27,"obtain_stats":[{"Enchiridion":19,"Juzu Bracelet":25,"Bag of Preparation":43,"Ancient Tea Set":38,"Burning Blood":0,"Nunchaku":11,"Dream Catcher":47,"HornCleat":30,"Shovel":36,"Sundial":42,"Pantograph":26,"Tiny Chest":11,"MealTicket":14,"Red Mask":28,"Red Skull":49,"Girya":12,"Oddly Smooth Stone":45,"Thread and Needle":17,"Eternal Feather":39,"Letter Opener":17,"Orichalcum":17,"MawBank":13,"White Beast Statue":9,"Akabeko":48,"Mercury Hourglass":23,"Calling Bell":17,"SlaversCollar":34,"Ornamental Fan":48,"Bronze Scales":8,"Bottled Lightning":29,"Membership Card":38,"FossilizedHelix":6,"TungstenRod":46,"Meat on the Bone":40},{"Enchiridion":10,"Juzu Bracelet":13,"Bag of Preparation":20,"Ancient Tea Set":18,"Burning Blood":0,"Nunchaku":5,"Dream Catcher":23,"HornCleat":15,"Shovel":18,"Sundial":20,"Pantograph":13,"Tiny Chest":5,"MealTicket":8,"Red Mask":14,"Red Skull":23,"Girya":6,"Oddly Smooth Stone":21,"Thread and Needle":9,"Eternal Feather":18,"Letter Opener":9,"Orichalcum":9,"MawBank":7,"White Beast Statue":4,"Akabeko":23,"Mercury Hourglass":12,"Calling Bell":9,"SlaversCollar":16,"Ornamental Fan":23,"Bronze Scales":4,"Bottled Lightning":15,"Membership Card":18,"FossilizedHelix":3,"TungstenRod":22,"Meat on the Bone":19},{"Enchiridion":40,"Juzu Bracelet":52,"Bag of Preparation":87,"Ancient Tea Set":76,"Burning Blood":0,"Nunchaku":16,"Dream Catcher":100,"HornCleat":60,"Shovel":76,"Sundial":87,"Pantograph":52,"Tiny Chest":16,"MealTicket":28,"Red Mask":55,"Red Skull":100,"Girya":20,"Oddly Smooth Stone":92,"Thread and Needle":37,"Eternal Feather":76,"Letter Opener":37,"Orichalcum":37,"MawBank":24,"White Beast Statue":14,"Akabeko":100,"Mercury Hourglass":48,"Calling Bell":37,"SlaversCollar":68,"Ornamental Fan":100,"Bronze Scales":14,"Bottled Lightning":60,"Membership Card":76,"FossilizedHelix":9,"TungstenRod":96,"Meat on the Bone":80}],"TungstenRod":10,"Meat on the Bone":12},"card_choices":[{"not_picked":["Anger","True Grit"],"picked":"Rampage","floor":1},{"not_picked":["Infernal Blade","Iron Wave"],"picked":"Cleave","floor":4},{"not_picked":["Berserk","Barricade"],"picked":"Bludgeon","floor":6},{"not_picked":["Bludgeon","Offering"],"picked":"Impervious","floor":8},{"not_picked":["Rage","Blood for Blood"],"picked":"Perfected Strike","floor":10},{"not_picked":["Juggernaut","Exhume"],"picked":"Immolate","floor":12},{"not_picked":["Impervious","Exhume"],"picked":"Feed","floor":13},{"not_picked":["Exhume","Berserk"],"picked":"Demon Form","floor":14},{"not_picked":["Barricade","Bludgeon"],"picked":"Exhume","floor":16},{"not_picked":["Searing Blow+1","Reckless Charge+1"],"picked":"Flex+1","floor":18},{"not_picked":["Twin Strike","Headbutt"],"picked":"Metallicize","floor":21},{"not_picked":["Brutality","Barricade"],"picked":"Reaper","floor":23},{"not_picked":["Reaper","Barricade","Impervious"],"picked":"SKIP","floor":25},{"not_picked":["Thunderclap","Body Slam"],"picked":"Whirlwind","floor":28},{"not_picked":["Impervious","Immolate"],"picked":"Limit Break","floor":29},{"not_picked":["Shockwave+1","Whirlwind"],"picked":"Twin Strike+1","floor":35},{"not_picked":["Limit Break","Reaper","Demon Form"],"picked":"SKIP","floor":40},{"not_picked":["Corruption","Impervious"],"picked":"Berserk","floor":42},{"not_picked":["Feed","Berserk"],"picked":"Demon Form","floor":45},{"not_picked":["Armaments+1","Feel No Pain+1"],"picked":"Uppercut","floor":46},{"not_picked":["Exhume","Juggernaut"],"picked":"Berserk","floor":47}],"player_experience":896743,"relics_obtained":[{"floor":6,"key":"FossilizedHelix"},{"floor":8,"key":"Bronze Scales"},{"floor":9,"key":"White Beast Statue"},{"floor":12,"key":"Girya"},{"floor":13,"key":"MawBank"},{"floor":14,"key":"MealTicket"},{"floor":17,"key":"Orichalcum"},{"floor":17,"key":"Letter Opener"},{"floor":17,"key":"Thread and Needle"},{"floor":19,"key":"Enchiridion"},{"floor":23,"key":"Mercury Hourglass"},{"floor":25,"key":"Juzu Bracelet"},{"floor":26,"key":"Pantograph"},{"floor":28,"key":"Red Mask"},{"floor":29,"key":"Bottled Lightning"},{"floor":30,"key":"HornCleat"},{"floor":36,"key":"Shovel"},{"floor":39,"key":"Eternal Feather"},{"floor":40,"key":"Meat on the Bone"},{"floor":42,"key":"Sundial"},{"floor":43,"key":"Bag of Preparation"},{"floor":45,"key":"Oddly Smooth Stone"},{"floor":46,"key":"TungstenRod"},{"floor":47,"key":"Dream Catcher"},{"floor":49,"key":"Red Skull"}],"event_choices":[{"damage_healed":0,"gold_gain":0,"player_choice":"Ignored","damage_taken":0,"max_hp_gain":0,"max_hp_loss":0,"event_name":"Liars Game","floor":2,"gold_loss":0},{"damage_healed":0,"gold_gain":75,"player_choice":"Gather Gold","damage_taken":11,"max_hp_gain":0,"max_hp_loss":0,"event_name":"World of Goop","floor":3,"gold_loss":0},{"damage_healed":0,"gold_gain":63,"player_choice":"Gained Gold","damage_taken":0,"max_hp_gain":0,"max_hp_loss":0,"event_name":"Golden Wing","floor":5,"gold_loss":0},{"damage_healed":0,"gold_gain":0,"player_choice":"Obtained Book","damage_taken":16,"max_hp_gain":0,"max_hp_loss":0,"event_name":"Cursed Tome","floor":19,"gold_loss":0},{"damage_healed":0,"gold_gain":0,"player_choice":"Ignored","damage_taken":0,"max_hp_gain":0,"max_hp_loss":0,"event_name":"Beggar","floor":20,"gold_loss":0},{"damage_healed":0,"gold_gain":0,"player_choice":"Fought Bandits","damage_taken":0,"max_hp_gain":0,"max_hp_loss":0,"event_name":"Masked Bandits","floor":28,"gold_loss":0},{"damage_healed":0,"gold_gain":0,"player_choice":"Simplicity","damage_taken":0,"max_hp_gain":0,"max_hp_loss":0,"event_name":"Back to Basics","floor":31,"gold_loss":0,"cards_upgraded":[]},{"damage_healed":0,"gold_gain":0,"player_choice":"Fight","damage_taken":0,"max_hp_gain":0,"max_hp_loss":0,"event_name":"Mysterious Sphere","floor":36,"gold_loss":0},{"damage_healed":0,"gold_gain":0,"player_choice":"Forge","damage_taken":0,"max_hp_gain":0,"max_hp_loss":0,"event_name":"Accursed Blacksmith","floor":37,"gold_loss":0,"cards_upgraded":["Metallicize"]},{"damage_healed":0,"gold_gain":0,"player_choice":"Fight","damage_taken":0,"max_hp_gain":0,"max_hp_loss":0,"event_name":"MindBloom","floor":46,"gold_loss":0}],"is_beta":false,"boss_relics":[{"not_picked":["Coffee Dripper","Velvet Choker"],"picked":"Calling Bell"},{"not_picked":["Philosopher\u0027s Stone","Tiny House"],"picked":"SlaversCollar"}],"items_purged_floors":[],"is_endless":false,"potions_floor_spawned":[8,10,12,13,14,16,18,21,23,25,28,29,33,35,36,40,42,45,46,47],"ascension_level":0}}