{"host":"p0hktren06injwdf","time":1613880403,"event":{"mods":["AchievementEnabler","BaseMod","Colored Map","DeckTracker","Minty Spire (QoL Compilation)","Permanent Neow","StSLib","SuperFastMode"],"gold_per_floor":[119,135,210,225,225,225,259,105,105,105,140,90,125,44,44,119,119,130,80,80,80,97,97,111,111,111,129,129,157,174,205,205,280,280,300,522,539,553,553,553,553,553],"floor_reached":41,"language":"KOR","playtime":808,"items_purged":["Strike_P","Defend_P","Defend_P"],"score":854,"play_id":"d66d8686-4bae-4f12-9560-cd1305792dd5","local_time":"20210221130643","is_ascension_mode":true,"campfire_choices":[{"data":"Eruption","floor":6.0,"key":"SMITH"},{"data":"SignatureMove","floor":10.0,"key":"SMITH"},{"floor":15.0,"key":"REST"},{"data":"Scrawl","floor":23,"key":"SMITH"},{"data":"TalkToTheHand","floor":25,"key":"SMITH"},{"floor":32,"key":"REST"},{"data":"MentalFortress","floor":40,"key":"SMITH"}],"circlet_count":0,"master_deck":["AscendersBane","Strike_P","Strike_P","Strike_P","Defend_P","Defend_P","Eruption+1","Vigilance","Flash of Steel","BowlingBash","EmptyFist","Wallop","SignatureMove+1","TalkToTheHand+1","FearNoEvil","Scrawl+1","MentalFortress+1","MentalFortress","Tantrum+1","Parasite"],"relics":["PureWater","Singing Bowl","Ancient Tea Set","Smiling Mask","Sundial","Runic Dome","CloakClasp","Incense Burner","Red Mask","VioletLotus"],"acts_visited":["Exordium","TheCity","TheBeyond"],"potions_floor_usage":[29,29],"damage_taken":[{"damage":2.0,"enemies":"Jaw Worm","floor":1.0,"turns":3.0},{"damage":0.0,"enemies":"2 Louse","floor":2.0,"turns":2.0},{"damage":9.0,"enemies":"Small Slimes","floor":4.0,"turns":3.0},{"damage":22.0,"enemies":"3 Sentries","floor":7.0,"turns":7.0},{"damage":4.0,"enemies":"Gremlin Nob","floor":11.0,"turns":3.0},{"damage":24.0,"enemies":"Lagavulin","floor":13.0,"turns":5.0},{"damage":27,"enemies":"Slime Boss","floor":16,"turns":7},{"damage":11,"enemies":"Shell Parasite","floor":18,"turns":3},{"damage":0,"enemies":"Spheric Guardian","floor":22,"turns":3},{"damage":0,"enemies":"Centurion and Healer","floor":24,"turns":4},{"damage":0,"enemies":"Snecko","floor":27,"turns":4},{"damage":16,"enemies":"Book of Stabbing","floor":29,"turns":5},{"damage":7,"enemies":"3 Cultists","floor":30,"turns":4},{"damage":0,"enemies":"Masked Bandits","floor":31,"turns":4},{"damage":5,"enemies":"Collector","floor":33,"turns":12},{"damage":24,"enemies":"3 Darklings","floor":35,"turns":4},{"damage":5,"enemies":"Orb Walker","floor":37,"turns":3},{"damage":15,"enemies":"Writhing Mass","floor":38,"turns":9},{"damage":48,"enemies":"2 Orb Walkers","floor":41,"turns":5}],"seed_played":"-5229084960832317707","potions_obtained":[{"floor":1.0,"key":"SteroidPotion"},{"floor":4.0,"key":"LiquidBronze"},{"floor":13.0,"key":"Explosive Potion"},{"floor":27,"key":"DistilledChaos"},{"floor":33,"key":"EssenceOfSteel"},{"floor":38,"key":"Strength Potion"}],"is_trial":false,"path_per_floor":["M","M","?","M","?","R","E","$","T","R","E","$","E","$","R","B",null,"M","$","?","?","M","R","M","R","T","M","?","E","M","?","R","B",null,"M","?","M","M","?","R","?"],"character_chosen":"WATCHER","items_purchased":["SignatureMove","FearNoEvil"],"campfire_rested":2,"item_purchase_floors":[8,14],"current_hp_per_floor":[59,59,48,39,61,61,39,39,39,39,35,35,13,13,34,7,54,43,43,43,43,45,45,45,45,45,47,47,33,26,28,51,46,70,48,48,45,32,32,32,0,0],"gold":553,"neow_bonus":"RANDOM_COLORLESS","is_daily":false,"chose_seed":false,"campfire_upgraded":5,"win_rate":0.0,"timestamp":1613880403,"path_taken":["M","M","?","M","?","R","E","?","T","R","E","$","E","$","R","BOSS","M","$","?","?","M","R","M","R","T","M","?","E","?","?","R","BOSS","M","?","M","M","?","R","?"],"items_purchased_type":["Card","Card"],"build_version":"2020-12-22","purchased_purges":3,"victory":false,"max_hp_per_floor":[68,68,68,68,68,68,68,68,68,68,68,68,70,70,70,70,70,70,70,70,70,72,72,72,72,72,74,74,76,76,78,78,78,78,80,80,82,84,84,84,84,84],"card_choices":[{"not_picked":["Panacea","Mind Blast"],"picked":"Flash of Steel","floor":0.0},{"not_picked":["SashWhip","Crescendo","EmptyBody"],"picked":"SKIP","floor":1.0},{"not_picked":["EmptyBody","ClearTheMind"],"picked":"BowlingBash","floor":2.0},{"not_picked":["FlyingSleeves","FlurryOfBlows"],"picked":"EmptyFist","floor":4.0},{"not_picked":["Nirvana","DeceiveReality"],"picked":"Wallop","floor":7.0},{"not_picked":["ThirdEye","Prostrate"],"picked":"TalkToTheHand","floor":11.0},{"not_picked":["WaveOfTheHand","Evaluate","LikeWater"],"picked":"Singing Bowl","floor":13.0},{"not_picked":["MasterReality","ConjureBlade"],"picked":"Scrawl","floor":16},{"not_picked":["Consecrate+1","SignatureMove"],"picked":"MentalFortress","floor":18},{"not_picked":["LikeWater","FlurryOfBlows","FollowUp"],"picked":"Singing Bowl","floor":22},{"not_picked":["ClearTheMind","FlurryOfBlows"],"picked":"MentalFortress","floor":24},{"not_picked":["FollowUp","EmptyFist","ThirdEye"],"picked":"Singing Bowl","floor":27},{"not_picked":["BowlingBash","Protect","WreathOfFlame"],"picked":"Singing Bowl","floor":29},{"not_picked":["Wallop","Omniscience"],"picked":"Tantrum+1","floor":30},{"not_picked":["Tantrum","Evaluate","DeceiveReality"],"picked":"Singing Bowl","floor":31},{"not_picked":["MasterReality","Blasphemy"],"picked":"Vault","floor":33},{"not_picked":["EmptyMind","ClearTheMind","EmptyFist+1"],"picked":"Singing Bowl","floor":35},{"not_picked":["SignatureMove","Protect","Prostrate"],"picked":"Singing Bowl","floor":37},{"not_picked":["CutThroughFate+1","EmptyFist","Halt+1"],"picked":"Singing Bowl","floor":38}],"player_experience":1098655,"relics_obtained":[{"floor":7.0,"key":"Singing Bowl"},{"floor":9.0,"key":"Ancient Tea Set"},{"floor":11.0,"key":"Smiling Mask"},{"floor":13.0,"key":"Sundial"},{"floor":26,"key":"CloakClasp"},{"floor":29,"key":"Incense Burner"},{"floor":31,"key":"Red Mask"}],"event_choices":[{"damage_healed":0.0,"max_hp_gain":0.0,"max_hp_loss":0.0,"gold_gain":75.0,"event_name":"World of Goop","player_choice":"Gather Gold","floor":3.0,"gold_loss":0.0,"damage_taken":11.0},{"damage_healed":22.0,"max_hp_gain":0.0,"max_hp_loss":0.0,"gold_gain":0.0,"event_name":"Big Fish","player_choice":"Banana","floor":5.0,"gold_loss":0.0,"damage_taken":0.0},{"damage_healed":0,"gold_gain":0,"player_choice":"Ignored","damage_taken":0,"max_hp_gain":0,"max_hp_loss":0,"event_name":"Cursed Tome","floor":20,"gold_loss":0},{"damage_healed":0,"gold_gain":0,"player_choice":"Ignored","damage_taken":0,"max_hp_gain":0,"max_hp_loss":0,"event_name":"Vampires","floor":21,"gold_loss":0},{"damage_healed":0,"gold_gain":0,"player_choice":"Ignored","damage_taken":0,"max_hp_gain":0,"max_hp_loss":0,"event_name":"The Mausoleum","floor":28,"gold_loss":0},{"damage_healed":0,"gold_gain":0,"player_choice":"Fought Bandits","damage_taken":0,"max_hp_gain":0,"max_hp_loss":0,"event_name":"Masked Bandits","floor":31,"gold_loss":0},{"damage_healed":0,"gold_gain":222,"player_choice":"Wore Mask","damage_taken":0,"max_hp_gain":0,"max_hp_loss":0,"event_name":"Tomb of Lord Red Mask","floor":36,"gold_loss":0},{"cards_removed":["Vault"],"damage_healed":0,"gold_gain":0,"player_choice":"Removed Skill","damage_taken":0,"max_hp_gain":0,"max_hp_loss":0,"event_name":"Falling","floor":39,"gold_loss":0},{"damage_healed":0,"gold_gain":0,"player_choice":"Fight","damage_taken":0,"max_hp_gain":0,"max_hp_loss":0,"event_name":"Mysterious Sphere","floor":41,"gold_loss":0}],"is_beta":false,"boss_relics":[{"not_picked":["Fusion Hammer","Snecko Eye"],"picked":"Runic Dome"},{"not_picked":["Sozu","Cursed Key"],"picked":"VioletLotus"}],"items_purged_floors":[8,12,19],"is_endless":false,"potions_floor_spawned":[1,4,13,16,22,27,33,38],"killed_by":"2 Orb Walkers","ascension_level":20}}