{"host":"l1pzlbpva2o8t11s","time":1613924432,"event":{"mods":["AchievementEnabler","BaseMod","Block Reminder","Colored Map","Minty Spire (QoL Compilation)","Random Character Button","Relic Stats","StSLib","The Jungle"],"gold_per_floor":[16,35,35,54,66,66,66],"floor_reached":6,"language":"ENG","playtime":463,"items_purged":[],"score":44,"play_id":"c6658fa1-12dd-4ea4-b6b0-fa76d0e91e33","local_time":"20210221172032","is_ascension_mode":true,"campfire_choices":[],"circlet_count":0,"master_deck":["Strike_G","Strike_G","Strike_G","Strike_G","Strike_G","Defend_G","Defend_G","Defend_G","Defend_G","Defend_G","Survivor","Neutralize","Catalyst","Poisoned Stab"],"relics":["Ring of the Snake","Lizard Tail"],"acts_visited":["Exordium"],"potions_floor_usage":[],"damage_taken":[{"damage":3,"enemies":"Cultist","floor":1,"turns":4},{"damage":2,"enemies":"Small Slimes","floor":2,"turns":3},{"damage":1,"enemies":"Jaw Worm","floor":4,"turns":4},{"damage":12,"enemies":"Large Slime","floor":5,"turns":8},{"damage":33,"enemies":"Lagavulin","floor":6,"turns":10}],"seed_played":"-7205223448256833889","potions_obtained":[{"floor":2,"key":"Energy Potion"},{"floor":3,"key":"DuplicationPotion"},{"floor":3,"key":"LiquidMemories"},{"floor":3,"key":"PowerPotion"}],"is_trial":false,"path_per_floor":["M","M","?","M","M","E"],"character_chosen":"THE_SILENT","items_purchased":[],"campfire_rested":0,"item_purchase_floors":[],"current_hp_per_floor":[67,65,65,64,52,19,19],"gold":66,"neow_bonus":"ONE_RARE_RELIC","is_daily":false,"chose_seed":false,"campfire_upgraded":0,"win_rate":0.0,"timestamp":1613924432,"path_taken":["M","M","?","M","?","E"],"items_purchased_type":[],"build_version":"2020-12-22","purchased_purges":0,"victory":false,"max_hp_per_floor":[70,70,70,70,70,70,70],"relic_stats":{"Lizard Tail":0,"counters":[5,29],"obtain_stats":[{"Lizard Tail":0,"Ring of the Snake":0},{"Lizard Tail":0,"Ring of the Snake":0},{"Lizard Tail":0,"Ring of the Snake":0}],"Ring of the Snake":[10]},"card_choices":[{"not_picked":["Dodge and Roll","Choke"],"picked":"Catalyst","floor":1},{"not_picked":["Acrobatics","Quick Slash","Well Laid Plans"],"picked":"SKIP","floor":2},{"not_picked":["Predator","Dodge and Roll","Eviscerate"],"picked":"SKIP","floor":4},{"not_picked":["Endless Agony","Underhanded Strike"],"picked":"Poisoned Stab","floor":5}],"player_experience":169569,"relics_obtained":[],"event_choices":[{"damage_healed":0,"gold_gain":0,"player_choice":"Got Potions","damage_taken":0,"max_hp_gain":0,"max_hp_loss":0,"event_name":"Lab","floor":3,"gold_loss":0}],"is_beta":false,"boss_relics":[],"items_purged_floors":[],"is_endless":false,"potions_floor_spawned":[2],"killed_by":"Lagavulin","ascension_level":3}}