{"host":"u2qrfxkm3wve0vp3","time":1613927554,"event":{"mods":["AchievementEnabler","BaseMod","Better Match","Better Note","Better Third Choice","Better Vampires","Downfall","Minty Spire (QoL Compilation)","Quick Restart","Shop Mod","StSLib","The Cursed","The Marked","The Servant 0.9.4"],"gold_per_floor":[211,0,0,10,21,21,21,46,46,81,97,97,117,144,144,243,243,256,274,291,137,137,165,165,198,198,198,217,247,263,263,263,359,359,375,375,423,182,182,211,211,211,211,433,463,513,525,555,555,555,555,555,257,290,290],"floor_reached":56,"language":"ZHS","playtime":2175,"items_purged":["Defend_B","Strike_B","Strike_B","Defend_B"],"score":1388,"play_id":"709cbb6a-c113-4d80-a0fb-a8612ad62cc3","local_time":"20210222011234","is_ascension_mode":true,"campfire_choices":[{"data":"Zap","floor":6,"key":"SMITH"},{"data":"Dualcast","floor":12,"key":"SMITH"},{"data":"Loop","floor":15,"key":"SMITH"},{"floor":32,"key":"RECALL"},{"data":"Thunder Strike","floor":41,"key":"SMITH"},{"data":"Force Field","floor":49,"key":"SMITH"},{"data":"Doom and Gloom","floor":52,"key":"SMITH"}],"circlet_count":0,"master_deck":["Defend_B","Zap+1","Dualcast+1","Loop+1","Doom and Gloom+1","BootSequence","Self Repair","Force Field+1","Fission+1","Chill+1","Coolheaded+1","Darkness+1","Defragment+1","Fusion+1","Ball Lightning+1","Thunder Strike+1","Redo+1","Hologram+1","Static Discharge+1","Loop+1","Thinking Ahead+1","Static Discharge"],"relics":["Cracked Core","Bottled Flame","Sundial","Toxic Egg 2","StoneCalendar","Empty Cage","White Beast Statue","Red Mask","Mummified Hand","Kunai","Inserter","Incense Burner","Membership Card","Bird Faced Urn","Juzu Bracelet","Dream Catcher","Lizard Tail","Blue Candle","TheAbacus","Whetstone"],"acts_visited":["Exordium","TheCity","TheBeyond","TheEnding"],"potions_floor_usage":[16,23,25,28,33,33,37,50,55,55,55],"damage_taken":[{"damage":0,"enemies":"Small Slimes","floor":1,"turns":4},{"damage":1,"enemies":"Cultist","floor":4,"turns":3},{"damage":5,"enemies":"Jaw Worm","floor":5,"turns":4},{"damage":6,"enemies":"Lagavulin","floor":8,"turns":6},{"damage":39,"enemies":"Gremlin Nob","floor":10,"turns":5},{"damage":0,"enemies":"Lots of Slimes","floor":11,"turns":3},{"damage":4,"enemies":"Blue Slaver","floor":13,"turns":3},{"damage":13,"enemies":"3 Sentries","floor":14,"turns":6},{"damage":9,"enemies":"The Guardian","floor":16,"turns":8},{"damage":16,"enemies":"2 Thieves","floor":18,"turns":5},{"damage":10,"enemies":"Spheric Guardian","floor":19,"turns":4},{"damage":46,"enemies":"Shelled Parasite and Fungi","floor":20,"turns":6},{"damage":0,"enemies":"Gremlin Leader","floor":23,"turns":7},{"damage":15,"enemies":"Masked Bandits","floor":25,"turns":3},{"damage":2,"enemies":"Snake Plant","floor":28,"turns":3},{"damage":3,"enemies":"Slavers","floor":29,"turns":4},{"damage":9,"enemies":"Chosen and Byrds","floor":30,"turns":5},{"damage":7,"enemies":"Automaton","floor":33,"turns":8},{"damage":0,"enemies":"Orb Walker","floor":35,"turns":2},{"damage":26,"enemies":"2 Orb Walkers","floor":37,"turns":4},{"damage":33,"enemies":"Giant Head","floor":40,"turns":8},{"damage":23,"enemies":"Reptomancer","floor":45,"turns":7},{"damage":0,"enemies":"Mind Bloom Boss Battle","floor":46,"turns":4},{"damage":0,"enemies":"3 Shapes","floor":47,"turns":3},{"damage":14,"enemies":"Nemesis","floor":48,"turns":7},{"damage":40,"enemies":"Donu and Deca","floor":50,"turns":8},{"damage":37,"enemies":"Shield and Spear","floor":54,"turns":5},{"damage":93,"enemies":"The Heart","floor":55,"turns":7}],"seed_played":"-6963647028311982730","potions_obtained":[{"floor":4,"key":"AttackPotion"},{"floor":5,"key":"BlessingOfTheForge"},{"floor":8,"key":"LiquidMemories"},{"floor":10,"key":"Guardian:BlockOnCardUsePotion"},{"floor":19,"key":"LiquidMemories"},{"floor":25,"key":"CultistPotion"},{"floor":28,"key":"Fruit Juice"},{"floor":29,"key":"LiquidMemories"},{"floor":30,"key":"Explosive Potion"},{"floor":33,"key":"champ:CounterPotion"},{"floor":35,"key":"Explosive Potion"},{"floor":37,"key":"PotionOfCapacity"},{"floor":40,"key":"DistilledChaos"},{"floor":54,"key":"BlessingOfTheForge"}],"is_trial":false,"path_per_floor":["M","$","?","M","M","R","$","E","T","E","M","R","M","E","R","B",null,"M","M","M","$","?","E","?","?","T","?","M","E","M","?","R","B",null,"M","?","?","$","T","E","R","?","T","?","E","?","M","E","R","B",null,"R","$","E","B",null],"character_chosen":"DEFECT","items_purchased":["Loop","Doom and Gloom","Coolheaded+1","Membership Card","Hologram+1","TheAbacus","Thinking Ahead+1","SkillPotion","FocusPotion"],"campfire_rested":0,"item_purchase_floors":[2,2,21,38,38,53,53,53,53],"current_hp_per_floor":[75,75,75,74,75,75,75,75,75,43,50,50,53,47,47,45,75,66,63,24,24,24,31,31,23,23,23,33,37,35,35,35,35,80,80,80,61,61,61,35,35,70,70,70,54,69,70,63,63,37,70,70,70,42,35],"gold":290,"neow_bonus":"HUNDRED_GOLD","is_daily":false,"chose_seed":false,"campfire_upgraded":6,"win_rate":0.0,"timestamp":1613927554,"path_taken":["M","$","?","?","M","R","?","E","T","E","M","R","M","E","R","BOSS","M","M","M","$","?","E","?","?","T","?","?","E","M","?","R","BOSS","M","?","?","$","?","E","R","?","T","?","E","?","M","E","R","BOSS","R","$","E","BOSS"],"items_purchased_type":["Card","Card","Card","Relic","Card","Relic","Card","Potion","Potion"],"build_version":"2020-12-22","purchased_purges":4,"victory":true,"max_hp_per_floor":[75,75,75,75,75,75,75,75,75,75,75,75,75,75,75,75,75,75,75,75,75,75,75,75,75,75,75,80,80,80,80,80,80,80,80,80,80,80,80,80,80,70,70,70,70,70,70,70,70,70,70,70,70,70,70],"card_choices":[{"not_picked":["Cold Snap","Static Discharge","Compile Driver"],"picked":"SKIP","floor":1},{"not_picked":["Streamline","FTL"],"picked":"Self Repair","floor":4},{"not_picked":["Compile Driver","Redo"],"picked":"Force Field","floor":5},{"not_picked":["Beam Cell","Stack","Static Discharge"],"picked":"SKIP","floor":8},{"not_picked":["Rebound","Skim+1","Barrage"],"picked":"SKIP","floor":10},{"not_picked":["Gash","Cold Snap","Turbo+1"],"picked":"SKIP","floor":11},{"not_picked":["Ball Lightning","Blizzard","Biased Cognition"],"picked":"SKIP","floor":13},{"not_picked":["Hologram+1","Stack+1","Go for the Eyes"],"picked":"SKIP","floor":14},{"not_picked":["Thunder Strike","Buffer"],"picked":"Fission+1","floor":16},{"not_picked":["Sunder","Go for the Eyes+1","Stack+1"],"picked":"SKIP","floor":18},{"not_picked":["Melter","Leap+1","Blizzard"],"picked":"SKIP","floor":19},{"not_picked":["Melter+1","Cold Snap+1"],"picked":"Chill+1","floor":20},{"not_picked":["Creative AI","Streamline","Barrage"],"picked":"SKIP","floor":23},{"not_picked":["Melter+1","Rebound"],"picked":"Darkness+1","floor":25},{"not_picked":["Rebound+1","Go for the Eyes"],"picked":"Defragment+1","floor":28},{"not_picked":["Steam+1","Capacitor"],"picked":"Fusion+1","floor":29},{"not_picked":["Sweeping Beam","Recycle+1"],"picked":"Ball Lightning+1","floor":30},{"not_picked":["Creative AI","All For One"],"picked":"Thunder Strike","floor":33},{"not_picked":["Hologram+1","Turbo+1"],"picked":"Redo+1","floor":35},{"not_picked":["Compile Driver","Reprogram+1","Cold Snap"],"picked":"SKIP","floor":40},{"not_picked":["Gash","Double Energy+1"],"picked":"Static Discharge+1","floor":45},{"not_picked":["Blizzard+1","Auto Shields+1","Gash+1"],"picked":"SKIP","floor":47},{"not_picked":["FTL","Conserve Battery+1"],"picked":"Loop+1","floor":48},{"not_picked":["Steam+1","Stack+1"],"picked":"Static Discharge","floor":54}],"player_experience":351242,"relics_obtained":[{"floor":8,"key":"Bottled Flame"},{"floor":9,"key":"Sundial"},{"floor":10,"key":"Toxic Egg 2"},{"floor":14,"key":"StoneCalendar"},{"floor":23,"key":"White Beast Statue"},{"floor":25,"key":"Red Mask"},{"floor":26,"key":"Mummified Hand"},{"floor":29,"key":"Kunai"},{"floor":37,"key":"Incense Burner"},{"floor":40,"key":"Bird Faced Urn"},{"floor":43,"key":"Juzu Bracelet"},{"floor":45,"key":"Dream Catcher"},{"floor":46,"key":"Lizard Tail"},{"floor":48,"key":"Blue Candle"},{"floor":54,"key":"Whetstone"}],"event_choices":[{"damage_healed":0,"gold_gain":0,"cards_transformed":["Strike_B"],"player_choice":"Transformed","damage_taken":0,"max_hp_gain":0,"max_hp_loss":0,"event_name":"Transmorgrifier","floor":3,"gold_loss":0,"cards_obtained":["BootSequence"]},{"cards_removed":["Strike_B"],"damage_healed":0,"gold_gain":0,"player_choice":"Give","damage_taken":0,"max_hp_gain":0,"max_hp_loss":0,"event_name":"betterNote:BetterNote","floor":22,"gold_loss":0,"cards_obtained":["Defend_R"]},{"damage_healed":0,"gold_gain":0,"player_choice":"Fought Bandits","damage_taken":0,"max_hp_gain":0,"max_hp_loss":0,"event_name":"Masked Bandits","floor":25,"gold_loss":0},{"damage_healed":0,"gold_gain":0,"player_choice":"Ignored","damage_taken":0,"max_hp_gain":0,"max_hp_loss":0,"event_name":"Vampires","floor":27,"gold_loss":0},{"damage_healed":0,"gold_gain":0,"player_choice":"Ignored","damage_taken":0,"max_hp_gain":0,"max_hp_loss":0,"event_name":"Ghosts","floor":31,"gold_loss":0},{"damage_healed":0,"gold_gain":0,"player_choice":"Memory 1","damage_taken":0,"max_hp_gain":0,"max_hp_loss":0,"event_name":"SensoryStone","floor":36,"gold_loss":0},{"damage_healed":0,"gold_gain":0,"player_choice":"Fight","damage_taken":0,"max_hp_gain":0,"max_hp_loss":0,"event_name":"Mysterious Sphere","floor":37,"gold_loss":0},{"damage_healed":70,"gold_gain":0,"player_choice":"Heal","damage_taken":0,"max_hp_gain":0,"max_hp_loss":10,"event_name":"The Moai Head","floor":42,"gold_loss":0},{"damage_healed":0,"gold_gain":222,"player_choice":"Wore Mask","damage_taken":0,"max_hp_gain":0,"max_hp_loss":0,"event_name":"Tomb of Lord Red Mask","floor":44,"gold_loss":0},{"damage_healed":0,"gold_gain":0,"player_choice":"Fight","damage_taken":0,"max_hp_gain":0,"max_hp_loss":0,"event_name":"MindBloom","floor":46,"gold_loss":0}],"is_beta":false,"boss_relics":[{"not_picked":["Calling Bell","SacredBark"],"picked":"Empty Cage"},{"not_picked":["SlaversCollar","Runic Dome"],"picked":"Inserter"}],"items_purged_floors":[2,21,38,53],"is_endless":false,"potions_floor_spawned":[4,5,8,10,14,19,25,28,29,30,33,35,37,40,45,46,47,48,54],"ascension_level":1}}