{"host":"72n3jwtrlpjobydj","time":1613899963,"event":{"mods":["AchievementEnabler","BaseMod","CapriCore","DeckTracker","Hermit","Koishi","KomeijiMod","Lobotomy","Marisa£¨Ùöéë¡¡Øª×âÞÞ£©","Minty Spire (QoL Compilation)","Permanent Neow","StSLib","SuperFastMode","The Cursed","The Hierophant","The Immortal"],"gold_per_floor":[115,40,52,52,127,127,156,168,168,168,168],"floor_reached":10,"language":"KOR","playtime":291,"items_purged":["Strike_P"],"score":69,"play_id":"c2ff91a0-70d4-4622-8359-26591fa20e3b","local_time":"20210221183243","is_ascension_mode":true,"campfire_choices":[{"floor":6,"key":"RECALL"}],"circlet_count":0,"master_deck":["Strike_P","Strike_P","Strike_P","Defend_P","Defend_P","Defend_P","Defend_P","Eruption","Vigilance","MentalFortress","MentalFortress"],"relics":["PureWater","Pear","Question Card"],"acts_visited":["Exordium"],"potions_floor_usage":[7,10,10],"damage_taken":[{"damage":3,"enemies":"2 Louse","floor":1,"turns":2},{"damage":0,"enemies":"Jaw Worm","floor":3,"turns":4},{"damage":38,"enemies":"3 Sentries","floor":7,"turns":13},{"damage":0,"enemies":"Small Slimes","floor":8,"turns":5},{"damage":43,"enemies":"Gremlin Nob","floor":10,"turns":5}],"seed_played":"-7136424153482219492","potions_obtained":[{"floor":0,"key":"LiquidBronze"},{"floor":0,"key":"SneckoOil"},{"floor":3,"key":"GamblersBrew"},{"floor":7,"key":"BlessingOfTheForge"}],"is_trial":false,"path_per_floor":["M","$","M","$","?","R","E","M","T","E"],"character_chosen":"WATCHER","items_purchased":[],"campfire_rested":0,"item_purchase_floors":[],"current_hp_per_floor":[69,69,69,69,58,58,30,30,30,0,0],"gold":168,"neow_bonus":"THREE_SMALL_POTIONS","is_daily":false,"chose_seed":false,"campfire_upgraded":0,"win_rate":0.0,"timestamp":1613899963,"path_taken":["M","$","M","$","?","R","E","M","T","E"],"items_purchased_type":[],"build_version":"2020-12-22","purchased_purges":1,"victory":false,"max_hp_per_floor":[72,72,72,72,72,72,82,82,82,82,82],"card_choices":[{"not_picked":["CarveReality","BowlingBash","EmptyBody"],"picked":"SKIP","floor":1},{"not_picked":["Weave","FlyingSleeves"],"picked":"MentalFortress","floor":3},{"not_picked":["Fasting2","SignatureMove","CrushJoints"],"picked":"SKIP","floor":7},{"not_picked":["CutThroughFate","EmptyFist"],"picked":"MentalFortress","floor":8}],"player_experience":110738,"relics_obtained":[{"floor":7,"key":"Pear"},{"floor":9,"key":"Question Card"}],"event_choices":[{"damage_healed":0,"gold_gain":75,"player_choice":"Gather Gold","damage_taken":11,"max_hp_gain":0,"max_hp_loss":0,"event_name":"World of Goop","floor":5,"gold_loss":0}],"is_beta":false,"boss_relics":[],"items_purged_floors":[2],"is_endless":false,"potions_floor_spawned":[3,7,8],"killed_by":"Gremlin Nob","ascension_level":1}}