{"host":"bc298c4gavna5tx2","time":1613873469,"event":{"mods":["ATMod(阿瑾Mod)","Act Like it!","BaseMod","Challenge The Spire","Energized Spire","Lobotomy","LobotomyExtend","Minty Spire (QoL Compilation)","MostiFishMod","Quarter Circle Forward PUNCH!","Quick Restart","Replay The Spire","Spicy Shops","StSLib","The Marked","【功能Mod】混沌之环修复补丁","【功能Mod】聪明的最终Boss","【遗物卡牌】REMEMod"],"gold_per_floor":[119,138,138,151,165,199,39,69,69,69,100,113,113,130,130,205,205,225,225,225,267,25,57,57,57,57,87,87,99,99,131,173,202,202,285,285,309,361,428,428,454,454,504,89,89,121,168,252,294,184,184,214],"floor_reached":53,"language":"ZHS","playtime":2548,"items_purged":["Languid"],"score":1661,"play_id":"f481fb2e-90ec-4fa7-8189-f711e02858b2","local_time":"20210221101109","is_ascension_mode":true,"campfire_choices":[{"data":"MostiFishMod:RacingGame","floor":10,"key":"SMITH"},{"data":"Flame Barrier","floor":15,"key":"SMITH"},{"data":"AT_IchimonjiDouble","floor":24,"key":"SMITH"},{"data":"Rampage","floor":30,"key":"SMITH"},{"data":"AT_EssenceShift","floor":34,"key":"SMITH"},{"floor":42,"key":"RECALL"},{"data":"Demonic Infusion","floor":51,"key":"SMITH"}],"circlet_count":0,"master_deck":["Bash","AT_EssenceShift+1","Flame Barrier+1","AT_BodySlamDance+1","MostiFishMod:RacingGame+1","AT_IchimonjiDouble+1","Rampage+1","Entrench","Barricade+1","Demonic Infusion+1"],"relics":["Burning Blood","AT_ATBox","DaveBox","REME_ComplimentaryCards","Civilization","SynthV:TestCard","LetterFromLob","Juzu Bracelet","AT_EbonyIvory","Eternal Feather","energizedSpire:DecayingSkull","Nloth\u0027s Gift","Sundial","HandDrill","Technique","qcfpunch:Army_Boots","Replay:Bottled Steam","ImprovedEquipment","REME_ArchaeologicalTools","AT_TrinityForce","SentryEyes","Prayer Wheel","Ring of Peace","ReplayTheSpireMod:Ring of Addiction","Potion Belt","Toy Ornithopter","MostiFishMod:Haymaker","ReplayTheSpireMod:TigerMarble","Lantern","Replay:WaspNest","REME_HandOfSuture"],"acts_visited":["Exordium","TheCity","TheBeyond"],"potions_floor_usage":[8,8,14,16,35,39,43,48],"damage_taken":[{"damage":12.0,"enemies":"2 Louse","floor":1.0,"turns":3.0},{"damage":0.0,"enemies":"Cultist","floor":2.0,"turns":2.0},{"damage":4.0,"enemies":"Jaw Worm","floor":4.0,"turns":2.0},{"damage":0.0,"enemies":"Blue Slaver","floor":5.0,"turns":4.0},{"damage":10.0,"enemies":"3 Sentries","floor":6.0,"turns":5.0},{"damage":2,"enemies":"Lagavulin","floor":8,"turns":4},{"damage":0,"enemies":"Gremlin Nob","floor":11,"turns":2},{"damage":0,"enemies":"2 Fungi Beasts","floor":12,"turns":3},{"damage":0,"enemies":"Gremlin Gang","floor":14,"turns":2},{"damage":27,"enemies":"Fading Forest","floor":16,"turns":11},{"damage":2,"enemies":"Spheric Guardian","floor":18,"turns":2},{"damage":2,"enemies":"REME_1_Revenger","floor":23,"turns":2},{"damage":2,"enemies":"Book of Stabbing","floor":27,"turns":2},{"damage":0,"enemies":"Shell Parasite","floor":29,"turns":1},{"damage":0,"enemies":"Replay:Snechameleon","floor":31,"turns":2},{"damage":0,"enemies":"Snake Plant","floor":32,"turns":1},{"damage":0,"enemies":"Snecko","floor":33,"turns":2},{"damage":0,"enemies":"Pondfish","floor":35,"turns":3},{"damage":9,"enemies":"3 Darklings","floor":37,"turns":4},{"damage":0,"enemies":"2 Orb Walkers","floor":38,"turns":1},{"damage":39,"enemies":"Mind Bloom Boss Battle","floor":39,"turns":4},{"damage":0,"enemies":"Orb Walker","floor":41,"turns":2},{"damage":0,"enemies":"Nemesis","floor":43,"turns":3},{"damage":39,"enemies":"Writhing Mass","floor":46,"turns":4},{"damage":7,"enemies":"Maw","floor":47,"turns":5},{"damage":0,"enemies":"R_Hoarder","floor":48,"turns":2},{"damage":8,"enemies":"4 Shapes","floor":49,"turns":3},{"damage":14,"enemies":"Replay:Hell Engine","floor":52,"turns":3},{"damage":0,"enemies":"Malkuth","floor":53,"turns":2},{"damage":0,"enemies":"Yesod","floor":53,"turns":4},{"damage":0,"enemies":"Geburah","floor":53,"turns":7},{"damage":0,"enemies":"Binah","floor":53,"turns":8},{"damage":0,"enemies":"Angela","floor":53,"turns":5}],"seed_played":"-7564214312770390796","potions_obtained":[{"floor":1.0,"key":"FearPotion"},{"floor":4.0,"key":"Toxic Potion"},{"floor":11,"key":"Toxic Potion"},{"floor":12,"key":"Death Potion"},{"floor":18,"key":"Adrenaline Potion"},{"floor":27,"key":"BloodPotion"},{"floor":38,"key":"REME_GoldPotion"},{"floor":39,"key":"Toxic Potion"},{"floor":40,"key":"Swift Potion"},{"floor":40,"key":"Reflective Coating"},{"floor":40,"key":"Swift Potion"},{"floor":43,"key":"BloodPotion"}],"is_trial":false,"path_per_floor":["M","M","?","M","M","E","$","E","T","R","E","M","?","M","R","B",null,"M","?","?","?","$","E","R","PTL","PTL","E","T","M","R","E","M","M","R","B",null,"M","?","?","?","M","R","E","$","T","M","M","E","M","?","R","B",null],"character_chosen":"IRONCLAD","items_purchased":["REME_CardOfGreed","HandDrill","Technique","ReplayTheSpireMod:TigerMarble","Lantern"],"campfire_rested":0,"item_purchase_floors":[7,22,22,44,44],"current_hp_per_floor":[64,73,73,79,89,90,90,99,99,99,104,109,109,114,114,110,117,124,124,124,84,84,93,96,96,96,105,105,116,119,130,141,152,154,159,159,161,169,141,141,152,158,174,174,174,146,150,166,169,169,175,172],"gold":316,"neow_bonus":"THREE_RARE_CARDS","is_daily":false,"chose_seed":false,"campfire_upgraded":6,"win_rate":0.0,"timestamp":1613873469,"path_taken":["M","M","?","M","?","E","$","E","T","R","E","M","?","M","R","BOSS","M","?","?","?","$","E","R","PTL","PTL","E","T","M","R","E","M","M","R","BOSS","M","?","?","?","M","R","E","$","T","M","M","E","M","?","R","BOSS"],"items_purchased_type":["Relic","Relic","Relic","Relic","Card"],"build_version":"2020-12-22","purchased_purges":1,"victory":true,"max_hp_per_floor":[77,80,80,84,89,94,94,99,99,99,104,109,109,114,114,119,119,124,124,124,124,124,129,129,129,129,134,134,139,139,144,149,154,154,159,159,164,169,174,174,179,179,184,184,184,189,192,197,202,202,202,205],"card_choices":[{"not_picked":["MostiFishMod:ChineseTea","MostiFishMod:KnuckleDown"],"picked":"Limit Break","floor":0.0},{"not_picked":["Replay:Undeath\u0027s Touch","Wild Strike"],"picked":"Flame Barrier","floor":1.0},{"not_picked":["AT_DrawKnifeCut","Body Slam","Headbutt","Thunderclap"],"picked":"AT_IchimonjiDouble","floor":2.0},{"not_picked":["AT_IchimonjiDouble","Headbutt","Perfected Strike","Clothesline","Reckless Charge"],"picked":"SKIP","floor":4.0},{"not_picked":["Anger","Iron Wave","Cleave","Second Wind","AT_BodySlamDance"],"picked":"SKIP","floor":5.0},{"not_picked":["Anger","Iron Wave","Cleave","Second Wind","AT_BodySlamDance"],"picked":"SKIP","floor":5.0},{"not_picked":["Twin Strike","ReplayTheSpireMod:LeadingStrike","Disarm","Cleave"],"picked":"MostiFishMod:RacingGame","floor":6.0},{"not_picked":["Sever Soul","Clash","Hemogenesis","ReplayTheSpireMod:Limb From Limb"],"picked":"Rampage","floor":8},{"not_picked":["AT_BodySlamDance","Searing Blow","Perfected Strike","AT_GerminateFire","Wild Strike"],"picked":"SKIP","floor":11},{"not_picked":["Warcry","Disarm","Pommel Strike","Rage","Anger"],"picked":"SKIP","floor":12},{"not_picked":["Berserk","Fire Breathing","Body Slam","True Grit"],"picked":"AT_BodySlamDance","floor":14},{"not_picked":["MostiFishMod:KnuckleDown","Eclipse","AT_Dispersion","Feed"],"picked":"MostiFishMod:RacingGame","floor":16},{"not_picked":["Sword Boomerang","Cleave","Iron Wave","Rage","AT_DiedThrough"],"picked":"SKIP","floor":18},{"not_picked":["Twin Strike","Clash","Shrug It Off","Headbutt"],"picked":"AT_IchimonjiDouble","floor":21},{"not_picked":["Metallicize","Double Tap","Rupture","Clothesline","Rage+1"],"picked":"SKIP","floor":23},{"not_picked":["ReplayTheSpireMod:Stacked","Perfected Strike","AT_IchimonjiDouble","Feed","Evolve"],"picked":"SKIP","floor":27},{"not_picked":["ReplayTheSpireMod:Corrosion Curse","Warcry","Massacre","Shrug It Off"],"picked":"Rampage","floor":29},{"not_picked":["Spot Weakness","Thunderclap","Massacre","ReplayTheSpireMod:Limb From Limb","MostiFishMod:404NotFound"],"picked":"SKIP","floor":31},{"not_picked":["Reckless Charge+1","Warcry","Armaments","Pommel Strike","Havoc"],"picked":"SKIP","floor":32},{"not_picked":["Metallicize+1","ReplayTheSpireMod:Corrosion Curse","Sever Soul","Run Through"],"picked":"Entrench","floor":33},{"not_picked":["MostiFishMod:TemporaryOutbreak","Immolate","MostiFishMod:DarkDeal","AT_Dispersion"],"picked":"Barricade","floor":35},{"not_picked":["Reckless Charge","Armaments","Shrug It Off","Cleave","Spot Weakness+1"],"picked":"SKIP","floor":37},{"not_picked":["Second Wind+1","Pommel Strike","Thunderclap","Twin Strike","Eclipse"],"picked":"SKIP","floor":41},{"not_picked":["Flex","AT_DiedThrough+1","Clash","Cleave+1","Whirlwind"],"picked":"SKIP","floor":41},{"not_picked":["Evolve","Intimidate","Shrug It Off","Rage"],"picked":"Demonic Infusion","floor":43},{"not_picked":["Life Link","Blood for Blood","Abandon","Cleave","Inflame"],"picked":"SKIP","floor":46},{"not_picked":["Clash+1","Clothesline","Run Through","Wild Strike","Abandon"],"picked":"SKIP","floor":46},{"not_picked":["MostiFishMod:BrandingRite","AT_DrawKnifeCut+1","Iron Wave","Headbutt","True Grit"],"picked":"SKIP","floor":47},{"not_picked":["Warcry","ReplayTheSpireMod:Strike From Hell","Pummel+1","AT_BodySlamDance","Headbutt"],"picked":"SKIP","floor":47},{"not_picked":["Double Tap","AT_BodySlamDance","Twin Strike+1","Anger","Replay:Many Hands"],"picked":"SKIP","floor":48},{"not_picked":["Flame Barrier","Whirlwind","Dual Wield","Replay:Undeath\u0027s Touch","Inflame"],"picked":"SKIP","floor":49},{"not_picked":["ReplayTheSpireMod:Muscle Training","Twin Strike+1","ReplayTheSpireMod:Strike From Hell","Heavy Blade","Headbutt"],"picked":"SKIP","floor":49}],"player_experience":157668,"relics_obtained":[{"floor":1.0,"key":"SynthV:TestCard"},{"floor":1.0,"key":"LetterFromLob"},{"floor":6.0,"key":"Juzu Bracelet"},{"floor":8,"key":"AT_EbonyIvory"},{"floor":11,"key":"Eternal Feather"},{"floor":21,"key":"Sundial"},{"floor":23,"key":"qcfpunch:Army_Boots"},{"floor":27,"key":"Replay:Bottled Steam"},{"floor":28,"key":"ImprovedEquipment"},{"floor":31,"key":"REME_ArchaeologicalTools"},{"floor":38,"key":"SentryEyes"},{"floor":39,"key":"Prayer Wheel"},{"floor":40,"key":"Ring of Peace"},{"floor":40,"key":"ReplayTheSpireMod:Ring of Addiction"},{"floor":40,"key":"Potion Belt"},{"floor":40,"key":"Toy Ornithopter"},{"floor":43,"key":"MostiFishMod:Haymaker"},{"floor":45,"key":"Replay:WaspNest"},{"floor":48,"key":"REME_HandOfSuture"}],"event_choices":[{"damage_healed":0.0,"max_hp_gain":0.0,"max_hp_loss":0.0,"gold_gain":0.0,"event_name":"Upgrade Shrine","player_choice":"Upgraded","floor":3.0,"gold_loss":0.0,"damage_taken":0.0,"cards_upgraded":["Limit Break"]},{"damage_healed":0,"gold_gain":0,"player_choice":"Simplicity","damage_taken":0,"max_hp_gain":0,"max_hp_loss":0,"event_name":"Back to Basics","floor":19,"gold_loss":0,"cards_upgraded":["Defend_R"]},{"damage_healed":0,"gold_gain":0,"player_choice":"Traded Relic","damage_taken":0,"relics_obtained":["Nloth\u0027s Gift"],"max_hp_gain":0,"max_hp_loss":0,"event_name":"N\u0027loth","floor":20,"relics_lost":["REME_CardOfGreed"],"gold_loss":0},{"damage_healed":0,"gold_gain":0,"player_choice":"Fight","damage_taken":0,"max_hp_gain":0,"max_hp_loss":0,"event_name":"Mysterious Sphere","floor":38,"gold_loss":0},{"damage_healed":0,"gold_gain":0,"player_choice":"Fight","damage_taken":0,"max_hp_gain":0,"max_hp_loss":0,"event_name":"MindBloom","floor":39,"gold_loss":0},{"cards_removed":["Defend_R"],"damage_healed":0,"gold_gain":0,"player_choice":"Upgrade and Remove","damage_taken":0,"max_hp_gain":0,"max_hp_loss":0,"event_name":"Designer","floor":50,"gold_loss":110,"cards_upgraded":["Barricade"]}],"is_beta":false,"boss_relics":[{"not_picked":["ReplayTheSpireMod:DimensionalGlitch","Empty Cage"],"picked":"energizedSpire:DecayingSkull"},{"not_picked":["qcfpunch:Killian_Engine_Alpha","qcfpunch:Dark_Gi"],"picked":"AT_TrinityForce"}],"items_purged_floors":[44],"is_endless":false,"potions_floor_spawned":[1,4,11,12,18,27,31,33,38,39,43,49],"ascension_level":16}}