{"host":"sav7uxregyirlf69","time":1613912631,"event":{"mods":["AchievementEnabler","BaseMod","Colored Map","DeckTracker","Keyboard Shortcuts","Minty Spire (QoL Compilation)","READ ME - Guardian Mod","StSLib","SuperFastMode"],"gold_per_floor":[118,118,118,34,54,54,72,90,90,105,85,85,124,34,34,124,124,137,62,62,62,143,143,159,159,184,184,199,199,199],"floor_reached":29,"language":"KOR","playtime":421,"items_purged":["Strike_B"],"score":442,"play_id":"db2415cb-eee6-4a24-9643-1b34f05ffec6","local_time":"20210221220351","is_ascension_mode":true,"campfire_choices":[{"data":"Defragment","floor":6.0,"key":"SMITH"},{"data":"Zap","floor":12.0,"key":"SMITH"},{"data":"Hologram","floor":15.0,"key":"SMITH"},{"data":"Dualcast","floor":23,"key":"SMITH"},{"floor":27,"key":"REST"}],"circlet_count":0,"master_deck":["AscendersBane","Strike_B","Defend_B","Defend_B","Zap+1","Dualcast+1","Streamline+1","Defragment+1","Hologram+1","Turbo","Genetic Algorithm","Chill","Flash of Steel","Electrodynamics","Darkness+1","Turbo+1","Heatsinks+1","Aggregate+1","Loop"],"relics":["Cracked Core","Omamori","Golden Idol","Singing Bowl","Mango","Astrolabe","Meat on the Bone","SsserpentHead","Lantern"],"acts_visited":["Exordium","TheCity"],"potions_floor_usage":[24],"damage_taken":[{"damage":14.0,"enemies":"Jaw Worm","floor":1.0,"turns":4.0},{"damage":9.0,"enemies":"Small Slimes","floor":5.0,"turns":4.0},{"damage":0.0,"enemies":"Cultist","floor":7.0,"turns":2.0},{"damage":4.0,"enemies":"Looter","floor":8.0,"turns":3.0},{"damage":2.0,"enemies":"3 Louse","floor":10.0,"turns":3.0},{"damage":4.0,"enemies":"Gremlin Nob","floor":13.0,"turns":3.0},{"damage":21.0,"enemies":"Hexaghost","floor":16.0,"turns":9.0},{"damage":10.0,"enemies":"Spheric Guardian","floor":18.0,"turns":4.0},{"damage":47,"enemies":"Chosen","floor":24,"turns":6},{"damage":30,"enemies":"Snake Plant","floor":28,"turns":4},{"damage":47,"enemies":"Gremlin Leader","floor":29,"turns":6}],"seed_played":"8457411745395147011","potions_obtained":[{"floor":1.0,"key":"ColorlessPotion"},{"floor":8.0,"key":"BlessingOfTheForge"},{"floor":13.0,"key":"FocusPotion"},{"floor":18.0,"key":"ColorlessPotion"}],"is_trial":false,"path_per_floor":["M","?","?","$","M","R","M","M","T","M","?","R","E","$","R","B",null,"M","$","?","?","T","R","M","?","T","R","M","E"],"character_chosen":"DEFECT","items_purchased":["Defragment","Flash of Steel"],"campfire_rested":1,"item_purchase_floors":[4,14],"current_hp_per_floor":[50,50,50,50,41,41,41,37,37,35,35,35,47,47,47,26,72,62,62,62,62,62,62,27,27,27,53,37,0,0],"gold":199,"neow_bonus":"RANDOM_COMMON_RELIC","is_daily":false,"chose_seed":false,"campfire_upgraded":4,"win_rate":0.0,"timestamp":1613912631,"path_taken":["M","?","?","$","M","R","M","M","T","M","?","R","E","$","R","BOSS","M","?","?","?","?","R","?","?","T","R","M","E"],"items_purchased_type":["Card","Card"],"build_version":"2020-12-22","purchased_purges":1,"victory":false,"max_hp_per_floor":[71,71,71,71,71,71,71,71,71,71,71,71,87,87,87,87,87,87,87,87,87,87,87,87,87,87,87,89,89,89],"card_choices":[{"not_picked":["Heatsinks","Loop"],"picked":"Streamline","floor":1.0},{"not_picked":["Gash","Force Field"],"picked":"Hologram","floor":5.0},{"not_picked":["Force Field","Compile Driver"],"picked":"Turbo","floor":7.0},{"not_picked":["Conserve Battery","Gash"],"picked":"Genetic Algorithm","floor":8.0},{"not_picked":["Rebound","Gash"],"picked":"Chill","floor":10.0},{"not_picked":["Compile Driver","Auto Shields","Steam Power"],"picked":"Singing Bowl","floor":13.0},{"not_picked":["Seek","Creative AI"],"picked":"Electrodynamics","floor":16.0},{"not_picked":["Conserve Battery","Gash"],"picked":"Aggregate+1","floor":18.0},{"not_picked":["Redo","Cold Snap"],"picked":"Loop","floor":24},{"not_picked":["Stack","Chaos","Gash"],"picked":"Singing Bowl","floor":28}],"player_experience":1645682,"relics_obtained":[{"floor":9.0,"key":"Singing Bowl"},{"floor":13.0,"key":"Mango"},{"floor":22,"key":"Meat on the Bone"},{"floor":26,"key":"Lantern"}],"event_choices":[{"damage_healed":0.0,"max_hp_gain":0.0,"max_hp_loss":0.0,"gold_gain":0.0,"event_name":"Living Wall","player_choice":"Grow","floor":2.0,"gold_loss":0.0,"damage_taken":0.0,"cards_upgraded":["Streamline"]},{"damage_healed":0.0,"max_hp_gain":0.0,"max_hp_loss":0.0,"gold_gain":0.0,"event_name":"Golden Idol","player_choice":"Take Wound","floor":3.0,"gold_loss":0.0,"damage_taken":0.0,"relics_obtained":["Golden Idol"],"cards_obtained":["Injury"]},{"damage_healed":0.0,"max_hp_gain":0.0,"max_hp_loss":0.0,"gold_gain":0.0,"event_name":"The Woman in Blue","player_choice":"Bought 1 Potion","floor":11.0,"gold_loss":0.0,"damage_taken":0.0},{"damage_healed":0,"gold_gain":0,"player_choice":"Ignored","damage_taken":0,"max_hp_gain":0,"max_hp_loss":0,"event_name":"Cursed Tome","floor":20,"gold_loss":0},{"cards_removed":["Defend_B"],"damage_healed":0,"gold_gain":0,"player_choice":"Elegance","damage_taken":0,"max_hp_gain":0,"max_hp_loss":0,"event_name":"Back to Basics","floor":21,"gold_loss":0},{"damage_healed":0,"gold_gain":0,"player_choice":"Trade","damage_taken":0,"relics_obtained":["SsserpentHead"],"max_hp_gain":0,"max_hp_loss":0,"event_name":"FaceTrader","floor":25,"gold_loss":0}],"is_beta":false,"boss_relics":[{"not_picked":["Runic Dome","FrozenCore"],"picked":"Astrolabe"}],"items_purged_floors":[19],"is_endless":false,"potions_floor_spawned":[1,8,10,13,18],"killed_by":"Gremlin Leader","ascension_level":20}}