{"host":"4qkvkh7pd9qr2mca","time":1613944755,"event":{"mods":["AchievementEnabler","BaseMod","Colored Map","Colored Powertips","Highlight Path","Minty Spire (QoL Compilation)","Permanent Neow","Quick Restart","Relic Stats","StSLib","SuperFastMode"],"gold_per_floor":[113,113,69,80,98,123,88,88,88,88,38,63,96,125,125,200,200,200,200],"floor_reached":18,"language":"ENG","playtime":633,"items_purged":[],"score":422,"play_id":"3df9848b-bfc9-4589-8c2d-f9e0decda9fd","local_time":"20210221225915","is_ascension_mode":true,"campfire_choices":[{"data":"Sunder","floor":8,"key":"SMITH"},{"data":"Dualcast","floor":10,"key":"SMITH"},{"data":"Hologram","floor":15,"key":"SMITH"}],"circlet_count":0,"master_deck":["AscendersBane","Strike_B","Strike_B","Strike_B","Strike_B","Defend_B+1","Defend_B","Defend_B","Defend_B","Zap","Dualcast+1","Pain","Gash","Sunder+1","Cold Snap","Auto Shields+1","Scrape","Hologram","Hologram+1","Compile Driver","All For One"],"relics":["Cracked Core","Mango","Eternal Feather","Incense Burner","War Paint","WingedGreaves","Dead Branch","Mercury Hourglass","Ancient Tea Set","Runic Pyramid"],"acts_visited":["Exordium","TheCity"],"potions_floor_usage":[6,13,14,16],"damage_taken":[{"damage":3,"enemies":"2 Louse","floor":1,"turns":2},{"damage":0,"enemies":"Small Slimes","floor":4,"turns":2},{"damage":1,"enemies":"Cultist","floor":5,"turns":3},{"damage":36,"enemies":"Gremlin Nob","floor":6,"turns":4},{"damage":9,"enemies":"3 Sentries","floor":12,"turns":6},{"damage":15,"enemies":"Lagavulin","floor":13,"turns":6},{"damage":3,"enemies":"Gremlin Nob","floor":14,"turns":3},{"damage":46,"enemies":"The Guardian","floor":16,"turns":11},{"damage":12,"enemies":"3 Byrds","floor":18,"turns":2}],"seed_played":"-7957455736753310648","potions_obtained":[{"floor":5,"key":"Explosive Potion"},{"floor":12,"key":"EntropicBrew"},{"floor":14,"key":"Ancient Potion"}],"is_trial":false,"path_per_floor":["M","?","$","M","M","E","?","R","T","R","?","E","E","E","R","B",null,"M"],"character_chosen":"DEFECT","items_purchased":["Sunder"],"campfire_rested":0,"item_purchase_floors":[3],"current_hp_per_floor":[75,70,70,70,69,33,54,63,63,72,72,63,48,45,57,11,67,55,55],"gold":200,"neow_bonus":"ONE_RARE_RELIC","is_daily":false,"chose_seed":false,"campfire_upgraded":3,"win_rate":0.0,"timestamp":1613944755,"path_taken":["M","?","$","M","M","E","?","R","T","R","?","E","E","E","R","BOSS","M"],"items_purchased_type":["Card"],"build_version":"2020-12-22","purchased_purges":0,"victory":false,"max_hp_per_floor":[85,85,85,85,85,85,85,85,85,85,85,85,85,85,85,85,85,85,85],"relic_stats":{"counters":[9,39],"Dead Branch":[5],"Eternal Feather":30,"War Paint":["Auto Shields","Defend_B"],"obtain_stats":[{"Dead Branch":12,"Mango":0,"Eternal Feather":2,"WingedGreaves":11,"Incense Burner":6,"War Paint":9,"Cracked Core":0,"Ancient Tea Set":14,"Mercury Hourglass":13,"Runic Pyramid":17},{"Dead Branch":5,"Mango":0,"Eternal Feather":1,"WingedGreaves":4,"Incense Burner":4,"War Paint":4,"Cracked Core":0,"Ancient Tea Set":7,"Mercury Hourglass":6,"Runic Pyramid":8},{"Dead Branch":17,"Mango":0,"Eternal Feather":2,"WingedGreaves":11,"Incense Burner":11,"War Paint":11,"Cracked Core":0,"Ancient Tea Set":26,"Mercury Hourglass":23,"Runic Pyramid":37}],"Mercury Hourglass":[57]},"card_choices":[{"not_picked":["Cold Snap","Ball Lightning"],"picked":"Gash","floor":1},{"not_picked":["Hello World","Streamline"],"picked":"Cold Snap","floor":4},{"not_picked":["Leap","Double Energy"],"picked":"Auto Shields","floor":5},{"not_picked":["Conserve Battery","Sweeping Beam"],"picked":"Scrape","floor":6},{"not_picked":["Leap","Turbo"],"picked":"Hologram","floor":12},{"not_picked":["Fusion","Double Energy"],"picked":"Hologram","floor":13},{"not_picked":["Force Field","Steam Power"],"picked":"Compile Driver","floor":14},{"not_picked":["Seek","Creative AI"],"picked":"All For One","floor":16}],"player_experience":659071,"relics_obtained":[{"floor":6,"key":"Incense Burner"},{"floor":9,"key":"War Paint"},{"floor":12,"key":"Dead Branch"},{"floor":13,"key":"Mercury Hourglass"},{"floor":14,"key":"Ancient Tea Set"}],"event_choices":[{"damage_healed":0,"gold_gain":0,"player_choice":"Success","damage_taken":5,"relics_obtained":["Eternal Feather"],"max_hp_gain":0,"max_hp_loss":0,"event_name":"Scrap Ooze","floor":2,"gold_loss":0},{"damage_healed":21,"gold_gain":0,"player_choice":"Healed","damage_taken":0,"max_hp_gain":0,"max_hp_loss":0,"event_name":"The Cleric","floor":7,"gold_loss":35},{"damage_healed":0,"gold_gain":0,"player_choice":"Paid Gold","damage_taken":0,"relics_obtained":["WingedGreaves"],"max_hp_gain":0,"max_hp_loss":0,"event_name":"WeMeetAgain","floor":11,"gold_loss":50}],"is_beta":false,"boss_relics":[{"not_picked":["Black Star","Empty Cage"],"picked":"Runic Pyramid"}],"items_purged_floors":[],"is_endless":false,"potions_floor_spawned":[5,12,14],"killed_by":"3 Byrds","ascension_level":20}}