{"host":"mc4amcm0108w7k6t","time":1613870041,"event":{"mods":["BaseMod","Minty Spire (QoL Compilation)","StSLib","The Hierophant"],"gold_per_floor":[113,125,125,139,139,168,168,178,258,208,208,233,233,233,233,327,327,340,340,340],"floor_reached":19,"language":"ENG","playtime":529,"items_purged":[],"score":165,"play_id":"c2ee41c8-5a20-4287-bcab-63cb2d3e4ab2","local_time":"20210220201401","is_ascension_mode":false,"campfire_choices":[{"data":"hierophant:FieryStrike","floor":7,"key":"SMITH"},{"floor":11,"key":"REST"},{"data":"hierophant:FieryStrike","floor":13,"key":"SMITH"},{"data":"hierophant:SealAway","floor":15,"key":"SMITH"}],"circlet_count":0,"master_deck":["hierophant:Strike_Hierophant","hierophant:Strike_Hierophant","hierophant:Punish","hierophant:Defend_Hierophant","hierophant:Defend_Hierophant","hierophant:Defend_Hierophant","hierophant:Defend_Hierophant","hierophant:ChurchCoffers+1","hierophant:FieryStrike+1","hierophant:SealAway+1","hierophant:PassingBell","hierophant:FieryStrike+1","hierophant:Upheaval","hierophant:LocustPlague","hierophant:PristineSoul"],"relics":["hierophant:PropheticMaskRelic","Bag of Marbles","Pocketwatch","Anchor","hierophant:DonationBoxRelic","Juzu Bracelet","Velvet Choker"],"acts_visited":["Exordium","TheCity"],"potions_floor_usage":[16],"damage_taken":[{"damage":0,"enemies":"Jaw Worm","floor":1,"turns":6},{"damage":0,"enemies":"Small Slimes","floor":2,"turns":2},{"damage":0,"enemies":"2 Louse","floor":4,"turns":1},{"damage":28,"enemies":"Gremlin Nob","floor":6,"turns":4},{"damage":0,"enemies":"Large Slime","floor":8,"turns":3},{"damage":26,"enemies":"Hexaghost","floor":16,"turns":9},{"damage":2,"enemies":"Shell Parasite","floor":18,"turns":2},{"damage":0,"enemies":"Chosen","floor":19,"turns":1}],"seed_played":"-8560897844529097687","potions_obtained":[{"floor":4,"key":"SkillPotion"},{"floor":8,"key":"Dexterity Potion"},{"floor":16,"key":"LiquidBronze"},{"floor":18,"key":"DistilledChaos"}],"is_trial":false,"path_per_floor":["M","M","?","M","?","E","R","M","T","?","R","T","R","?","R","B",null,"M","M"],"character_chosen":"HIEROPHANT","items_purchased":[],"campfire_rested":1,"item_purchase_floors":[],"current_hp_per_floor":[75,75,68,68,56,28,28,28,28,28,50,50,50,50,50,24,75,73,73,73],"gold":340,"neow_bonus":"RANDOM_COMMON_RELIC","is_daily":false,"chose_seed":false,"campfire_upgraded":3,"win_rate":0.0,"timestamp":1613870041,"path_taken":["M","M","?","M","?","E","R","M","T","?","R","?","R","?","R","BOSS","M","M"],"items_purchased_type":[],"build_version":"2020-12-22","purchased_purges":0,"victory":false,"max_hp_per_floor":[75,75,75,75,75,75,75,75,75,75,75,75,75,75,75,75,75,75,75,75],"card_choices":[{"not_picked":["hierophant:FlamingChariot","hierophant:Refuge"],"picked":"hierophant:FieryStrike","floor":1},{"not_picked":["hierophant:Charity","hierophant:Repentance"],"picked":"hierophant:SealAway","floor":2},{"not_picked":["hierophant:MorningPrayer","hierophant:Flagellation"],"picked":"hierophant:PassingBell","floor":4},{"not_picked":["hierophant:CoinFling","hierophant:HolyVerse"],"picked":"hierophant:FieryStrike","floor":6},{"not_picked":["hierophant:Bribe","hierophant:HammerAndAnvil"],"picked":"hierophant:Upheaval","floor":8},{"not_picked":["hierophant:Levitation","hierophant:Cornucopia"],"picked":"hierophant:LocustPlague","floor":16},{"not_picked":["hierophant:MorningPrayer","hierophant:HammerAndAnvil"],"picked":"hierophant:PristineSoul","floor":18}],"player_experience":350131,"relics_obtained":[{"floor":6,"key":"Anchor"},{"floor":9,"key":"hierophant:DonationBoxRelic"},{"floor":12,"key":"Juzu Bracelet"}],"event_choices":[{"cards_removed":["hierophant:Strike_Hierophant"],"damage_healed":0,"gold_gain":0,"player_choice":"Card Removal","damage_taken":7,"max_hp_gain":0,"max_hp_loss":0,"event_name":"Golden Wing","floor":3,"gold_loss":0},{"damage_healed":0,"gold_gain":0,"player_choice":"Success","damage_taken":12,"relics_obtained":["Pocketwatch"],"max_hp_gain":0,"max_hp_loss":0,"event_name":"Scrap Ooze","floor":5,"gold_loss":0},{"cards_removed":["hierophant:Strike_Hierophant"],"damage_healed":0,"gold_gain":0,"player_choice":"Card Removal","damage_taken":0,"max_hp_gain":0,"max_hp_loss":0,"event_name":"The Cleric","floor":10,"gold_loss":50},{"damage_healed":0,"gold_gain":0,"player_choice":"Grow","damage_taken":0,"max_hp_gain":0,"max_hp_loss":0,"event_name":"Living Wall","floor":14,"gold_loss":0,"cards_upgraded":["hierophant:ChurchCoffers"]}],"is_beta":false,"boss_relics":[{"not_picked":["Tiny House","Fusion Hammer"],"picked":"Velvet Choker"}],"items_purged_floors":[],"is_endless":false,"potions_floor_spawned":[4,8,16,18],"killed_by":"Chosen","ascension_level":0}}