{"host":"en4narc5947t7k9n","time":1613923783,"event":{"mods":["AchievementEnabler","BaseMod","Colored Map","Minty Spire (QoL Compilation)","SuperFastMode"],"gold_per_floor":[119,119,119,140,164,208,57,57,57,77,95,95,95,95],"floor_reached":13,"language":"KOR","playtime":353,"items_purged":[],"score":85,"play_id":"0a640dd0-f095-4fe3-ad1e-897595163669","local_time":"20210222010943","is_ascension_mode":false,"campfire_choices":[],"circlet_count":0,"master_deck":["Strike_G","Strike_G","Strike_G","Strike_G","Strike_G","Defend_G","Defend_G","Defend_G","Defend_G","Survivor","Neutralize","Quick Slash","Deadly Poison","Noxious Fumes","Terror","Defend_G","Flechettes","Adrenaline+1"],"relics":["Ring of the Snake","NeowsBlessing","Golden Idol","Bronze Scales","Frozen Egg 2","Chemical X"],"acts_visited":["Exordium"],"potions_floor_usage":[6,13,13],"damage_taken":[{"damage":0,"enemies":"Jaw Worm","floor":1,"turns":1},{"damage":0,"enemies":"2 Louse","floor":4,"turns":1},{"damage":0,"enemies":"Cultist","floor":5,"turns":1},{"damage":21,"enemies":"Gremlin Nob","floor":6,"turns":4},{"damage":2,"enemies":"Looter","floor":10,"turns":4},{"damage":7,"enemies":"3 Louse","floor":11,"turns":3},{"damage":23,"enemies":"3 Sentries","floor":13,"turns":4}],"seed_played":"232269678367258325","potions_obtained":[{"floor":4,"key":"LiquidMemories"},{"floor":6,"key":"Dexterity Potion"},{"floor":11,"key":"Poison Potion"}],"is_trial":false,"path_per_floor":["M","?","?","M","M","E","$","?","T","M","M","?","E"],"character_chosen":"THE_SILENT","items_purchased":["Chemical X"],"campfire_rested":0,"item_purchase_floors":[7],"current_hp_per_floor":[70,53,50,50,50,29,29,29,29,27,20,20,0,0],"gold":95,"neow_bonus":"THREE_ENEMY_KILL","is_daily":false,"chose_seed":false,"campfire_upgraded":0,"win_rate":0.0,"timestamp":1613923783,"path_taken":["M","?","?","M","M","E","$","?","T","M","?","?","E"],"items_purchased_type":["Relic"],"build_version":"2020-12-22","purchased_purges":0,"victory":false,"max_hp_per_floor":[70,70,70,70,70,70,70,70,70,70,70,70,70,70],"card_choices":[{"not_picked":["Dagger Throw","Underhanded Strike"],"picked":"Quick Slash","floor":1},{"not_picked":["Tactician","Reflex"],"picked":"Deadly Poison","floor":4},{"not_picked":["Deflect","Sucker Punch"],"picked":"Noxious Fumes","floor":5},{"not_picked":["Expertise","Acrobatics"],"picked":"Terror","floor":6},{"not_picked":["Underhanded Strike","Sucker Punch"],"picked":"Flechettes","floor":10},{"not_picked":["Blade Dance","Slice"],"picked":"Adrenaline","floor":11}],"player_experience":137468,"relics_obtained":[{"floor":6,"key":"Frozen Egg 2"}],"event_choices":[{"damage_healed":0,"gold_gain":0,"player_choice":"Take Damage","damage_taken":17,"relics_obtained":["Golden Idol"],"max_hp_gain":0,"max_hp_loss":0,"event_name":"Golden Idol","floor":2,"gold_loss":0},{"damage_healed":0,"gold_gain":0,"player_choice":"Success","damage_taken":3,"relics_obtained":["Bronze Scales"],"max_hp_gain":0,"max_hp_loss":0,"event_name":"Scrap Ooze","floor":3,"gold_loss":0},{"cards_removed":["Defend_G"],"damage_healed":0,"gold_gain":0,"player_choice":"Took Card","damage_taken":0,"max_hp_gain":0,"max_hp_loss":0,"event_name":"NoteForYourself","floor":8,"gold_loss":0,"cards_obtained":["Defend_G"]},{"damage_healed":0,"gold_gain":0,"player_choice":"Grow","damage_taken":0,"max_hp_gain":0,"max_hp_loss":0,"event_name":"Living Wall","floor":12,"gold_loss":0,"cards_upgraded":["Adrenaline"]}],"is_beta":false,"boss_relics":[],"items_purged_floors":[],"is_endless":false,"potions_floor_spawned":[4,6,11],"killed_by":"3 Sentries","ascension_level":0}}