{"host":"kjewy4djrngsmy8v","time":1613879282,"event":{"mods":["AchievementEnabler","BaseMod","Colored Map","Colored Powertips","Downfall","Minty Spire (QoL Compilation)","Quick Restart","Relic Stats","StSLib","The Disciple"],"gold_per_floor":[114,128,128,128,148,192,154,154,202,167,167,14,14,34,34,34,34],"floor_reached":16,"language":"ENG","playtime":818,"items_purged":["Injury"],"score":98,"play_id":"a241d689-c29a-4ddc-9609-aed2722e7de1","local_time":"20210220214802","is_ascension_mode":false,"campfire_choices":[{"floor":8,"key":"REST"},{"floor":13,"key":"REST"},{"data":"Zap","floor":15,"key":"SMITH"}],"circlet_count":0,"master_deck":["Strike_B","Strike_B","Strike_B","Strike_B","Defend_B","Defend_B","Defend_B","Defend_B","Zap+1","Dualcast","Glacier","Beam Cell","Blizzard","Loop","Melter","Gash"],"relics":["Cracked Core","Ancient Tea Set","Golden Idol","MealTicket","Regal Pillow","Du-Vu Doll"],"acts_visited":["Exordium"],"potions_floor_usage":[16],"damage_taken":[{"damage":10,"enemies":"Small Slimes","floor":1,"turns":4},{"damage":8,"enemies":"2 Louse","floor":2,"turns":3},{"damage":1,"enemies":"Jaw Worm","floor":5,"turns":6},{"damage":54,"enemies":"Gremlin Nob","floor":6,"turns":6},{"damage":0,"enemies":"Exordium Wildlife","floor":14,"turns":5},{"damage":80,"enemies":"Hexaghost","floor":16,"turns":14}],"seed_played":"4541616632699555959","potions_obtained":[{"floor":1,"key":"sneckomod:MuddlingPotion"},{"floor":2,"key":"Ancient Potion"},{"floor":14,"key":"Swift Potion"}],"is_trial":false,"path_per_floor":["M","M","?","?","M","E","?","R","T","?","T","$","R","M","R","B"],"character_chosen":"DEFECT","items_purchased":["Melter"],"campfire_rested":2,"item_purchase_floors":[12],"current_hp_per_floor":[65,57,57,57,56,2,2,24,24,42,42,57,75,75,75,0,0],"gold":34,"neow_bonus":"RANDOM_COMMON_RELIC","is_daily":false,"chose_seed":false,"campfire_upgraded":1,"win_rate":0.0,"timestamp":1613879282,"path_taken":["M","M","?","?","M","E","?","R","T","?","?","$","R","M","R","BOSS"],"items_purchased_type":["Card"],"build_version":"2020-12-22","purchased_purges":1,"victory":false,"max_hp_per_floor":[75,75,75,75,75,75,75,75,75,75,75,75,75,75,75,75,75],"relic_stats":{"Regal Pillow":0,"counters":[6,38],"Golden Idol":17,"MealTicket":15,"obtain_stats":[{"Du-Vu Doll":11,"Regal Pillow":9,"Golden Idol":3,"MealTicket":6,"Cracked Core":0,"Ancient Tea Set":0},{"Du-Vu Doll":4,"Regal Pillow":4,"Golden Idol":2,"MealTicket":4,"Cracked Core":0,"Ancient Tea Set":0},{"Du-Vu Doll":19,"Regal Pillow":19,"Golden Idol":7,"MealTicket":19,"Cracked Core":0,"Ancient Tea Set":0}]},"card_choices":[{"not_picked":["Streamline","Hologram"],"picked":"Glacier","floor":1},{"not_picked":["Redo","Chill"],"picked":"Beam Cell","floor":2},{"not_picked":["Consume","Skim"],"picked":"Blizzard","floor":5},{"not_picked":["Tempest","Ball Lightning"],"picked":"Loop","floor":6},{"not_picked":["Compile Driver","Steam"],"picked":"Gash","floor":14}],"player_experience":101605,"relics_obtained":[{"floor":6,"key":"MealTicket"},{"floor":9,"key":"Regal Pillow"},{"floor":11,"key":"Du-Vu Doll"}],"event_choices":[{"damage_healed":0,"gold_gain":0,"player_choice":"Take Wound","damage_taken":0,"relics_obtained":["Golden Idol"],"max_hp_gain":0,"max_hp_loss":0,"event_name":"Golden Idol","floor":3,"gold_loss":0,"cards_obtained":["Injury"]},{"damage_healed":0,"gold_gain":0,"player_choice":"Ignored","damage_taken":0,"max_hp_gain":0,"max_hp_loss":0,"event_name":"Liars Game","floor":4,"gold_loss":0},{"damage_healed":0,"gold_gain":0,"player_choice":"Left Gold","damage_taken":0,"max_hp_gain":0,"max_hp_loss":0,"event_name":"World of Goop","floor":7,"gold_loss":38},{"damage_healed":18,"gold_gain":0,"player_choice":"Healed","damage_taken":0,"max_hp_gain":0,"max_hp_loss":0,"event_name":"The Cleric","floor":10,"gold_loss":35}],"is_beta":false,"boss_relics":[],"items_purged_floors":[12],"is_endless":false,"potions_floor_spawned":[1,2,14],"killed_by":"Hexaghost","ascension_level":0}}