{"host":"qgrlfjrqk9z96gfi","time":1613949711,"event":{"mods":["BaseMod","Block Reminder","Colored Map","Custom Start","DeckTracker","Minty Spire (QoL Compilation)"],"gold_per_floor":[118,118,118,128,19,46,46,72,98,98,118,136,147,157,157,235,235,246,112,131,131,151,151,151,151],"floor_reached":24,"language":"ENG","playtime":626,"items_purged":["Strike_G"],"score":466,"play_id":"c66c5905-a80c-4e6c-b102-2d97cffdd44f","local_time":"20210221132151","is_ascension_mode":true,"campfire_choices":[{"data":"Skewer","floor":7.0,"key":"SMITH"},{"data":"Concentrate","floor":10.0,"key":"SMITH"},{"data":"Reflex","floor":15,"key":"SMITH"},{"floor":23,"key":"REST"}],"circlet_count":0,"master_deck":["AscendersBane","Strike_G","Strike_G","Strike_G","Strike_G","Defend_G","Defend_G","Defend_G","Defend_G","Defend_G","Survivor","Neutralize","Slice","Reflex+1","Skewer+1","Quick Slash","Backstab","Concentrate+1","Slice","Cloak And Dagger","PiercingWail","Die Die Die","Outmaneuver","Acrobatics"],"relics":["Ring of the Snake","NeowsBlessing","Oddly Smooth Stone","Ornamental Fan","Nunchaku","Dream Catcher","Cursed Key"],"acts_visited":["Exordium","TheCity"],"potions_floor_usage":[16,16,24],"damage_taken":[{"damage":0.0,"enemies":"2 Louse","floor":1.0,"turns":1.0},{"damage":0.0,"enemies":"Jaw Worm","floor":4.0,"turns":1.0},{"damage":0.0,"enemies":"Lagavulin","floor":6.0,"turns":1.0},{"damage":12.0,"enemies":"3 Sentries","floor":8.0,"turns":6.0},{"damage":0.0,"enemies":"Cultist","floor":11.0,"turns":3.0},{"damage":2,"enemies":"Gremlin Gang","floor":12,"turns":5},{"damage":0,"enemies":"Looter","floor":13,"turns":2},{"damage":0,"enemies":"Large Slime","floor":14,"turns":4},{"damage":26,"enemies":"Hexaghost","floor":16,"turns":8},{"damage":0,"enemies":"Spheric Guardian","floor":18,"turns":1},{"damage":5,"enemies":"Chosen","floor":20,"turns":6},{"damage":26,"enemies":"Snake Plant","floor":22,"turns":4},{"damage":26,"enemies":"Snecko","floor":24,"turns":6}],"seed_played":"-3254479206234560706","potions_obtained":[{"floor":4.0,"key":"AttackPotion"},{"floor":6.0,"key":"Weak Potion"},{"floor":8.0,"key":"Weak Potion"},{"floor":13,"key":"CultistPotion"},{"floor":22,"key":"ColorlessPotion"}],"is_trial":false,"path_per_floor":["M","?","T","M","$","E","R","E","T","R","M","M","M","M","R","B",null,"M","$","M","?","M","R","M"],"character_chosen":"THE_SILENT","items_purchased":["Skewer","Quick Slash","Acrobatics"],"campfire_rested":1,"item_purchase_floors":[5,5,19],"current_hp_per_floor":[59,59,59,59,59,59,59,47,47,47,47,45,45,45,45,19,54,54,54,49,31,5,26,0,0],"gold":151,"neow_bonus":"THREE_ENEMY_KILL","is_daily":false,"chose_seed":false,"campfire_upgraded":3,"win_rate":0.0,"timestamp":1613949711,"path_taken":["M","?","?","M","$","E","R","E","T","R","M","M","M","M","R","BOSS","M","$","M","?","M","R","M"],"items_purchased_type":["Card","Card","Card"],"build_version":"2020-12-22","purchased_purges":1,"victory":false,"max_hp_per_floor":[66,66,66,66,66,66,66,66,66,66,66,66,66,66,66,66,66,66,66,66,71,71,71,71,71],"card_choices":[{"not_picked":["Deflect","Calculated Gamble"],"picked":"Slice","floor":1.0},{"not_picked":["Slice","Outmaneuver"],"picked":"Reflex","floor":4.0},{"not_picked":["Dash","Noxious Fumes"],"picked":"Backstab","floor":6.0},{"not_picked":["Skewer","Backflip"],"picked":"Concentrate","floor":8.0},{"not_picked":["Blur","Heel Hook"],"picked":"Slice","floor":11.0},{"not_picked":["Storm of Steel","Blur"],"picked":"Cloak And Dagger","floor":12},{"not_picked":["Quick Slash","Bane","Backflip"],"picked":"SKIP","floor":13},{"not_picked":["Dash","Flechettes"],"picked":"PiercingWail","floor":14},{"not_picked":["Venomology","Glass Knife"],"picked":"Die Die Die","floor":16},{"not_picked":["Bouncing Flask","Reflex"],"picked":"Outmaneuver","floor":18},{"not_picked":["Expertise","Blur","Skewer"],"picked":"SKIP","floor":20},{"not_picked":["Skewer","Outmaneuver","Dagger Spray"],"picked":"SKIP","floor":22}],"player_experience":1182340,"relics_obtained":[{"floor":3.0,"key":"Oddly Smooth Stone"},{"floor":6.0,"key":"Ornamental Fan"},{"floor":8.0,"key":"Nunchaku"},{"floor":9.0,"key":"Dream Catcher"}],"event_choices":[{"damage_healed":0.0,"max_hp_gain":0.0,"max_hp_loss":0.0,"gold_gain":0.0,"event_name":"The Cleric","player_choice":"Leave","floor":2.0,"gold_loss":0.0,"damage_taken":0.0},{"damage_healed":0,"gold_gain":0,"player_choice":"Shed Blood","damage_taken":23,"max_hp_gain":5,"max_hp_loss":0,"event_name":"Forgotten Altar","floor":21,"gold_loss":0}],"is_beta":false,"boss_relics":[{"not_picked":["HoveringKite","Ectoplasm"],"picked":"Cursed Key"}],"items_purged_floors":[19],"is_endless":false,"potions_floor_spawned":[4,6,8,13,22],"killed_by":"Snecko","ascension_level":20}}