{"host":"birdoosa9v9yfc1w","time":1613885861,"event":{"mods":["2.2 Compatiblity","BaseMod","Bestiary","Colored Map","Colored Powertips","Dark Map","Decade(???)","DeckTracker","Highlight Path","Minty Spire (QoL Compilation)","Morshu Shopkeeper","Morshu Shopkeeper - ENHANCED","Relic Filter","SacredBarkPlus","StSLib","Thrall Mod"],"gold_per_floor":[109,109,59,21,96,128,128,153,153,172,507,518,693,747,747,850,850,860,111,130,130,130,158,177,207,231,257,275,309,309,224,224,322,322,339,51,51,51,100,129,129,158,181,209,229,229,229,243,243,243,243,243,88,118,118],"floor_reached":56,"language":"ENG","playtime":2954,"items_purged":["Strike_Thrall","Strike_Thrall"],"score":1528,"play_id":"73d377e8-2086-4eed-8e6f-44f4151473af","local_time":"20210221003741","is_ascension_mode":true,"campfire_choices":[{"floor":7.0,"key":"REST"},{"data":"Airelemental","floor":15.0,"key":"SMITH"},{"data":"Hallazeal","floor":30,"key":"SMITH"},{"data":"Flametonguetotem","floor":32,"key":"SMITH"},{"data":"Rumblingelemental","floor":41,"key":"SMITH"},{"data":"Flametonguetotem","floor":47,"key":"SMITH"},{"floor":49,"key":"RECALL"},{"data":"Airelemental","floor":52,"key":"SMITH"}],"circlet_count":0,"master_deck":["Strike_Thrall","Strike_Thrall","Defend_Thrall","Defend_Thrall","Defend_Thrall","Defend_Thrall","Defend_Thrall","Lightningbolt","Thecoin","Volcano","Airelemental+1","Volcano","Airelemental+1","Drakkaridefender+1","Maelstromportal","Doubt","Hallazeal+1","Maelstromportal","Thinking Ahead+1","Flametonguetotem+1","Blazing+1","Hex+1","Totemicsmash","Thralldeathseer","Thecoin+1","Tunneltrogg","Rumblingelemental+1","Flametonguetotem+1","Flametonguetotem+1","Reincarnate+1","Thralldeathseer","Earthelemental+1","Frostshock+1","Manatidetotem+1","Hex+1","Frostshock"],"relics":["Totem","Boot","Tiny Chest","Mango","Toxic Egg 2","Old Coin","Black Star","Pear","HandDrill","Dead Branch","StoneCalendar","Lizard Tail","Pen Nib","Toy Ornithopter","TheAbacus","PreservedInsect","Potion Belt","Regal Pillow","Akabeko","Sundial","Snecko Eye","DollysMirror","HornCleat","Ginger","Blood Vial","Pantograph","Juzu Bracelet","Incense Burner","MealTicket","Bag of Preparation","Omamori","Lantern","Strawberry","Orichalcum"],"acts_visited":["Exordium","TheCity","TheBeyond","TheEnding"],"potions_floor_usage":[55],"damage_taken":[{"damage":1.0,"enemies":"Jaw Worm","floor":1.0,"turns":3.0},{"damage":33.0,"enemies":"3 Sentries","floor":6.0,"turns":8.0},{"damage":7.0,"enemies":"Gremlin Nob","floor":8.0,"turns":3.0},{"damage":0.0,"enemies":"2 Louse","floor":10.0,"turns":1.0},{"damage":20.0,"enemies":"3 Sentries","floor":11.0,"turns":5.0},{"damage":0.0,"enemies":"Small Slimes","floor":12.0,"turns":3.0},{"damage":24.0,"enemies":"Slime Boss","floor":16.0,"turns":8.0},{"damage":0.0,"enemies":"Spheric Guardian","floor":18.0,"turns":1.0},{"damage":12.0,"enemies":"Shell Parasite","floor":20.0,"turns":2.0},{"damage":68.0,"enemies":"Book of Stabbing","floor":23.0,"turns":5.0},{"damage":15.0,"enemies":"Shelled Parasite and Fungi","floor":24.0,"turns":3.0},{"damage":56.0,"enemies":"Slavers","floor":25.0,"turns":5.0},{"damage":58.0,"enemies":"Book of Stabbing","floor":27.0,"turns":6.0},{"damage":34.0,"enemies":"3 Cultists","floor":28.0,"turns":5.0},{"damage":11,"enemies":"Slavers","floor":29,"turns":2},{"damage":101,"enemies":"Champ","floor":33,"turns":9},{"damage":32,"enemies":"3 Shapes","floor":35,"turns":4},{"damage":33,"enemies":"2 Orb Walkers","floor":39,"turns":3},{"damage":15,"enemies":"Nemesis","floor":40,"turns":3},{"damage":11,"enemies":"Giant Head","floor":42,"turns":5},{"damage":0,"enemies":"Nemesis","floor":44,"turns":3},{"damage":10,"enemies":"Orb Walker","floor":45,"turns":2},{"damage":5,"enemies":"Sphere and 2 Shapes","floor":48,"turns":3},{"damage":37,"enemies":"Donu and Deca","floor":50,"turns":7},{"damage":27,"enemies":"Shield and Spear","floor":54,"turns":5},{"damage":82,"enemies":"The Heart","floor":55,"turns":8}],"seed_played":"7574802091436325531","potions_obtained":[{"floor":6.0,"key":"CultistPotion"},{"floor":8.0,"key":"PowerPotion"},{"floor":12.0,"key":"Keypotion"},{"floor":18.0,"key":"AttackPotion"},{"floor":20.0,"key":"Swift Potion"},{"floor":27.0,"key":"BlessingOfTheForge"},{"floor":45,"key":"Ancient Potion"}],"is_trial":false,"path_per_floor":["M","?","?","$","?","E","R","E","T","M","E","M","?","T","R","B",null,"M","$","M","?","T","E","M","E","T","E","M","E","R","?","R","B",null,"M","$","?","T","?","E","R","E","T","E","M","?","R","M","R","B",null,"R","$","E","B",null],"character_chosen":"THRALL","items_purchased":["Volcano","Pear","HandDrill","Thinking Ahead+1","Flametonguetotem","DollysMirror","Flametonguetotem","Lantern"],"campfire_rested":1,"item_purchase_floors":[4,19,19,19,19,36,36,53],"current_hp_per_floor":[76,69,69,69,58,25,48,55,55,55,41,43,43,43,43,23,91,91,101,89,89,89,101,86,101,101,72,91,80,80,80,80,47,101,101,101,101,101,72,57,57,101,101,101,91,101,101,101,101,101,101,101,101,108,62],"gold":118,"neow_bonus":"TEN_PERCENT_HP_BONUS","is_daily":false,"chose_seed":false,"campfire_upgraded":6,"win_rate":0.0,"timestamp":1613885861,"path_taken":["M","?","?","?","?","E","R","E","T","M","E","M","?","?","R","BOSS","M","$","M","?","?","E","M","E","T","E","?","E","R","?","R","BOSS","M","$","?","?","?","E","R","E","T","E","M","?","R","M","R","BOSS","R","$","E","BOSS"],"items_purchased_type":["Card","Relic","Relic","Card","Card","Relic","Card","Relic"],"build_version":"2020-12-22","purchased_purges":2,"victory":true,"max_hp_per_floor":[77,77,77,77,77,77,77,91,91,91,91,91,91,91,91,91,91,91,101,101,101,101,101,101,101,101,101,101,101,101,101,101,101,101,101,101,101,101,101,101,101,101,101,101,101,101,101,101,101,101,101,101,101,108,108],"card_choices":[{"not_picked":["Rumblingelemental","Totemicsmash"],"picked":"Dustdevil","floor":1.0},{"not_picked":["Lightningstorm","Farsight"],"picked":"Airelemental","floor":6.0},{"not_picked":["Tidalsurge","Dustdevil"],"picked":"Volcano","floor":8.0},{"not_picked":["Healingwave+1","Thecoin+1"],"picked":"Airelemental","floor":10.0},{"not_picked":["Dustdevil","Elementaryreaction+1"],"picked":"Drakkaridefender+1","floor":11.0},{"not_picked":["Jadecheiftain+1","Rockbiter+1"],"picked":"Maelstromportal","floor":12.0},{"not_picked":["Lavaburst","Therunespear"],"picked":"Hallazeal","floor":16.0},{"not_picked":["Thecoin+1","Beakeredlightning"],"picked":"Maelstromportal","floor":18.0},{"not_picked":["Airelemental","Tidalsurge"],"picked":"Blazing+1","floor":20.0},{"not_picked":["Dustdevil+1","Frostshock"],"picked":"Hex+1","floor":23.0},{"not_picked":["Vitalitytotem","Dustdevil+1"],"picked":"Totemicsmash","floor":24.0},{"not_picked":["Elementaryreaction+1","Totemicsmash"],"picked":"Thralldeathseer","floor":25.0},{"not_picked":["Blazing+1","Jadecheiftain+1"],"picked":"Thecoin+1","floor":27.0},{"not_picked":["Rockbiter+1","Volcano","Forkedlightning"],"picked":"SKIP","floor":28.0},{"not_picked":["Beakeredlightning","Elementaryreaction+1","Menacingnimbus+1"],"picked":"SKIP","floor":29},{"not_picked":["Hallazeal","Thestormbringer+1"],"picked":"Tunneltrogg","floor":33},{"not_picked":["Forkedlightning","Totemicsmash+1"],"picked":"Rumblingelemental","floor":35},{"not_picked":["Elementaryreaction+1","Frostshock+1"],"picked":"Reincarnate+1","floor":39},{"not_picked":["Lightningstorm+1","Earthshock"],"picked":"Thralldeathseer","floor":40},{"not_picked":["Vitalitytotem+1","Healingwave+1"],"picked":"Earthelemental+1","floor":42},{"not_picked":["Wartbringer+1","Forkedlightning+1"],"picked":"Frostshock+1","floor":44},{"not_picked":["Thecoin+1","Forkedlightning"],"picked":"Manatidetotem+1","floor":45},{"not_picked":["Lightningbolt","Zap"],"picked":"Hex+1","floor":48},{"not_picked":["Zap","Eternalsentinel+1"],"picked":"Frostshock","floor":54}],"player_experience":623945,"relics_obtained":[{"floor":6.0,"key":"Tiny Chest"},{"floor":8.0,"key":"Mango"},{"floor":9.0,"key":"Toxic Egg 2"},{"floor":11.0,"key":"Old Coin"},{"floor":22.0,"key":"Dead Branch"},{"floor":23.0,"key":"StoneCalendar"},{"floor":23.0,"key":"Lizard Tail"},{"floor":25.0,"key":"Pen Nib"},{"floor":25.0,"key":"Toy Ornithopter"},{"floor":26.0,"key":"TheAbacus"},{"floor":27.0,"key":"PreservedInsect"},{"floor":27.0,"key":"Potion Belt"},{"floor":29,"key":"Regal Pillow"},{"floor":29,"key":"Akabeko"},{"floor":38,"key":"HornCleat"},{"floor":39,"key":"Ginger"},{"floor":40,"key":"Blood Vial"},{"floor":40,"key":"Pantograph"},{"floor":42,"key":"Juzu Bracelet"},{"floor":42,"key":"Incense Burner"},{"floor":43,"key":"MealTicket"},{"floor":44,"key":"Bag of Preparation"},{"floor":44,"key":"Omamori"},{"floor":54,"key":"Strawberry"},{"floor":54,"key":"Orichalcum"}],"event_choices":[{"damage_healed":0.0,"max_hp_gain":0.0,"max_hp_loss":0.0,"gold_gain":0.0,"event_name":"Scrap Ooze","player_choice":"Success","floor":2.0,"gold_loss":0.0,"damage_taken":7.0,"relics_obtained":["Boot"]},{"cards_removed":["Strike_Thrall"],"damage_healed":0.0,"max_hp_gain":0.0,"max_hp_loss":0.0,"gold_gain":0.0,"event_name":"The Cleric","player_choice":"Card Removal","floor":3.0,"gold_loss":50.0,"damage_taken":0.0},{"damage_healed":0.0,"max_hp_gain":0.0,"max_hp_loss":0.0,"gold_gain":75.0,"event_name":"World of Goop","player_choice":"Gather Gold","floor":5.0,"gold_loss":0.0,"damage_taken":11.0},{"damage_healed":0.0,"max_hp_gain":0.0,"max_hp_loss":0.0,"gold_gain":175.0,"event_name":"Liars Game","player_choice":"AGREE","floor":13.0,"gold_loss":0.0,"damage_taken":0.0,"cards_obtained":["Doubt"]},{"damage_healed":0.0,"max_hp_gain":0.0,"max_hp_loss":0.0,"gold_gain":0.0,"event_name":"The Woman in Blue","player_choice":"Bought 0 Potions","floor":21.0,"gold_loss":0.0,"damage_taken":0.0},{"damage_healed":0,"gold_gain":0,"player_choice":"Obtained Relic","damage_taken":0,"relics_obtained":["Sundial"],"max_hp_gain":0,"max_hp_loss":0,"event_name":"Addict","floor":31,"gold_loss":85},{"cards_removed":["Dustdevil"],"damage_healed":0,"gold_gain":0,"player_choice":"Removed Attack","damage_taken":0,"max_hp_gain":0,"max_hp_loss":0,"event_name":"Falling","floor":37,"gold_loss":0},{"damage_healed":0,"gold_gain":0,"player_choice":"Fight","damage_taken":0,"max_hp_gain":0,"max_hp_loss":0,"event_name":"Mysterious Sphere","floor":39,"gold_loss":0},{"damage_healed":25,"gold_gain":0,"player_choice":"Writhe","damage_taken":0,"max_hp_gain":0,"max_hp_loss":0,"event_name":"Winding Halls","floor":46,"gold_loss":0,"cards_obtained":["Writhe"]}],"is_beta":false,"boss_relics":[{"not_picked":["Busted Crown","Cursed Key"],"picked":"Black Star"},{"not_picked":["Tiny House","Empty Cage"],"picked":"Snecko Eye"}],"items_purged_floors":[19,36],"is_endless":false,"potions_floor_spawned":[6,8,12,18,20,25,27,45,48,54],"ascension_level":1}}