{"host":"o3n4et6u1y1w2h5j","time":1613949267,"event":{"mods":["AchievementEnabler","BaseMod","Block Reminder","Minty Spire (QoL Compilation)","Rare Cards Sparkle","Relic Stats","StSLib"],"gold_per_floor":[112,112,131,143,143,143,170,182,182,257,257,285,312,337,337,436,436,450,466,478,171,187,214,214,239,307,307,335,345,345,363,363,462,462,473,473,44,59,76,76,103,103,103],"floor_reached":42,"language":"ENG","playtime":2512,"items_purged":["Strike_P"],"score":612,"play_id":"53d671a8-5fa3-482e-8294-01c270624af6","local_time":"20210221151427","is_ascension_mode":true,"campfire_choices":[{"data":"Ragnarok","floor":6,"key":"SMITH"},{"data":"Tantrum","floor":11,"key":"SMITH"},{"floor":15,"key":"REST"},{"data":"Establishment","floor":24,"key":"SMITH"},{"floor":27,"key":"REST"},{"floor":32,"key":"REST"},{"floor":40,"key":"REST"}],"circlet_count":0,"master_deck":["Strike_P","Defend_P","Defend_P","Defend_P","Defend_P","Eruption","Vigilance","Ragnarok+1","EmptyMind","Pray","Indignation","CarveReality","Tantrum+1","EmptyBody","FollowUp","Establishment+1","ReachHeaven+1","Evaluate+1","BattleHymn","FlyingSleeves+1","DeusExMachina","ThirdEye","Crescendo","DevaForm","WreathOfFlame+1","Ragnarok+1","Apotheosis","Wireheading+1","CrushJoints","Halt+1"],"relics":["PureWater","Mercury Hourglass","Shuriken","Ginger","Bag of Marbles","Omamori","Sozu","Sling","Centennial Puzzle","Pen Nib","Blood Vial","Calling Bell","Nunchaku","Matryoshka","FossilizedHelix","Mummified Hand","Potion Belt"],"acts_visited":["Exordium","TheCity","TheBeyond"],"potions_floor_usage":[7,23,25,25],"damage_taken":[{"damage":3,"enemies":"2 Louse","floor":1,"turns":2},{"damage":1,"enemies":"Cultist","floor":3,"turns":3},{"damage":0,"enemies":"Jaw Worm","floor":4,"turns":3},{"damage":17,"enemies":"Gremlin Nob","floor":7,"turns":3},{"damage":0,"enemies":"Looter","floor":8,"turns":1},{"damage":14,"enemies":"3 Sentries","floor":12,"turns":3},{"damage":0,"enemies":"Gremlin Nob","floor":14,"turns":1},{"damage":16,"enemies":"Hexaghost","floor":16,"turns":4},{"damage":0,"enemies":"Spheric Guardian","floor":18,"turns":2},{"damage":27,"enemies":"2 Thieves","floor":19,"turns":3},{"damage":0,"enemies":"3 Cultists","floor":20,"turns":2},{"damage":18,"enemies":"Snecko","floor":22,"turns":3},{"damage":0,"enemies":"Gremlin Leader","floor":23,"turns":1},{"damage":10,"enemies":"Book of Stabbing","floor":25,"turns":4},{"damage":23,"enemies":"Gremlin Leader","floor":28,"turns":3},{"damage":6,"enemies":"Chosen and Byrds","floor":29,"turns":3},{"damage":2,"enemies":"Shelled Parasite and Fungi","floor":31,"turns":2},{"damage":11,"enemies":"Collector","floor":33,"turns":5},{"damage":27,"enemies":"3 Darklings","floor":35,"turns":4},{"damage":32,"enemies":"3 Shapes","floor":38,"turns":3},{"damage":0,"enemies":"Spire Growth","floor":39,"turns":3},{"damage":22,"enemies":"Reptomancer","floor":41,"turns":3},{"damage":24,"enemies":"4 Shapes","floor":42,"turns":4}],"seed_played":"-5431425600438363873","potions_obtained":[{"floor":1,"key":"Weak Potion"},{"floor":2,"key":"EntropicBrew"},{"floor":2,"key":"DistilledChaos"},{"floor":2,"key":"Dexterity Potion"},{"floor":7,"key":"SpeedPotion"},{"floor":8,"key":"DuplicationPotion"}],"is_trial":false,"path_per_floor":["M","?","M","M","?","R","E","M","T","?","R","E","T","E","R","B",null,"M","M","M","$","M","E","R","E","T","R","E","M","?","M","R","B",null,"M","?","$","M","M","R","E","M"],"character_chosen":"WATCHER","items_purchased":["BattleHymn","Sling","Mummified Hand","Apotheosis"],"campfire_rested":4,"item_purchase_floors":[21,21,37,37],"current_hp_per_floor":[69,69,68,68,61,61,44,44,44,33,33,19,19,19,40,24,72,72,45,45,45,27,27,27,17,17,38,15,11,11,11,32,23,72,45,45,45,15,17,38,18,0,0],"gold":103,"neow_bonus":"ONE_RANDOM_RARE_CARD","is_daily":false,"chose_seed":false,"campfire_upgraded":3,"win_rate":0.0,"timestamp":1613949267,"path_taken":["M","?","M","?","?","R","E","M","T","?","R","E","?","E","R","BOSS","M","M","M","$","M","E","R","E","T","R","E","M","?","M","R","BOSS","M","?","$","?","M","R","E","M"],"items_purchased_type":["Card","Relic","Relic","Card"],"build_version":"2020-12-22","purchased_purges":1,"victory":false,"max_hp_per_floor":[72,72,72,72,72,72,72,72,72,72,72,72,72,72,72,72,72,72,72,72,72,72,72,72,72,72,72,72,72,72,72,72,72,72,72,72,72,72,72,72,72,72,72],"relic_stats":{"Sozu":7,"Blood Vial":14,"Centennial Puzzle":[27],"Nunchaku":[2],"counters":[23,65],"Shuriken":[19],"Mummified Hand":[10],"Pen Nib":[5],"Ginger":[4],"obtain_stats":[{"Potion Belt":41,"Pen Nib":25,"Omamori":14,"Ginger":12,"Sling":21,"Mercury Hourglass":7,"Sozu":17,"Blood Vial":28,"Calling Bell":34,"Centennial Puzzle":23,"Nunchaku":34,"Matryoshka":34,"Shuriken":9,"Mummified Hand":37,"Bag of Marbles":13,"PureWater":0,"FossilizedHelix":34},{"Potion Belt":22,"Pen Nib":14,"Omamori":7,"Ginger":6,"Sling":11,"Mercury Hourglass":4,"Sozu":8,"Blood Vial":15,"Calling Bell":18,"Centennial Puzzle":13,"Nunchaku":18,"Matryoshka":18,"Shuriken":5,"Mummified Hand":19,"Bag of Marbles":6,"PureWater":0,"FossilizedHelix":18},{"Potion Belt":61,"Pen Nib":35,"Omamori":16,"Ginger":15,"Sling":27,"Mercury Hourglass":11,"Sozu":20,"Blood Vial":38,"Calling Bell":48,"Centennial Puzzle":31,"Nunchaku":48,"Matryoshka":48,"Shuriken":12,"Mummified Hand":52,"Bag of Marbles":15,"PureWater":0,"FossilizedHelix":48}],"Mercury Hourglass":[273]},"card_choices":[{"not_picked":["Fasting2","ClearTheMind"],"picked":"EmptyMind","floor":1},{"not_picked":["Halt","Consecrate"],"picked":"Pray","floor":3},{"not_picked":["FollowUp","Crescendo"],"picked":"Indignation","floor":4},{"not_picked":["PathToVictory","Halt"],"picked":"CarveReality","floor":7},{"not_picked":["Conclude","Crescendo"],"picked":"Tantrum","floor":8},{"not_picked":["Fasting2","Weave"],"picked":"EmptyBody","floor":12},{"not_picked":["PathToVictory","Consecrate"],"picked":"FollowUp","floor":14},{"not_picked":["DeusExMachina","DevaForm"],"picked":"Establishment","floor":16},{"not_picked":["Vengeance+1","BowlingBash"],"picked":"ReachHeaven+1","floor":18},{"not_picked":["Evaluate","Prostrate+1","Tantrum"],"picked":"SKIP","floor":19},{"not_picked":["Halt","Fasting2"],"picked":"Evaluate+1","floor":20},{"not_picked":["SashWhip","EmptyFist"],"picked":"FlyingSleeves+1","floor":22},{"not_picked":["Perseverance","JustLucky+1"],"picked":"DeusExMachina","floor":23},{"not_picked":["EmptyMind+1","EmptyFist"],"picked":"ThirdEye","floor":25},{"not_picked":["SashWhip","CarveReality+1"],"picked":"Crescendo","floor":28},{"not_picked":["Prostrate","Evaluate","Nirvana"],"picked":"SKIP","floor":29},{"not_picked":["Blasphemy","Crescendo","EmptyFist+1"],"picked":"SKIP","floor":31},{"not_picked":["Alpha","Scrawl"],"picked":"DevaForm","floor":33},{"not_picked":["Conclude+1","CutThroughFate"],"picked":"WreathOfFlame+1","floor":35},{"not_picked":["Pray+1","CutThroughFate+1"],"picked":"Wireheading+1","floor":38},{"not_picked":["Halt","WindmillStrike"],"picked":"CrushJoints","floor":39},{"not_picked":["JustLucky","ClearTheMind+1"],"picked":"Halt+1","floor":41}],"player_experience":98277,"relics_obtained":[{"floor":7,"key":"Mercury Hourglass"},{"floor":9,"key":"Shuriken"},{"floor":12,"key":"Ginger"},{"floor":13,"key":"Bag of Marbles"},{"floor":14,"key":"Omamori"},{"floor":23,"key":"Centennial Puzzle"},{"floor":25,"key":"Pen Nib"},{"floor":28,"key":"Blood Vial"},{"floor":34,"key":"Nunchaku"},{"floor":34,"key":"Matryoshka"},{"floor":34,"key":"FossilizedHelix"},{"floor":41,"key":"Potion Belt"}],"event_choices":[{"damage_healed":0,"gold_gain":0,"player_choice":"Got Potions","damage_taken":0,"max_hp_gain":0,"max_hp_loss":0,"event_name":"Lab","floor":2,"gold_loss":0},{"cards_removed":["Strike_P"],"damage_healed":0,"gold_gain":0,"player_choice":"Card Removal","damage_taken":7,"max_hp_gain":0,"max_hp_loss":0,"event_name":"Golden Wing","floor":5,"gold_loss":0},{"damage_healed":0,"gold_gain":75,"player_choice":"Gather Gold","damage_taken":11,"max_hp_gain":0,"max_hp_loss":0,"event_name":"World of Goop","floor":10,"gold_loss":0},{"cards_removed":["Strike_P"],"damage_healed":0,"gold_gain":0,"player_choice":"Elegance","damage_taken":0,"max_hp_gain":0,"max_hp_loss":0,"event_name":"Back to Basics","floor":30,"gold_loss":0},{"damage_healed":0,"gold_gain":0,"player_choice":"Copied","damage_taken":0,"max_hp_gain":0,"max_hp_loss":0,"event_name":"Duplicator","floor":36,"gold_loss":0,"cards_obtained":["Ragnarok"]}],"is_beta":false,"boss_relics":[{"not_picked":["Empty Cage","Tiny House"],"picked":"Sozu"},{"not_picked":["Fusion Hammer","VioletLotus"],"picked":"Calling Bell"}],"items_purged_floors":[21],"is_endless":false,"potions_floor_spawned":[1,7,8,16,18,23,31,39,41],"killed_by":"4 Shapes","ascension_level":2}}