{"host":"cgwysqtmt736mr58","time":1613896903,"event":{"mods":["2.2 Compatiblity","Aspiration","BaseMod","Beaked The Cultist","BetterRewards","Colored Map","Colored Powertips","Downfall","Duelist Mod","GifTheSpireLib","Googly Eyes","Halation","Hermit","Hubris","Infinite Spire","Lobotomy","LobotomyExtend","Minty Spire (QoL Compilation)","Relic Stats","Replay The Spire","Shade Mod","Shop Mod","StSLib","The Construct","The Cursed","The Disciple","The Exalted","The Necromancer","The Runesmith","Waifu the Spire","Yuri Mod"],"gold_per_floor":[99,119,119,119,132,143,166,176,5,37,37,37,56,73,83,180,180,152,166,166,184,184,218,268,318,370,426,465,46,46,7,43,174,174,174,204,204,23,323,358,358,358,401,442,342,373,373,421,444,472,472],"floor_reached":52,"language":"ENG","playtime":2255,"items_purged":["hubris:Envy"],"score":1374,"play_id":"fd2710f7-0524-4f92-b2e0-61f62f9211cb","local_time":"20210221194142","is_ascension_mode":true,"campfire_choices":[{"floor":1,"key":"RECALL"},{"floor":11,"key":"REST"},{"data":"bronze:ItsAFeature","floor":30,"key":"SMITH"},{"data":"bronze:HyperBeam","floor":35,"key":"SMITH"},{"floor":45,"key":"REST"}],"circlet_count":0,"master_deck":["AscendersBane","bronze:Strike","bronze:Strike+1","bronze:Strike","bronze:Strike","bronze:Defend","bronze:Defend","bronze:Defend","bronze:Defend","bronze:Replicate","bronze:DelayedSlice+1","bronze:Separator","bronze:DelayedSlice","bronze:OilSpill","bronze:Boost","bronze:DarkDash","bronze:WhirlingStrike","bronze:RecursiveStrike","bronze:BronzeOrb","bronze:ChosenStrike+1","bronze:OilSpill","bronze:CutThrough","bronze:Repulsor+1","bronze:Flail+1","bronze:ItsAFeature+1","bronze:BuggyMess","Delirium","theDuelist:GravekeeperCurse","Amnesia","bronze:WildBeam+1","expansioncontent:StudyTheSpire","bronze:DigitalCarnage","downfall:Aged","bronze:HyperBeam+1","bronze:MaxOutput","Amnesia","SwitchThreat","Hallucinations","bronze:ThunderWave","bronze:Branch","Parasite","bronze:MaxOutput+1","ReplayTheSpireMod:Restless Dread"],"relics":["bronze:BronzeCore","halation:LettersToHer","LetterFromLob","Nunchaku","Membership Card","bronze:ProtectiveGoggles","hubris:RunicObelisk","downfall:HeartBlessingRed","Ring of Misfortune","ReplayTheSpireMod:Ring of Collecting","White Beast Statue","Ring of Greed","MealTicket","Replay:Bandana","Bottled Lightning","Bromod:ArcaneDeflection","Lee\u0027s Waffle","aspiration:EmptySkull","construct:RocketBooster","Lizard Tail","aspiration:Nostalgia","yuri:yuriKnife","infinitespire:Beetle Shell","halation:PinkAlligatorPlush","hubris:FunFungus","bronze:SilverBullet","downfall:HeartBlessingGreen"],"acts_visited":["Exordium","TheCity","TheBeyond"],"potions_floor_usage":[16,23,27,27,43,49],"damage_taken":[{"damage":0,"enemies":"Small Slimes","floor":2,"turns":4},{"damage":0,"enemies":"Cultist","floor":5,"turns":3},{"damage":4,"enemies":"Jaw Worm","floor":6,"turns":2},{"damage":10,"enemies":"Red Slaver","floor":8,"turns":4},{"damage":2,"enemies":"downfall:FleeingMerchant","floor":9,"turns":4},{"damage":0,"enemies":"Gremlin Nob","floor":10,"turns":2},{"damage":8,"enemies":"Large Slime","floor":13,"turns":4},{"damage":0,"enemies":"Exordium Wildlife","floor":14,"turns":2},{"damage":3,"enemies":"Blue Slaver","floor":15,"turns":2},{"damage":63,"enemies":"DF_ARCHETYPE_STREAMLINE","floor":16,"turns":9},{"damage":0,"enemies":"3 Byrds","floor":19,"turns":4},{"damage":0,"enemies":"Spheric Guardian","floor":21,"turns":1},{"damage":17,"enemies":"Book of Stabbing","floor":23,"turns":4},{"damage":0,"enemies":"Centurion and Healer","floor":25,"turns":3},{"damage":4,"enemies":"3 Cultists","floor":26,"turns":3},{"damage":21,"enemies":"Replay:Snechameleon","floor":27,"turns":4},{"damage":9,"enemies":"Sentry and Sphere","floor":28,"turns":4},{"damage":8,"enemies":"downfall:FleeingMerchant","floor":29,"turns":4},{"damage":4,"enemies":"downfall:FleeingMerchant","floor":31,"turns":3},{"damage":0,"enemies":"Shelled Parasite and Fungi","floor":32,"turns":3},{"damage":11,"enemies":"SI_MIRROR_ARCHETYPE","floor":33,"turns":7},{"damage":4,"enemies":"3 Shapes","floor":36,"turns":5},{"damage":19,"enemies":"3 Darklings","floor":40,"turns":4},{"damage":4,"enemies":"Spire Growth","floor":43,"turns":3},{"damage":6,"enemies":"4 Shapes","floor":44,"turns":3},{"damage":16,"enemies":"Sphere and 2 Shapes","floor":46,"turns":5},{"damage":4,"enemies":"Jaw Worm Horde","floor":48,"turns":2},{"damage":19,"enemies":"Writhing Mass","floor":49,"turns":6},{"damage":4,"enemies":"IC_BLOCK_ARCHETYPE","floor":50,"turns":8}],"seed_played":"-7023678244498240670","potions_obtained":[{"floor":2,"key":"Adrenaline Potion"},{"floor":4,"key":"FairyPotion"},{"floor":15,"key":"Explosive Potion"},{"floor":16,"key":"sneckomod:MuddlingPotion"},{"floor":21,"key":"Adrenaline Potion"},{"floor":25,"key":"SpeedPotion"},{"floor":27,"key":"FairyPotion"},{"floor":28,"key":"Venom Potion"},{"floor":29,"key":"Energy Potion"},{"floor":43,"key":"Fire Potion"},{"floor":49,"key":"Elixir"}],"is_trial":false,"path_per_floor":["R","M","?","?","M","M","T","M","$","E","R","?","M","M","M","B",null,"R_BF","M","?","M","?","E","T","M","M","E","M","$","R","$","M","B",null,"R","M","?","$","?","M","T","?","M","M","R","M","?","M","M","B",null,null],"character_chosen":"THE_AUTOMATON","items_purchased":["Membership Card","Lee\u0027s Waffle","aspiration:EmptySkull","bronze:ItsAFeature","infinitespire:BlackPotion","construct:RocketBooster","bronze:BuggyMess","Lizard Tail","expansioncontent:StudyTheSpire","aspiration:Nostalgia","infinitespire:Beetle Shell","hubris:FunFungus"],"campfire_rested":2,"item_purchase_floors":[9,29,29,29,29,29,29,31,31,31,31,38],"current_hp_per_floor":[63,63,63,63,63,59,59,49,47,47,68,68,60,60,57,21,58,58,58,58,58,58,41,41,41,37,16,7,77,77,73,73,62,73,73,69,69,77,77,60,60,60,56,53,76,63,63,59,50,51,51],"gold":472,"neow_bonus":"RANDOM_COMMON_RELIC","is_daily":false,"chose_seed":false,"campfire_upgraded":2,"win_rate":0.0,"timestamp":1613896902,"path_taken":["R","M","?","?","M","M","T","?","$","E","R","?","M","?","M","BOSS","R_BF","M","?","M","?","E","T","M","M","E","M","?","R","$","M","BOSS","R","M","?","$","?","?","T","?","M","M","R","M","?","M","M","BOSS"],"items_purchased_type":["Relic","Relic","Relic","Card","Potion","Relic","Card","Relic","Card","Relic","Relic","Relic"],"build_version":"2020-12-22","purchased_purges":1,"victory":true,"max_hp_per_floor":[70,70,70,70,70,70,70,70,70,70,70,70,70,70,70,70,70,70,70,70,70,70,70,70,70,70,70,70,77,77,77,77,77,77,77,77,77,77,77,77,77,77,77,77,77,77,77,77,77,77,77],"relic_stats":{"Nunchaku":[27],"Lee\u0027s Waffle":63,"Lizard Tail":0,"counters":[29,112],"MealTicket":23,"obtain_stats":[{"bronze:BronzeCore":0,"downfall:HeartBlessingGreen":45,"hubris:RunicObelisk":17,"Nunchaku":7,"Replay:Bandana":24,"Lizard Tail":31,"MealTicket":24,"hubris:FunFungus":38,"halation:PinkAlligatorPlush":34,"halation:LettersToHer":0,"Lee\u0027s Waffle":29,"construct:RocketBooster":29,"downfall:HeartBlessingRed":18,"aspiration:Nostalgia":31,"yuri:yuriKnife":31,"infinitespire:Beetle Shell":31,"Ring of Greed":24,"White Beast Statue":23,"aspiration:EmptySkull":29,"bronze:ProtectiveGoggles":10,"Ring of Misfortune":20,"ReplayTheSpireMod:Ring of Collecting":20,"Bromod:ArcaneDeflection":27,"LetterFromLob":2,"Membership Card":9,"Bottled Lightning":24,"bronze:SilverBullet":41},{"bronze:BronzeCore":0,"downfall:HeartBlessingGreen":25,"hubris:RunicObelisk":10,"Nunchaku":3,"Replay:Bandana":13,"Lizard Tail":19,"MealTicket":13,"hubris:FunFungus":22,"halation:PinkAlligatorPlush":21,"halation:LettersToHer":0,"Lee\u0027s Waffle":18,"construct:RocketBooster":18,"downfall:HeartBlessingRed":10,"aspiration:Nostalgia":19,"yuri:yuriKnife":19,"infinitespire:Beetle Shell":19,"Ring of Greed":13,"White Beast Statue":13,"aspiration:EmptySkull":18,"bronze:ProtectiveGoggles":6,"Ring of Misfortune":11,"ReplayTheSpireMod:Ring of Collecting":11,"Bromod:ArcaneDeflection":16,"LetterFromLob":1,"Membership Card":5,"Bottled Lightning":13,"bronze:SilverBullet":23},{"bronze:BronzeCore":0,"downfall:HeartBlessingGreen":91,"hubris:RunicObelisk":36,"Nunchaku":9,"Replay:Bandana":45,"Lizard Tail":66,"MealTicket":45,"hubris:FunFungus":81,"halation:PinkAlligatorPlush":76,"halation:LettersToHer":0,"Lee\u0027s Waffle":63,"construct:RocketBooster":63,"downfall:HeartBlessingRed":36,"aspiration:Nostalgia":66,"yuri:yuriKnife":66,"infinitespire:Beetle Shell":66,"Ring of Greed":45,"White Beast Statue":45,"aspiration:EmptySkull":63,"bronze:ProtectiveGoggles":19,"Ring of Misfortune":40,"ReplayTheSpireMod:Ring of Collecting":40,"Bromod:ArcaneDeflection":55,"LetterFromLob":4,"Membership Card":17,"Bottled Lightning":45,"bronze:SilverBullet":85}]},"card_choices":[{"not_picked":["bronze:Terminator","bronze:Branch"],"picked":"bronze:DelayedSlice","floor":2},{"not_picked":["bronze:BugBarrage","bronze:Invalidate"],"picked":"bronze:Separator","floor":5},{"not_picked":["bronze:ShipIt","bronze:Branch"],"picked":"bronze:DelayedSlice","floor":6},{"not_picked":["bronze:ChildClass","bronze:Turbo"],"picked":"bronze:OilSpill","floor":8},{"not_picked":["bronze:Frontload","bronze:DelayedGuard","bronze:Constructor"],"picked":"SKIP","floor":9},{"not_picked":["bronze:FollowUp","bronze:BitShift"],"picked":"bronze:Boost","floor":10},{"not_picked":["bronze:Turbo","bronze:Frontload","bronze:Shield"],"picked":"SKIP","floor":13},{"not_picked":["bronze:CloningBeam","bronze:BuggyMess","bronze:Constructor"],"picked":"SKIP","floor":14},{"not_picked":["bronze:DelayedSlice","bronze:MaxOutput"],"picked":"bronze:WhirlingStrike","floor":15},{"not_picked":["bronze:Virus","bronze:ThunderWave"],"picked":"bronze:RecursiveStrike","floor":16},{"not_picked":["bronze:Deprecate+1","bronze:BitShift"],"picked":"bronze:BronzeOrb","floor":19},{"not_picked":["bronze:DelayedGuard+1","bronze:Invalidate+1"],"picked":"bronze:ChosenStrike+1","floor":21},{"not_picked":["bronze:BronzeArmor","bronze:Constructor","bronze:ShipIt"],"picked":"SKIP","floor":23},{"not_picked":["bronze:Shield","bronze:BitShift+1","bronze:Allocate"],"picked":"SKIP","floor":25},{"not_picked":["bronze:Deprecate","bronze:DarkDash+1"],"picked":"bronze:CutThrough","floor":26},{"not_picked":["bronze:ForceShield","bronze:DelayedSlice"],"picked":"bronze:Repulsor+1","floor":27},{"not_picked":["bronze:Overheat+1","bronze:BugBarrage","bronze:BronzeArmor"],"picked":"SKIP","floor":28},{"not_picked":["bronze:Optimize","bronze:Return"],"picked":"bronze:Flail+1","floor":29},{"not_picked":["bronze:BitShift","bronze:CleanCode"],"picked":"bronze:WildBeam+1","floor":31},{"not_picked":["bronze:DelayedGuard","bronze:Turbo"],"picked":"bronze:DigitalCarnage","floor":32},{"not_picked":["bronze:RecursiveStrike","bronze:TinkerersToolbox"],"picked":"bronze:HyperBeam","floor":33},{"not_picked":["bronze:Overheat+1","bronze:Invalidate"],"picked":"bronze:MaxOutput","floor":36},{"not_picked":["bronze:ChosenStrike","bronze:Terminator","bronze:Overheat+1"],"picked":"SKIP","floor":40},{"not_picked":["bronze:Invalidate+1","bronze:BuggyMess","bronze:ForLoop+1"],"picked":"SKIP","floor":43},{"not_picked":["bronze:Invalidate+1","bronze:BuggyMess","bronze:ForLoop+1"],"picked":"SKIP","floor":43},{"not_picked":["bronze:CutThrough+1","bronze:DelayedGuard"],"picked":"bronze:ThunderWave","floor":44},{"not_picked":["bronze:WildBeam","bronze:WhirlingStrike"],"picked":"bronze:Branch","floor":46},{"not_picked":["bronze:Refactor","bronze:Safeguard","bronze:Invalidate"],"picked":"SKIP","floor":48},{"not_picked":["bronze:Branch+1","bronze:ItsAFeature+1"],"picked":"bronze:MaxOutput+1","floor":49}],"player_experience":1112536,"relics_obtained":[{"floor":2,"key":"LetterFromLob"},{"floor":7,"key":"halation:LettersToHer"},{"floor":7,"key":"Nunchaku"},{"floor":10,"key":"bronze:ProtectiveGoggles"},{"floor":20,"key":"Ring of Misfortune"},{"floor":20,"key":"ReplayTheSpireMod:Ring of Collecting"},{"floor":23,"key":"White Beast Statue"},{"floor":24,"key":"halation:LettersToHer"},{"floor":24,"key":"Ring of Greed"},{"floor":24,"key":"MealTicket"},{"floor":24,"key":"Replay:Bandana"},{"floor":24,"key":"Bottled Lightning"},{"floor":27,"key":"Bromod:ArcaneDeflection"},{"floor":41,"key":"halation:LettersToHer"},{"floor":41,"key":"bronze:SilverBullet"}],"event_choices":[{"damage_healed":0,"gold_gain":0,"player_choice":"Got Potions","damage_taken":0,"max_hp_gain":0,"max_hp_loss":0,"event_name":"Lab","floor":4,"gold_loss":0},{"damage_healed":0,"gold_gain":300,"player_choice":"Gold","damage_taken":0,"max_hp_gain":0,"max_hp_loss":0,"event_name":"Wheel of Change","floor":39,"gold_loss":0},{"damage_healed":0,"gold_gain":0,"player_choice":"Ignored","damage_taken":0,"max_hp_gain":0,"max_hp_loss":0,"event_name":"Mysterious Sphere","floor":47,"gold_loss":0}],"is_beta":false,"boss_relics":[{"not_picked":["Replay:Drink Me","halation:Yufonium"],"picked":"hubris:RunicObelisk"},{"not_picked":["Honey Jar","aspiration:MobileForge"],"picked":"halation:PinkAlligatorPlush"}],"items_purged_floors":[38],"is_endless":false,"potions_floor_spawned":[2,8,13,15,16,21,25,26,27,28,29,31,32,33,36,40,43,44,46,48,49],"ascension_level":11}}