{"host":"vxy6xn7iqo09pby3","time":1613934472,"event":{"mods":["2.2 Compatiblity","AchievementEnabler","Act Like it!","Aspiration","BaseMod","Beaked The Cultist","Better Note","BetterRewards","Block Reminder","Challenge The Spire","Colored Map","Colored Powertips","Conspire","Downfall","Gremlin Mod","Halation","Hallownest","Hermit","Highlight Path","Hubris","Infinite Spire","Jorbs\u0027s Wanderer Trilogy","Mimic Mod","Minty Spire (QoL Compilation)","Permanent Neow","Quick Restart","Random Character Button","Relic Sorter","Relic Stats","Replay The Spire","Shop Mod","Spicy Shops","StSLib","The Animator","The Construct","The Cursed","The Disciple","The Jungle","The Mystic","The Necromancer","The Runesmith","Trackpad","everything is the same but u backflip on backflip"],"gold_per_floor":[215,5,5,54,74,74,100,120,147,147,165,178,178,196,196,293,293,303,83,101,1,14,41,41,68,68,68,68,68,86,86,86,183,183,202,217,217,217,217,217,229,264,264,280,297,297,297,316,316,334,334,334],"floor_reached":53,"language":"ENG","playtime":2030,"items_purged":["Creative AI","Strike_B","Strike_B"],"score":813,"play_id":"284da4e9-1c59-4ba9-9732-8b08fd3eeb71","local_time":"20210221130752","is_ascension_mode":true,"campfire_choices":[{"data":"ReplayTheSpireMod:Fabricate Wheel","floor":6,"key":"SMITH"},{"data":"Electrodynamics","floor":13,"key":"SMITH"},{"data":"Zap","floor":15,"key":"SMITH"},{"data":"hubris:SpecializedCircuitry","floor":24,"key":"SMITH"},{"data":"Tempest","floor":27,"key":"SMITH"},{"data":"infinitespire:Fortify","floor":32,"key":"SMITH"},{"data":"White Noise","floor":40,"key":"SMITH"},{"data":"Time Bomb","floor":51,"key":"SMITH"}],"circlet_count":0,"master_deck":["Strike_B+1","Defend_B+1","Defend_B+1","Defend_B+1","Defend_B+1","Zap+1","Dualcast","Hologram+1","Ball Lightning+1","Self Repair+1","BasicCrystalCard+1","Reinforced Body+1","Electrodynamics+1","Tempest+1","hubris:SpecializedCircuitry+1","Tempest+1","Defragment+1","Redo+1","infinitespire:Fortify+1","Panic Button+1","Panic Button+1","Ball Lightning+1","Defragment+1","White Noise+1","BasicCrystalCard+1","Mirror Shield","ReplayTheSpireMod:Dual Polarity","hubris:Fate+1","hubris:Rewind+1","Time Bomb+1"],"relics":["Cracked Core","halation:HeavySnake","Prayer Wheel","Prayer Wheel","hubris:Towel","trackpad:SappingStone","Replay:Wax Seal","Replay:Ringing Soul","hubris:BallOfYels","ClockworkSouvenir","hubris:PeanutButter","Mango","MealTicket","conspire:DeflatedDodgeball","trackpad:NeutrinoGenerator","infinitespire:Beetle Shell","trackpad:DisasterInABottle"],"acts_visited":["Exordium","TheCity","TheBeyond"],"potions_floor_usage":[16,16,16,25,42,52,52],"damage_taken":[{"damage":7,"enemies":"Jaw Worm","floor":1,"turns":4},{"damage":4,"enemies":"2 Louse","floor":5,"turns":3},{"damage":46,"enemies":"Gremlin Nob","floor":7,"turns":6},{"damage":10,"enemies":"Cultist","floor":8,"turns":4},{"damage":1,"enemies":"2 Fungi Beasts","floor":11,"turns":4},{"damage":0,"enemies":"Blue Slaver","floor":12,"turns":2},{"damage":7,"enemies":"Looter","floor":14,"turns":2},{"damage":26,"enemies":"The Guardian","floor":16,"turns":8},{"damage":20,"enemies":"Spheric Guardian","floor":18,"turns":4},{"damage":8,"enemies":"conspire:FuzzyDice","floor":20,"turns":2},{"damage":25,"enemies":"Snake Plant","floor":22,"turns":3},{"damage":10,"enemies":"conspire:Head Lice","floor":23,"turns":5},{"damage":12,"enemies":"Slavers","floor":25,"turns":3},{"damage":7,"enemies":"Snecko","floor":30,"turns":4},{"damage":62,"enemies":"Automaton","floor":33,"turns":9},{"damage":0,"enemies":"Orb Walker","floor":35,"turns":3},{"damage":4,"enemies":"3 Darklings","floor":36,"turns":3},{"damage":0,"enemies":"Jaw Worm Horde","floor":41,"turns":2},{"damage":31,"enemies":"Giant Head","floor":42,"turns":7},{"damage":0,"enemies":"Transient","floor":44,"turns":5},{"damage":0,"enemies":"Sphere and 2 Shapes","floor":45,"turns":2},{"damage":0,"enemies":"Jaw Worm Horde","floor":48,"turns":1},{"damage":0,"enemies":"Transient","floor":50,"turns":5},{"damage":60,"enemies":"conspire:OrnateMirror","floor":52,"turns":5}],"seed_played":"-4234693806543690574","potions_obtained":[{"floor":7,"key":"Block Potion"},{"floor":11,"key":"FocusPotion"},{"floor":12,"key":"Adrenaline Potion"},{"floor":14,"key":"Adrenaline Potion"},{"floor":23,"key":"Languid Potion"},{"floor":25,"key":"Toxic Potion"},{"floor":35,"key":"Elixir"},{"floor":36,"key":"LiquidMemories"},{"floor":41,"key":"Guardian:BlockOnCardUsePotion"},{"floor":48,"key":"bronze:BurnAndBuffPotion"}],"is_trial":false,"path_per_floor":["M","$","?","T","M","R","E","M","T","?","M","M","R","M","R","B",null,"M","$","M","$","M","E","R","E","T","R","AVR","?","M","?","R","B",null,"M","M","?","?","$","R","M","E","T","M","M","PTL","PTL","M","AVR","M","R","B",null],"character_chosen":"DEFECT","items_purchased":["trackpad:SappingStone","ReplayTheSpireMod:Fabricate Wheel","ClockworkSouvenir"],"campfire_rested":0,"item_purchase_floors":[2,2,19],"current_hp_per_floor":[68,68,68,68,64,64,21,14,14,14,23,33,33,29,29,13,93,83,83,78,78,56,53,53,55,55,55,58,58,64,64,64,12,122,125,124,124,127,131,131,134,116,116,116,129,129,129,129,132,135,135,75],"gold":334,"neow_bonus":"HUNDRED_GOLD","is_daily":false,"chose_seed":false,"campfire_upgraded":8,"win_rate":0.0,"timestamp":1613934472,"path_taken":["M","$","?","?","M","R","E","M","T","?","M","M","R","?","R","BOSS","M","$","M","$","?","E","R","E","T","R","AVR","?","M","?","R","BOSS","M","M","?","?","$","R","M","E","T","M","?","PTL","PTL","M","AVR","M","R","BOSS"],"items_purchased_type":["Relic","Card","Relic"],"build_version":"2020-12-22","purchased_purges":3,"victory":true,"max_hp_per_floor":[75,75,75,75,75,75,78,81,81,81,84,87,87,90,90,93,93,96,96,99,99,102,102,102,116,116,116,119,119,122,122,122,122,122,125,128,128,131,131,131,134,137,137,137,140,140,140,140,143,146,146,146],"relic_stats":{"counters":[24,96],"Prayer Wheel":30,"MealTicket":4,"obtain_stats":[{"trackpad:NeutrinoGenerator":34,"hubris:BallOfYels":9,"trackpad:SappingStone":2,"Mango":25,"infinitespire:Beetle Shell":42,"hubris:Towel":3,"trackpad:DisasterInABottle":43,"halation:HeavySnake":17,"ClockworkSouvenir":19,"Replay:Ringing Soul":7,"Prayer Wheel":7,"hubris:PeanutButter":23,"MealTicket":26,"Replay:Wax Seal":4,"conspire:DeflatedDodgeball":29,"Cracked Core":0},{"trackpad:NeutrinoGenerator":15,"hubris:BallOfYels":4,"trackpad:SappingStone":1,"Mango":13,"infinitespire:Beetle Shell":19,"hubris:Towel":1,"trackpad:DisasterInABottle":19,"halation:HeavySnake":8,"ClockworkSouvenir":9,"Replay:Ringing Soul":3,"Prayer Wheel":3,"hubris:PeanutButter":12,"MealTicket":13,"Replay:Wax Seal":1,"conspire:DeflatedDodgeball":13,"Cracked Core":0},{"trackpad:NeutrinoGenerator":63,"hubris:BallOfYels":17,"trackpad:SappingStone":4,"Mango":50,"infinitespire:Beetle Shell":78,"hubris:Towel":4,"trackpad:DisasterInABottle":78,"halation:HeavySnake":33,"ClockworkSouvenir":37,"Replay:Ringing Soul":13,"Prayer Wheel":8,"hubris:PeanutButter":47,"MealTicket":50,"Replay:Wax Seal":4,"conspire:DeflatedDodgeball":50,"Cracked Core":0}]},"card_choices":[{"not_picked":["BasicCrystalCard","Coolheaded"],"picked":"Hologram","floor":1},{"not_picked":["Turbo","Redo"],"picked":"Ball Lightning","floor":5},{"not_picked":["Crystallizer","Capacitor"],"picked":"ReplayTheSpireMod:Fabricate Wheel","floor":7},{"not_picked":["BasicCrystalCard","Coolheaded"],"picked":"Self Repair","floor":8},{"not_picked":["Leap","Sweeping Beam"],"picked":"BasicCrystalCard","floor":8},{"not_picked":["Reinforced Body","Hologram","Rebound"],"picked":"SKIP","floor":8},{"not_picked":["Reinforced Body","Hologram","Rebound"],"picked":"SKIP","floor":8},{"not_picked":["Hologram","Rebound"],"picked":"Reinforced Body","floor":8},{"not_picked":["Stack","ReplaySolidLightProjector"],"picked":"Electrodynamics","floor":11},{"not_picked":["Redo","ReplaySolidLightProjector","Cold Snap"],"picked":"SKIP","floor":11},{"not_picked":["Leap","Compile Driver","ReplaySolidLightProjector"],"picked":"SKIP","floor":11},{"not_picked":["Sunder","Self Repair"],"picked":"Crystallizer","floor":12},{"not_picked":["Conserve Battery","Compile Driver","Streamline"],"picked":"SKIP","floor":12},{"not_picked":["Steam","Cold Snap","Undo"],"picked":"SKIP","floor":12},{"not_picked":["Genetic Algorithm","Compile Driver"],"picked":"Tempest","floor":14},{"not_picked":["BasicCrystalCard","Crystallizer","Blizzard"],"picked":"SKIP","floor":14},{"not_picked":["Redo","Echo Form","Stack"],"picked":"SKIP","floor":14},{"not_picked":["hubris:Prefetch","All For One"],"picked":"hubris:SpecializedCircuitry","floor":16},{"not_picked":["Coolheaded+1","Go for the Eyes"],"picked":"Tempest+1","floor":18},{"not_picked":["Stack","Hyperbeam","Streamline"],"picked":"SKIP","floor":18},{"not_picked":["Stack","Static Discharge","Turbo"],"picked":"SKIP","floor":18},{"not_picked":["Chill","Reinforced Body+1"],"picked":"Defragment+1","floor":20},{"not_picked":["Gash+1","ReplayGash+1","Turbo"],"picked":"SKIP","floor":20},{"not_picked":["Go for the Eyes","Cold Snap+1","aspiration:Polymerization"],"picked":"SKIP","floor":20},{"not_picked":["ReplayTheSpireMod:GoodbyeWorld","Compile Driver"],"picked":"Redo+1","floor":22},{"not_picked":["Streamline+1","Go for the Eyes","Conserve Battery"],"picked":"SKIP","floor":22},{"not_picked":["Go for the Eyes","BasicCrystalCard","ReplaySolidLightProjector+1"],"picked":"SKIP","floor":22},{"not_picked":["Blizzard","Streamline","Stack"],"picked":"SKIP","floor":23},{"not_picked":["Chaos","Rebound","All For One"],"picked":"SKIP","floor":25},{"not_picked":["Redo","Coolheaded+1"],"picked":"Panic Button","floor":30},{"not_picked":["Scrape","ReplaySort+1"],"picked":"Panic Button","floor":30},{"not_picked":["Beam Cell","Force Field","ReplayGash"],"picked":"SKIP","floor":30},{"not_picked":["Fusion","Hyperbeam"],"picked":"Ball Lightning+1","floor":35},{"not_picked":["Hologram+1","ReplayTheSpireMod:Calculation Training","Conserve Battery"],"picked":"SKIP","floor":35},{"not_picked":["Reinforced Body","Streamline+1","BasicCrystalCard"],"picked":"SKIP","floor":35},{"not_picked":["Streamline+1","Core Surge"],"picked":"Defragment+1","floor":36},{"not_picked":["Compile Driver+1","Reprogram","White Noise+1"],"picked":"SKIP","floor":36},{"not_picked":["Reinforced Body","Coolheaded","Panic Button"],"picked":"SKIP","floor":36},{"not_picked":["Scrape+1","Leap+1"],"picked":"BasicCrystalCard+1","floor":41},{"not_picked":["Darkness","Stack+1","Reprogram"],"picked":"SKIP","floor":41},{"not_picked":["Leap+1","hubris:Ukulele+1","Fusion+1"],"picked":"SKIP","floor":41},{"not_picked":["Double Energy","Go for the Eyes"],"picked":"Mirror Shield","floor":42},{"not_picked":["Compile Driver+1","BasicCrystalCard+1","Cold Snap+1"],"picked":"SKIP","floor":44},{"not_picked":["Compile Driver+1","Rebound+1","Leap"],"picked":"SKIP","floor":44},{"not_picked":["Amplify","Stack","Lockon"],"picked":"SKIP","floor":44},{"not_picked":["White Noise+1","Sweeping Beam+1"],"picked":"ReplayTheSpireMod:Dual Polarity","floor":45},{"not_picked":["Doom and Gloom","ReplayTheSpireMod:Calculation Training+1","Coolheaded+1"],"picked":"SKIP","floor":45},{"not_picked":["Recycle","Cold Snap","Panic Button+1"],"picked":"SKIP","floor":45},{"not_picked":["hubris:Ukulele","Darkness+1","Gash"],"picked":"SKIP","floor":48},{"not_picked":["ReplaySolidLightProjector","Undo+1","Beam Cell+1"],"picked":"SKIP","floor":48},{"not_picked":["Ball Lightning","ReplayTheSpireMod:Repulse","Beam Cell+1"],"picked":"SKIP","floor":48},{"not_picked":["Steam","Compile Driver"],"picked":"Time Bomb","floor":50},{"not_picked":["hubris:Ukulele","Ball Lightning","Rebound+1"],"picked":"SKIP","floor":50},{"not_picked":["BasicCrystalCard","Streamline+1","Leap+1"],"picked":"SKIP","floor":50}],"player_experience":119208,"relics_obtained":[{"floor":4,"key":"Replay:Wax Seal"},{"floor":7,"key":"Replay:Ringing Soul"},{"floor":9,"key":"hubris:BallOfYels"},{"floor":23,"key":"hubris:PeanutButter"},{"floor":25,"key":"Mango"},{"floor":26,"key":"MealTicket"},{"floor":42,"key":"infinitespire:Beetle Shell"},{"floor":43,"key":"trackpad:DisasterInABottle"}],"event_choices":[{"cards_removed":["Strike_B"],"damage_healed":0,"gold_gain":0,"player_choice":"Elegance","damage_taken":0,"max_hp_gain":0,"max_hp_loss":0,"event_name":"Back to Basics","floor":31,"gold_loss":0},{"damage_healed":0,"gold_gain":0,"player_choice":"Leave","damage_taken":0,"max_hp_gain":0,"max_hp_loss":0,"event_name":"conspire:Investor","floor":37,"gold_loss":0},{"damage_healed":0,"gold_gain":0,"cards_transformed":["Crystallizer"],"player_choice":"Transformed","damage_taken":0,"max_hp_gain":0,"max_hp_loss":0,"event_name":"Transmorgrifier","floor":38,"gold_loss":0,"cards_obtained":["White Noise"]}],"is_beta":false,"boss_relics":[{"not_picked":["aspiration:SecretTechniqueScroll","aspiration:IroncladSkillbook"],"picked":"halation:HeavySnake"},{"not_picked":["halation:Risk","SacredBark"],"picked":"trackpad:NeutrinoGenerator"}],"items_purged_floors":[19,21,28],"is_endless":false,"potions_floor_spawned":[7,11,12,14,23,25,35,36,41,48],"ascension_level":1}}