{"host":"m1hrbr0uwda4cktq","time":1613918163,"event":{"mods":["BaseMod","BetterRewards","Colored Map","Colored Powertips","Highlight Path","Minty Spire (QoL Compilation)","Shop Mod","SuperFastMode"],"gold_per_floor":[116,127,144,157,168,197,214,249,275,302,302,302,341,359,359,489,489,503,523,537,553,107,138,138,174,197,197,241,256,270,310,310,429,429,442,442,461,477,496,539,539,554,554,185,518,545,138,155,155,155,155],"floor_reached":50,"language":"ENG","playtime":5280,"items_purged":["Defend_R","Strike_R","Defend_R"],"score":744,"play_id":"b752bf53-d2f9-4ead-b19f-9c861ed69339","local_time":"20210221113603","is_ascension_mode":true,"campfire_choices":[{"floor":12.0,"key":"REST"},{"data":"Pommel Strike","floor":15.0,"key":"SMITH"},{"floor":24.0,"key":"REST"},{"floor":32.0,"key":"REST"},{"floor":41.0,"key":"REST"},{"floor":49,"key":"REST"}],"circlet_count":0,"master_deck":["Strike_R","Strike_R","Strike_R","Strike_R","Defend_R","Defend_R","Bash","Bandage Up+1","Armaments+1","Armaments+1","Flex+1","Inflame","Headbutt","Metallicize","Clothesline","True Grit+1","Intimidate+1","Pommel Strike+1","Limit Break+1","Thunderclap","Iron Wave+1","Headbutt","Pummel+1","Ghostly Armor+1","True Grit+1","Warcry+1","Evolve+1","Power Through+1","Heavy Blade","Rage+1","Feed","Burning Pact+1","Headbutt","Double Tap+1","Uppercut+1","Intimidate+1","Fire Breathing+1","Cleave","Dual Wield+1","Shrug It Off+1","Seeing Red+1","Shrug It Off+1"],"relics":["Burning Blood","Toxic Egg 2","StoneCalendar","Shuriken","PreservedInsect","Happy Flower","Mark of Pain","Ornamental Fan","Anchor","Toy Ornithopter","Smiling Mask","Nloth\u0027s Gift","Frozen Egg 2","MealTicket","SlaversCollar","Regal Pillow","Prayer Wheel","Girya","Lantern","Centennial Puzzle"],"acts_visited":["Exordium","TheCity","TheBeyond"],"potions_floor_usage":[48,48,50],"damage_taken":[{"damage":6.0,"enemies":"Cultist","floor":1.0,"turns":4.0},{"damage":9.0,"enemies":"2 Louse","floor":2.0,"turns":3.0},{"damage":9.0,"enemies":"Jaw Worm","floor":3.0,"turns":6.0},{"damage":0.0,"enemies":"Exordium Wildlife","floor":4.0,"turns":4.0},{"damage":30.0,"enemies":"Exordium Thugs","floor":5.0,"turns":5.0},{"damage":18.0,"enemies":"3 Sentries","floor":6.0,"turns":9.0},{"damage":14.0,"enemies":"2 Fungi Beasts","floor":7.0,"turns":5.0},{"damage":26.0,"enemies":"Gremlin Nob","floor":8.0,"turns":4.0},{"damage":27.0,"enemies":"3 Sentries","floor":13.0,"turns":7.0},{"damage":0.0,"enemies":"Large Slime","floor":14.0,"turns":5.0},{"damage":44.0,"enemies":"Slime Boss","floor":16.0,"turns":10.0},{"damage":18.0,"enemies":"3 Byrds","floor":18.0,"turns":6.0},{"damage":19.0,"enemies":"2 Thieves","floor":19.0,"turns":4.0},{"damage":72.0,"enemies":"Snecko","floor":20.0,"turns":7.0},{"damage":8.0,"enemies":"Cultist and Chosen","floor":21.0,"turns":5.0},{"damage":5.0,"enemies":"Slavers","floor":23.0,"turns":6.0},{"damage":31.0,"enemies":"Gremlin Leader","floor":25.0,"turns":7.0},{"damage":3.0,"enemies":"Book of Stabbing","floor":28.0,"turns":4.0},{"damage":5.0,"enemies":"Shelled Parasite and Fungi","floor":29.0,"turns":6.0},{"damage":31.0,"enemies":"Sentry and Sphere","floor":30.0,"turns":6.0},{"damage":1.0,"enemies":"Gremlin Leader","floor":31.0,"turns":4.0},{"damage":31.0,"enemies":"Collector","floor":33.0,"turns":10.0},{"damage":19.0,"enemies":"3 Shapes","floor":35.0,"turns":5.0},{"damage":20.0,"enemies":"Orb Walker","floor":37.0,"turns":6.0},{"damage":43.0,"enemies":"3 Darklings","floor":38.0,"turns":7.0},{"damage":22.0,"enemies":"Jaw Worm Horde","floor":39.0,"turns":5.0},{"damage":30.0,"enemies":"Giant Head","floor":40.0,"turns":7.0},{"damage":36.0,"enemies":"4 Shapes","floor":42.0,"turns":7.0},{"damage":36.0,"enemies":"Nemesis","floor":46.0,"turns":7.0},{"damage":39,"enemies":"Sphere and 2 Shapes","floor":48,"turns":7},{"damage":91,"enemies":"Time Eater","floor":50,"turns":10}],"seed_played":"-4353468785092316391","potions_obtained":[{"floor":2.0,"key":"GamblersBrew"},{"floor":3.0,"key":"AttackPotion"},{"floor":8.0,"key":"BlessingOfTheForge"},{"floor":14.0,"key":"EssenceOfSteel"},{"floor":18.0,"key":"Fruit Juice"},{"floor":19.0,"key":"Swift Potion"},{"floor":23.0,"key":"LiquidMemories"},{"floor":31.0,"key":"Explosive Potion"},{"floor":33.0,"key":"Weak Potion"},{"floor":36.0,"key":"Dexterity Potion"},{"floor":36.0,"key":"Energy Potion"},{"floor":40.0,"key":"DistilledChaos"}],"is_trial":false,"path_per_floor":["M","M","M","M","M","E","M","E","T","T","?","R","E","M","R","B",null,"M","M","M","M","$","E","R","E","T","?","E","M","M","E","R","B",null,"M","?","M","M","M","E","R","M","T","$","?","E","$","M","R","B"],"character_chosen":"IRONCLAD","items_purchased":["Toxic Egg 2","Bandage Up+1","Armaments+1","Ghostly Armor+1","True Grit+1","Ornamental Fan","Prayer Wheel","Cleave","Lantern","Centennial Puzzle","Shrug It Off+1"],"campfire_rested":5,"item_purchase_floors":[0,0,0,22,22,22,44,44,47,47,47],"current_hp_per_floor":[80,80,80,80,62,56,54,40,40,40,20,44,29,41,41,9,80,74,72,12,16,16,23,48,29,29,29,37,44,25,36,61,47,85,82,82,77,46,39,21,64,43,43,58,58,34,49,35,80,0,0],"gold":155,"neow_bonus":"","is_daily":false,"chose_seed":false,"campfire_upgraded":1,"win_rate":0.0,"timestamp":1613918163,"path_taken":["M","M","M","M","M","E","M","E","T","?","?","R","E","M","R","BOSS","M","M","M","M","$","E","R","E","T","?","E","M","M","E","R","BOSS","M","?","?","M","M","E","R","M","T","$","?","E","$","M","R","BOSS"],"items_purchased_type":["Relic","Card","Card","Card","Card","Relic","Relic","Card","Relic","Relic","Card"],"build_version":"2020-12-22","purchased_purges":3,"victory":false,"max_hp_per_floor":[80,80,80,80,80,80,80,80,80,80,80,80,80,80,80,80,80,80,85,85,85,85,85,85,85,85,85,85,85,85,85,85,85,85,89,89,92,92,95,95,95,98,98,98,98,98,98,101,101,101,101],"card_choices":[{"not_picked":["Havoc+1","Carnage"],"picked":"Armaments+1","floor":1.0},{"not_picked":["Feel No Pain","Twin Strike"],"picked":"Flex+1","floor":2.0},{"not_picked":["Disarm+1","Shrug It Off+1"],"picked":"Inflame","floor":3.0},{"not_picked":["Reckless Charge","Body Slam"],"picked":"Headbutt","floor":4.0},{"not_picked":["Whirlwind","Flex+1"],"picked":"Metallicize","floor":5.0},{"not_picked":["Twin Strike","Shrug It Off+1"],"picked":"Clothesline","floor":6.0},{"not_picked":["Anger","Second Wind+1","Sever Soul"],"picked":"SKIP","floor":7.0},{"not_picked":["Clothesline","Inflame"],"picked":"True Grit+1","floor":8.0},{"not_picked":["Iron Wave","Rampage"],"picked":"Intimidate+1","floor":13.0},{"not_picked":["Feel No Pain","Armaments+1"],"picked":"Pommel Strike","floor":14.0},{"not_picked":["Brutality","Offering+1"],"picked":"Limit Break+1","floor":16.0},{"not_picked":["Sword Boomerang","Twin Strike+1"],"picked":"Thunderclap","floor":18.0},{"not_picked":["Armaments+1","Rupture"],"picked":"Iron Wave+1","floor":19.0},{"not_picked":["Inflame","Entrench+1"],"picked":"Headbutt","floor":20.0},{"not_picked":["Berserk","Rampage"],"picked":"Pummel+1","floor":21.0},{"not_picked":["Pommel Strike","Reckless Charge"],"picked":"Warcry+1","floor":23.0},{"not_picked":["Dark Embrace","Clothesline","Thunderclap"],"picked":"SKIP","floor":25.0},{"not_picked":["Juggernaut+1","Shockwave+1"],"picked":"Evolve+1","floor":28.0},{"not_picked":["Clash+1","Flex+1"],"picked":"Power Through+1","floor":29.0},{"not_picked":["Clothesline","Anger+1"],"picked":"Heavy Blade","floor":30.0},{"not_picked":["Corruption+1","Sword Boomerang"],"picked":"Rage+1","floor":31.0},{"not_picked":["Immolate","Limit Break+1"],"picked":"Feed","floor":33.0},{"not_picked":["Sword Boomerang+1","Armaments+1"],"picked":"Burning Pact+1","floor":35.0},{"not_picked":["True Grit+1","Infernal Blade+1"],"picked":"Headbutt","floor":37.0},{"not_picked":["Shrug It Off+1","Thunderclap"],"picked":"Double Tap+1","floor":38.0},{"not_picked":["Sever Soul","Entrench+1"],"picked":"Uppercut+1","floor":39.0},{"not_picked":["Berserk+1","Rupture+1"],"picked":"Intimidate+1","floor":40.0},{"not_picked":["Iron Wave+1","Whirlwind"],"picked":"Fire Breathing+1","floor":42.0},{"not_picked":["Fire Breathing+1","Ghostly Armor+1"],"picked":"Dual Wield+1","floor":46.0},{"not_picked":["Searing Blow+1","Fire Breathing+1"],"picked":"Seeing Red+1","floor":48},{"not_picked":["Armaments+1","Cleave"],"picked":"Shrug It Off+1","floor":48}],"player_experience":163788,"relics_obtained":[{"floor":6.0,"key":"StoneCalendar"},{"floor":8.0,"key":"Shuriken"},{"floor":9.0,"key":"Pen Nib"},{"floor":10.0,"key":"PreservedInsect"},{"floor":13.0,"key":"Happy Flower"},{"floor":23.0,"key":"Anchor"},{"floor":25.0,"key":"Toy Ornithopter"},{"floor":26.0,"key":"Smiling Mask"},{"floor":28.0,"key":"Frozen Egg 2"},{"floor":31.0,"key":"MealTicket"},{"floor":40.0,"key":"Regal Pillow"},{"floor":46.0,"key":"Girya"}],"event_choices":[{"damage_healed":0.0,"max_hp_gain":0.0,"max_hp_loss":0.0,"gold_gain":0.0,"event_name":"Golden Idol","player_choice":"Take Damage","floor":11.0,"gold_loss":0.0,"damage_taken":20.0,"relics_obtained":["Golden Idol"]},{"damage_healed":0.0,"max_hp_gain":0.0,"max_hp_loss":0.0,"gold_gain":0.0,"event_name":"N\u0027loth","player_choice":"Traded Relic","floor":27.0,"relics_lost":["Pen Nib"],"gold_loss":0.0,"damage_taken":0.0,"relics_obtained":["Nloth\u0027s Gift"]},{"damage_healed":0.0,"max_hp_gain":0.0,"max_hp_loss":0.0,"gold_gain":0.0,"event_name":"Lab","player_choice":"Got Potions","floor":36.0,"gold_loss":0.0,"damage_taken":0.0},{"damage_healed":0.0,"max_hp_gain":0.0,"max_hp_loss":0.0,"gold_gain":333.0,"event_name":"The Moai Head","player_choice":"Gave Idol","floor":45.0,"relics_lost":["Golden Idol"],"gold_loss":0.0,"damage_taken":0.0}],"is_beta":false,"boss_relics":[{"not_picked":["Pandora\u0027s Box","Calling Bell"],"picked":"Mark of Pain"},{"not_picked":["Runic Dome","Tiny House"],"picked":"SlaversCollar"}],"items_purged_floors":[22,44,47],"is_endless":false,"potions_floor_spawned":[2,3,8,14,18,19,23,31,33,38,40],"killed_by":"Time Eater","ascension_level":2}}