{"host":"a70birb7gb03c330","time":1613867234,"event":{"mods":["Act Like it!","BaseMod","Better Vampires","Disable Question Mark Monsters","Hubris","Infinite Spire","Minty Spire (QoL Compilation)","Permanent Neow","Replay The Spire","StSLib","UnlockEverythingMod"],"gold_per_floor":[113,130,130,140,14,14,14,56,56,56,79,108,117,117,117],"floor_reached":14,"language":"ENG","playtime":704,"items_purged":["Strike_G"],"score":95,"play_id":"e8fd3464-05b6-44f2-b9ff-cb7c1be232e7","local_time":"20210220162714","is_ascension_mode":true,"campfire_choices":[{"data":"Neutralize","floor":6,"key":"SMITH"}],"circlet_count":0,"master_deck":["Strike_G","Strike_G","Strike_G","Defend_G","Defend_G","Defend_G","Defend_G","Defend_G","Survivor","Neutralize+1","Slice","Slice","ReplayTheSpireMod:Speed Training","Cloak And Dagger","Deflect","Normality"],"relics":["Ring of the Snake","Snack Pack","CeramicFish","Meat on the Bone","Ring of Peace"],"acts_visited":["Exordium"],"potions_floor_usage":[14],"damage_taken":[{"damage":7,"enemies":"Jaw Worm","floor":1,"turns":5},{"damage":1,"enemies":"Cultist","floor":2,"turns":4},{"damage":3,"enemies":"2 Louse","floor":4,"turns":3},{"damage":15,"enemies":"3 Sentries","floor":8,"turns":12},{"damage":3,"enemies":"Lots of Slimes","floor":11,"turns":5},{"damage":1,"enemies":"Exordium Wildlife","floor":12,"turns":5},{"damage":36,"enemies":"Lagavulin","floor":14,"turns":22}],"seed_played":"-4253982958525589040","potions_obtained":[{"floor":1,"key":"FearPotion"},{"floor":2,"key":"Dexterity Potion"}],"is_trial":false,"path_per_floor":["M","M","?","M","$","R","$","E","T","?","M","M","?","E"],"character_chosen":"THE_SILENT","items_purchased":["Slice"],"campfire_rested":0,"item_purchase_floors":[5],"current_hp_per_floor":[63,62,62,61,61,61,61,54,54,54,53,58,58,36,36],"gold":117,"neow_bonus":"REMOVE_CARD","is_daily":false,"chose_seed":false,"campfire_upgraded":1,"win_rate":0.0,"timestamp":1613867234,"path_taken":["M","M","?","M","$","R","?","E","T","?","?","M","?","E"],"items_purchased_type":["Card"],"build_version":"2020-12-22","purchased_purges":1,"victory":false,"max_hp_per_floor":[70,70,70,70,70,70,70,70,70,70,70,70,70,70,70],"card_choices":[{"not_picked":["PiercingWail","Dodge and Roll","Acrobatics"],"picked":"SKIP","floor":1},{"not_picked":["Cloak And Dagger","Deflect","Quick Slash"],"picked":"SKIP","floor":2},{"not_picked":["Bullet Time","Catalyst"],"picked":"Slice","floor":4},{"not_picked":["ReplayTheSpireMod:The Works","Heel Hook"],"picked":"ReplayTheSpireMod:Speed Training","floor":8},{"not_picked":["Caltrops","Predator"],"picked":"Cloak And Dagger","floor":11},{"not_picked":["Blade Dance","Dagger Throw"],"picked":"Deflect","floor":12}],"player_experience":8855,"relics_obtained":[{"floor":8,"key":"CeramicFish"},{"floor":9,"key":"Meat on the Bone"},{"floor":13,"key":"Ring of Peace"}],"event_choices":[{"damage_healed":0,"gold_gain":0,"player_choice":"Gave Potion","damage_taken":0,"relics_obtained":["Snack Pack"],"max_hp_gain":0,"max_hp_loss":0,"event_name":"WeMeetAgain","floor":3,"gold_loss":0},{"damage_healed":0,"gold_gain":0,"player_choice":"Ignored","damage_taken":0,"max_hp_gain":0,"max_hp_loss":0,"event_name":"NoteForYourself","floor":10,"gold_loss":0}],"is_beta":false,"boss_relics":[],"items_purged_floors":[5],"is_endless":false,"potions_floor_spawned":[1,2],"killed_by":"Lagavulin","ascension_level":1}}