{"host":"s9mizfpm0ux1oq2e","time":1613898338,"event":{"mods":["Aspiration","BaseMod","Downfall","Minty Spire (QoL Compilation)","Permanent Neow","Replay The Spire","StSLib","SuperFastMode"],"gold_per_floor":[0,18,18,38,50,50,50,50,64,64,81,81,101,111,127,222,222,222,240,252,95,95,3,28,28,128,128,13,26,45,58,77,175,175,175,187,203,303,322,322,322,342,288,333,103,122,122,172,184,184],"floor_reached":51,"language":"ENG","playtime":2806,"items_purged":["bronze:Strike","bronze:Defend","bronze:Defend"],"score":695,"play_id":"e955f0ef-85eb-4c55-a189-8bd7c23ad117","local_time":"25640221160538","is_ascension_mode":false,"campfire_choices":[{"data":"bronze:Defend","floor":1,"key":"SMITH"},{"data":"bronze:ChosenStrike","floor":8,"key":"SMITH"},{"data":"bronze:AlphaBuild","floor":18,"key":"SMITH"},{"data":"bronze:Repulsor","floor":25,"key":"SMITH"},{"data":"bronze:ClassDefault","floor":27,"key":"SMITH"},{"data":"bronze:Verify","floor":35,"key":"SMITH"},{"floor":47,"key":"REST"}],"circlet_count":0,"master_deck":["bronze:Defend+1","bronze:Replicate","bronze:ChosenStrike+1","bronze:Defend+1","bronze:Format","bronze:Turbo","bronze:AlphaBuild+1","bronze:BuggyMess","bronze:HardenedForm","bronze:ClassDefault+1","bronze:Shell+1","bronze:BronzeOrb","bronze:HyperBeam","bronze:ItsAFeature","bronze:Repulsor+1","bronze:Repulsor","bronze:ForLoop","bronze:Repair+1","bronze:Verify+1","bronze:Verify","bronze:Repulsor+1","bronze:BronzeOrb+1","expansioncontent:StudyTheSpire","bronze:ItsAFeature","bronze:BurnOut","bronze:MaxOutput","bronze:MaxOutput+1"],"relics":["bronze:BronzeCore","aspiration:BabyByrd","aspiration:FetidBarrel","Prayer Wheel","bronze:MakeshiftBattery","Tiny Chest","Replay:Drink Me","White Beast Statue","Chameleon Ring","Bag of Preparation","Unceasing Top","Replay:Rubber Ducky","Incense Burner"],"acts_visited":["Exordium","TheCity","TheBeyond"],"potions_floor_usage":[16,16,29,33,49,50,50,50],"damage_taken":[{"damage":0,"enemies":"2 Louse","floor":2,"turns":4},{"damage":1,"enemies":"Cultist","floor":4,"turns":4},{"damage":3,"enemies":"Jaw Worm","floor":5,"turns":3},{"damage":7,"enemies":"Lots of Slimes","floor":9,"turns":3},{"damage":2,"enemies":"downfall:LooterAlt","floor":11,"turns":3},{"damage":4,"enemies":"Blue Slaver","floor":13,"turns":2},{"damage":8,"enemies":"Lots of Slimes","floor":14,"turns":3},{"damage":1,"enemies":"Exordium Thugs","floor":15,"turns":3},{"damage":22,"enemies":"SI_SHIV_ARCHETYPE","floor":16,"turns":10},{"damage":2,"enemies":"3 Byrds","floor":19,"turns":5},{"damage":2,"enemies":"Chosen","floor":20,"turns":3},{"damage":0,"enemies":"downfall:FleeingMerchant","floor":21,"turns":4},{"damage":0,"enemies":"downfall:FleeingMerchant","floor":23,"turns":4},{"damage":7,"enemies":"downfall:FleeingMerchant","floor":28,"turns":4},{"damage":12,"enemies":"3 Cultists","floor":29,"turns":5},{"damage":16,"enemies":"Shelled Parasite and Fungi","floor":30,"turns":5},{"damage":2,"enemies":"Centurion and Healer","floor":31,"turns":5},{"damage":2,"enemies":"Sentry and Sphere","floor":32,"turns":3},{"damage":0,"enemies":"WA_ARCHETYPE_CALM","floor":33,"turns":9},{"damage":0,"enemies":"3 Shapes","floor":36,"turns":4},{"damage":9,"enemies":"3 Darklings","floor":37,"turns":5},{"damage":6,"enemies":"downfall:LadyInBlue","floor":38,"turns":11},{"damage":0,"enemies":"4 Shapes","floor":39,"turns":6},{"damage":0,"enemies":"Spire Growth","floor":42,"turns":3},{"damage":0,"enemies":"downfall:FleeingMerchant","floor":43,"turns":3},{"damage":36,"enemies":"2 Orb Walkers","floor":44,"turns":5},{"damage":0,"enemies":"3 Darklings","floor":46,"turns":5},{"damage":0,"enemies":"3 Darklings","floor":48,"turns":5},{"damage":5,"enemies":"Transient","floor":49,"turns":5},{"damage":44,"enemies":"IC_BLOCK_ARCHETYPE","floor":50,"turns":9}],"seed_played":"4909921764078183090","potions_obtained":[{"floor":9,"key":"Toxic Potion"},{"floor":14,"key":"Weak Potion"},{"floor":15,"key":"Energy Potion"},{"floor":16,"key":"Slimebound:ThreeZeroPotion"},{"floor":29,"key":"hexamod:SoulburnPotion"},{"floor":30,"key":"FairyPotion"},{"floor":33,"key":"Swift Potion"},{"floor":37,"key":"LiquidMemories"},{"floor":43,"key":"BlessingOfTheForge"},{"floor":44,"key":"Adrenaline Potion"},{"floor":48,"key":"DistilledChaos"},{"floor":49,"key":"SteroidPotion"}],"is_trial":false,"path_per_floor":["R","M","?","M","M","?","T","R","M","T","M","?","M","M","M","B",null,"R","M","M","$","?","$","T","R","?","R","$","M","M","M","M","B",null,"R","M","M","?","M","T","T","M","$","?","$","M","R","?","M","B",null],"character_chosen":"THE_AUTOMATON","items_purchased":["bronze:ItsAFeature","bronze:Repulsor","expansioncontent:StudyTheSpire","bronze:ItsAFeature","bronze:MaxOutput","Replay:Rubber Ducky"],"campfire_rested":1,"item_purchase_floors":[21,23,43,43,45,45],"current_hp_per_floor":[70,70,70,69,66,66,66,66,59,59,57,57,53,45,44,22,70,70,68,66,66,66,66,66,66,66,66,59,47,31,29,27,57,53,53,53,53,53,53,53,53,53,53,17,17,27,42,52,48,9],"gold":184,"neow_bonus":"REMOVE_TWO","is_daily":false,"chose_seed":false,"campfire_upgraded":6,"win_rate":0.0,"timestamp":1613898338,"path_taken":["R","M","?","M","M","?","T","R","?","?","?","?","M","M","M","BOSS","R","M","M","$","?","$","T","R","?","R","$","M","M","?","M","BOSS","R","M","M","?","M","?","T","M","$","?","$","?","R","?","M","BOSS"],"items_purchased_type":["Card","Card","Card","Card","Card","Relic"],"build_version":"2020-12-22","purchased_purges":3,"victory":true,"max_hp_per_floor":[70,70,70,70,70,70,70,70,70,70,70,70,70,70,70,70,70,70,70,70,70,70,70,70,70,70,70,70,70,70,70,70,70,53,53,53,53,53,53,53,53,53,53,53,53,53,53,53,53,53],"card_choices":[{"not_picked":["bronze:Branch","bronze:BuggyMess","bronze:WildBeam"],"picked":"SKIP","floor":2},{"not_picked":["bronze:CloningBeam","bronze:Repulsor"],"picked":"bronze:DelayedSlice","floor":4},{"not_picked":["bronze:Shield","bronze:Frontload"],"picked":"bronze:ChosenStrike","floor":5},{"not_picked":["bronze:Branch","bronze:DelayedGuard","bronze:Overheat"],"picked":"SKIP","floor":9},{"not_picked":["bronze:BugBarrage","bronze:Deprecate","bronze:FineTuning"],"picked":"SKIP","floor":11},{"not_picked":["bronze:Invalidate","bronze:ChildClass","bronze:BitShift"],"picked":"SKIP","floor":11},{"not_picked":["bronze:Allocate","bronze:BuggyMess"],"picked":"bronze:Format","floor":13},{"not_picked":["bronze:ChosenStrike","bronze:FineTuning"],"picked":"bronze:Turbo","floor":13},{"not_picked":["bronze:Invalidate","bronze:Overheat","bronze:Overload"],"picked":"SKIP","floor":14},{"not_picked":["bronze:Branch","bronze:Iterate","bronze:BugBarrage"],"picked":"SKIP","floor":14},{"not_picked":["bronze:ChosenStrike","bronze:DelayedSlice"],"picked":"bronze:AlphaBuild","floor":15},{"not_picked":["bronze:Overheat","bronze:WhirlingStrike"],"picked":"bronze:BuggyMess","floor":15},{"not_picked":["bronze:Mutator","bronze:Virus"],"picked":"bronze:HardenedForm","floor":16},{"not_picked":["bronze:Frontload+1","bronze:CutThrough"],"picked":"bronze:ClassDefault","floor":19},{"not_picked":["bronze:Turbo","bronze:Fortify","bronze:Iterate+1"],"picked":"SKIP","floor":19},{"not_picked":["bronze:Iterate","bronze:DelayedGuard"],"picked":"bronze:Shell+1","floor":20},{"not_picked":["bronze:MaxOutput","bronze:Branch"],"picked":"bronze:BronzeOrb","floor":20},{"not_picked":["bronze:BitShift","bronze:FollowUp"],"picked":"bronze:HyperBeam","floor":21},{"not_picked":["bronze:WhirlingStrike","bronze:Branch","bronze:CleanCode"],"picked":"SKIP","floor":23},{"not_picked":["bronze:WhirlingStrike+1","bronze:CutThrough"],"picked":"bronze:Repulsor","floor":28},{"not_picked":["bronze:GetLatest+1","bronze:Boost","bronze:Backtrace"],"picked":"SKIP","floor":29},{"not_picked":["bronze:Turbo","bronze:GetLatest+1","bronze:DelayedSlice+1"],"picked":"SKIP","floor":29},{"not_picked":["bronze:BitShift","bronze:CutThrough+1","bronze:WhirlingStrike"],"picked":"SKIP","floor":30},{"not_picked":["bronze:Branch+1","bronze:Invalidate","bronze:Iterate"],"picked":"SKIP","floor":30},{"not_picked":["bronze:Overload","bronze:DelayedGuard"],"picked":"bronze:ForLoop","floor":31},{"not_picked":["bronze:Flail","bronze:CutThrough+1","bronze:CleanCode"],"picked":"SKIP","floor":31},{"not_picked":["bronze:Repulsor","bronze:Allocate"],"picked":"bronze:Repair+1","floor":32},{"not_picked":["bronze:Fortify","bronze:Boost","bronze:Branch"],"picked":"SKIP","floor":32},{"not_picked":["bronze:Fortify","bronze:Boost","bronze:Branch"],"picked":"SKIP","floor":32},{"not_picked":["bronze:CleanCode","bronze:SpaghettiCode"],"picked":"bronze:Verify","floor":33},{"not_picked":["bronze:WildBeam+1","bronze:NullPointer","bronze:OilSpill"],"picked":"SKIP","floor":36},{"not_picked":["bronze:BitShift+1","bronze:DelayedSlice","bronze:Invalidate+1"],"picked":"SKIP","floor":36},{"not_picked":["bronze:Deprecate+1","bronze:AlphaBuild","bronze:Repair"],"picked":"SKIP","floor":37},{"not_picked":["bronze:WildBeam+1","bronze:BitShift","bronze:Overheat+1"],"picked":"SKIP","floor":37},{"not_picked":["bronze:Invalidate","bronze:Frontload+1"],"picked":"bronze:Verify","floor":39},{"not_picked":["bronze:WhirlingStrike","bronze:Turbo+1","bronze:DelayedSlice+1"],"picked":"SKIP","floor":39},{"not_picked":["bronze:Safeguard","bronze:DelayedGuard+1"],"picked":"bronze:Repulsor+1","floor":42},{"not_picked":["bronze:Iterate+1","bronze:WildBeam","bronze:Turbo+1"],"picked":"SKIP","floor":42},{"not_picked":["bronze:WhirlingStrike","bronze:CutThrough+1"],"picked":"bronze:BronzeOrb+1","floor":43},{"not_picked":["bronze:BuggyMess+1","bronze:ForceShield"],"picked":"bronze:BurnOut","floor":44},{"not_picked":["bronze:GetLatest","bronze:Deprecate+1"],"picked":"bronze:MaxOutput+1","floor":46},{"not_picked":["bronze:ClassDefault+1","bronze:CutThrough","bronze:Return+1"],"picked":"SKIP","floor":46},{"not_picked":["bronze:ItsAFeature","bronze:Turbo+1","bronze:DelayedSlice"],"picked":"SKIP","floor":49},{"not_picked":["bronze:DigitalCarnage","bronze:MaxOutput","bronze:Invalidate+1"],"picked":"SKIP","floor":49}],"player_experience":182253,"relics_obtained":[{"floor":7,"key":"aspiration:FetidBarrel"},{"floor":10,"key":"Prayer Wheel"},{"floor":24,"key":"Tiny Chest"},{"floor":38,"key":"White Beast Statue"},{"floor":40,"key":"Chameleon Ring"},{"floor":41,"key":"Bag of Preparation"},{"floor":44,"key":"Unceasing Top"},{"floor":48,"key":"Incense Burner"}],"event_choices":[{"cards_removed":["bronze:Strike"],"damage_healed":0,"gold_gain":0,"player_choice":"Card Removal","damage_taken":0,"max_hp_gain":0,"max_hp_loss":0,"event_name":"The Cleric","floor":12,"gold_loss":0},{"damage_healed":0,"gold_gain":0,"player_choice":"Fight","damage_taken":0,"max_hp_gain":0,"max_hp_loss":0,"event_name":"Mysterious Sphere","floor":44,"gold_loss":0}],"is_beta":false,"boss_relics":[{"not_picked":["Ring of Chaos","Painkiller Herb"],"picked":"bronze:MakeshiftBattery"},{"not_picked":["Empty Cage","Black Star"],"picked":"Replay:Drink Me"}],"items_purged_floors":[21,28,43],"is_endless":false,"potions_floor_spawned":[9,14,15,16,29,30,33,37,39,42,43,44,46,48,49],"ascension_level":0}}