{"host":"4qp30tywltrhkmjj","time":1613924534,"event":{"mods":["2.2 Compatiblity","AchievementEnabler","Act Like it!","Ascension Unlocker","Aspiration","BaseMod","Beaked The Cultist","Bestiary","Better Altar","Better Match","Better Note","Better Skull","Better Third Choice","BetterRewards","CCEM2","CapriCore","Challenge The Spire","Colored Map","Colored Powertips","Conjunction","Conspire","Defuse TimeMaze Blight","Displayed Cursed Tome","Downfall","EXCEPTION","Emptier Cage","Energized Spire","Exacting","Gold Saver","Halation","Highlight Path","Hubris","Infinite Spire","Jedi Mod","Lobotomy","LobotomyExtend","Minty Spire (QoL Compilation)","Poor People Problems","Replay The Spire","Reworked Bosses","Ruina","SacredBarkPlus","Shop Mod","Spicy Shops","Spire Arcade","StSLib","The Animator","The Blue Laboratory","Transform Curses","Uncapped","Unceasing Turn Reminder","Wandering Minibosses","Yuri Mod"],"gold_per_floor":[2359,2369,2402,2432,2460,2489,2489,2528,2551,2596,2596,2645,2634,2634,2634,2737,2737,2746,2746,2746,2771,1537,1565,1565,1598,1598,2394,2433,2474,2513,2535,2535,2642,2667,2803,2873,2898,1609,1660,1660,1770,1770,1795,1865,1905,1926,1926,1926,1962,2063,2088,2117,2117],"floor_reached":52,"language":"ENG","playtime":4943,"items_purged":[],"score":1071,"play_id":"6d879694-e47d-4260-998b-b7d620831326","local_time":"20210221172214","is_ascension_mode":true,"campfire_choices":[{"floor":7.0,"key":"RECALL"},{"data":"ruina:Nihil","floor":24.0,"key":"SMITH"},{"data":"ruina:Harvest","floor":32,"key":"SMITH"},{"data":"animator:Hans","floor":40,"key":"SMITH"},{"floor":51,"key":"DIG"}],"circlet_count":0,"master_deck":["QueenOfHatred","animator:Strike_HitsugiNoChaika","animator:Defend_HitsugiNoChaika","animator:Defend+1","animator:Defend","animator:Defend","animator:AcuraAkari","animator:Gillette","OSAHOGD","animator:Chris","animator:Biyorigo","animator:Layla","animator:Fredrika","animator:Hans+1","animator:Nanami+1","animator:ChaikaTrabant","animator:Emonzaemon","animator:Elesis","animator:FielNirvalen","ReplayTheSpireMod:??????????????????????+1","ruina:Nihil+1","ruina:Harvest+1","animator:AcuraTooru","animator:SakuraMatou","animator:ChaikaBohdan","animator:Tatsumaki","animator:Fredrika","animator:Elesis","animator:Gilgamesh+21","animator:Viivi+1","animator:NivaLada","animator:TanyaDegurechaff","animator:Viivi","animator:Viivi","animator:Hans+1","infinitespire:UltimateForm","animator:Saitama","ReplayTheSpireMod:Doomed","animator:Archer+1","animator:Archer"],"relics":["animator:LivingPicture","animator:TheMissingPiece","animator:PurgingStone","CogitoBucket","Black Star","LetterFromLob","animator:OldCoffin","CCEMRelics:JestersCrown","Counterbalance","halation:SwordOfLegend","Replay:Wax Seal","CCEMRelics:WarHorn","animator:Buoy","halation:EternalFortune","hubris:Reverence","BehaviorAdjustment","Sozu","halation:Jellyphish","aspiration:StickyExplosives","MerchantsRug","CCEMRelics:Apple","War Paint","Whetstone","hubris:MedicalManual","Torii","wanderingMiniBosses:MasterThiefsPresence","SkinProphecy","Akabeko","Replay:PocketPolymizer","jedi:cryingmask","Question Card","Cursed Key","AtMidnight","AspirationHeart","animator:CursedGlyph","hubris:Towel","CCEMRelics:DissonantTune","yuri:PortableGlitches","Chemical X","animator:CerealBox","Orichalcum","infinitespire:Beetle Shell","animator:HallowedScabbard","CCEMRelics:Pendulum","Mummified Hand","InTheNameOfLoveAndHate_r","Replay:WaspNest","infinitespire:BottledMercury","halation:LettersToHer","hubris:64BitClover","Anchor"],"acts_visited":["Exordium","ruina:Briah","TheBeyond"],"potions_floor_usage":[25,30],"damage_taken":[{"damage":0.0,"enemies":"Small Slimes","floor":1.0,"turns":3.0},{"damage":0.0,"enemies":"2 Louse","floor":2.0,"turns":5.0},{"damage":3.0,"enemies":"Jaw Worm","floor":3.0,"turns":4.0},{"damage":2.0,"enemies":"Looter","floor":4.0,"turns":4.0},{"damage":11.0,"enemies":"Blue Slaver","floor":5.0,"turns":4.0},{"damage":10.0,"enemies":"Lagavulin","floor":6.0,"turns":5.0},{"damage":6.0,"enemies":"Replay:BlueRogue","floor":8.0,"turns":4.0},{"damage":7.0,"enemies":"Lagavulin","floor":10.0,"turns":5.0},{"damage":7.0,"enemies":"Replay:BlueRogue","floor":12.0,"turns":6.0},{"damage":22.0,"enemies":"2 Fungi Beasts","floor":13.0,"turns":6.0},{"damage":3.0,"enemies":"The Guardian","floor":16.0,"turns":8.0},{"damage":14.0,"enemies":"ruina:Nosferatu","floor":18.0,"turns":5.0},{"damage":27.0,"enemies":"ruina:BadWolf","floor":23.0,"turns":5.0},{"damage":20,"enemies":"ruina:Mountain","floor":25,"turns":9},{"damage":8,"enemies":"ruina:QueenOfHate","floor":27,"turns":11},{"damage":0,"enemies":"ruina:ServantOfWrath","floor":28,"turns":3},{"damage":9,"enemies":"ruina:Woodsman","floor":29,"turns":3},{"damage":1,"enemies":"ruina:RoadHome","floor":30,"turns":3},{"damage":1,"enemies":"ruina:KingOfGreed","floor":31,"turns":5},{"damage":27,"enemies":"ruina:Red_and_Wolf","floor":33,"turns":10},{"damage":28,"enemies":"Orb Walker","floor":35,"turns":18},{"damage":10,"enemies":"3 Darklings","floor":36,"turns":5},{"damage":0,"enemies":"Transient","floor":39,"turns":5},{"damage":3,"enemies":"Nightmare","floor":41,"turns":6},{"damage":13,"enemies":"4 Shapes","floor":44,"turns":6},{"damage":0,"enemies":"Maw","floor":45,"turns":5},{"damage":2,"enemies":"Spire Growth","floor":46,"turns":3},{"damage":15,"enemies":"Jaw Worm Horde","floor":49,"turns":3},{"damage":0,"enemies":"Reptomancer","floor":50,"turns":4},{"damage":144,"enemies":"bossMod:newAwakened","floor":52,"turns":7}],"seed_played":"-3483796339192294047","potions_obtained":[{"floor":1.0,"key":"blueLaboratory:BottledHope"},{"floor":4.0,"key":"Guardian:BlockOnCardUsePotion"},{"floor":6.0,"key":"sneckomod:MuddlingPotion"},{"floor":8.0,"key":"Strength Potion"},{"floor":15.0,"key":"BlessingOfTheForge"},{"floor":15.0,"key":"blueLaboratory:Moonshine"},{"floor":16.0,"key":"blueLaboratory:PhilterOfMotion"}],"is_trial":false,"path_per_floor":["M","M","M","M","M","E","R","E","T","E","?","E","M","?","R_BF","B",null,"M","?","?","T","$","M","R","E","T","M","E","M","E","M","R","B",null,"M","M","?","$","M","R","NM","?","T","M","M","M","PTL","PTL","M","E","R_BF","B"],"character_chosen":"THE_ANIMATOR","items_purchased":["ruina:Nihil","ruina:Harvest","halation:Jellyphish","aspiration:StickyExplosives","MerchantsRug","CCEMRelics:Apple","CCEMRelics:DissonantTune","yuri:PortableGlitches","Chemical X","animator:CerealBox","animator:TanyaDegurechaff","animator:Viivi","Orichalcum","infinitespire:Beetle Shell"],"campfire_rested":0,"item_purchase_floors":[22,22,22,22,22,22,38,38,38,38,38,38,38,38],"current_hp_per_floor":[66,66,66,64,63,53,53,48,48,41,44,37,15,15,24,21,71,57,57,40,40,40,17,23,6,6,22,26,16,25,29,47,43,106,136,134,134,134,136,136,129,137,137,129,134,128,128,128,113,115,130,0,0],"gold":2117,"neow_bonus":"","is_daily":false,"chose_seed":false,"campfire_upgraded":3,"win_rate":0.0,"timestamp":1613924534,"path_taken":["M","M","M","M","M","E","R","E","T","E","?","E","M","?","R_BF","BOSS","M","?","?","?","?","?","R","E","T","M","E","M","E","M","R","BOSS","M","?","?","?","M","R","NM","?","T","M","M","?","PTL","PTL","M","E","R_BF","BOSS"],"items_purchased_type":["Card","Card","Relic","Relic","Relic","Relic","Relic","Relic","Relic","Relic","Card","Card","Relic","Relic"],"build_version":"2020-12-22","purchased_purges":0,"victory":false,"max_hp_per_floor":[66,66,66,66,67,67,67,68,68,68,71,71,71,71,71,71,71,71,71,71,71,71,75,75,78,78,81,86,91,96,101,101,106,106,136,134,134,134,136,136,138,138,138,140,145,147,147,147,149,151,151,155,155],"card_choices":[{"not_picked":["WallGazer","HeroicMonk"],"picked":"OSAHOGD","floor":1.0},{"not_picked":["animator:HiiragiShinya","animator:Tyuule","animator:Berserker"],"picked":"SKIP","floor":1.0},{"not_picked":["WallGazer","VoidDream","FairyFestival"],"picked":"Singing Bowl","floor":2.0},{"not_picked":["MHz","ShyLook"],"picked":"DespairKnight","floor":2.0},{"not_picked":["animator:SakuraMatou","animator:Shinoa"],"picked":"animator:Chris","floor":2.0},{"not_picked":["Murderer","OldLady","FairyFestival"],"picked":"Singing Bowl","floor":3.0},{"not_picked":["animator:Darkness","animator:Emonzaemon"],"picked":"animator:Biyorigo","floor":3.0},{"not_picked":["animator:AcuraTooru","animator:ChaikaBohdan"],"picked":"animator:Layla","floor":4.0},{"not_picked":["Murderer","BeautyBeast","MHz"],"picked":"Singing Bowl","floor":4.0},{"not_picked":["CherryBlossoms","Bloodbath","WallGazer"],"picked":"Singing Bowl","floor":5.0},{"not_picked":["animator:Kazuma","animator:Illya"],"picked":"animator:Fredrika","floor":5.0},{"not_picked":["BlackSwan","UniverseFragment","LittlePrince"],"picked":"Singing Bowl","floor":6.0},{"not_picked":["animator:ZankiKiguchi","animator:AcuraTooru"],"picked":"animator:Hans","floor":6.0},{"not_picked":["Yin","MHz","RedShoes"],"picked":"Singing Bowl","floor":8.0},{"not_picked":["animator:Layla","animator:Aisha"],"picked":"animator:Nanami","floor":8.0},{"not_picked":["animator:Layla","animator:Guy"],"picked":"animator:ChaikaTrabant","floor":10.0},{"not_picked":["animator:Illya","animator:SayakaMiki"],"picked":"animator:Emonzaemon","floor":12.0},{"not_picked":["Porccubus","Bloodbath","LongBird"],"picked":"Singing Bowl","floor":12.0},{"not_picked":["animator:Vanir","animator:Entoma","animator:Rider"],"picked":"SKIP","floor":13.0},{"not_picked":["PunishingBird","WallGazer","BigBird"],"picked":"Singing Bowl","floor":16.0},{"not_picked":["animator:ItamiYouji","animator:Eris"],"picked":"animator:Elesis","floor":16.0},{"not_picked":["animator:HiiragiShinya","animator:SakuraMatou"],"picked":"animator:FielNirvalen","floor":18.0},{"not_picked":["infinitespire:SevenWalls","infinitespire:Fortify"],"picked":"ReplayTheSpireMod:??????????????????????","floor":20.0},{"not_picked":["animator:ChaikaBohdan","animator:AcuraAkari"],"picked":"animator:AcuraTooru","floor":23.0},{"not_picked":["Scorched","Laetitia","Variant"],"picked":"Singing Bowl","floor":25},{"not_picked":["animator:Elsword","animator:Entoma","animator:Demiurge+1"],"picked":"SKIP","floor":25},{"not_picked":["HappyTeddy","OldLady","QueenBee"],"picked":"Singing Bowl","floor":27},{"not_picked":["animator:Lancer","animator:Ara","animator:Alexander"],"picked":"SKIP","floor":27},{"not_picked":["HappyTeddy","BeautyBeast","PunishingBird"],"picked":"Singing Bowl","floor":28},{"not_picked":["animator:NarberalGamma","animator:Ain"],"picked":"animator:SakuraMatou","floor":28},{"not_picked":["LittlePrince","Scorched","Variant"],"picked":"Singing Bowl","floor":29},{"not_picked":["CrumblingArmor","Yin"],"picked":"QueenOfHatred","floor":29},{"not_picked":["animator:AcuraTooru","animator:Fredrika"],"picked":"animator:ChaikaBohdan","floor":29},{"not_picked":["animator:Raven","animator:KrulTepes"],"picked":"animator:Tatsumaki","floor":30},{"not_picked":["BlackSwan","CrumblingArmor","BigBadWolf"],"picked":"Singing Bowl","floor":31},{"not_picked":["animator:ChlammyZell","animator:AcuraTooru","animator:NagisaMomoe"],"picked":"animator:Fredrika","floor":31},{"not_picked":["animator:MadokaKaname","animator:HomuraAkemi","animator:FeridBathory"],"picked":"animator:Gilgamesh","floor":33},{"not_picked":["NakedNest","Rudolta","FieryBird"],"picked":"Singing Bowl","floor":35},{"not_picked":["animator:KrulTepes","animator:SilverFang+1","animator:MetalKnight+1"],"picked":"animator:Viivi+1","floor":35},{"not_picked":["animator:Viivi","animator:Guy","animator:Fredrika"],"picked":"animator:NivaLada","floor":36},{"not_picked":["animator:SuzuneAmano","animator:Shigure+1","animator:Berserker+1"],"picked":"animator:Viivi","floor":39},{"not_picked":["ReplayTheSpireMod:Echoes of Time","infinitespire:NeuralNetwork"],"picked":"infinitespire:UltimateForm","floor":41},{"not_picked":["animator:Berserker","animator:Aqua","animator:ZankiKiguchi"],"picked":"animator:Saitama","floor":41},{"not_picked":["UniverseFragment","Laetitia","Bloodbath"],"picked":"Singing Bowl","floor":44},{"not_picked":["GalaxyChild","GreedKing"],"picked":"DespairKnight","floor":44},{"not_picked":["animator:Assassin+1","animator:Demiurge","animator:Shinoa","animator:ChaikaBohdan"],"picked":"SKIP","floor":44},{"not_picked":["animator:SilverFang+1","animator:Layla","animator:Tyuule+1","animator:Ain+1"],"picked":"SKIP","floor":44},{"not_picked":["Scorched","GreedKing","Freischutz"],"picked":"Singing Bowl","floor":45},{"not_picked":["animator:Lancer","animator:Berserker","animator:Elsword+1","animator:Lu"],"picked":"SKIP","floor":45},{"not_picked":["animator:Assassin","animator:Berserker","animator:Kazuma"],"picked":"animator:Archer+1","floor":46},{"not_picked":["animator:Raven","animator:DolaRiku","animator:Azekura","animator:Yuuichirou+1"],"picked":"SKIP","floor":49},{"not_picked":["GreedKing","BigBadWolf","WhitesApple"],"picked":"Singing Bowl","floor":50},{"not_picked":["animator:Saitama","animator:Vanir","animator:ChaikaBohdan","animator:Demiurge+1"],"picked":"SKIP","floor":50}],"player_experience":578658,"relics_obtained":[{"floor":1.0,"key":"LetterFromLob"},{"floor":6.0,"key":"animator:OldCoffin"},{"floor":6.0,"key":"CCEMRelics:JestersCrown"},{"floor":8.0,"key":"Counterbalance"},{"floor":8.0,"key":"halation:SwordOfLegend"},{"floor":9.0,"key":"Replay:Wax Seal"},{"floor":10.0,"key":"CCEMRelics:WarHorn"},{"floor":10.0,"key":"animator:Buoy"},{"floor":12.0,"key":"Slimebound:StickyStick"},{"floor":12.0,"key":"hubris:Reverence"},{"floor":25,"key":"War Paint"},{"floor":25,"key":"Whetstone"},{"floor":26,"key":"hubris:MedicalManual"},{"floor":27,"key":"wanderingMiniBosses:MasterThiefsPresence"},{"floor":28,"key":"Akabeko"},{"floor":28,"key":"Replay:PocketPolymizer"},{"floor":30,"key":"jedi:cryingmask"},{"floor":30,"key":"Question Card"},{"floor":35,"key":"AtMidnight"},{"floor":36,"key":"animator:CursedGlyph"},{"floor":41,"key":"animator:HallowedScabbard"},{"floor":41,"key":"CCEMRelics:Pendulum"},{"floor":43,"key":"Mummified Hand"},{"floor":45,"key":"halation:EternalFortune"},{"floor":50,"key":"Replay:WaspNest"},{"floor":50,"key":"infinitespire:BottledMercury"},{"floor":51,"key":"halation:LettersToHer"}],"event_choices":[],"is_beta":false,"boss_relics":[{"not_picked":["halation:PlatinumPhoenix","Ectoplasm"],"picked":"Sozu"},{"not_picked":["Kintsugi","jedi:battlestandard"],"picked":"Cursed Key"}],"items_purged_floors":[],"is_endless":false,"potions_floor_spawned":[1,4,6,8,16,23,25,29,31,35,39,44,45],"killed_by":"bossMod:newAwakened","ascension_level":1}}