{"host":"7gewg82ormp6yt4e","time":1613901142,"event":{"mods":["BaseMod","Block Reminder","Colored Map","DeckTracker","Highlight Path","Minty Spire (QoL Compilation)","Relic Stats","StSLib","ojb\u0027s Info Mod"],"gold_per_floor":[117,132,207,217,217,217,217,217],"floor_reached":7,"language":"JPN","playtime":242,"items_purged":[],"score":82,"play_id":"fcb86f71-ac60-466e-b127-a1d33b42a4a4","local_time":"20210221185222","is_ascension_mode":true,"campfire_choices":[{"data":"BowlingBash","floor":6.0,"key":"SMITH"}],"circlet_count":0,"master_deck":["AscendersBane","Strike_P","Strike_P","Strike_P","Strike_P","Defend_P","Defend_P","Defend_P","Defend_P","Eruption","Vigilance","DeceiveReality","BowlingBash+1","CrushJoints"],"relics":["PureWater","Gremlin Horn"],"acts_visited":["Exordium"],"potions_floor_usage":[7],"damage_taken":[{"damage":0.0,"enemies":"2 Louse","floor":1.0,"turns":4.0},{"damage":0.0,"enemies":"Jaw Worm","floor":2.0,"turns":4.0},{"damage":0.0,"enemies":"Cultist","floor":4.0,"turns":3.0},{"damage":27,"enemies":"Lagavulin","floor":7,"turns":8}],"seed_played":"-9134302145764312077","potions_obtained":[{"floor":2.0,"key":"Fire Potion"},{"floor":4.0,"key":"SneckoOil"}],"is_trial":false,"path_per_floor":["M","M","?","M","T","R","E"],"character_chosen":"WATCHER","items_purchased":[],"campfire_rested":0,"item_purchase_floors":[],"current_hp_per_floor":[67,67,56,56,56,56,29,29],"gold":217,"neow_bonus":"TEN_PERCENT_HP_BONUS","is_daily":false,"chose_seed":false,"campfire_upgraded":1,"win_rate":0.0,"timestamp":1613901142,"path_taken":["M","M","?","M","?","R","E"],"items_purchased_type":[],"build_version":"2020-12-22","purchased_purges":0,"victory":false,"max_hp_per_floor":[74,74,74,74,74,74,74,74],"relic_stats":{"Gremlin Horn":[0,0],"counters":[4,19],"obtain_stats":[{"Gremlin Horn":5,"PureWater":0},{"Gremlin Horn":3,"PureWater":0},{"Gremlin Horn":11,"PureWater":0}]},"card_choices":[{"not_picked":["Consecrate","CutThroughFate"],"picked":"DeceiveReality","floor":1.0},{"not_picked":["Pray","FlyingSleeves"],"picked":"BowlingBash","floor":2.0},{"not_picked":["FollowUp","FlyingSleeves"],"picked":"CrushJoints","floor":4.0}],"player_experience":2889572,"relics_obtained":[{"floor":5.0,"key":"Gremlin Horn"}],"event_choices":[{"damage_healed":0.0,"max_hp_gain":0.0,"max_hp_loss":0.0,"gold_gain":75.0,"event_name":"World of Goop","player_choice":"Gather Gold","floor":3.0,"gold_loss":0.0,"damage_taken":11.0}],"is_beta":false,"boss_relics":[],"items_purged_floors":[],"is_endless":false,"potions_floor_spawned":[2,4],"killed_by":"Lagavulin","ascension_level":20}}