{"host":"qj1oxvtit4k87of9","time":1613945770,"event":{"mods":["BaseMod","Downfall","Minty Spire (QoL Compilation)","StSLib"],"gold_per_floor":[0,0,0,0,19,19,19,52,52,62,95,95,127,141,157,252,252,252,271,290,306,325,22,68,103,103,103,121,131,131,147,163,163,163,163],"floor_reached":33,"language":"ENG","playtime":10625,"items_purged":["Guardian:Strike_Guardian"],"score":331,"play_id":"87d3fa6f-3dc7-4f3b-80fd-6e1e499ba6b6","local_time":"20210221221610","is_ascension_mode":true,"campfire_choices":[{"data":"Guardian:StasisStrike","floor":1,"key":"SMITH"},{"data":"Guardian:Incinerate","floor":6,"key":"SMITH"},{"data":"Guardian:TimeBomb","floor":12,"key":"SMITH"},{"data":"Guardian:ExploitGems","floor":18,"key":"SMITH"},{"floor":26,"key":"REST"},{"floor":30,"key":"REST"}],"circlet_count":0,"master_deck":["Guardian:Strike_Guardian+1","Guardian:Strike_Guardian+1","Guardian:Strike_Guardian","Guardian:Defend_Guardian","Guardian:Defend_Guardian","Guardian:Defend_Guardian","Guardian:Defend_Guardian","Guardian:CurlUp+1","Guardian:TwinSlam","Guardian:StasisStrike+1","Guardian:Incinerate+1","Guardian:TimeBomb+1","Guardian:VentSteam","Guardian:GemFinder+1","Guardian:SentryBeam","Guardian:Suspension","Guardian:ExploitGems+1","Guardian:SpikerProtocol+1","Guardian:Incinerate","Guardian:ExploitGems","Guardian:CrystalBeam","Guardian:PrismaticBeam","Guardian:SpikerProtocol+1","Guardian:GemFire","Guardian:ChargeUp","Guardian:ShieldCharger","Guardian:ShieldSpikes"],"relics":["Guardian:ModeShifter","Ornamental Fan","Spirit Poop","Frozen Egg 2","Omamori","StrikeDummy","Bag of Marbles","Cursed Key","Juzu Bracelet","Bag of Preparation","downfall:KnowingSkull"],"acts_visited":["Exordium","TheCity"],"potions_floor_usage":[14,16,16,20,25,33,33,33],"damage_taken":[{"damage":7,"enemies":"Jaw Worm","floor":5,"turns":3},{"damage":16,"enemies":"3 Sentries","floor":8,"turns":8},{"damage":3,"enemies":"2 Louse","floor":10,"turns":3},{"damage":20,"enemies":"Gremlin Nob","floor":11,"turns":4},{"damage":16,"enemies":"3 Sentries","floor":13,"turns":6},{"damage":7,"enemies":"Small Slimes","floor":14,"turns":2},{"damage":2,"enemies":"Gremlin Gang","floor":15,"turns":3},{"damage":10,"enemies":"WA_ARCHETYPE_RETAIN","floor":16,"turns":6},{"damage":19,"enemies":"Shell Parasite","floor":19,"turns":4},{"damage":8,"enemies":"downfall:LooterAlt2","floor":20,"turns":3},{"damage":18,"enemies":"Snake Plant","floor":21,"turns":3},{"damage":13,"enemies":"Centurion and Healer","floor":22,"turns":4},{"damage":0,"enemies":"downfall:FleeingMerchant","floor":23,"turns":4},{"damage":21,"enemies":"Book of Stabbing","floor":25,"turns":4},{"damage":1,"enemies":"Snecko","floor":28,"turns":3},{"damage":0,"enemies":"Cultist and Chosen","floor":29,"turns":4},{"damage":6,"enemies":"Sentry and Sphere","floor":31,"turns":3},{"damage":9,"enemies":"Centurion and Healer","floor":32,"turns":2},{"damage":41,"enemies":"DF_ARCHETYPE_CLAW","floor":33,"turns":7}],"seed_played":"5992071086125024356","potions_obtained":[{"floor":10,"key":"champ:CounterPotion"},{"floor":11,"key":"champ:CounterPotion"},{"floor":14,"key":"LiquidMemories"},{"floor":15,"key":"Regen Potion"},{"floor":19,"key":"DistilledChaos"},{"floor":20,"key":"FearPotion"},{"floor":28,"key":"Energy Potion"},{"floor":29,"key":"Dexterity Potion"},{"floor":32,"key":"Guardian:AcceleratePotion"}],"is_trial":false,"path_per_floor":["R","?","?","?","M","R","T","E","?","M","E","R","E","M","M","B",null,"R","M","M","M","M","$","T","E","R","?","M","M","R","M","M","B"],"character_chosen":"GUARDIAN","items_purchased":["Guardian:SpikerProtocol+1","Guardian:GemFire"],"campfire_rested":2,"item_purchase_floors":[23,23],"current_hp_per_floor":[80,80,77,77,70,70,70,54,54,51,31,31,15,8,6,11,80,80,61,53,35,22,22,22,1,25,17,16,16,40,34,25,0,0,0],"gold":163,"neow_bonus":"THREE_RARE_CARDS","is_daily":false,"chose_seed":false,"campfire_upgraded":4,"win_rate":0.0,"timestamp":1613945770,"path_taken":["R","?","?","?","?","R","T","E","?","?","E","R","E","M","M","BOSS","R","M","M","M","M","$","T","E","R","?","M","M","R","M","M","BOSS"],"items_purchased_type":["Card","Card"],"build_version":"2020-12-22","purchased_purges":1,"victory":false,"max_hp_per_floor":[80,80,80,80,80,80,80,80,80,80,80,80,80,80,80,80,80,80,80,80,80,80,80,80,80,80,80,80,80,80,80,80,80,80,80],"card_choices":[{"not_picked":["Guardian:ExploitGems","Guardian:BaubleBeam"],"picked":"Guardian:StasisStrike","floor":0},{"not_picked":["Guardian:RollAttack","Guardian:TemporalStrike"],"picked":"Guardian:Incinerate","floor":5},{"not_picked":["Guardian:ShieldCharger","Guardian:Recover"],"picked":"Guardian:TimeBomb","floor":8},{"not_picked":["Guardian:WalkerClaw","Guardian:CrystalBeam"],"picked":"Guardian:VentSteam","floor":10},{"not_picked":["Guardian:ShieldSpikes","Guardian:RollAttack"],"picked":"Guardian:GemFinder+1","floor":11},{"not_picked":["Guardian:Gem_Green","Guardian:Gem_Lightblue"],"picked":"Guardian:Gem_Red","floor":13},{"not_picked":["Guardian:TemporalShield","Guardian:Recover"],"picked":"Guardian:SentryBeam","floor":13},{"not_picked":["Guardian:Gem_Cyan","Guardian:Gem_Lightblue"],"picked":"Guardian:Gem_Red","floor":14},{"not_picked":["Guardian:TemporalShield","Guardian:Gem_Crimson"],"picked":"Guardian:Suspension","floor":14},{"not_picked":["Guardian:Gem_Lightblue","Guardian:Gem_Red"],"picked":"Guardian:Gem_Green","floor":15},{"not_picked":["Guardian:Recover","Guardian:RollAttack"],"picked":"Guardian:Gem_White","floor":15},{"not_picked":["Guardian:Gem_Orange","Guardian:GemFire"],"picked":"Guardian:ExploitGems","floor":16},{"not_picked":["Guardian:Gem_Fragmented","Guardian:CrystalBeam+1"],"picked":"Guardian:SpikerProtocol+1","floor":19},{"not_picked":["Guardian:WalkerClaw","Guardian:TemporalStrike"],"picked":"Guardian:Incinerate","floor":20},{"not_picked":["Guardian:Orbwalk+1","Guardian:Reroute+1"],"picked":"Guardian:ExploitGems","floor":21},{"not_picked":["Guardian:Gem_Lightblue","Guardian:Gem_Green"],"picked":"Guardian:Gem_Red","floor":21},{"not_picked":["Guardian:Gem_Lightblue","Guardian:Gem_Cyan"],"picked":"Guardian:Gem_Red","floor":22},{"not_picked":["Guardian:Gem_Lightblue","Guardian:TemporalShield"],"picked":"Guardian:CrystalBeam","floor":22},{"not_picked":["Guardian:Gem_Cyan","Guardian:Gem_Green"],"picked":"Guardian:Gem_Red","floor":23},{"not_picked":["Guardian:Planning","Guardian:GuardianWhirl+1"],"picked":"Guardian:PrismaticBeam","floor":23},{"not_picked":["Guardian:Gem_Crimson","Guardian:FuturePlans+1"],"picked":"Guardian:Gem_Synthetic","floor":25},{"not_picked":["Guardian:Reroute","Guardian:VentSteam"],"picked":"Guardian:ChargeUp","floor":28},{"not_picked":["Guardian:RollAttack","Guardian:VentSteam"],"picked":"Guardian:ShieldCharger","floor":29},{"not_picked":["Guardian:TemporalShield","Guardian:SentryBeam","Guardian:TimeBomb"],"picked":"SKIP","floor":31},{"not_picked":["Guardian:PrismaticBeam+1","Guardian:Reroute+1"],"picked":"Guardian:ShieldSpikes","floor":32}],"player_experience":1639684,"relics_obtained":[{"floor":7,"key":"Frozen Egg 2"},{"floor":8,"key":"Omamori"},{"floor":11,"key":"StrikeDummy"},{"floor":13,"key":"Bag of Marbles"},{"floor":24,"key":"Juzu Bracelet"},{"floor":25,"key":"Bag of Preparation"}],"event_choices":[{"damage_healed":0,"gold_gain":0,"player_choice":"Success","damage_taken":3,"relics_obtained":["Ornamental Fan"],"max_hp_gain":0,"max_hp_loss":0,"event_name":"Scrap Ooze","floor":3,"gold_loss":0},{"cards_removed":["downfall:Malfunctioning"],"damage_healed":0,"gold_gain":0,"player_choice":"Offered Curse","damage_taken":0,"relics_obtained":["Spirit Poop"],"max_hp_gain":0,"max_hp_loss":0,"event_name":"Bonfire Elementals","floor":4,"gold_loss":0}],"is_beta":false,"boss_relics":[{"not_picked":["Runic Dome","Tiny House"],"picked":"Cursed Key"}],"items_purged_floors":[23],"is_endless":false,"potions_floor_spawned":[10,11,14,15,19,20,28,29,32],"killed_by":"DF_ARCHETYPE_CLAW","ascension_level":3}}