{"host":"9ndbo4kgsfoemf7y","time":1613899453,"event":{"mods":["AchievementEnabler","BaseMod","Colored Map","DeckTracker","Keyboard Shortcuts","Minty Spire (QoL Compilation)","Permanent Neow","Quick Restart","Relic Stats","StSLib","SuperFastMode"],"gold_per_floor":[113,113,132,132,31,64,64,98,98,98,108,119,119,133,133,232,232,251,261,261,308,324,324,324,324,324,338,253,265,299,208,208,208,208],"floor_reached":33,"language":"KOR","playtime":1498,"items_purged":[],"score":451,"play_id":"6d9e3949-438c-4e12-8b23-353e399b40ae","local_time":"20210221182413","is_ascension_mode":true,"campfire_choices":[{"data":"Blizzard","floor":7.0,"key":"SMITH"},{"floor":10.0,"key":"REST"},{"floor":13.0,"key":"REST"},{"data":"Hologram","floor":15.0,"key":"SMITH"},{"data":"Redo","floor":23.0,"key":"SMITH"},{"data":"Ghostly","floor":25.0,"key":"SMITH"},{"data":"Ghostly","floor":32,"key":"SMITH"}],"circlet_count":0,"master_deck":["AscendersBane","Strike_B","Strike_B","Defend_B","Defend_B","Zap","Dualcast","Rip and Tear","Blizzard+1","Cold Snap","Conserve Battery","Stack","Hologram+1","Capacitor","Cold Snap","Barrage","Turbo","Leap","Chill","Fission","Sweeping Beam","Ghostly+1","Ghostly+1","Ghostly","Ghostly","Ghostly","Redo+1","Blizzard+1","Seek","Coolheaded","Chaos","Coolheaded"],"relics":["Cracked Core","Art of War","Boot","Symbiotic Virus","Nuclear Battery","Toy Ornithopter","Pantograph","Gremlin Horn","Kunai","Vajra"],"acts_visited":["Exordium","TheCity"],"potions_floor_usage":[30],"damage_taken":[{"damage":0.0,"enemies":"2 Louse","floor":1.0,"turns":3.0},{"damage":12.0,"enemies":"Jaw Worm","floor":3.0,"turns":2.0},{"damage":15.0,"enemies":"Gremlin Nob","floor":6.0,"turns":3.0},{"damage":23.0,"enemies":"3 Sentries","floor":8.0,"turns":8.0},{"damage":0.0,"enemies":"Cultist","floor":11.0,"turns":3.0},{"damage":11.0,"enemies":"3 Louse","floor":12.0,"turns":2.0},{"damage":2.0,"enemies":"Blue Slaver","floor":14.0,"turns":2.0},{"damage":16.0,"enemies":"Slime Boss","floor":16.0,"turns":10.0},{"damage":13.0,"enemies":"3 Byrds","floor":18.0,"turns":5.0},{"damage":7.0,"enemies":"Shell Parasite","floor":19.0,"turns":5.0},{"damage":0.0,"enemies":"Snake Plant","floor":22.0,"turns":4.0},{"damage":0,"enemies":"3 Cultists","floor":27,"turns":5},{"damage":17,"enemies":"Cultist and Chosen","floor":29,"turns":8},{"damage":7,"enemies":"Book of Stabbing","floor":30,"turns":7},{"damage":37,"enemies":"Champ","floor":33,"turns":12}],"seed_played":"712022547965928449","potions_obtained":[{"floor":1.0,"key":"Fire Potion"},{"floor":12.0,"key":"SpeedPotion"},{"floor":16.0,"key":"DistilledChaos"}],"is_trial":false,"path_per_floor":["M","?","M","?","$","E","R","E","T","R","M","M","R","M","R","B",null,"M","M","?","T","M","R","?","R","T","M","?","M","E","$","R","B"],"character_chosen":"DEFECT","items_purchased":["Hologram","Capacitor","Chaos","Coolheaded"],"campfire_rested":2,"item_purchase_floors":[5,5,31,31],"current_hp_per_floor":[68,61,49,49,49,34,34,11,11,31,31,20,40,38,38,22,57,44,37,34,34,34,34,34,34,34,34,34,17,15,15,15,0,0],"gold":208,"neow_bonus":"TRANSFORM_TWO_CARDS","is_daily":false,"chose_seed":false,"campfire_upgraded":5,"win_rate":0.0,"timestamp":1613899453,"path_taken":["M","?","M","?","?","E","R","E","T","R","M","M","R","?","R","BOSS","M","M","?","?","?","R","?","R","T","M","?","M","E","?","R","BOSS"],"items_purchased_type":["Card","Card","Card","Card"],"build_version":"2020-12-22","purchased_purges":0,"victory":false,"max_hp_per_floor":[68,68,68,68,68,68,68,68,68,68,68,68,68,68,68,68,68,68,68,34,34,34,34,34,34,34,34,34,34,34,34,34,34,34],"relic_stats":{"Gremlin Horn":[3,3],"counters":[15,79],"Pantograph":19,"Art of War":[8],"Kunai":[6],"Boot":[103],"obtain_stats":[{"Gremlin Horn":26,"Pantograph":24,"Vajra":30,"Art of War":6,"Kunai":28,"Cracked Core":0,"Boot":8,"Symbiotic Virus":9,"Toy Ornithopter":21,"Nuclear Battery":17},{"Gremlin Horn":11,"Pantograph":11,"Vajra":14,"Art of War":3,"Kunai":12,"Cracked Core":0,"Boot":4,"Symbiotic Virus":4,"Toy Ornithopter":10,"Nuclear Battery":8},{"Gremlin Horn":47,"Pantograph":47,"Vajra":67,"Art of War":8,"Kunai":52,"Cracked Core":0,"Boot":16,"Symbiotic Virus":16,"Toy Ornithopter":43,"Nuclear Battery":33}],"Toy Ornithopter":5},"card_choices":[{"not_picked":["Sweeping Beam","Steam"],"picked":"Cold Snap","floor":1.0},{"not_picked":["Reprogram","Ball Lightning"],"picked":"Conserve Battery","floor":3.0},{"not_picked":["Gash","Darkness"],"picked":"Cold Snap","floor":6.0},{"not_picked":["Ball Lightning","Turbo"],"picked":"Barrage","floor":8.0},{"not_picked":["Compile Driver","Steam"],"picked":"Turbo","floor":11.0},{"not_picked":["All For One","Rip and Tear"],"picked":"Leap","floor":12.0},{"not_picked":["Darkness","Rip and Tear"],"picked":"Chill","floor":14.0},{"not_picked":["Machine Learning","Multi-Cast"],"picked":"Fission","floor":16.0},{"not_picked":["Stack","Turbo+1"],"picked":"Sweeping Beam","floor":18.0},{"not_picked":["Leap+1","Skim","Sweeping Beam"],"picked":"SKIP","floor":19.0},{"not_picked":["Gash+1","Stack"],"picked":"Redo","floor":22.0},{"not_picked":["White Noise","Reinforced Body"],"picked":"Blizzard+1","floor":27},{"not_picked":["Beam Cell","Coolheaded"],"picked":"Seek","floor":29},{"not_picked":["BootSequence","Heatsinks"],"picked":"Coolheaded","floor":30}],"player_experience":877444,"relics_obtained":[{"floor":6.0,"key":"Art of War"},{"floor":8.0,"key":"Boot"},{"floor":9.0,"key":"Symbiotic Virus"},{"floor":21.0,"key":"Toy Ornithopter"},{"floor":26.0,"key":"Gremlin Horn"},{"floor":30,"key":"Vajra"}],"event_choices":[{"cards_removed":["Strike_B"],"damage_healed":0.0,"max_hp_gain":0.0,"max_hp_loss":0.0,"gold_gain":0.0,"event_name":"Golden Wing","player_choice":"Card Removal","floor":2.0,"gold_loss":0.0,"damage_taken":7.0},{"damage_healed":0.0,"max_hp_gain":0.0,"max_hp_loss":0.0,"gold_gain":0.0,"cards_transformed":["Defend_B"],"event_name":"Living Wall","player_choice":"Change","floor":4.0,"gold_loss":0.0,"damage_taken":0.0,"cards_obtained":["Stack"]},{"damage_healed":0.0,"max_hp_gain":0.0,"max_hp_loss":34.0,"gold_gain":0.0,"event_name":"Ghosts","player_choice":"Became a Ghost","floor":20.0,"gold_loss":0.0,"damage_taken":0.0,"cards_obtained":["Ghostly","Ghostly","Ghostly","Ghostly","Ghostly"]},{"damage_healed":0.0,"max_hp_gain":0.0,"max_hp_loss":0.0,"gold_gain":0.0,"event_name":"The Mausoleum","player_choice":"Opened","floor":24.0,"gold_loss":0.0,"damage_taken":0.0,"relics_obtained":["Pantograph"]},{"damage_healed":0,"gold_gain":0,"player_choice":"Obtained Relic","damage_taken":0,"relics_obtained":["Kunai"],"max_hp_gain":0,"max_hp_loss":0,"event_name":"Addict","floor":28,"gold_loss":85}],"is_beta":false,"boss_relics":[{"not_picked":["Cursed Key","Sozu"],"picked":"Nuclear Battery"}],"items_purged_floors":[],"is_endless":false,"potions_floor_spawned":[1,12,16,19,29],"killed_by":"Champ","ascension_level":11}}