{"host":"ul3z8ex5o8l5j7mh","time":1613903837,"event":{"mods":["2.2 Compatiblity","AchievementEnabler","BaseMod","Bestiary","Colored Map","Colored Powertips","Curses Come First","DeckTracker","Highlight Path","Keyboard Shortcuts","Minty Spire (QoL Compilation)","Relic Sorter","Relic Stats","StSLib","SuperFastMode"],"gold_per_floor":[118,136,136,154,154,183,200,200,200,200,0,15,50,50,50,50,50],"floor_reached":16,"language":"ENG","playtime":716,"items_purged":[],"score":121,"play_id":"e3f1e655-16b1-42a6-b8de-f2d4e0b3f088","local_time":"20210221113717","is_ascension_mode":true,"campfire_choices":[{"floor":8.0,"key":"REST"},{"floor":10.0,"key":"RECALL"},{"data":"Envenom","floor":15.0,"key":"SMITH"}],"circlet_count":0,"master_deck":["Strike_G","Strike_G","Strike_G","Strike_G","Strike_G+1","Defend_G","Defend_G","Defend_G","Defend_G","Defend_G+1","Survivor","Neutralize","Bane","Quick Slash","Envenom+1","Well Laid Plans","Deadly Poison","PiercingWail","Endless Agony"],"relics":["Ring of the Snake","Happy Flower","Ancient Tea Set","PreservedInsect","Singing Bowl"],"acts_visited":["Exordium"],"potions_floor_usage":[],"damage_taken":[{"damage":2.0,"enemies":"2 Louse","floor":1.0,"turns":3.0},{"damage":8.0,"enemies":"Jaw Worm","floor":2.0,"turns":4.0},{"damage":4.0,"enemies":"Small Slimes","floor":4.0,"turns":4.0},{"damage":27.0,"enemies":"Gremlin Nob","floor":6.0,"turns":4.0},{"damage":7.0,"enemies":"Exordium Thugs","floor":7.0,"turns":4.0},{"damage":4.0,"enemies":"2 Fungi Beasts","floor":12.0,"turns":3.0},{"damage":10.0,"enemies":"Lagavulin","floor":13.0,"turns":6.0},{"damage":59,"enemies":"Slime Boss","floor":16,"turns":8}],"seed_played":"-6443202365859577116","potions_obtained":[{"floor":2.0,"key":"LiquidMemories"},{"floor":6.0,"key":"Energy Potion"},{"floor":12.0,"key":"FearPotion"}],"is_trial":false,"path_per_floor":["M","M","?","M","?","E","M","R","T","R","$","M","E","$","R","B"],"character_chosen":"THE_SILENT","items_purchased":["PreservedInsect","Deadly Poison"],"campfire_rested":1,"item_purchase_floors":[11,11],"current_hp_per_floor":[75,67,52,48,73,46,39,62,62,62,62,58,48,48,48,0,0],"gold":50,"neow_bonus":"TEN_PERCENT_HP_BONUS","is_daily":false,"chose_seed":false,"campfire_upgraded":1,"win_rate":0.0,"timestamp":1613903837,"path_taken":["M","M","?","M","?","E","M","R","T","R","?","M","E","$","R","BOSS"],"items_purchased_type":["Relic","Card"],"build_version":"2020-12-22","purchased_purges":0,"victory":false,"max_hp_per_floor":[77,77,77,77,77,77,77,77,77,77,77,77,77,77,77,77,77],"relic_stats":{"Happy Flower":[7],"Singing Bowl":0,"counters":[8,36],"PreservedInsect":28,"obtain_stats":[{"Happy Flower":6,"Singing Bowl":13,"PreservedInsect":11,"Ancient Tea Set":9,"Ring of the Snake":0},{"Happy Flower":4,"Singing Bowl":7,"PreservedInsect":5,"Ancient Tea Set":5,"Ring of the Snake":0},{"Happy Flower":15,"Singing Bowl":28,"PreservedInsect":19,"Ancient Tea Set":19,"Ring of the Snake":0}],"Ring of the Snake":[16]},"card_choices":[{"not_picked":["Acrobatics","Underhanded Strike"],"picked":"Bane","floor":1.0},{"not_picked":["Acrobatics","PiercingWail"],"picked":"Quick Slash","floor":2.0},{"not_picked":["Escape Plan","Tactician"],"picked":"Envenom","floor":4.0},{"not_picked":["Slice","Blade Dance","Quick Slash"],"picked":"SKIP","floor":6.0},{"not_picked":["Caltrops","Sucker Punch"],"picked":"Well Laid Plans","floor":7.0},{"not_picked":["Quick Slash","Outmaneuver"],"picked":"PiercingWail","floor":12.0},{"not_picked":["Crippling Poison","Finisher"],"picked":"Endless Agony","floor":13.0}],"player_experience":412752,"relics_obtained":[{"floor":6.0,"key":"Happy Flower"},{"floor":9.0,"key":"Ancient Tea Set"},{"floor":13.0,"key":"Singing Bowl"}],"event_choices":[{"damage_healed":0.0,"max_hp_gain":0.0,"max_hp_loss":0.0,"gold_gain":0.0,"event_name":"Shining Light","player_choice":"Entered Light","floor":3.0,"gold_loss":0.0,"damage_taken":15.0,"cards_upgraded":["Strike_G","Defend_G"]},{"damage_healed":25.0,"max_hp_gain":0.0,"max_hp_loss":0.0,"gold_gain":0.0,"event_name":"Big Fish","player_choice":"Banana","floor":5.0,"gold_loss":0.0,"damage_taken":0.0}],"is_beta":false,"boss_relics":[],"items_purged_floors":[],"is_endless":false,"potions_floor_spawned":[2,6,12],"killed_by":"Slime Boss","ascension_level":2}}