{"host":"b0hicta09nhxha44","time":1613911142,"event":{"mods":["BaseMod","Highlight Path","Minty Spire (QoL Compilation)","Slay-I"],"gold_per_floor":[117,133,133,48,48,83,83,83,106,106,5,34,61,61,61,135,135,147,159,159,159],"floor_reached":20,"language":"ENG","playtime":1204,"items_purged":["Strike_B"],"score":396,"play_id":"480f5320-f592-4150-8f10-9f7d05346088","local_time":"20210221123902","is_ascension_mode":true,"campfire_choices":[{"data":"Reinforced Body","floor":8,"key":"SMITH"},{"data":"Zap","floor":10,"key":"SMITH"},{"data":"Dualcast","floor":15,"key":"SMITH"}],"circlet_count":0,"master_deck":["AscendersBane","Strike_B+1","Strike_B","Defend_B","Defend_B+1","Defend_B","Defend_B","Zap+1","Dualcast+1","Reinforced Body+1","Cold Snap","Self Repair","Gash","All For One","Thunder Strike","Hologram","Gash"],"relics":["Cracked Core","NeowsBlessing","Anchor","Tiny Chest","Omamori","Potion Belt","Vajra","Cursed Key"],"acts_visited":["Exordium","TheCity"],"potions_floor_usage":[12,19,20],"damage_taken":[{"damage":0,"enemies":"Jaw Worm","floor":1,"turns":1},{"damage":0,"enemies":"2 Louse","floor":2,"turns":1},{"damage":0,"enemies":"3 Sentries","floor":6,"turns":1},{"damage":17,"enemies":"Lagavulin","floor":12,"turns":8},{"damage":31,"enemies":"The Guardian","floor":16,"turns":12},{"damage":27,"enemies":"3 Byrds","floor":18,"turns":5},{"damage":3,"enemies":"Shell Parasite","floor":19,"turns":5},{"damage":24,"enemies":"Snake Plant","floor":20,"turns":4}],"seed_played":"8606351474826026499","potions_obtained":[{"floor":1,"key":"Regen Potion"},{"floor":18,"key":"Energy Potion"},{"floor":19,"key":"AttackPotion"}],"is_trial":false,"path_per_floor":["M","M","?","$","?","E","?","R","T","R","$","E","T","?","R","B",null,"M","M","M"],"character_chosen":"DEFECT","items_purchased":["Self Repair","Gash"],"campfire_rested":0,"item_purchase_floors":[4,11],"current_hp_per_floor":[64,64,43,43,38,38,31,31,31,31,31,36,36,36,36,12,56,36,40,16,16],"gold":159,"neow_bonus":"THREE_ENEMY_KILL","is_daily":false,"chose_seed":false,"campfire_upgraded":3,"win_rate":0.0,"timestamp":1613911142,"path_taken":["M","M","?","$","?","E","?","R","T","R","$","E","?","?","R","BOSS","M","M","M"],"items_purchased_type":["Card","Card"],"build_version":"2020-12-22","purchased_purges":1,"victory":false,"max_hp_per_floor":[71,71,71,71,71,71,71,71,71,71,71,71,71,71,71,71,71,71,71,71,71],"card_choices":[{"not_picked":["Coolheaded","Auto Shields"],"picked":"Reinforced Body","floor":1},{"not_picked":["Rebound","Leap"],"picked":"Cold Snap","floor":2},{"not_picked":["Double Energy","Amplify","Rebound"],"picked":"SKIP","floor":6},{"not_picked":["Conserve Battery","Meteor Strike","Barrage"],"picked":"SKIP","floor":12},{"not_picked":["Hyperbeam","Meteor Strike"],"picked":"Thunder Strike","floor":16},{"not_picked":["BootSequence","Conserve Battery"],"picked":"Hologram","floor":18},{"not_picked":["Rip and Tear","Stack+1"],"picked":"Gash","floor":19}],"player_experience":3607825,"relics_obtained":[{"floor":6,"key":"Tiny Chest"},{"floor":9,"key":"Omamori"},{"floor":12,"key":"Potion Belt"},{"floor":13,"key":"Vajra"}],"event_choices":[{"damage_healed":0,"gold_gain":0,"player_choice":"Entered Light","damage_taken":21,"max_hp_gain":0,"max_hp_loss":0,"event_name":"Shining Light","floor":3,"gold_loss":0,"cards_upgraded":["Defend_B","Strike_B"]},{"damage_healed":0,"gold_gain":0,"player_choice":"Success","damage_taken":5,"relics_obtained":["Anchor"],"max_hp_gain":0,"max_hp_loss":0,"event_name":"Scrap Ooze","floor":5,"gold_loss":0},{"cards_removed":["Strike_B"],"damage_healed":0,"gold_gain":0,"player_choice":"Card Removal","damage_taken":7,"max_hp_gain":0,"max_hp_loss":0,"event_name":"Golden Wing","floor":7,"gold_loss":0},{"damage_healed":0,"gold_gain":0,"player_choice":"1 cards matched","damage_taken":0,"max_hp_gain":0,"max_hp_loss":0,"event_name":"Match and Keep!","floor":14,"gold_loss":0,"cards_obtained":["All For One"]}],"is_beta":false,"boss_relics":[{"not_picked":["Astrolabe","Pandora\u0027s Box"],"picked":"Cursed Key"}],"items_purged_floors":[11],"is_endless":false,"potions_floor_spawned":[1,18,19],"killed_by":"Snake Plant","ascension_level":19}}