{"host":"oq0u6q7bjztc2jwc","time":1613892488,"event":{"mods":["AchievementEnabler","BaseMod","Colored Map","Highlight Path","Minty Spire (QoL Compilation)","Permanent Neow","StSLib"],"gold_per_floor":[111,111,111,134,63,107,107,32,32,32,47,47,63,82,82,211,211,230,230,155,3,17,61,61,99,173,217,39,70,70,70],"floor_reached":30,"language":"ENG","playtime":2310,"items_purged":["Injury","Night Terror","Envenom"],"score":428,"play_id":"b41a95d5-91a6-4ee3-bf18-267395bf3df3","local_time":"20210221022808","is_ascension_mode":true,"campfire_choices":[{"data":"Accuracy","floor":7.0,"key":"SMITH"},{"data":"Accuracy","floor":10.0,"key":"SMITH"},{"data":"Blade Dance","floor":15.0,"key":"SMITH"},{"data":"Accuracy","floor":24.0,"key":"SMITH"}],"circlet_count":0,"master_deck":["Survivor","Neutralize","After Image","Blade Dance+1","Outmaneuver","Accuracy+1","Accuracy+1","Concentrate","Envenom","Burst","Bouncing Flask","Well Laid Plans","Deflect","Outmaneuver","Bullet Time","Accuracy+1","Cloak And Dagger","Accuracy","Infinite Blades","Finisher","Cloak And Dagger","Cloak And Dagger+1"],"relics":["Ring of the Snake","Golden Idol","Tiny Chest","Tough Bandages","Pandora\u0027s Box","Mercury Hourglass","Darkstone Periapt","Pear","Art of War","Bottled Lightning"],"acts_visited":["Exordium","TheCity"],"potions_floor_usage":[29,29,30],"damage_taken":[{"damage":0.0,"enemies":"Small Slimes","floor":1.0,"turns":3.0},{"damage":0.0,"enemies":"Jaw Worm","floor":4.0,"turns":5.0},{"damage":26.0,"enemies":"Gremlin Nob","floor":6.0,"turns":5.0},{"damage":6.0,"enemies":"Cultist","floor":11.0,"turns":3.0},{"damage":1.0,"enemies":"Exordium Thugs","floor":13.0,"turns":5.0},{"damage":0.0,"enemies":"Red Slaver","floor":14.0,"turns":3.0},{"damage":7.0,"enemies":"Hexaghost","floor":16.0,"turns":11.0},{"damage":1.0,"enemies":"3 Byrds","floor":18.0,"turns":5.0},{"damage":8.0,"enemies":"2 Thieves","floor":22.0,"turns":3.0},{"damage":0.0,"enemies":"Gremlin Leader","floor":23.0,"turns":5.0},{"damage":26.0,"enemies":"Slavers","floor":25.0,"turns":5.0},{"damage":14.0,"enemies":"Gremlin Leader","floor":27.0,"turns":4.0},{"damage":17,"enemies":"Slavers","floor":29,"turns":5},{"damage":34,"enemies":"Chosen and Byrds","floor":30,"turns":4}],"seed_played":"-7097080180313795246","potions_obtained":[{"floor":1.0,"key":"ColorlessPotion"},{"floor":6.0,"key":"AttackPotion"},{"floor":16.0,"key":"GamblersBrew"},{"floor":25.0,"key":"Poison Potion"},{"floor":27.0,"key":"DistilledChaos"},{"floor":29,"key":"Fruit Juice"}],"is_trial":false,"path_per_floor":["M","?","?","M","$","E","R","$","T","R","M","?","M","M","R","B",null,"M","T","?","$","M","E","R","E","T","E","$","E","M"],"character_chosen":"THE_SILENT","items_purchased":["Accuracy","Cloak And Dagger","Cloak And Dagger"],"campfire_rested":0,"item_purchase_floors":[5,21,28],"current_hp_per_floor":[70,56,56,56,56,30,30,30,30,30,24,24,23,23,23,16,70,69,69,69,69,61,61,61,45,45,31,31,19,0,0],"gold":70,"neow_bonus":"ONE_RANDOM_RARE_CARD","is_daily":false,"chose_seed":false,"campfire_upgraded":4,"win_rate":0.0,"timestamp":1613892488,"path_taken":["M","?","?","M","?","E","R","$","T","R","?","?","?","M","R","BOSS","M","?","?","$","M","E","R","E","T","E","$","E","M"],"items_purchased_type":["Card","Card","Card"],"build_version":"2020-12-22","purchased_purges":3,"victory":false,"max_hp_per_floor":[70,70,70,70,70,70,70,70,70,70,70,70,70,70,70,70,70,70,70,70,70,70,70,70,80,80,80,80,85,85,85],"card_choices":[{"not_picked":["Outmaneuver","Bane"],"picked":"Blade Dance","floor":1.0},{"not_picked":["Predator","Calculated Gamble"],"picked":"Outmaneuver","floor":4.0},{"not_picked":["Deflect","Dagger Spray"],"picked":"Accuracy","floor":6.0},{"not_picked":["Outmaneuver","Endless Agony","Dagger Spray"],"picked":"SKIP","floor":11.0},{"not_picked":["Skewer","Poisoned Stab"],"picked":"Concentrate","floor":13.0},{"not_picked":["Outmaneuver","Bane","Flying Knee"],"picked":"SKIP","floor":14.0},{"not_picked":["After Image","Doppelganger"],"picked":"Envenom","floor":16.0},{"not_picked":["PiercingWail","Dagger Throw"],"picked":"Accuracy","floor":18.0},{"not_picked":["Masterful Stab","Deadly Poison+1"],"picked":"Accuracy","floor":22.0},{"not_picked":["Deadly Poison","Calculated Gamble","Masterful Stab"],"picked":"SKIP","floor":23.0},{"not_picked":["Sucker Punch","Backstab"],"picked":"Infinite Blades","floor":25.0},{"not_picked":["Endless Agony","Leg Sweep"],"picked":"Finisher","floor":27.0},{"not_picked":["Envenom","Poisoned Stab"],"picked":"Cloak And Dagger+1","floor":29}],"player_experience":442945,"relics_obtained":[{"floor":6.0,"key":"Tiny Chest"},{"floor":9.0,"key":"Tough Bandages"},{"floor":19.0,"key":"Mercury Hourglass"},{"floor":23.0,"key":"Darkstone Periapt"},{"floor":25.0,"key":"Pear"},{"floor":27.0,"key":"Art of War"},{"floor":29,"key":"Bottled Lightning"}],"event_choices":[{"damage_healed":0.0,"max_hp_gain":0.0,"max_hp_loss":0.0,"gold_gain":0.0,"event_name":"Shining Light","player_choice":"Entered Light","floor":2.0,"gold_loss":0.0,"damage_taken":14.0,"cards_upgraded":["Strike_G","Strike_G"]},{"damage_healed":0.0,"max_hp_gain":0.0,"max_hp_loss":0.0,"gold_gain":0.0,"event_name":"Golden Idol","player_choice":"Take Wound","floor":3.0,"gold_loss":0.0,"damage_taken":0.0,"relics_obtained":["Golden Idol"],"cards_obtained":["Injury"]},{"cards_removed":["Strike_G"],"damage_healed":0.0,"max_hp_gain":0.0,"max_hp_loss":0.0,"gold_gain":0.0,"event_name":"Purifier","player_choice":"Purged","floor":12.0,"gold_loss":0.0,"damage_taken":0.0},{"cards_removed":["Endless Agony"],"damage_healed":0.0,"max_hp_gain":0.0,"max_hp_loss":0.0,"gold_gain":0.0,"event_name":"Beggar","player_choice":"Gave Gold","floor":20.0,"gold_loss":75.0,"damage_taken":0.0}],"is_beta":false,"boss_relics":[{"not_picked":["Fusion Hammer","Cursed Key"],"picked":"Pandora\u0027s Box"}],"items_purged_floors":[8,21,28],"is_endless":false,"potions_floor_spawned":[1,6,16,25,27,29],"killed_by":"Chosen and Byrds","ascension_level":3}}