{"host":"ormi09wwzv7sq47a","time":1613943735,"event":{"mods":["2.2 Compatiblity","AchievementEnabler","Act Like it!","BaseMod","Bestiary","Better Altar","Better Note","Better Sensory Stone","Better Silent Start","Better Skull","Better Third Choice","Better Vampires","BetterRewards","Block Reminder","Card Forge","Colored Map","Colored Powertips","Curses Come First","DeckTracker","Downfall","Highlight Path","Minty Spire (QoL Compilation)","Permanent Neow","Quick Restart","Rare Cards Sparkle","Relic Stats","Shop Mod","StSLib","The Jungle"],"gold_per_floor":[118,118,129,4,15,15,0,32,58,58,58,74,74,85,85,157,157,175,175,185,202,202,202,232,232,532,45,78,90,90,105,105,182,182,195,33,53,64,84,84,103,103,103,66,82,82,132,164,164,164,164,164,164],"floor_reached":51,"language":"ENG","playtime":3112,"items_purged":["Guardian:Strike_Guardian","Guardian:Defend_Guardian","Guardian:Strike_Guardian"],"score":1834,"play_id":"77d3d9bd-274b-4bda-b1fe-b95438ff32c3","local_time":"20210221184215","is_ascension_mode":true,"campfire_choices":[{"data":"Guardian:TwinSlam","floor":6.0,"key":"SMITH"},{"floor":10.0,"key":"REST"},{"data":"Guardian:Suspension","floor":13.0,"key":"SMITH"},{"data":"Guardian:MultiBeam","floor":15.0,"key":"SMITH"},{"data":"Magnetism","floor":23.0,"key":"SMITH"},{"floor":30.0,"key":"REST"},{"data":"Guardian:GemFire","floor":32.0,"key":"SMITH"},{"floor":40.0,"key":"REST"},{"data":"Guardian:TemporalShield","floor":42.0,"key":"SMITH"},{"floor":49,"key":"REST"}],"circlet_count":0,"master_deck":["AscendersBane","Guardian:Defend_Guardian","Guardian:Defend_Guardian","Guardian:CurlUp","Guardian:TwinSlam+1","Guardian:ArmoredProtocol","Guardian:TemporalShield+1","Guardian:RevengeProtocol","Guardian:BronzeArmor","Guardian:Suspension+1","Guardian:MultiBeam+1","Guardian:GemFire+1","Guardian:BaubleBeam+1","Guardian:Repulse+1","Finesse","Magnetism+1","Guardian:Harden+1","Guardian:ChargeUp+1","Guardian:TemporalShield+1","Guardian:DonusPower+1","Guardian:Gem_Fragmented","Guardian:Suspension+1","Guardian:Gem_Cyan","Guardian:FloatingOrbs"],"relics":["Guardian:ModeShifter","Hammer of Thor","Seething Fire","Anvil of the Gods","Medical Kit","Bronze Scales","Lizard Tail","champ:DeflectingBracers","Sundial","Bag of Marbles","Vajra","Astrolabe","Pantograph","Old Coin","champ:DuelingGlove","Toolbox","Tiny Chest","expansioncontent:StudyCardRelic","Lantern","Potion Belt","Blue Candle","Whetstone"],"acts_visited":["Exordium","TheCity","TheBeyond"],"potions_floor_usage":[50,50],"damage_taken":[{"damage":0.0,"enemies":"Small Slimes","floor":1.0,"turns":4.0},{"damage":0.0,"enemies":"2 Louse","floor":3.0,"turns":3.0},{"damage":0.0,"enemies":"Cultist","floor":5.0,"turns":3.0},{"damage":5.0,"enemies":"3 Sentries","floor":8.0,"turns":6.0},{"damage":0.0,"enemies":"Looter","floor":12.0,"turns":2.0},{"damage":0.0,"enemies":"3 Louse","floor":14.0,"turns":3.0},{"damage":4.0,"enemies":"The Guardian","floor":16.0,"turns":8.0},{"damage":4.0,"enemies":"2 Thieves","floor":18.0,"turns":2.0},{"damage":0.0,"enemies":"3 Byrds","floor":20.0,"turns":2.0},{"damage":6.0,"enemies":"Snake Plant","floor":21.0,"turns":2.0},{"damage":21.0,"enemies":"Slavers","floor":24.0,"turns":3.0},{"damage":16.0,"enemies":"Book of Stabbing","floor":28.0,"turns":4.0},{"damage":12.0,"enemies":"Sentry and Sphere","floor":29.0,"turns":5.0},{"damage":29.0,"enemies":"Chosen and Byrds","floor":31.0,"turns":6.0},{"damage":33.0,"enemies":"Champ","floor":33.0,"turns":12.0},{"damage":0.0,"enemies":"Orb Walker","floor":35.0,"turns":2.0},{"damage":0.0,"enemies":"3 Shapes","floor":37.0,"turns":4.0},{"damage":9.0,"enemies":"Maw","floor":38.0,"turns":6.0},{"damage":40.0,"enemies":"4 Shapes","floor":39.0,"turns":5.0},{"damage":1.0,"enemies":"Writhing Mass","floor":41.0,"turns":3.0},{"damage":2.0,"enemies":"3 Darklings","floor":45.0,"turns":2.0},{"damage":16,"enemies":"Nemesis","floor":48,"turns":3},{"damage":17,"enemies":"Donu and Deca","floor":50,"turns":5},{"damage":78,"enemies":"Awakened One","floor":51,"turns":10}],"seed_played":"-2744183913737711974","potions_obtained":[{"floor":3.0,"key":"sneckomod:MuddlingPotion"},{"floor":5.0,"key":"champ:CounterPotion"},{"floor":8.0,"key":"CultistPotion"},{"floor":20.0,"key":"FearPotion"},{"floor":33.0,"key":"CultistPotion"},{"floor":35.0,"key":"champ:CounterPotion"},{"floor":37.0,"key":"LiquidMemories"},{"floor":45.0,"key":"sneckomod:MuddlingPotion"}],"is_trial":false,"path_per_floor":["M","?","M","$","M","R","?","E","T","R","?","M","R","M","R","B",null,"M","?","M","M","?","R","E","?","T","$","E","M","R","M","R","B",null,"M","$","M","M","M","R","M","R","T","$","M","?","?","E","R","B","B"],"character_chosen":"GUARDIAN","items_purchased":["Medical Kit","Bronze Scales","Guardian:ArmoredProtocol","Sundial","Guardian:TemporalShield","SkillPotion","champ:DuelingGlove","Toolbox","Lantern","Guardian:FloatingOrbs"],"campfire_rested":4,"item_purchase_floors":[0,0,0,0,0,0,27,27,36,44],"current_hp_per_floor":[23,23,23,23,23,23,23,18,18,39,39,39,39,39,39,35,63,59,59,59,53,53,53,32,32,32,32,16,4,25,36,36,28,61,61,61,61,52,12,33,32,32,32,32,30,25,25,9,30,38,0,0,0],"gold":164,"neow_bonus":"","is_daily":false,"chose_seed":false,"campfire_upgraded":6,"win_rate":0.0,"timestamp":1613943735,"path_taken":["M","?","M","$","M","R","?","E","T","R","?","M","R","M","R","BOSS","M","?","M","M","?","R","E","?","T","$","E","M","R","M","R","BOSS","M","$","M","M","M","R","M","R","T","$","M","?","?","E","R","BOSS","BOSS"],"items_purchased_type":["Relic","Relic","Card","Relic","Card","Potion","Relic","Relic","Relic","Card"],"build_version":"2020-12-22","purchased_purges":3,"victory":false,"max_hp_per_floor":[72,72,72,72,72,72,72,72,72,72,72,72,72,72,72,72,72,72,72,72,72,72,72,72,72,72,72,72,72,72,72,72,72,72,72,72,72,72,72,72,72,72,72,72,72,72,72,72,72,72,72,72,72],"relic_stats":{"Lizard Tail":36,"counters":[453,2111],"Sundial":[22],"Bronze Scales":[748],"Astrolabe":["Guardian:BaubleBeam","Guardian:Repulse","Guardian:Gem_Synthetic"],"Pantograph":75,"Blue Candle":[0],"Tiny Chest":0,"Whetstone":[],"Medical Kit":[12],"obtain_stats":[{"Guardian:StasisEgg":37,"Ginger":0,"Whetstone":26,"Sling":0,"Boot":53,"Old Coin":43,"Guardian:PickAxe":14,"Blood Vial":23,"Sundial":30,"MealTicket":0,"Kunai":53,"MerchantsRug":21,"Pear":40,"Blue Candle":0,"Eternal Feather":9,"Pen Nib":44,"Guardian:PocketSentry":6,"Akabeko":0,"MutagenicStrength":22,"Bird Faced Urn":0,"Snecko Eye":17,"Pandora\u0027s Box":34,"StrikeDummy":43,"Unceasing Top":7,"Guardian:StasisSlotReductionRelic":17,"Lantern":29,"Regal Pillow":7,"Torii":12,"Singing Bowl":21,"Guardian:StasisCodex":54,"StoneCalendar":38,"Bag of Preparation":21,"Ancient Tea Set":26,"Smiling Mask":30,"Cursed Key":17,"Matryoshka":9,"Shovel":40,"Toolbox":27,"WingedGreaves":37,"InkBottle":47,"Potion Belt":43,"Lee\u0027s Waffle":0,"Golden Idol":13,"Thread and Needle":12,"PreservedInsect":17,"The Courier":34,"champ:DeflectingBracers":0,"Omamori":46,"Seething Fire":0,"Frozen Egg 2":9,"MawBank":9,"Ornamental Fan":45,"betterThird:SlimedRelic":2,"Turnip":0,"Art of War":48,"Bottled Lightning":26,"hexamod:BolsterEngine":13,"Toy Ornithopter":44,"Ice Cream":31,"champ:DuelingGlove":27,"Calipers":30,"Tiny House":17,"Gremlin Horn":26,"Nilry\u0027s Codex":25,"CeramicFish":7,"Vajra":31,"Guardian:SackOfGems":23,"Hammer of Thor":0,"Lizard Tail":0,"Centennial Puzzle":29,"HornCleat":22,"DollysMirror":31,"Strawberry":10,"Prayer Wheel":17,"Philosopher\u0027s Stone":34,"Toxic Egg 2":29,"Girya":10,"Guardian:BottledStasis":36,"Happy Flower":54,"Astrolabe":17,"Dead Branch":0,"Guardian:ModeShifter":0,"Oddly Smooth Stone":37,"Letter Opener":9,"War Paint":9,"Question Card":40,"Du-Vu Doll":0,"OrangePellets":0,"Bottled Flame":26,"Shuriken":26,"Anvil of the Gods":0,"Bronze Scales":0,"Black Star":34,"Nloth\u0027s Gift":22,"Pocketwatch":7,"Meat on the Bone":24,"Darkstone Periapt":17,"Guardian:ModeShifterPlus":34,"Mango":0,"Incense Burner":7,"Juzu Bracelet":7,"expansioncontent:StudyCardRelic":34,"Empty Cage":17,"Dream Catcher":14,"Nunchaku":0,"Mummified Hand":8,"Gambling Chip":0,"Pantograph":24,"Tiny Chest":25,"Orichalcum":43,"Odd Mushroom":10,"Medical Kit":0,"White Beast Statue":21,"Mercury Hourglass":45,"Calling Bell":17,"Peace Pipe":0,"Guardian:StasisUpgradeRelic":53,"CaptainsWheel":9,"Anchor":9,"Bag of Marbles":48,"Membership Card":21,"FossilizedHelix":38,"TungstenRod":26},{"Guardian:StasisEgg":218,"Ginger":39,"Whetstone":249,"Sling":39,"Boot":346,"Old Coin":342,"Guardian:PickAxe":24,"Blood Vial":51,"Sundial":12,"MealTicket":171,"Kunai":109,"MerchantsRug":96,"Pear":320,"Blue Candle":136,"Eternal Feather":44,"Pen Nib":35,"Guardian:PocketSentry":44,"Akabeko":84,"MutagenicStrength":180,"Bird Faced Urn":225,"Snecko Eye":246,"Pandora\u0027s Box":14,"StrikeDummy":256,"Unceasing Top":69,"Guardian:StasisSlotReductionRelic":7,"Lantern":29,"Regal Pillow":329,"Torii":143,"Singing Bowl":209,"Guardian:StasisCodex":65,"StoneCalendar":189,"Bag of Preparation":96,"Ancient Tea Set":28,"Smiling Mask":99,"Cursed Key":177,"Matryoshka":194,"Shovel":220,"Toolbox":440,"WingedGreaves":318,"InkBottle":37,"Potion Belt":449,"Lee\u0027s Waffle":162,"Golden Idol":5,"Thread and Needle":331,"PreservedInsect":25,"The Courier":276,"champ:DeflectingBracers":429,"Omamori":106,"Seething Fire":0,"Frozen Egg 2":89,"MawBank":204,"Ornamental Fan":423,"betterThird:SlimedRelic":40,"Turnip":66,"Art of War":133,"Bottled Lightning":10,"hexamod:BolsterEngine":45,"Toy Ornithopter":105,"Ice Cream":275,"champ:DuelingGlove":440,"Calipers":124,"Tiny House":333,"Gremlin Horn":52,"Nilry\u0027s Codex":149,"CeramicFish":305,"Vajra":30,"Guardian:SackOfGems":210,"Hammer of Thor":0,"Lizard Tail":17,"Centennial Puzzle":53,"HornCleat":50,"DollysMirror":99,"Strawberry":90,"Prayer Wheel":25,"Philosopher\u0027s Stone":186,"Toxic Egg 2":215,"Girya":80,"Guardian:BottledStasis":277,"Happy Flower":110,"Astrolabe":47,"Dead Branch":111,"Guardian:ModeShifter":0,"Oddly Smooth Stone":32,"Letter Opener":242,"War Paint":69,"Question Card":255,"Du-Vu Doll":288,"OrangePellets":111,"Bottled Flame":123,"Shuriken":97,"Anvil of the Gods":0,"Bronze Scales":162,"Black Star":100,"Nloth\u0027s Gift":209,"Pocketwatch":116,"Meat on the Bone":248,"Darkstone Periapt":25,"Guardian:ModeShifterPlus":55,"Mango":402,"Incense Burner":4,"Juzu Bracelet":168,"expansioncontent:StudyCardRelic":444,"Empty Cage":383,"Dream Catcher":6,"Nunchaku":66,"Mummified Hand":141,"Gambling Chip":348,"Pantograph":440,"Tiny Chest":123,"Orichalcum":34,"Odd Mushroom":331,"Medical Kit":66,"White Beast Statue":96,"Mercury Hourglass":157,"Calling Bell":25,"Peace Pipe":76,"Guardian:StasisUpgradeRelic":109,"CaptainsWheel":4,"Anchor":21,"Bag of Marbles":63,"Membership Card":96,"FossilizedHelix":58,"TungstenRod":212},{"Guardian:StasisEgg":983,"Ginger":211,"Whetstone":1148,"Sling":211,"Boot":1601,"Old Coin":1571,"Guardian:PickAxe":121,"Blood Vial":270,"Sundial":61,"MealTicket":775,"Kunai":521,"MerchantsRug":476,"Pear":1454,"Blue Candle":609,"Eternal Feather":237,"Pen Nib":184,"Guardian:PocketSentry":237,"Akabeko":446,"MutagenicStrength":815,"Bird Faced Urn":1021,"Snecko Eye":1137,"Pandora\u0027s Box":75,"StrikeDummy":1185,"Unceasing Top":367,"Guardian:StasisSlotReductionRelic":38,"Lantern":150,"Regal Pillow":1502,"Torii":640,"Singing Bowl":955,"Guardian:StasisCodex":340,"StoneCalendar":861,"Bag of Preparation":476,"Ancient Tea Set":145,"Smiling Mask":485,"Cursed Key":801,"Matryoshka":883,"Shovel":992,"Toolbox":2044,"WingedGreaves":1450,"InkBottle":196,"Potion Belt":2091,"Lee\u0027s Waffle":727,"Golden Idol":22,"Thread and Needle":1508,"PreservedInsect":130,"The Courier":1282,"champ:DeflectingBracers":2006,"Omamori":510,"Seething Fire":0,"Frozen Egg 2":456,"MawBank":929,"Ornamental Fan":1976,"betterThird:SlimedRelic":214,"Turnip":349,"Art of War":591,"Bottled Lightning":50,"hexamod:BolsterEngine":240,"Toy Ornithopter":504,"Ice Cream":1273,"champ:DuelingGlove":2044,"Calipers":565,"Tiny House":1521,"Gremlin Horn":274,"Nilry\u0027s Codex":664,"CeramicFish":1404,"Vajra":154,"Guardian:SackOfGems":959,"Hammer of Thor":0,"Lizard Tail":91,"Centennial Puzzle":277,"HornCleat":266,"DollysMirror":485,"Strawberry":460,"Prayer Wheel":130,"Philosopher\u0027s Stone":845,"Toxic Egg 2":974,"Girya":426,"Guardian:BottledStasis":1284,"Happy Flower":525,"Astrolabe":259,"Dead Branch":532,"Guardian:ModeShifter":0,"Oddly Smooth Stone":167,"Letter Opener":1119,"War Paint":367,"Question Card":1177,"Du-Vu Doll":1325,"OrangePellets":532,"Bottled Flame":561,"Shuriken":479,"Anvil of the Gods":0,"Bronze Scales":727,"Black Star":490,"Nloth\u0027s Gift":955,"Pocketwatch":545,"Meat on the Bone":1146,"Darkstone Periapt":130,"Guardian:ModeShifterPlus":288,"Mango":1875,"Incense Burner":18,"Juzu Bracelet":761,"expansioncontent:StudyCardRelic":2071,"Empty Cage":1775,"Dream Catcher":28,"Nunchaku":349,"Mummified Hand":631,"Gambling Chip":1619,"Pantograph":2044,"Tiny Chest":561,"Orichalcum":177,"Odd Mushroom":1508,"Medical Kit":349,"White Beast Statue":476,"Mercury Hourglass":698,"Calling Bell":130,"Peace Pipe":412,"Guardian:StasisUpgradeRelic":521,"CaptainsWheel":18,"Anchor":107,"Bag of Marbles":326,"Membership Card":476,"FossilizedHelix":296,"TungstenRod":962}]},"card_choices":[{"not_picked":["Guardian:Incinerate","Guardian:RollAttack"],"picked":"Guardian:Gem_Cyan","floor":1.0},{"not_picked":["Guardian:CrystalBeam","Guardian:Suspension"],"picked":"Guardian:RevengeProtocol","floor":3.0},{"not_picked":["Guardian:WalkerClaw","Guardian:Gem_Red"],"picked":"Guardian:Gem_Lightblue","floor":5.0},{"not_picked":["Guardian:ExploitGems","Guardian:WalkerClaw"],"picked":"Guardian:BronzeArmor","floor":8.0},{"not_picked":["Guardian:ChargeCore","Guardian:PiercingHide"],"picked":"Guardian:Suspension","floor":12.0},{"not_picked":["Guardian:VentSteam","Guardian:Suspension"],"picked":"Guardian:MultiBeam","floor":14.0},{"not_picked":["Guardian:Gem_Synthetic","Guardian:RevengeProtocol"],"picked":"Guardian:GemFire","floor":16.0},{"not_picked":["Guardian:VentSteam+1","Guardian:Planning","Guardian:Repulse"],"picked":"SKIP","floor":18.0},{"not_picked":["Guardian:Preprogram","Guardian:ChargeCore"],"picked":"Guardian:Gem_Cyan","floor":20.0},{"not_picked":["Guardian:Gem_Lightblue","Guardian:Incinerate","Guardian:TemporalStrike"],"picked":"SKIP","floor":21.0},{"not_picked":["Forethought","Mind Blast"],"picked":"Finesse","floor":22.0},{"not_picked":["Madness","PanicButton"],"picked":"Magnetism","floor":22.0},{"not_picked":["Guardian:TemporalShield","Guardian:Incinerate+1"],"picked":"Guardian:Harden+1","floor":24.0},{"not_picked":["Guardian:BronzeArmor","Guardian:DecasProtection"],"picked":"Guardian:ChargeUp+1","floor":28.0},{"not_picked":["Guardian:Recover","Guardian:VentSteam"],"picked":"Guardian:TemporalShield+1","floor":29.0},{"not_picked":["Guardian:MultiBeam","Guardian:Reroute"],"picked":"Guardian:DonusPower+1","floor":31.0},{"not_picked":["Guardian:FastForward","Guardian:FierceBash"],"picked":"Guardian:Gem_Orange","floor":33.0},{"not_picked":["Guardian:TemporalStrike","Guardian:Recover"],"picked":"Guardian:Gem_Fragmented","floor":35.0},{"not_picked":["Guardian:Gem_Red","Guardian:Planning+1","Guardian:Gem_Lightblue"],"picked":"SKIP","floor":37.0},{"not_picked":["Guardian:RollAttack","Guardian:MultiBeam"],"picked":"Guardian:Suspension+1","floor":38.0},{"not_picked":["Guardian:DonusPower","Guardian:PrimingBeam+1"],"picked":"Guardian:Gem_White","floor":39.0},{"not_picked":["Guardian:ShieldCharger","Guardian:TemporalShield"],"picked":"Guardian:Gem_Cyan","floor":41.0},{"not_picked":["Guardian:WalkerClaw","Guardian:TemporalShield","Guardian:VentSteam"],"picked":"SKIP","floor":45.0},{"not_picked":["Guardian:Gem_Blue","Guardian:MultiBeam","Guardian:Gem_Fragmented"],"picked":"SKIP","floor":48}],"player_experience":1136410,"relics_obtained":[{"floor":8.0,"key":"Bag of Marbles"},{"floor":9.0,"key":"Vajra"},{"floor":24.0,"key":"Pantograph"},{"floor":26.0,"key":"Old Coin"},{"floor":28.0,"key":"Tiny Chest"},{"floor":43.0,"key":"Potion Belt"},{"floor":48,"key":"Whetstone"}],"event_choices":[{"damage_healed":23.0,"max_hp_gain":0.0,"max_hp_loss":72.0,"gold_gain":0.0,"event_name":"betterThird:BetterShining","player_choice":"Leave","floor":2.0,"gold_loss":0.0,"damage_taken":0.0},{"damage_healed":0.0,"max_hp_gain":0.0,"max_hp_loss":0.0,"gold_gain":0.0,"event_name":"betterThird:BetterGoop","player_choice":"Left","floor":7.0,"gold_loss":15.0,"damage_taken":0.0},{"damage_healed":0.0,"max_hp_gain":0.0,"max_hp_loss":0.0,"gold_gain":0.0,"event_name":"betterThird:BetterSerpent","player_choice":"Ignored","floor":11.0,"gold_loss":0.0,"damage_taken":58.0},{"damage_healed":0.0,"max_hp_gain":0.0,"max_hp_loss":0.0,"gold_gain":0.0,"event_name":"Vampires","player_choice":"Ignored","floor":19.0,"gold_loss":0.0,"damage_taken":0.0},{"damage_healed":0.0,"max_hp_gain":0.0,"max_hp_loss":0.0,"gold_gain":2.0,"event_name":"betterStone:BetterStone","player_choice":"1","floor":22.0,"gold_loss":0.0,"damage_taken":0.0},{"damage_healed":0.0,"max_hp_gain":0.0,"max_hp_loss":0.0,"gold_gain":50.0,"event_name":"Golden Shrine","player_choice":"Pray","floor":47.0,"gold_loss":0.0,"damage_taken":0.0}],"is_beta":false,"boss_relics":[{"not_picked":["Tiny House","Coffee Dripper"],"picked":"Astrolabe"},{"not_picked":["Runic Dome","Pandora\u0027s Box"],"picked":"expansioncontent:StudyCardRelic"}],"items_purged_floors":[0,0,4],"is_endless":false,"potions_floor_spawned":[3,5,8,20,21,33,35,37,45],"killed_by":"Awakened One","ascension_level":20}}