{"host":"ue7jlgf7uv134an9","time":1613878412,"event":{"mods":["BaseMod","Better Third Choice","Colored Map","Defuse TimeMaze Blight","Minty Spire (QoL Compilation)","Quick Restart","Rare Cards Sparkle","Relic Stats","StSLib","UnlockEverythingMod"],"gold_per_floor":[217,27,41,41,51,77,77,110,110,141,25,36,47,47,47,149,149,164,179,198,29,29,29,48,66,147,182,206,218,86,111,111,212,212,226,272,286,336,354,57,69,85,85,85,100,100,115,23,23,23],"floor_reached":51,"language":"ENG","playtime":3545,"items_purged":["Strike_G","Defend_G","Defend_G"],"score":736,"play_id":"849e2a71-6f6a-4c98-9cdb-9f197256d9db","local_time":"20210220223332","is_ascension_mode":false,"campfire_choices":[{"floor":15.0,"key":"REST"},{"data":"Venomology","floor":23.0,"key":"SMITH"},{"floor":32.0,"key":"REST"},{"floor":44,"key":"REST"},{"floor":46,"key":"DIG"},{"floor":49,"key":"DIG"}],"circlet_count":0,"master_deck":["Strike_G","Defend_G","Defend_G","Survivor","Neutralize","Poisoned Stab","Sucker Punch","Wraith Form v2+1","PiercingWail","Concentrate","Dagger Spray","Dash","Venomology+1","Cloak And Dagger","Quick Slash","Leg Sweep","Corpse Explosion","Backflip+1","Caltrops+1","Deadly Poison+1","Blur","Backflip+1","All Out Attack","After Image","Finesse","Calculated Gamble+1","Slice","Dash","Backflip","Glass Knife","Crippling Poison","Bullet Time","Slice+1","Blade Dance","Terror+1","Well Laid Plans","Well Laid Plans+1","Masterful Stab","Apotheosis"],"relics":["Ring of the Snake","Membership Card","Ice Cream","Shuriken","Meat on the Bone","Mummified Hand","Astrolabe","Pear","Potion Belt","Centennial Puzzle","Pen Nib","WristBlade","TungstenRod","Ginger","Dead Branch","Bottled Tornado","Shovel","Ornamental Fan","Lantern"],"acts_visited":["Exordium","TheCity","TheBeyond"],"potions_floor_usage":[37,39,41,42,45,47,50,50,50,50],"damage_taken":[{"damage":0.0,"enemies":"Jaw Worm","floor":1.0,"turns":6.0},{"damage":0.0,"enemies":"Cultist","floor":3.0,"turns":3.0},{"damage":0.0,"enemies":"Small Slimes","floor":5.0,"turns":3.0},{"damage":19.0,"enemies":"Gremlin Nob","floor":6.0,"turns":7.0},{"damage":17.0,"enemies":"Lagavulin","floor":8.0,"turns":10.0},{"damage":11.0,"enemies":"3 Sentries","floor":10.0,"turns":10.0},{"damage":8.0,"enemies":"Gremlin Gang","floor":12.0,"turns":5.0},{"damage":0.0,"enemies":"Large Slime","floor":13.0,"turns":5.0},{"damage":21.0,"enemies":"Slime Boss","floor":16.0,"turns":5.0},{"damage":8.0,"enemies":"Chosen","floor":18.0,"turns":6.0},{"damage":10.0,"enemies":"3 Byrds","floor":19.0,"turns":3.0},{"damage":1.0,"enemies":"Snake Plant","floor":20.0,"turns":4.0},{"damage":5.0,"enemies":"Snecko","floor":24.0,"turns":7.0},{"damage":0.0,"enemies":"Chosen and Byrds","floor":25.0,"turns":4.0},{"damage":0.0,"enemies":"Gremlin Leader","floor":27.0,"turns":7.0},{"damage":4.0,"enemies":"Centurion and Healer","floor":29.0,"turns":5.0},{"damage":4.0,"enemies":"Book of Stabbing","floor":31.0,"turns":6.0},{"damage":34.0,"enemies":"Automaton","floor":33.0,"turns":13.0},{"damage":1,"enemies":"3 Shapes","floor":35,"turns":7},{"damage":20,"enemies":"2 Orb Walkers","floor":36,"turns":3},{"damage":0,"enemies":"Orb Walker","floor":37,"turns":4},{"damage":0,"enemies":"Mind Bloom Boss Battle","floor":38,"turns":7},{"damage":0,"enemies":"Transient","floor":39,"turns":5},{"damage":6,"enemies":"4 Shapes","floor":41,"turns":5},{"damage":2,"enemies":"3 Darklings","floor":42,"turns":3},{"damage":0,"enemies":"Maw","floor":45,"turns":6},{"damage":4,"enemies":"Writhing Mass","floor":47,"turns":4},{"damage":12,"enemies":"Awakened One","floor":50,"turns":8}],"seed_played":"3598195249594203284","potions_obtained":[{"floor":5.0,"key":"Strength Potion"},{"floor":8.0,"key":"Weak Potion"},{"floor":10.0,"key":"SkillPotion"},{"floor":12.0,"key":"DuplicationPotion"},{"floor":16.0,"key":"ColorlessPotion"},{"floor":19.0,"key":"AttackPotion"},{"floor":20.0,"key":"Fire Potion"},{"floor":24.0,"key":"PowerPotion"},{"floor":33.0,"key":"SmokeBomb"},{"floor":36,"key":"Dexterity Potion"},{"floor":41,"key":"Strength Potion"},{"floor":45,"key":"Energy Potion"}],"is_trial":false,"path_per_floor":["M","$","M","?","M","E","?","E","T","E","$","M","M","?","R","B",null,"M","M","M","$","$","R","M","M","T","E","T","M","$","E","R","B",null,"M","?","M","?","M","$","M","M","T","R","M","R","M","$","R","B",null],"character_chosen":"THE_SILENT","items_purchased":["Membership Card","Venomology","Cloak And Dagger","Quick Slash","After Image","Finesse","Glass Knife","Well Laid Plans","Dead Branch","Bottled Tornado","Apotheosis"],"campfire_rested":3,"item_purchase_floors":[2,11,11,11,21,21,30,40,40,40,48],"current_hp_per_floor":[70,70,70,70,70,51,51,34,34,35,35,39,39,32,53,44,70,62,52,51,51,51,51,46,46,56,56,56,52,52,48,72,50,80,79,59,59,59,59,59,53,51,51,75,75,75,71,71,71,59],"gold":23,"neow_bonus":"HUNDRED_GOLD","is_daily":false,"chose_seed":false,"campfire_upgraded":1,"win_rate":0.0,"timestamp":1613878412,"path_taken":["M","$","M","?","?","E","?","E","T","E","$","M","?","?","R","BOSS","M","?","M","?","$","R","M","M","T","E","?","M","$","E","R","BOSS","M","?","M","?","M","$","M","M","T","R","M","R","M","$","R","BOSS"],"items_purchased_type":["Relic","Card","Card","Card","Card","Card","Card","Card","Relic","Relic","Card"],"build_version":"2020-12-22","purchased_purges":3,"victory":true,"max_hp_per_floor":[70,70,70,70,70,70,70,70,70,70,70,70,70,70,70,70,70,70,70,70,70,70,70,70,70,80,80,80,80,80,80,80,80,80,80,80,80,80,80,80,80,80,80,80,80,80,80,80,80,80],"relic_stats":{"counters":[28,161],"Astrolabe":["Backflip","Caltrops","Deadly Poison"],"Dead Branch":[37],"Pen Nib":[15],"Ginger":[7],"Centennial Puzzle":[27],"Shovel":2,"Shuriken":[46],"Mummified Hand":[56],"Ornamental Fan":[28],"obtain_stats":[{"Ice Cream":6,"Potion Belt":27,"Lantern":49,"Pear":26,"Astrolabe":17,"Dead Branch":40,"Pen Nib":31,"Ginger":38,"Bottled Tornado":40,"Centennial Puzzle":28,"Shovel":43,"WristBlade":34,"Shuriken":8,"Mummified Hand":10,"Ornamental Fan":46,"Membership Card":2,"TungstenRod":36,"Ring of the Snake":0,"Meat on the Bone":9},{"Ice Cream":4,"Potion Belt":15,"Lantern":27,"Pear":14,"Astrolabe":9,"Dead Branch":23,"Pen Nib":17,"Ginger":22,"Bottled Tornado":23,"Centennial Puzzle":15,"Shovel":25,"WristBlade":18,"Shuriken":5,"Mummified Hand":6,"Ornamental Fan":26,"Membership Card":1,"TungstenRod":20,"Ring of the Snake":0,"Meat on the Bone":5},{"Ice Cream":19,"Potion Belt":85,"Lantern":153,"Pear":78,"Astrolabe":54,"Dead Branch":135,"Pen Nib":96,"Ginger":130,"Bottled Tornado":135,"Centennial Puzzle":85,"Shovel":143,"WristBlade":109,"Shuriken":29,"Mummified Hand":39,"Ornamental Fan":149,"Membership Card":6,"TungstenRod":119,"Ring of the Snake":0,"Meat on the Bone":29}],"TungstenRod":9,"Ring of the Snake":[56],"Meat on the Bone":48},"card_choices":[{"not_picked":["Flying Knee","Calculated Gamble"],"picked":"Poisoned Stab","floor":1.0},{"not_picked":["Acrobatics","Deadly Poison"],"picked":"Sucker Punch","floor":3.0},{"not_picked":["Bullet Time","Poisoned Stab"],"picked":"PiercingWail","floor":5.0},{"not_picked":["Quick Slash","Crippling Poison"],"picked":"Concentrate","floor":6.0},{"not_picked":["Doppelganger","Deflect"],"picked":"Dagger Spray","floor":8.0},{"not_picked":["Reflex","Finisher"],"picked":"Dash","floor":10.0},{"not_picked":["Sucker Punch","Caltrops","Underhanded Strike"],"picked":"SKIP","floor":12.0},{"not_picked":["Concentrate","Outmaneuver"],"picked":"Leg Sweep","floor":13.0},{"not_picked":["Envenom","Doppelganger"],"picked":"Corpse Explosion","floor":16.0},{"not_picked":["All Out Attack+1","Deflect"],"picked":"Blur","floor":18.0},{"not_picked":["Escape Plan+1","Cloak And Dagger"],"picked":"Backflip+1","floor":19.0},{"not_picked":["Endless Agony","Dagger Spray"],"picked":"All Out Attack","floor":20.0},{"not_picked":["Masterful Stab+1","Infinite Blades"],"picked":"Calculated Gamble+1","floor":24.0},{"not_picked":["Choke","Sucker Punch"],"picked":"Slice","floor":25.0},{"not_picked":["Backstab","Outmaneuver"],"picked":"Dash","floor":27.0},{"not_picked":["Poisoned Stab","Sucker Punch"],"picked":"Backflip","floor":29.0},{"not_picked":["Bane","Underhanded Strike"],"picked":"Crippling Poison","floor":31.0},{"not_picked":["Unload","Burst"],"picked":"Bullet Time","floor":33.0},{"not_picked":["Outmaneuver","Deflect+1","Slice+1"],"picked":"SKIP","floor":35},{"not_picked":["Dagger Spray+1","Acrobatics"],"picked":"Slice+1","floor":37},{"not_picked":["Dagger Throw","PiercingWail+1"],"picked":"Blade Dance","floor":38},{"not_picked":["Noxious Fumes+1","Masterful Stab+1"],"picked":"Terror+1","floor":39},{"not_picked":["Dagger Spray","Cloak And Dagger+1"],"picked":"Well Laid Plans+1","floor":41},{"not_picked":["Night Terror","Catalyst+1","Eviscerate"],"picked":"SKIP","floor":42},{"not_picked":["Deadly Poison","Sucker Punch"],"picked":"Masterful Stab","floor":45},{"not_picked":["Underhanded Strike","Dodge and Roll","Deadly Poison+1"],"picked":"SKIP","floor":47}],"player_experience":103111,"relics_obtained":[{"floor":6.0,"key":"Ice Cream"},{"floor":8.0,"key":"Shuriken"},{"floor":9.0,"key":"Meat on the Bone"},{"floor":10.0,"key":"Mummified Hand"},{"floor":26.0,"key":"Pear"},{"floor":27.0,"key":"Potion Belt"},{"floor":28.0,"key":"Centennial Puzzle"},{"floor":31.0,"key":"Pen Nib"},{"floor":36,"key":"TungstenRod"},{"floor":38,"key":"Ginger"},{"floor":43,"key":"Shovel"},{"floor":46,"key":"Ornamental Fan"},{"floor":49,"key":"Lantern"}],"event_choices":[{"damage_healed":0.0,"max_hp_gain":0.0,"max_hp_loss":0.0,"gold_gain":0.0,"cards_transformed":["Strike_G"],"event_name":"Transmorgrifier","player_choice":"Transformed","floor":4.0,"gold_loss":0.0,"damage_taken":0.0,"cards_obtained":["Wraith Form v2"]},{"damage_healed":0.0,"max_hp_gain":0.0,"max_hp_loss":0.0,"gold_gain":0.0,"event_name":"Upgrade Shrine","player_choice":"Upgraded","floor":7.0,"gold_loss":0.0,"damage_taken":0.0,"cards_upgraded":["Wraith Form v2"]},{"damage_healed":0.0,"max_hp_gain":0.0,"max_hp_loss":0.0,"gold_gain":0.0,"event_name":"Wheel of Change","player_choice":"Damaged","floor":14.0,"gold_loss":0.0,"damage_taken":7.0},{"damage_healed":0,"gold_gain":0,"player_choice":"Fight","damage_taken":0,"max_hp_gain":0,"max_hp_loss":0,"event_name":"Mysterious Sphere","floor":36,"gold_loss":0},{"damage_healed":0,"gold_gain":0,"player_choice":"Fight","damage_taken":0,"max_hp_gain":0,"max_hp_loss":0,"event_name":"MindBloom","floor":38,"gold_loss":0}],"is_beta":false,"boss_relics":[{"not_picked":["Velvet Choker","Empty Cage"],"picked":"Astrolabe"},{"not_picked":["HoveringKite","Sozu"],"picked":"WristBlade"}],"items_purged_floors":[2,21,30],"is_endless":false,"potions_floor_spawned":[5,8,10,12,16,19,20,24,25,33,36,41,45,47],"ascension_level":0}}