{"host":"test","time":1613888959,"event":{"mods":["BaseMod","Colored Map","Colored Powertips","Minty Spire (QoL Compilation)","Relic Stats","SpireBot","StSLib","Twitch Utils","ojb\u0027s Better Paths Mod","ojb\u0027s Info Mod"],"gold_per_floor":[36,89,89,33,65,133,133,183,183,183,97,97,97,117,117],"floor_reached":14,"language":"JPN","playtime":511,"items_purged":[],"score":192,"play_id":"52768474-07a3-4939-be08-3d0364a2d54e","local_time":"20210221152919","is_ascension_mode":true,"campfire_choices":[{"floor":7,"key":"REST"}],"circlet_count":0,"master_deck":["AscendersBane","Strike_G","Strike_G","Strike_G+1","Strike_G","Defend_G","Defend_G","Defend_G","Defend_G","Defend_G","Survivor","Neutralize","HandOfGreed","Blade Dance","Dagger Throw+1","Dagger Throw","Crippling Poison","PiercingWail"],"relics":["Ring of the Snake","Whetstone","Eternal Feather","Regal Pillow","The Courier","Golden Idol"],"acts_visited":["Exordium"],"potions_floor_usage":[6,8,8,14,14],"damage_taken":[{"damage":0.0,"enemies":"Jaw Worm","floor":1.0,"turns":3.0},{"damage":0.0,"enemies":"2 Louse","floor":2.0,"turns":5.0},{"damage":0.0,"enemies":"Cultist","floor":5.0,"turns":5.0},{"damage":27,"enemies":"3 Sentries","floor":6,"turns":7},{"damage":35,"enemies":"Lagavulin","floor":8,"turns":9},{"damage":10,"enemies":"3 Sentries","floor":14,"turns":3}],"seed_played":"-4409312289510236818","potions_obtained":[{"floor":2.0,"key":"LiquidBronze"},{"floor":6,"key":"FearPotion"},{"floor":8,"key":"Swift Potion"}],"is_trial":false,"path_per_floor":["M","M","?","$","M","E","R","E","T","?","$","T","?","E"],"character_chosen":"THE_SILENT","items_purchased":["SteroidPotion","LiquidMemories"],"campfire_rested":1,"item_purchase_floors":[4,11],"current_hp_per_floor":[59,59,52,52,52,25,44,9,9,9,9,9,9,0,0],"gold":117,"neow_bonus":"RANDOM_COLORLESS_2","is_daily":false,"chose_seed":true,"campfire_upgraded":0,"win_rate":0.0,"timestamp":1613888959,"path_taken":["M","M","?","$","M","E","R","E","T","?","$","?","?","E"],"items_purchased_type":["Potion","Potion"],"build_version":"2020-12-18","purchased_purges":0,"victory":false,"max_hp_per_floor":[66,66,66,66,66,66,66,66,66,66,66,66,60,60,60],"relic_stats":{"Regal Pillow":0,"counters":[6,32],"Golden Idol":0,"Eternal Feather":0,"Whetstone":["Dagger Throw","Strike_G"],"obtain_stats":[{"Regal Pillow":9,"Golden Idol":13,"Eternal Feather":8,"The Courier":12,"Whetstone":6,"Ring of the Snake":0},{"Regal Pillow":5,"Golden Idol":5,"Eternal Feather":5,"The Courier":5,"Whetstone":4,"Ring of the Snake":0},{"Regal Pillow":29,"Golden Idol":29,"Eternal Feather":29,"The Courier":29,"Whetstone":20,"Ring of the Snake":0}],"Ring of the Snake":[12]},"card_choices":[{"not_picked":["Metamorphosis","Magnetism"],"picked":"HandOfGreed","floor":0.0},{"not_picked":["Acrobatics","Poisoned Stab"],"picked":"Blade Dance","floor":1.0},{"not_picked":["Infinite Blades","Sucker Punch"],"picked":"Dagger Throw","floor":2.0},{"not_picked":["Dodge and Roll","Sucker Punch"],"picked":"Dagger Throw","floor":5.0},{"not_picked":["Quick Slash","Backflip"],"picked":"Crippling Poison","floor":6},{"not_picked":["Riddle With Holes","Slice"],"picked":"PiercingWail","floor":8}],"player_experience":2091725,"relics_obtained":[{"floor":6,"key":"Whetstone"},{"floor":8,"key":"Eternal Feather"},{"floor":9,"key":"Regal Pillow"},{"floor":12,"key":"The Courier"}],"event_choices":[{"cards_removed":["Strike_G"],"damage_healed":0.0,"max_hp_gain":0.0,"max_hp_loss":0.0,"gold_gain":0.0,"event_name":"Golden Wing","player_choice":"Card Removal","floor":3.0,"gold_loss":0.0,"damage_taken":7.0},{"damage_healed":0,"gold_gain":0,"player_choice":"Fled","damage_taken":0,"max_hp_gain":0,"max_hp_loss":0,"event_name":"Scrap Ooze","floor":10,"gold_loss":0},{"damage_healed":0,"gold_gain":0,"player_choice":"Lose Max HP","damage_taken":0,"relics_obtained":["Golden Idol"],"max_hp_gain":0,"max_hp_loss":6,"event_name":"Golden Idol","floor":13,"gold_loss":0}],"is_beta":true,"boss_relics":[],"items_purged_floors":[],"is_endless":false,"potions_floor_spawned":[2,6,8],"killed_by":"3 Sentries","ascension_level":20}}