{"host":"oehe2dxjvdgux73m","time":1613927870,"event":{"mods":["AchievementEnabler","BaseMod","Colored Map","Colored Powertips","DeckTracker","Keyboard Shortcuts","Minty Spire (QoL Compilation)","Permanent Neow","Quick Restart","StSLib","SuperFastMode"],"gold_per_floor":[117,67,87,87,87,87,103,103,103,119,194,214,247,261,261,391,391,412,85,85,99,24,24,37,37,37,52,151,190,190,225,225,346,346,364,364,223,94,119,119,135,176,188,224,259,271,304,341,353,365],"floor_reached":51,"language":"KOR","playtime":1625,"items_purged":["Strike_P"],"score":1030,"play_id":"3fcb6548-92fc-4b6d-8206-3ee8d74797b7","local_time":"20210222021750","is_ascension_mode":true,"campfire_choices":[{"data":"Eruption","floor":6.0,"key":"SMITH"},{"data":"Wallop","floor":8.0,"key":"SMITH"},{"data":"ThirdEye","floor":15.0,"key":"SMITH"},{"data":"Devotion","floor":23.0,"key":"SMITH"},{"floor":25.0,"key":"REST"},{"data":"Ghostly","floor":32.0,"key":"SMITH"},{"data":"BattleHymn","floor":40.0,"key":"SMITH"},{"data":"SpiritShield","floor":46.0,"key":"SMITH"},{"floor":49,"key":"REST"}],"circlet_count":0,"master_deck":["Defend_P","Defend_P","Defend_P","Eruption+1","Vigilance","CarveReality","Wallop+1","MentalFortress","Nirvana","ThirdEye+1","Devotion+1","Halt","Indignation","EmptyBody","Prostrate+1","Ghostly","Ghostly","Ghostly+1","Ghostly","Ghostly","SpiritShield+1","SandsOfTime+1","InnerPeace","Nirvana","BattleHymn+1","CrushJoints+1","Crescendo","Scrawl","Parasite","Adaptation"],"relics":["PureWater","Golden Idol","Meat on the Bone","Mummified Hand","Runic Pyramid","Toolbox","Lantern","White Beast Statue","Lizard Tail","SacredBark","MawBank","GoldenEye"],"acts_visited":["Exordium","TheCity","TheBeyond"],"potions_floor_usage":[48,50,50],"damage_taken":[{"damage":1.0,"enemies":"2 Louse","floor":1.0,"turns":2.0},{"damage":0.0,"enemies":"Small Slimes","floor":3.0,"turns":1.0},{"damage":7.0,"enemies":"Jaw Worm","floor":7.0,"turns":3.0},{"damage":0.0,"enemies":"3 Louse","floor":10.0,"turns":3.0},{"damage":13.0,"enemies":"Lots of Slimes","floor":12.0,"turns":3.0},{"damage":0.0,"enemies":"Lagavulin","floor":13.0,"turns":3.0},{"damage":0.0,"enemies":"Large Slime","floor":14.0,"turns":4.0},{"damage":14.0,"enemies":"Slime Boss","floor":16.0,"turns":6.0},{"damage":27.0,"enemies":"2 Thieves","floor":18.0,"turns":3.0},{"damage":15.0,"enemies":"3 Byrds","floor":21.0,"turns":5.0},{"damage":7.0,"enemies":"Shelled Parasite and Fungi","floor":24.0,"turns":5.0},{"damage":0.0,"enemies":"Sentry and Sphere","floor":27.0,"turns":4.0},{"damage":15.0,"enemies":"Slavers","floor":29.0,"turns":8.0},{"damage":0.0,"enemies":"Gremlin Leader","floor":31.0,"turns":6.0},{"damage":23.0,"enemies":"Automaton","floor":33.0,"turns":10.0},{"damage":2.0,"enemies":"3 Darklings","floor":35.0,"turns":6.0},{"damage":1.0,"enemies":"Orb Walker","floor":39.0,"turns":3.0},{"damage":9.0,"enemies":"Spire Growth","floor":41.0,"turns":6.0},{"damage":0.0,"enemies":"Reptomancer","floor":42.0,"turns":6.0},{"damage":0.0,"enemies":"Writhing Mass","floor":44.0,"turns":4.0},{"damage":2.0,"enemies":"Jaw Worm Horde","floor":45.0,"turns":4.0},{"damage":8.0,"enemies":"3 Darklings","floor":47.0,"turns":8.0},{"damage":13,"enemies":"Sphere and 2 Shapes","floor":48,"turns":6},{"damage":4,"enemies":"Donu and Deca","floor":50,"turns":8}],"seed_played":"8152268411549897841","potions_obtained":[{"floor":1.0,"key":"FearPotion"},{"floor":12.0,"key":"Swift Potion"},{"floor":14.0,"key":"ColorlessPotion"},{"floor":16.0,"key":"Ancient Potion"},{"floor":18.0,"key":"Weak Potion"},{"floor":21.0,"key":"Fire Potion"},{"floor":29.0,"key":"Energy Potion"},{"floor":31.0,"key":"PowerPotion"},{"floor":33.0,"key":"Regen Potion"},{"floor":35.0,"key":"Fire Potion"},{"floor":39.0,"key":"Ancient Potion"},{"floor":41.0,"key":"AttackPotion"},{"floor":42.0,"key":"FearPotion"},{"floor":45.0,"key":"PowerPotion"},{"floor":48,"key":"SkillPotion"}],"is_trial":false,"path_per_floor":["M","?","M","?","?","R","M","R","T","M","?","M","E","M","R","B",null,"M","$","?","M","?","R","M","R","T","M","?","E","?","E","R","B",null,"M","?","$","$","M","R","M","E","T","M","M","R","M","M","R","B",null],"character_chosen":"WATCHER","items_purchased":["Toolbox","EntropicBrew","InnerPeace","Nirvana","BattleHymn","PowerPotion"],"campfire_rested":2,"item_purchase_floors":[19,19,37,37,38,38],"current_hp_per_floor":[50,50,50,50,50,50,43,43,43,43,37,36,36,36,36,34,59,44,44,44,41,41,41,34,54,54,54,54,39,33,33,33,22,30,28,28,28,28,27,27,33,33,33,33,31,31,23,22,31,27],"gold":377,"neow_bonus":"TRANSFORM_TWO_CARDS","is_daily":false,"chose_seed":false,"campfire_upgraded":7,"win_rate":0.0,"timestamp":1613927870,"path_taken":["M","?","M","?","?","R","M","R","T","M","?","?","E","M","R","BOSS","M","$","?","M","?","R","M","R","T","M","?","E","?","E","R","BOSS","M","?","?","$","?","R","M","E","T","M","M","R","M","M","R","BOSS"],"items_purchased_type":["Relic","Potion","Card","Card","Card","Potion"],"build_version":"2020-12-22","purchased_purges":1,"victory":true,"max_hp_per_floor":[72,72,72,72,67,67,67,67,67,67,67,67,67,67,67,67,67,67,67,67,67,67,67,67,67,67,67,67,67,33,33,33,33,33,33,33,33,33,33,33,33,33,33,33,33,33,33,33,33,33],"card_choices":[{"not_picked":["Nirvana","SignatureMove","ThirdEye"],"picked":"SKIP","floor":1.0},{"not_picked":["WheelKick","FlyingSleeves","FlurryOfBlows"],"picked":"SKIP","floor":3.0},{"not_picked":["Evaluate","FollowUp"],"picked":"Wallop","floor":7.0},{"not_picked":["PathToVictory","Crescendo","Brilliance"],"picked":"SKIP","floor":10.0},{"not_picked":["CutThroughFate","JustLucky"],"picked":"MentalFortress","floor":12.0},{"not_picked":["Tantrum","CrushJoints"],"picked":"Nirvana","floor":13.0},{"not_picked":["Worship","Sanctity"],"picked":"ThirdEye","floor":14.0},{"not_picked":["ConjureBlade","DeusExMachina"],"picked":"Devotion","floor":16.0},{"not_picked":["ClearTheMind","SandsOfTime"],"picked":"Halt","floor":18.0},{"not_picked":["Protect","FearNoEvil"],"picked":"Indignation","floor":21.0},{"not_picked":["JustLucky","Perseverance"],"picked":"EmptyBody","floor":24.0},{"not_picked":["SignatureMove","Protect","Wish"],"picked":"SKIP","floor":27.0},{"not_picked":["Consecrate+1","PathToVictory"],"picked":"Prostrate+1","floor":29.0},{"not_picked":["Halt","PathToVictory","Protect+1"],"picked":"SKIP","floor":31.0},{"not_picked":["Omniscience","Wish"],"picked":"SpiritShield","floor":33.0},{"not_picked":["ClearTheMind","ThirdEye+1"],"picked":"SandsOfTime","floor":35.0},{"not_picked":["FlurryOfBlows","SandsOfTime"],"picked":"CrushJoints+1","floor":39.0},{"not_picked":["FollowUp","WindmillStrike+1"],"picked":"Crescendo","floor":41.0},{"not_picked":["SandsOfTime+1","CrushJoints"],"picked":"Scrawl","floor":42.0},{"not_picked":["FollowUp","Weave","Protect"],"picked":"SKIP","floor":44.0},{"not_picked":["TalkToTheHand+1","Perseverance","FlyingSleeves+1"],"picked":"SKIP","floor":45.0},{"not_picked":["SignatureMove+1","FlyingSleeves","BowlingBash+1"],"picked":"SKIP","floor":47.0},{"not_picked":["Pray+1","Crescendo+1"],"picked":"Adaptation","floor":48}],"player_experience":491198,"relics_obtained":[{"floor":9.0,"key":"Meat on the Bone"},{"floor":13.0,"key":"Mummified Hand"},{"floor":26.0,"key":"Lantern"},{"floor":29.0,"key":"White Beast Statue"},{"floor":31.0,"key":"Lizard Tail"},{"floor":42.0,"key":"MawBank"},{"floor":43.0,"key":"GoldenEye"}],"event_choices":[{"cards_removed":["Consecrate"],"damage_healed":0.0,"max_hp_gain":0.0,"max_hp_loss":0.0,"gold_gain":0.0,"event_name":"The Cleric","player_choice":"Card Removal","floor":2.0,"gold_loss":50.0,"damage_taken":0.0},{"damage_healed":0.0,"max_hp_gain":0.0,"max_hp_loss":0.0,"gold_gain":0.0,"cards_transformed":["Judgement"],"event_name":"Living Wall","player_choice":"Change","floor":4.0,"gold_loss":0.0,"damage_taken":0.0,"cards_obtained":["CarveReality"]},{"damage_healed":0.0,"max_hp_gain":0.0,"max_hp_loss":5.0,"gold_gain":0.0,"event_name":"Golden Idol","player_choice":"Lose Max HP","floor":5.0,"gold_loss":0.0,"damage_taken":0.0,"relics_obtained":["Golden Idol"]},{"damage_healed":0.0,"max_hp_gain":0.0,"max_hp_loss":0.0,"gold_gain":75.0,"event_name":"FaceTrader","player_choice":"Touch","floor":11.0,"gold_loss":0.0,"damage_taken":6.0},{"cards_removed":["Strike_P"],"damage_healed":0.0,"max_hp_gain":0.0,"max_hp_loss":0.0,"gold_gain":0.0,"event_name":"Back to Basics","player_choice":"Elegance","floor":20.0,"gold_loss":0.0,"damage_taken":0.0},{"cards_removed":["Strike_P"],"damage_healed":0.0,"max_hp_gain":0.0,"max_hp_loss":0.0,"gold_gain":0.0,"event_name":"Beggar","player_choice":"Gave Gold","floor":22.0,"gold_loss":75.0,"damage_taken":0.0},{"damage_healed":0.0,"max_hp_gain":0.0,"max_hp_loss":0.0,"gold_gain":99.0,"event_name":"Nest","player_choice":"Stole From Cult","floor":28.0,"gold_loss":0.0,"damage_taken":0.0},{"damage_healed":0.0,"max_hp_gain":0.0,"max_hp_loss":34.0,"gold_gain":0.0,"event_name":"Ghosts","player_choice":"Became a Ghost","floor":30.0,"gold_loss":0.0,"damage_taken":0.0,"cards_obtained":["Ghostly","Ghostly","Ghostly","Ghostly","Ghostly"]},{"damage_healed":0.0,"max_hp_gain":0.0,"max_hp_loss":0.0,"gold_gain":0.0,"event_name":"Upgrade Shrine","player_choice":"Upgraded","floor":36.0,"gold_loss":0.0,"damage_taken":0.0,"cards_upgraded":["SandsOfTime"]}],"is_beta":false,"boss_relics":[{"not_picked":["Astrolabe","Philosopher\u0027s Stone"],"picked":"Runic Pyramid"},{"not_picked":["SlaversCollar","Snecko Eye"],"picked":"SacredBark"}],"items_purged_floors":[19],"is_endless":false,"potions_floor_spawned":[1,12,14,16,18,21,29,31,33,35,39,41,42,44,45,47,48],"ascension_level":5}}