{"host":"zq15pup7vna0uxo1","time":1613928082,"event":{"mods":["BaseMod","Bestiary","Colored Map","Downfall","Infinite Spire","Minty Spire (QoL Compilation)","Replay The Spire","Robot Space Explorer","StSLib"],"gold_per_floor":[116,116,126,142,142,168,168,193,193,206,206,226,255,271,271,271,271],"floor_reached":16,"language":"ENG","playtime":1208,"items_purged":[],"score":144,"play_id":"1221852a-f0c1-45da-888d-983b5f4ebf93","local_time":"20210221182122","is_ascension_mode":true,"campfire_choices":[{"floor":7,"key":"REST"},{"data":"TalkToTheHand","floor":11,"key":"SMITH"},{"floor":15,"key":"REST"}],"circlet_count":0,"master_deck":["Strike_P","Strike_P","Strike_P","Defend_P","Defend_P","Defend_P","Defend_P","Eruption","Vigilance","TalkToTheHand+1","ForeignInfluence","JustLucky","FollowUp","Replay:ManipulateFuture","InnerPeace"],"relics":["m_SnakeBloodCore","infinitespire:Cubic Diamond","Anchor","ReplayTheSpireMod:Lightbulb","infinitespire:FocusingShard","Ice Cream"],"acts_visited":["Exordium"],"potions_floor_usage":[6,13,13],"damage_taken":[{"damage":6,"enemies":"2 Louse","floor":1,"turns":3},{"damage":0,"enemies":"Cultist","floor":3,"turns":2},{"damage":4,"enemies":"Small Slimes","floor":4,"turns":5},{"damage":61,"enemies":"3 Sentries","floor":6,"turns":11},{"damage":2,"enemies":"Blue Slaver","floor":10,"turns":2},{"damage":0,"enemies":"Looter","floor":12,"turns":3},{"damage":0,"enemies":"Replay:BlueRogue","floor":13,"turns":3},{"damage":24,"enemies":"Gremlin Gang","floor":14,"turns":7},{"damage":57,"enemies":"Fading Forest","floor":16,"turns":7}],"seed_played":"4913814145064271458","potions_obtained":[{"floor":1,"key":"hexamod:SoulburnPotion"},{"floor":3,"key":"ColorlessPotion"},{"floor":6,"key":"DistilledChaos"},{"floor":12,"key":"Adrenaline Potion"}],"is_trial":false,"path_per_floor":["M","?","M","M","?","E","R","T","T","M","R","M","E","M","R","B"],"character_chosen":"WATCHER","items_purchased":[],"campfire_rested":2,"item_purchase_floors":[],"current_hp_per_floor":[73,73,73,69,69,11,34,34,34,35,35,38,41,20,43,0,0],"gold":271,"neow_bonus":"TEN_PERCENT_HP_BONUS","is_daily":false,"chose_seed":false,"campfire_upgraded":1,"win_rate":0.0,"timestamp":1613928082,"path_taken":["M","?","?","M","?","E","R","?","T","M","R","M","E","M","R","BOSS"],"items_purchased_type":[],"build_version":"2020-12-22","purchased_purges":0,"victory":false,"max_hp_per_floor":[79,79,79,79,79,79,79,79,79,79,79,79,79,79,79,79,79],"card_choices":[{"not_picked":["Crescendo","Replay:AtTheReady","Protect"],"picked":"SKIP","floor":1},{"not_picked":["WaveOfTheHand","BowlingBash"],"picked":"TalkToTheHand","floor":3},{"not_picked":["Replay:BluntJabs","InnerPeace"],"picked":"ForeignInfluence","floor":4},{"not_picked":["Crescendo","PathToVictory"],"picked":"JustLucky","floor":6},{"not_picked":["Worship","LikeWater"],"picked":"FollowUp","floor":10},{"not_picked":["Establishment","TalkToTheHand"],"picked":"Replay:ManipulateFuture","floor":12},{"not_picked":["ClearTheMind","LessonLearned"],"picked":"InnerPeace","floor":13},{"not_picked":["Crescendo","ForeignInfluence","ClearTheMind"],"picked":"SKIP","floor":14}],"player_experience":1223555,"relics_obtained":[{"floor":6,"key":"Anchor"},{"floor":8,"key":"ReplayTheSpireMod:Lightbulb"},{"floor":9,"key":"infinitespire:FocusingShard"},{"floor":13,"key":"Ice Cream"}],"event_choices":[{"cards_removed":["Strike_P"],"damage_healed":0,"gold_gain":0,"player_choice":"Offered Basic","damage_taken":0,"max_hp_gain":0,"max_hp_loss":0,"event_name":"Bonfire Elementals","floor":2,"gold_loss":0}],"is_beta":false,"boss_relics":[],"items_purged_floors":[],"is_endless":false,"potions_floor_spawned":[1,3,6,12],"killed_by":"Fading Forest","ascension_level":1}}