{"host":"x3tdtn2vw0frar62","time":1613878838,"event":{"mods":["Aspiration","BaseMod","BetterRewards","Hermit","Hubris","LagranYue(???·?)","Marisa????????","Minty Spire (QoL Compilation)","Relic Stats","Reliquary","Remilia??????","Replay The Spire","Robot Space Explorer","Shade Mod","Shop Mod","Spicy Shops","Spire Arcade","StSLib","The Cursed","The Marked","The Runesmith","The Senshi","The Servant 0.9.4"],"gold_per_floor":[117,117,136,147,158,158,83,111,111,111,111,128,28,47,47,145,145,161,101,112,112,16,43,60,60,360,164,181,181,181,181,181,279,279,295,348,359,34,44,44,76,76,121,121,121,147,147,147,147,147,147,147,22,53,159],"floor_reached":56,"language":"ENG","playtime":3672,"items_purged":["theSenshi:SailorKick","theSenshi:SailorKick","Decay","Shame","CommonCold"],"score":1446,"play_id":"0feadd58-afb3-403e-a7e4-9aca69460a94","local_time":"20210220224038","is_ascension_mode":false,"campfire_choices":[{"data":"theSenshi:LateForSchool","floor":6.0,"key":"SMITH"},{"floor":11.0,"key":"REST"},{"data":"theSenshi:LateForSchool","floor":15.0,"key":"SMITH"},{"data":"theSenshi:SupersonicWaves","floor":25.0,"key":"SMITH"},{"data":"theSenshi:LateForSchool","floor":32.0,"key":"SMITH"},{"floor":40,"key":"RECALL"},{"floor":45,"key":"REST"},{"data":"theSenshi:SchoolBag","floor":47,"key":"SMITH"},{"floor":49,"key":"REST"},{"floor":52,"key":"REST"}],"circlet_count":0,"master_deck":["theSenshi:RoseThrow","theSenshi:LateForSchool+1","theSenshi:MoonsReflection+1","theSenshi:SupersonicWaves+1","theSenshi:LateForSchool+1","theSenshi:SchoolBag+1","theSenshi:LateForSchool+1","theSenshi:MoonlightKnight+1","theSenshi:KlutzyLuck","theSenshi:LunaSensingAllies"],"relics":["theSenshi:TransformationBroochRelic","LagranYue:RandomDrawCardRelic","Replay:PocketPolymizer","Busted Crown","hubris:Towel","Guide Book","White Beast Statue","Old Coin","Orrery","MutagenicStrength","aspiration:HummingbirdHeart","Kintsugi","CatCart","reliquary:RoseTintedGlasses","hubris:TenFootPole","Question Card","hubris:Icosahedron","ReplayTheSpireMod:ShopPack","Replay:Bandana"],"acts_visited":["Exordium","TheCity","TheBeyond","TheEnding"],"potions_floor_usage":[46,55],"damage_taken":[{"damage":0.0,"enemies":"Cultist","floor":1.0,"turns":4.0},{"damage":2.0,"enemies":"Jaw Worm","floor":3.0,"turns":4.0},{"damage":6.0,"enemies":"2 Louse","floor":4.0,"turns":3.0},{"damage":9.0,"enemies":"Red Slaver","floor":5.0,"turns":3.0},{"damage":28.0,"enemies":"Gremlin Nob","floor":8.0,"turns":4.0},{"damage":6.0,"enemies":"Blue Slaver","floor":12.0,"turns":3.0},{"damage":0.0,"enemies":"2 Fungi Beasts","floor":14.0,"turns":3.0},{"damage":0.0,"enemies":"Fading Forest","floor":16.0,"turns":5.0},{"damage":0.0,"enemies":"2 Thieves","floor":18.0,"turns":1.0},{"damage":0.0,"enemies":"Spheric Guardian","floor":20.0,"turns":2.0},{"damage":14.0,"enemies":"Slavers","floor":23.0,"turns":2.0},{"damage":0.0,"enemies":"Snake Plant","floor":24.0,"turns":3.0},{"damage":0.0,"enemies":"Shelled Parasite and Fungi","floor":28.0,"turns":2.0},{"damage":0.0,"enemies":"hubris:MusketHawk","floor":33.0,"turns":1.0},{"damage":24.0,"enemies":"3 Shapes","floor":35.0,"turns":1.0},{"damage":0.0,"enemies":"Orin","floor":36.0,"turns":2.0},{"damage":0.0,"enemies":"Orb Walker","floor":37.0,"turns":1.0},{"damage":0,"enemies":"Transient","floor":39,"turns":1},{"damage":0,"enemies":"Nemesis","floor":41,"turns":1},{"damage":2,"enemies":"R_Hoarder","floor":46,"turns":4},{"damage":0,"enemies":"Donu and Deca","floor":50,"turns":1},{"damage":0,"enemies":"Shield and Spear","floor":54,"turns":1},{"damage":87,"enemies":"The Heart","floor":55,"turns":4}],"seed_played":"-2276245927864735204","potions_obtained":[{"floor":14.0,"key":"Elixir"},{"floor":16.0,"key":"ColorlessPotion"},{"floor":20.0,"key":"Elixir"},{"floor":54,"key":"ColorlessPotion"}],"is_trial":false,"path_per_floor":["M","?","M","M","M","R","$","E","T","?","R","M","$","M","R","B",null,"M","?","M","?","$","E","M","R","T","$","M","?","?","T","R","B",null,"M","?","M","$","M","R","E","?","T","$","R","E","R","?","R","B",null,"R","$","E","B",null],"character_chosen":"THE_SENSHI","items_purchased":["theSenshi:MoonlightKnight","Guide Book","Orrery","ReplayTheSpireMod:ShopPack"],"campfire_rested":4,"item_purchase_floors":[22,22,27,53],"current_hp_per_floor":[82,82,80,74,65,65,65,37,37,21,45,39,39,39,39,49,82,82,82,82,82,82,68,68,68,68,68,68,68,68,68,68,68,82,58,58,58,58,58,58,58,58,58,58,82,80,80,80,82,82,82,82,82,82,71],"gold":159,"neow_bonus":"TEN_PERCENT_HP_BONUS","is_daily":false,"chose_seed":false,"campfire_upgraded":5,"win_rate":0.0,"timestamp":1613878838,"path_taken":["M","?","M","M","M","R","$","E","T","?","R","M","?","M","R","BOSS","M","?","M","?","$","E","M","R","T","$","M","?","?","?","R","BOSS","M","?","M","$","M","R","E","?","T","$","R","E","R","?","R","BOSS","R","$","E","BOSS"],"items_purchased_type":["Card","Relic","Relic","Relic"],"build_version":"2020-12-22","purchased_purges":5,"victory":true,"max_hp_per_floor":[82,82,82,82,82,82,82,82,82,82,82,82,82,82,82,82,82,82,82,82,82,82,82,82,82,82,82,82,82,82,82,82,82,82,82,82,82,82,82,82,82,82,82,82,82,82,82,82,82,82,82,82,82,82,82],"relic_stats":{"Busted Crown":82,"counters":[23,56],"Question Card":7,"obtain_stats":[{"Replay:PocketPolymizer":8,"LagranYue:RandomDrawCardRelic":0,"Guide Book":22,"aspiration:HummingbirdHeart":31,"hubris:Towel":21,"Question Card":46,"White Beast Statue":23,"Old Coin":26,"Replay:Bandana":54,"theSenshi:TransformationBroochRelic":0,"Busted Crown":17,"hubris:Icosahedron":48,"MutagenicStrength":29,"Orrery":27,"reliquary:RoseTintedGlasses":41,"hubris:TenFootPole":43,"Kintsugi":34,"CatCart":36,"ReplayTheSpireMod:ShopPack":53},{"Replay:PocketPolymizer":5,"LagranYue:RandomDrawCardRelic":0,"Guide Book":10,"aspiration:HummingbirdHeart":13,"hubris:Towel":10,"Question Card":20,"White Beast Statue":11,"Old Coin":12,"Replay:Bandana":22,"theSenshi:TransformationBroochRelic":0,"Busted Crown":8,"hubris:Icosahedron":20,"MutagenicStrength":13,"Orrery":12,"reliquary:RoseTintedGlasses":19,"hubris:TenFootPole":19,"Kintsugi":14,"CatCart":16,"ReplayTheSpireMod:ShopPack":21},{"Replay:PocketPolymizer":18,"LagranYue:RandomDrawCardRelic":0,"Guide Book":32,"aspiration:HummingbirdHeart":39,"hubris:Towel":32,"Question Card":50,"White Beast Statue":34,"Old Coin":37,"Replay:Bandana":52,"theSenshi:TransformationBroochRelic":0,"Busted Crown":29,"hubris:Icosahedron":50,"MutagenicStrength":39,"Orrery":37,"reliquary:RoseTintedGlasses":46,"hubris:TenFootPole":46,"Kintsugi":40,"CatCart":43,"ReplayTheSpireMod:ShopPack":51}]},"card_choices":[{"not_picked":["theSenshi:MoonPrincessHalation","theSenshi:SailorStarFighterAssists","theSenshi:TallSilhouette"],"picked":"SKIP","floor":1.0},{"not_picked":["theSenshi:OdangoHead","theSenshi:TallSilhouette"],"picked":"theSenshi:LateForSchool","floor":3.0},{"not_picked":["theSenshi:MercurysCunning","theSenshi:SailorChibiMoonAssists"],"picked":"theSenshi:MoonsReflection","floor":4.0},{"not_picked":["theSenshi:SailorMarsAssists","theSenshi:MoonPrincessHalation"],"picked":"theSenshi:SupersonicWaves","floor":5.0},{"not_picked":["theSenshi:SupersonicWaves","theSenshi:ChibiMoonsLove"],"picked":"theSenshi:LateForSchool","floor":8.0},{"not_picked":["theSenshi:SailorMercuryAssists","theSenshi:MoonTiaraMagic"],"picked":"theSenshi:SchoolBag","floor":12.0},{"not_picked":["theSenshi:MoonPrincessHalation","theSenshi:SchoolBag"],"picked":"theSenshi:LateForSchool","floor":14.0},{"not_picked":["theSenshi:MoonsReflection+1"],"picked":"SKIP","floor":18.0},{"not_picked":["theSenshi:SailorMarsAssists"],"picked":"SKIP","floor":20.0},{"not_picked":["theSenshi:MoonCrisisMakeUp"],"picked":"SKIP","floor":23.0},{"not_picked":["theSenshi:SailorMarsAssists"],"picked":"SKIP","floor":24.0},{"not_picked":["theSenshi:MoonTiaraMagic+1"],"picked":"SKIP","floor":28.0},{"not_picked":["theSenshi:LunasBite"],"picked":"SKIP","floor":35.0},{"not_picked":["theSenshi:NeptunesGrace+1"],"picked":"SKIP","floor":37},{"not_picked":["theSenshi:MoonCrystalPowerMakeUp"],"picked":"SKIP","floor":39},{"not_picked":["theSenshi:SailorStarHealerAssists"],"picked":"SKIP","floor":41},{"not_picked":["theSenshi:SailorVenusAssists+1"],"picked":"SKIP","floor":46},{"not_picked":["theSenshi:SupersonicWaves","theSenshi:SailorStarFighterAssists"],"picked":"SKIP","floor":54}],"player_experience":177002,"relics_obtained":[{"floor":8.0,"key":"Replay:PocketPolymizer"},{"floor":23.0,"key":"White Beast Statue"},{"floor":26.0,"key":"Old Coin"},{"floor":31.0,"key":"aspiration:HummingbirdHeart"},{"floor":36.0,"key":"CatCart"},{"floor":41,"key":"reliquary:RoseTintedGlasses"},{"floor":43,"key":"hubris:TenFootPole"},{"floor":46,"key":"Question Card"},{"floor":54,"key":"Replay:Bandana"}],"event_choices":[{"damage_healed":0.0,"max_hp_gain":0.0,"max_hp_loss":0.0,"gold_gain":0.0,"event_name":"Living Wall","player_choice":"Grow","floor":2.0,"gold_loss":0.0,"damage_taken":0.0,"cards_upgraded":["theSenshi:MoonPrismPowerMakeUp"]},{"damage_healed":0.0,"max_hp_gain":0.0,"max_hp_loss":0.0,"gold_gain":0.0,"event_name":"Shining Light","player_choice":"Entered Light","floor":10.0,"gold_loss":0.0,"damage_taken":16.0,"cards_upgraded":["theSenshi:SailorKick","theSenshi:SailorBlock"]},{"damage_healed":0.0,"max_hp_gain":0.0,"max_hp_loss":0.0,"gold_gain":0.0,"event_name":"Drug Dealer","player_choice":"Inject Mutagens","floor":29.0,"gold_loss":0.0,"damage_taken":0.0,"relics_obtained":["MutagenicStrength"]},{"damage_healed":0.0,"max_hp_gain":0.0,"max_hp_loss":0.0,"gold_gain":0.0,"event_name":"The Mausoleum","player_choice":"Ignored","floor":30.0,"gold_loss":0.0,"damage_taken":0.0},{"damage_healed":0.0,"max_hp_gain":0.0,"max_hp_loss":0.0,"gold_gain":0.0,"event_name":"OrinTheCat","player_choice":"Fight","floor":36.0,"gold_loss":0.0,"damage_taken":0.0},{"damage_healed":0,"gold_gain":0,"player_choice":"Ignored","damage_taken":0,"max_hp_gain":0,"max_hp_loss":0,"event_name":"Tomb of Lord Red Mask","floor":42,"gold_loss":0}],"is_beta":false,"boss_relics":[{"not_picked":["Snecko Eye","hubris:RunicObelisk"],"picked":"Busted Crown"},{"not_picked":["Abe\u0027s Treasure","aspiration:DefectSkillbook"],"picked":"Kintsugi"}],"items_purged_floors":[7,13,27,38,38],"is_endless":false,"potions_floor_spawned":[4,14,16,20,24,28,33,35,36,37,39,41,46,54],"ascension_level":0}}