{"host":"prxrhpgaxnj4om9r","time":1613912127,"event":{"mods":["AchievementEnabler","BaseMod","Colored Map","DeckTracker","Minty Spire (QoL Compilation)"],"gold_per_floor":[112,130,201,376,476,509,525,525,525,541,541,541,541,572,572,672,672,682,288,288,288,308,341,301,313,336,126,126,126,139,156,156,156,156],"floor_reached":33,"language":"KOR","playtime":1022,"items_purged":[],"score":366,"play_id":"86996e51-8570-4a36-bd6e-6dfba1330f49","local_time":"20210221215527","is_ascension_mode":true,"campfire_choices":[{"data":"Searing Blow","floor":11,"key":"SMITH"},{"floor":13,"key":"REST"},{"data":"Searing Blow+1","floor":15,"key":"SMITH"},{"data":"Barricade","floor":32,"key":"SMITH"}],"circlet_count":0,"master_deck":["Strike_R+1","Strike_R+1","Strike_R+1","Strike_R+1","Strike_R+1","Defend_R+1","Defend_R+1","Defend_R+1","Defend_R+1","Bash","Flash of Steel+1","Wild Strike","Thunderclap+1","Blood for Blood","True Grit","Searing Blow+2","Seeing Red","Immolate","Rage+1","Flex","Perfected Strike+1","Twin Strike","Power Through+1","Barricade+1"],"relics":["Burning Blood","Meat on the Bone","StrikeDummy","Blue Candle","SacredBark","Self Forming Clay","Vajra","White Beast Statue","Strawberry","Nunchaku","Bronze Scales"],"acts_visited":["Exordium","TheCity"],"potions_floor_usage":[6,16,22,23,25,33,33,33],"damage_taken":[{"damage":7,"enemies":"Jaw Worm","floor":1,"turns":3},{"damage":8,"enemies":"2 Louse","floor":2,"turns":2},{"damage":60,"enemies":"Lagavulin","floor":6,"turns":6},{"damage":1,"enemies":"Cultist","floor":7,"turns":3},{"damage":13,"enemies":"Large Slime","floor":10,"turns":5},{"damage":8,"enemies":"Gremlin Nob","floor":14,"turns":3},{"damage":17,"enemies":"Slime Boss","floor":16,"turns":10},{"damage":12,"enemies":"Chosen","floor":18,"turns":3},{"damage":18,"enemies":"3 Byrds","floor":22,"turns":4},{"damage":20,"enemies":"Gremlin Leader","floor":23,"turns":4},{"damage":20,"enemies":"3 Cultists","floor":25,"turns":5},{"damage":0,"enemies":"Chosen and Byrds","floor":30,"turns":3},{"damage":24,"enemies":"Snake Plant","floor":31,"turns":2},{"damage":120,"enemies":"Automaton","floor":33,"turns":12}],"seed_played":"3054722201204074806","potions_obtained":[{"floor":2,"key":"GamblersBrew"},{"floor":14,"key":"Explosive Potion"},{"floor":16,"key":"Regen Potion"},{"floor":22,"key":"Explosive Potion"},{"floor":23,"key":"Dexterity Potion"},{"floor":25,"key":"Fruit Juice"},{"floor":30,"key":"Ancient Potion"},{"floor":31,"key":"Regen Potion"}],"is_trial":false,"path_per_floor":["M","M","?","?","?","E","M","?","T","M","R","?","R","E","R","B",null,"M","$","?","?","M","E","?","M","T","$","?","?","M","M","R","B"],"character_chosen":"IRONCLAD","items_purchased":["Self Forming Clay","Vajra","Bronze Scales","Twin Strike"],"campfire_rested":1,"item_purchase_floors":[19,19,27,27],"current_hp_per_floor":[79,77,77,77,77,23,40,40,40,45,45,29,53,51,51,52,73,67,67,67,67,80,73,73,69,69,69,69,69,75,57,57,0,0],"gold":156,"neow_bonus":"RANDOM_COLORLESS","is_daily":false,"chose_seed":false,"campfire_upgraded":3,"win_rate":0.0,"timestamp":1613912127,"path_taken":["M","M","?","?","?","E","?","?","T","M","R","?","R","E","R","BOSS","M","$","?","?","M","E","?","?","T","?","?","?","M","M","R","BOSS"],"items_purchased_type":["Relic","Relic","Relic","Card"],"build_version":"2020-12-22","purchased_purges":0,"victory":false,"max_hp_per_floor":[80,80,80,80,80,80,80,80,80,80,80,80,80,80,80,80,80,80,80,80,80,80,87,87,97,97,97,97,97,97,97,97,97,97],"card_choices":[{"not_picked":["Purity","Impatience"],"picked":"Flash of Steel","floor":0},{"not_picked":["Headbutt","Warcry"],"picked":"Wild Strike","floor":1},{"not_picked":["True Grit","Hemokinesis"],"picked":"Thunderclap","floor":2},{"not_picked":["Shockwave","Wild Strike"],"picked":"Blood for Blood","floor":6},{"not_picked":["Sentinel","Havoc"],"picked":"True Grit","floor":7},{"not_picked":["Havoc","Headbutt"],"picked":"Searing Blow","floor":10},{"not_picked":["Anger","Sever Soul"],"picked":"Seeing Red","floor":14},{"not_picked":["Demon Form","Offering"],"picked":"Immolate","floor":16},{"not_picked":["Searing Blow","Dark Embrace"],"picked":"Rage+1","floor":18},{"not_picked":["Evolve","Clothesline"],"picked":"Flex","floor":22},{"not_picked":["Anger","Havoc","Thunderclap"],"picked":"SKIP","floor":23},{"not_picked":["Headbutt","Feel No Pain+1"],"picked":"Perfected Strike+1","floor":25},{"not_picked":["Shockwave","Havoc"],"picked":"Power Through+1","floor":30},{"not_picked":["Thunderclap","Anger"],"picked":"Barricade","floor":31}],"player_experience":574881,"relics_obtained":[{"floor":6,"key":"Meat on the Bone"},{"floor":9,"key":"StrikeDummy"},{"floor":14,"key":"Blue Candle"},{"floor":23,"key":"Strawberry"},{"floor":26,"key":"Nunchaku"}],"event_choices":[{"damage_healed":0,"gold_gain":71,"player_choice":"Gained Gold","damage_taken":0,"max_hp_gain":0,"max_hp_loss":0,"event_name":"Golden Wing","floor":3,"gold_loss":0},{"damage_healed":0,"gold_gain":175,"player_choice":"AGREE","damage_taken":0,"max_hp_gain":0,"max_hp_loss":0,"event_name":"Liars Game","floor":4,"gold_loss":0,"cards_obtained":["Doubt"]},{"damage_healed":0,"gold_gain":100,"player_choice":"Pray","damage_taken":0,"max_hp_gain":0,"max_hp_loss":0,"event_name":"Golden Shrine","floor":5,"gold_loss":0},{"cards_removed":["Doubt"],"damage_healed":0,"gold_gain":0,"player_choice":"Forget","damage_taken":0,"max_hp_gain":0,"max_hp_loss":0,"event_name":"Living Wall","floor":8,"gold_loss":0},{"damage_healed":0,"gold_gain":0,"player_choice":"Entered Light","damage_taken":16,"max_hp_gain":0,"max_hp_loss":0,"event_name":"Shining Light","floor":12,"gold_loss":0,"cards_upgraded":["Flash of Steel","Thunderclap"]},{"damage_healed":0,"gold_gain":0,"player_choice":"Opened","damage_taken":0,"relics_obtained":["White Beast Statue"],"max_hp_gain":0,"max_hp_loss":0,"event_name":"The Mausoleum","floor":20,"gold_loss":0},{"damage_healed":0,"gold_gain":0,"player_choice":"Ignored","damage_taken":0,"max_hp_gain":0,"max_hp_loss":0,"event_name":"Vampires","floor":21,"gold_loss":0},{"damage_healed":0,"gold_gain":0,"player_choice":"Upgraded Two","damage_taken":0,"max_hp_gain":0,"max_hp_loss":0,"event_name":"Designer","floor":24,"gold_loss":40,"cards_upgraded":["Strike_R","Strike_R"]},{"damage_healed":0,"gold_gain":0,"player_choice":"Ignored","damage_taken":0,"max_hp_gain":0,"max_hp_loss":0,"event_name":"Ghosts","floor":28,"gold_loss":0},{"damage_healed":0,"gold_gain":0,"player_choice":"Simplicity","damage_taken":0,"max_hp_gain":0,"max_hp_loss":0,"event_name":"Back to Basics","floor":29,"gold_loss":0,"cards_upgraded":["Strike_R","Strike_R","Strike_R","Defend_R","Defend_R","Defend_R","Defend_R"]}],"is_beta":false,"boss_relics":[{"not_picked":["Philosopher\u0027s Stone","Black Star"],"picked":"SacredBark"}],"items_purged_floors":[],"is_endless":false,"potions_floor_spawned":[2,14,16,22,23,25,30,31],"killed_by":"Automaton","ascension_level":5}}