{"host":"mithrandi","time":1613902744,"event":{"mods":["BaseMod","Colored Map","Highlight Path","Minty Spire (QoL Compilation)","SuperFastMode"],"gold_per_floor":[110,129,129,54,129,158,158,183,183,183,194,214,214,214,214,214,214],"floor_reached":16,"language":"ENG","playtime":559,"items_purged":["Strike_R"],"score":266,"play_id":"7e7308bc-c403-4ad8-8457-b60c0755adae","local_time":"20210221121904","is_ascension_mode":true,"campfire_choices":[{"data":"Bash","floor":7,"key":"SMITH"},{"data":"Warcry","floor":10,"key":"SMITH"},{"data":"Metallicize","floor":13,"key":"SMITH"},{"data":"Cleave","floor":15,"key":"SMITH"}],"circlet_count":0,"master_deck":["AscendersBane","Strike_R","Strike_R","Strike_R","Strike_R","Defend_R","Defend_R","Defend_R","Defend_R","Bash+1","Clothesline+1","Thunderclap","Metallicize+1","Warcry+1","Shrug It Off+1","Cleave+1"],"relics":["Burning Blood","NeowsBlessing","StrikeDummy","The Courier","Frozen Egg 2"],"acts_visited":["Exordium"],"potions_floor_usage":[12,16],"damage_taken":[{"damage":0,"enemies":"Small Slimes","floor":1,"turns":1},{"damage":2,"enemies":"2 Louse","floor":2,"turns":2},{"damage":0,"enemies":"Gremlin Nob","floor":6,"turns":1},{"damage":53,"enemies":"3 Sentries","floor":8,"turns":11},{"damage":4,"enemies":"Jaw Worm","floor":11,"turns":2},{"damage":4,"enemies":"Large Slime","floor":12,"turns":6},{"damage":28,"enemies":"Hexaghost","floor":16,"turns":9}],"seed_played":"-6125067377700522212","potions_obtained":[{"floor":8,"key":"DuplicationPotion"},{"floor":11,"key":"SkillPotion"}],"is_trial":false,"path_per_floor":["M","M","?","$","?","E","R","E","T","R","M","M","R","?","R","B"],"character_chosen":"IRONCLAD","items_purchased":[],"campfire_rested":0,"item_purchase_floors":[],"current_hp_per_floor":[74,75,75,75,64,70,70,23,23,23,25,27,27,27,27,0,0],"gold":214,"neow_bonus":"THREE_ENEMY_KILL","is_daily":false,"chose_seed":false,"campfire_upgraded":4,"win_rate":0.0,"timestamp":1613902744,"path_taken":["M","M","?","$","?","E","R","E","T","R","M","?","R","?","R","BOSS"],"items_purchased_type":[],"build_version":"2020-12-18","purchased_purges":1,"victory":false,"max_hp_per_floor":[75,75,75,75,75,75,75,75,75,75,75,75,75,75,75,75,75],"card_choices":[{"not_picked":["Twin Strike","Clash"],"picked":"Clothesline","floor":1},{"not_picked":["Anger","Infernal Blade"],"picked":"Thunderclap","floor":2},{"not_picked":["Cleave","Rupture"],"picked":"Metallicize","floor":6},{"not_picked":["Evolve","Rage"],"picked":"Warcry","floor":8},{"not_picked":["True Grit","Thunderclap"],"picked":"Shrug It Off","floor":11},{"not_picked":["Havoc","Heavy Blade"],"picked":"Cleave","floor":12}],"player_experience":3039704,"relics_obtained":[{"floor":6,"key":"StrikeDummy"},{"floor":8,"key":"The Courier"},{"floor":9,"key":"Frozen Egg 2"}],"event_choices":[{"damage_healed":0,"gold_gain":0,"player_choice":"Grow","damage_taken":0,"max_hp_gain":0,"max_hp_loss":0,"event_name":"Living Wall","floor":3,"gold_loss":0,"cards_upgraded":["Clothesline"]},{"damage_healed":0,"gold_gain":75,"player_choice":"Gather Gold","damage_taken":11,"max_hp_gain":0,"max_hp_loss":0,"event_name":"World of Goop","floor":5,"gold_loss":0},{"damage_healed":0,"gold_gain":0,"player_choice":"Upgraded","damage_taken":0,"max_hp_gain":0,"max_hp_loss":0,"event_name":"Upgrade Shrine","floor":14,"gold_loss":0,"cards_upgraded":["Shrug It Off"]}],"is_beta":true,"boss_relics":[],"items_purged_floors":[4],"is_endless":false,"potions_floor_spawned":[8,11],"killed_by":"Hexaghost","ascension_level":20}}