{"host":"0mk07bycsqo1qk03","time":1613940614,"event":{"mods":["BaseMod","Downfall","Hermit","Hubris","Minty Spire (QoL Compilation)","Reliquary","Replay The Spire","StSLib"],"gold_per_floor":[117,132,132,132,148,148,177,177,202,202,217,217,240,251,251,324,324,339,356,356,356,366,366,397,407,407,407,103,103,136,156,156,156,156],"floor_reached":33,"language":"ENG","playtime":1315,"items_purged":[],"score":693,"play_id":"4089462b-a015-4717-9bef-7b63c2b8a2a3","local_time":"20210221215014","is_ascension_mode":true,"campfire_choices":[{"data":"Toxin Wave","floor":6,"key":"SMITH"},{"data":"Replay:Poison Smokescreen","floor":8,"key":"SMITH"},{"floor":10,"key":"REST"},{"data":"Neutralize","floor":12,"key":"SMITH"},{"data":"Footwork","floor":15,"key":"SMITH"},{"data":"ReplayTheSpireMod:Speed Training","floor":23,"key":"SMITH"},{"floor":27,"key":"REST"},{"floor":32,"key":"REST"}],"circlet_count":0,"master_deck":["AscendersBane","Strike_G","Strike_G+1","Strike_G","Strike_G+1","Defend_G","Defend_G","Defend_G","Defend_G","Defend_G","Survivor","Neutralize+1","Noxious Fumes+1","Dash","Toxin Wave+1","Replay:Poison Smokescreen+1","Deflect","Footwork+1","Blur","Poison Darts","ReplayTheSpireMod:Speed Training+1","Deflect","Leg Sweep+1","Draining Mist","ReplayTheSpireMod:Splinters","Dodge and Roll"],"relics":["Ring of the Snake","NeowsBlessing","Bag of Preparation","Lantern","Odd Mushroom","hubris:Backtick","The Specimen","sneckomod:BlankCard","reliquary:TatteredRug","Garlic","ReplayFunnel","Bronze Scales"],"acts_visited":["Exordium","TheCity"],"potions_floor_usage":[16,16,24,31,31,33,33],"damage_taken":[{"damage":0,"enemies":"Cultist","floor":1,"turns":1},{"damage":0,"enemies":"Jaw Worm","floor":2,"turns":1},{"damage":0,"enemies":"Small Slimes","floor":5,"turns":1},{"damage":17,"enemies":"3 Sentries","floor":7,"turns":6},{"damage":0,"enemies":"Blue Slaver","floor":11,"turns":4},{"damage":0,"enemies":"The Mushroom Lair","floor":13,"turns":4},{"damage":0,"enemies":"Gremlin Gang","floor":14,"turns":3},{"damage":15,"enemies":"Fading Forest","floor":16,"turns":11},{"damage":1,"enemies":"2 Thieves","floor":18,"turns":4},{"damage":0,"enemies":"Chosen","floor":19,"turns":5},{"damage":5,"enemies":"Centurion and Healer","floor":22,"turns":7},{"damage":11,"enemies":"Replay:Snechameleon","floor":24,"turns":6},{"damage":18,"enemies":"Snake Plant","floor":25,"turns":5},{"damage":35,"enemies":"Slavers","floor":30,"turns":10},{"damage":0,"enemies":"Shelled Parasite and Fungi","floor":31,"turns":3}],"seed_played":"-7191800932564533029","potions_obtained":[{"floor":2,"key":"Languid Potion"},{"floor":5,"key":"SteroidPotion"},{"floor":13,"key":"Swift Potion"},{"floor":16,"key":"Fire Potion"},{"floor":19,"key":"Dexterity Potion"},{"floor":30,"key":"EntropicBrew"},{"floor":31,"key":"Fire Potion"}],"is_trial":false,"path_per_floor":["M","M","?","?","M","R","E","R","T","R","M","R","?","M","R","B",null,"M","M","$","?","M","R","E","M","T","R","$","?","E","M","R","B"],"character_chosen":"THE_SILENT","items_purchased":["Garlic","Draining Mist"],"campfire_rested":3,"item_purchase_floors":[28,28],"current_hp_per_floor":[59,59,59,39,39,39,22,22,22,41,41,41,41,41,41,30,57,56,56,56,56,51,51,40,22,22,41,41,41,6,6,25,0,0],"gold":156,"neow_bonus":"THREE_ENEMY_KILL","is_daily":false,"chose_seed":false,"campfire_upgraded":5,"win_rate":0.0,"timestamp":1613940614,"path_taken":["M","M","?","?","M","R","E","R","T","R","?","R","?","M","R","BOSS","M","M","$","?","M","R","E","?","T","R","$","?","E","M","R","BOSS"],"items_purchased_type":["Relic","Card"],"build_version":"2020-12-22","purchased_purges":0,"victory":false,"max_hp_per_floor":[66,66,66,66,66,66,66,66,66,66,66,66,66,66,66,66,66,66,66,66,66,66,66,66,66,66,66,66,66,66,66,66,66,66],"card_choices":[{"not_picked":["Underhanded Strike","Sucker Punch"],"picked":"Noxious Fumes","floor":1},{"not_picked":["Quick Slash","Riddle With Holes"],"picked":"Dash","floor":2},{"not_picked":["Outmaneuver","PiercingWail"],"picked":"Toxin Wave","floor":5},{"not_picked":["Blade Dance","Burst"],"picked":"Replay:Poison Smokescreen","floor":7},{"not_picked":["ReplayTheSpireMod:Scrap Shanks","Prepared"],"picked":"Deflect","floor":11},{"not_picked":["Dagger Spray","Prepared"],"picked":"Footwork","floor":13},{"not_picked":["PiercingWail","ReplayTheSpireMod:Tripwire"],"picked":"Blur","floor":14},{"not_picked":["Unload","Wraith Form v2"],"picked":"Poison Darts","floor":16},{"not_picked":["Outmaneuver","hubris:SlightOfHand+1","Quick Slash"],"picked":"SKIP","floor":18},{"not_picked":["All Out Attack","Concentrate","Hidden Blade"],"picked":"SKIP","floor":19},{"not_picked":["Deflect","Riddle With Holes","ReplayTheSpireMod:Scrap Shanks"],"picked":"SKIP","floor":22},{"not_picked":["Riddle With Holes","ReplayTheSpireMod:Scrap Shanks"],"picked":"Deflect","floor":22},{"not_picked":["Terror+1","Die Die Die"],"picked":"Leg Sweep+1","floor":24},{"not_picked":["Deadly Poison","Quick Slash","Setup"],"picked":"SKIP","floor":25},{"not_picked":["Sucker Punch","Cloak And Dagger","Acrobatics"],"picked":"SKIP","floor":30},{"not_picked":["Endless Agony","Backflip"],"picked":"Dodge and Roll","floor":31}],"player_experience":1050773,"relics_obtained":[{"floor":7,"key":"Bag of Preparation"},{"floor":9,"key":"Lantern"},{"floor":13,"key":"Odd Mushroom"},{"floor":24,"key":"sneckomod:BlankCard"},{"floor":26,"key":"reliquary:TatteredRug"},{"floor":30,"key":"Bronze Scales"}],"event_choices":[{"damage_healed":0,"gold_gain":0,"player_choice":"Grow","damage_taken":0,"max_hp_gain":0,"max_hp_loss":0,"event_name":"Living Wall","floor":3,"gold_loss":0,"cards_upgraded":["Noxious Fumes"]},{"damage_healed":0,"gold_gain":0,"player_choice":"Entered Light","damage_taken":20,"max_hp_gain":0,"max_hp_loss":0,"event_name":"Shining Light","floor":4,"gold_loss":0,"cards_upgraded":["Strike_G","Strike_G"]},{"damage_healed":0,"gold_gain":0,"player_choice":"Fought Mushrooms","damage_taken":0,"max_hp_gain":0,"max_hp_loss":0,"event_name":"Mushrooms","floor":13,"gold_loss":0},{"damage_healed":0,"gold_gain":0,"cards_transformed":["Strike_G"],"player_choice":"Transformed","damage_taken":0,"max_hp_gain":0,"max_hp_loss":0,"event_name":"Transmorgrifier","floor":21,"gold_loss":0,"cards_obtained":["ReplayTheSpireMod:Speed Training"]}],"is_beta":false,"boss_relics":[{"not_picked":["reliquary:RustamsPendant","hubris:RunicObelisk"],"picked":"hubris:Backtick"}],"items_purged_floors":[],"is_endless":false,"potions_floor_spawned":[2,5,13,16,19,22,30,31],"killed_by":"hubris:MusketHawk","ascension_level":16}}