{"host":"wha9hktbkslqvblg","time":1613870478,"event":{"mods":["BaseMod","Colored Map","Minty Spire (QoL Compilation)","Relic Stats","SuperFastMode","everything is the same but u backflip on backflip"],"gold_per_floor":[114,114,39,53,53,88,102,113,168,168,193,34,34,34,34,107,107,122,136,136,7,57,84,95,113,113,113,146,146,146,181,181,260,260,274,329,229,229,242,242,242,242,242,261,277,157,157,174,174,174,174,174,174,0,27,27],"floor_reached":57,"language":"KOR","playtime":1404,"items_purged":["Strike_R","Strike_R","Reckless Charge+1","Bash+1"],"score":2832,"play_id":"c4fe6e5e-9a5c-4850-9dfd-50eb25504b69","local_time":"20210221102118","is_ascension_mode":true,"campfire_choices":[{"data":"True Grit","floor":10.0,"key":"SMITH"},{"data":"Battle Trance","floor":13.0,"key":"SMITH"},{"floor":15.0,"key":"RECALL"},{"data":"Anger","floor":27.0,"key":"PURGE"},{"data":"Decay","floor":30.0,"key":"PURGE"},{"data":"Strike_R+1","floor":32.0,"key":"PURGE"},{"data":"Shrug It Off","floor":40.0,"key":"SMITH"},{"data":"Evolve","floor":42.0,"key":"SMITH"},{"data":"Second Wind","floor":47.0,"key":"SMITH"},{"data":"Impervious","floor":49.0,"key":"SMITH"},{"floor":53.0,"key":"REST"}],"circlet_count":0,"master_deck":["AscendersBane","Defend_R","Defend_R+1","Defend_R+1","True Grit+1","Battle Trance+1","Immolate+1","Body Slam+1","Evolve+1","Necronomicurse","Shrug It Off+1","Impervious+1","Berserk+1","Pommel Strike+1","Second Wind+1","Shockwave+1","Offering","Shrug It Off","Power Through","Juggernaut"],"relics":["Burning Blood","NeowsBlessing","Molten Egg 2","Regal Pillow","Whetstone","Sozu","Necronomicon","Peace Pipe","The Courier","Oddly Smooth Stone","InkBottle","Astrolabe","Bird Faced Urn","Art of War"],"acts_visited":["Exordium","TheCity","TheBeyond","TheEnding"],"potions_floor_usage":[],"damage_taken":[{"damage":0.0,"enemies":"2 Louse","floor":1.0,"turns":1.0},{"damage":0.0,"enemies":"Jaw Worm","floor":4.0,"turns":1.0},{"damage":0.0,"enemies":"3 Sentries","floor":6.0,"turns":1.0},{"damage":7.0,"enemies":"Small Slimes","floor":7.0,"turns":4.0},{"damage":5.0,"enemies":"Looter","floor":8.0,"turns":4.0},{"damage":0.0,"enemies":"Gremlin Nob","floor":11.0,"turns":2.0},{"damage":48.0,"enemies":"Hexaghost","floor":16.0,"turns":7.0},{"damage":16.0,"enemies":"2 Thieves","floor":18.0,"turns":3.0},{"damage":18.0,"enemies":"Shell Parasite","floor":19.0,"turns":3.0},{"damage":0.0,"enemies":"Slavers","floor":23.0,"turns":1.0},{"damage":10.0,"enemies":"Shelled Parasite and Fungi","floor":24.0,"turns":2.0},{"damage":0.0,"enemies":"Cultist and Chosen","floor":25.0,"turns":3.0},{"damage":20.0,"enemies":"Book of Stabbing","floor":28.0,"turns":4.0},{"damage":17.0,"enemies":"Gremlin Leader","floor":31.0,"turns":5.0},{"damage":11.0,"enemies":"Automaton","floor":33.0,"turns":6.0},{"damage":6.0,"enemies":"Orb Walker","floor":35.0,"turns":2.0},{"damage":63.0,"enemies":"2 Orb Walkers","floor":36.0,"turns":5.0},{"damage":0.0,"enemies":"3 Shapes","floor":39.0,"turns":1.0},{"damage":0.0,"enemies":"Maw","floor":44.0,"turns":5.0},{"damage":32.0,"enemies":"Spire Growth","floor":45.0,"turns":4.0},{"damage":0.0,"enemies":"Writhing Mass","floor":48.0,"turns":4.0},{"damage":44.0,"enemies":"Time Eater","floor":50.0,"turns":10.0},{"damage":22.0,"enemies":"Awakened One","floor":51.0,"turns":8.0},{"damage":6.0,"enemies":"Shield and Spear","floor":55.0,"turns":4.0},{"damage":62,"enemies":"The Heart","floor":56,"turns":8}],"seed_played":"977238739447319294","potions_obtained":[{"floor":8.0,"key":"AttackPotion"},{"floor":11.0,"key":"AttackPotion"}],"is_trial":false,"path_per_floor":["M","?","?","M","?","E","M","M","T","R","E","$","R","$","R","B",null,"M","M","?","$","?","E","M","M","T","R","E","?","R","E","R","B",null,"M","?","$","?","M","R","?","R","T","M","M","$","R","M","R","B","B",null,"R","$","E","B",null],"character_chosen":"IRONCLAD","items_purchased":["Sever Soul+1","Shrug It Off","Offering","Shrug It Off","Power Through"],"campfire_rested":1,"item_purchase_floors":[12,21,54,54,54],"current_hp_per_floor":[74,74,74,75,52,58,57,58,58,58,68,68,68,68,68,26,66,60,52,31,31,31,37,33,39,39,39,25,25,25,14,14,9,68,68,11,11,71,71,71,71,71,71,71,45,45,45,55,55,21,9,56,71,71,71,19],"gold":27,"neow_bonus":"THREE_ENEMY_KILL","is_daily":false,"chose_seed":false,"campfire_upgraded":6,"win_rate":0.0,"timestamp":1613870478,"path_taken":["M","?","?","M","?","E","M","M","T","R","E","?","R","?","R","BOSS","M","M","?","$","?","E","M","M","T","R","E","?","R","E","R","BOSS","M","?","$","?","M","R","?","R","T","M","M","$","R","M","R","BOSS","BOSS","R","$","E","BOSS"],"items_purchased_type":["Card","Card","Card","Card","Card"],"build_version":"2020-12-22","purchased_purges":4,"victory":true,"max_hp_per_floor":[75,75,75,75,75,75,75,75,75,75,79,79,79,79,79,79,79,83,87,87,87,87,87,87,87,87,87,87,87,87,87,87,87,87,87,87,87,71,71,71,71,71,71,71,71,71,71,71,71,71,71,71,71,71,71,71],"relic_stats":{"Sozu":7,"Peace Pipe":5,"Regal Pillow":0,"counters":[25,98],"Astrolabe":["Reckless Charge","Berserk","Pommel Strike"],"Bird Faced Urn":[18],"Necronomicon":[49],"Art of War":[1],"Whetstone":["Strike_R","Bash"],"obtain_stats":[{"Regal Pillow":9,"NeowsBlessing":0,"Astrolabe":34,"Oddly Smooth Stone":28,"The Courier":26,"Whetstone":11,"Burning Blood":0,"Sozu":17,"Peace Pipe":23,"Bird Faced Urn":36,"Molten Egg 2":6,"Necronomicon":20,"Art of War":55,"InkBottle":31},{"Regal Pillow":5,"NeowsBlessing":0,"Astrolabe":15,"Oddly Smooth Stone":13,"The Courier":12,"Whetstone":6,"Burning Blood":0,"Sozu":7,"Peace Pipe":10,"Bird Faced Urn":17,"Molten Egg 2":3,"Necronomicon":9,"Art of War":24,"InkBottle":14},{"Regal Pillow":11,"NeowsBlessing":0,"Astrolabe":47,"Oddly Smooth Stone":36,"The Courier":32,"Whetstone":13,"Burning Blood":0,"Sozu":20,"Peace Pipe":27,"Bird Faced Urn":54,"Molten Egg 2":3,"Necronomicon":26,"Art of War":90,"InkBottle":41}],"Burning Blood":131,"InkBottle":[15]},"card_choices":[{"not_picked":["Warcry","Heavy Blade","Whirlwind"],"picked":"SKIP","floor":1.0},{"not_picked":["True Grit","Headbutt"],"picked":"Anger","floor":4.0},{"not_picked":["Heavy Blade+1","Cleave+1"],"picked":"Battle Trance","floor":6.0},{"not_picked":["Warcry","Wild Strike+1"],"picked":"Reckless Charge+1","floor":7.0},{"not_picked":["Thunderclap+1","Clash+1"],"picked":"Feed+1","floor":8.0},{"not_picked":["True Grit","Wild Strike+1"],"picked":"Immolate+1","floor":11.0},{"not_picked":["Thunderclap+1","Clothesline+1"],"picked":"Body Slam+1","floor":18.0},{"not_picked":["Headbutt+1","Flex"],"picked":"Evolve","floor":19.0},{"not_picked":["Cleave+1","Anger+1","Armaments"],"picked":"SKIP","floor":23.0},{"not_picked":["Limit Break","Heavy Blade+1","Havoc"],"picked":"SKIP","floor":24.0},{"not_picked":["Heavy Blade+1","Warcry","Intimidate"],"picked":"SKIP","floor":25.0},{"not_picked":["Rampage+1","Iron Wave+1","Clothesline+1"],"picked":"SKIP","floor":28.0},{"not_picked":["Berserk","Heavy Blade+1","Exhume"],"picked":"SKIP","floor":31.0},{"not_picked":["Limit Break","Immolate+1"],"picked":"Impervious","floor":33.0},{"not_picked":["Dark Embrace","Reckless Charge+1","Pommel Strike+1"],"picked":"SKIP","floor":35.0},{"not_picked":["Sword Boomerang+1","Inflame","Ghostly Armor"],"picked":"SKIP","floor":39.0},{"not_picked":["Sentinel+1","Thunderclap+1"],"picked":"Second Wind","floor":44.0},{"not_picked":["Dropkick+1","Flex","Cleave+1"],"picked":"SKIP","floor":45.0},{"not_picked":["Clash+1","Reckless Charge+1"],"picked":"Shockwave+1","floor":48.0},{"not_picked":["Headbutt+1","Juggernaut","Iron Wave+1"],"picked":"SKIP","floor":55.0},{"not_picked":["Headbutt+1","Iron Wave+1"],"picked":"Juggernaut","floor":55.0}],"player_experience":1003496,"relics_obtained":[{"floor":6.0,"key":"Molten Egg 2"},{"floor":9.0,"key":"Regal Pillow"},{"floor":11.0,"key":"Whetstone"},{"floor":20.0,"key":"Necronomicon"},{"floor":23.0,"key":"Peace Pipe"},{"floor":26.0,"key":"The Courier"},{"floor":28.0,"key":"Oddly Smooth Stone"},{"floor":31.0,"key":"InkBottle"},{"floor":36.0,"key":"Bird Faced Urn"},{"floor":55.0,"key":"Art of War"}],"event_choices":[{"damage_healed":0.0,"max_hp_gain":0.0,"max_hp_loss":0.0,"gold_gain":0.0,"cards_transformed":["Strike_R"],"event_name":"Living Wall","player_choice":"Change","floor":2.0,"gold_loss":0.0,"damage_taken":0.0,"cards_obtained":["True Grit"]},{"cards_removed":["Strike_R"],"damage_healed":0.0,"max_hp_gain":0.0,"max_hp_loss":0.0,"gold_gain":0.0,"event_name":"The Cleric","player_choice":"Card Removal","floor":3.0,"gold_loss":75.0,"damage_taken":0.0},{"damage_healed":0.0,"max_hp_gain":0.0,"max_hp_loss":0.0,"gold_gain":0.0,"event_name":"Shining Light","player_choice":"Entered Light","floor":5.0,"gold_loss":0.0,"damage_taken":23.0,"cards_upgraded":["Defend_R","Defend_R"]},{"damage_healed":0.0,"max_hp_gain":0.0,"max_hp_loss":0.0,"gold_gain":0.0,"event_name":"Cursed Tome","player_choice":"Obtained Book","floor":20.0,"gold_loss":0.0,"damage_taken":21.0},{"damage_healed":0.0,"max_hp_gain":0.0,"max_hp_loss":0.0,"gold_gain":50.0,"event_name":"Nest","player_choice":"Stole From Cult","floor":22.0,"gold_loss":0.0,"damage_taken":0.0},{"damage_healed":0.0,"max_hp_gain":0.0,"max_hp_loss":0.0,"gold_gain":0.0,"event_name":"Forgotten Altar","player_choice":"Smashed Altar","floor":29.0,"gold_loss":0.0,"damage_taken":0.0,"cards_obtained":["Decay"]},{"damage_healed":0.0,"max_hp_gain":0.0,"max_hp_loss":0.0,"gold_gain":0.0,"event_name":"Mysterious Sphere","player_choice":"Fight","floor":36.0,"gold_loss":0.0,"damage_taken":0.0},{"damage_healed":71.0,"max_hp_gain":0.0,"max_hp_loss":16.0,"gold_gain":0.0,"event_name":"The Moai Head","player_choice":"Heal","floor":38.0,"gold_loss":0.0,"damage_taken":0.0},{"cards_removed":["Reckless Charge"],"damage_healed":0.0,"max_hp_gain":0.0,"max_hp_loss":0.0,"gold_gain":0.0,"event_name":"Falling","player_choice":"Removed Attack","floor":41.0,"gold_loss":0.0,"damage_taken":0.0}],"is_beta":false,"boss_relics":[{"not_picked":["Ectoplasm","Runic Cube"],"picked":"Sozu"},{"not_picked":["Calling Bell","Fusion Hammer"],"picked":"Astrolabe"}],"items_purged_floors":[12,21,37,46],"is_endless":false,"potions_floor_spawned":[8,11,19,24,25,28,35,45,48],"ascension_level":20}}