{"host":"g2yp6paluzgljz05","time":1613890669,"event":{"mods":["BaseMod","Bestiary","Colored Powertips","DeckTracker","Highlight Path","Minty Spire (QoL Compilation)","Quick Restart"],"gold_per_floor":[113,38,92,103,103,134,34,34,85,120,81,81,96,113,113,113,113],"floor_reached":16,"language":"ENG","playtime":2797,"items_purged":["Strike_R","Strike_R"],"score":178,"play_id":"0e71529b-485f-414a-8310-7a9d6a54e6e0","local_time":"20210221175749","is_ascension_mode":true,"campfire_choices":[{"floor":8,"key":"REST"},{"data":"Heavy Blade","floor":12,"key":"SMITH"},{"data":"Flame Barrier","floor":15,"key":"SMITH"}],"circlet_count":0,"master_deck":["AscendersBane","Strike_R","Strike_R","Strike_R","Defend_R","Defend_R","Defend_R","Defend_R","Bash","Dramatic Entrance","Spot Weakness","Flame Barrier+1","Shrug It Off","Heavy Blade+1"],"relics":["Burning Blood","Anchor","Lizard Tail","Orichalcum","The Courier"],"acts_visited":["Exordium"],"potions_floor_usage":[],"damage_taken":[{"damage":6,"enemies":"Cultist","floor":1,"turns":3},{"damage":0,"enemies":"Small Slimes","floor":4,"turns":3},{"damage":80,"enemies":"Lagavulin","floor":6,"turns":7},{"damage":42,"enemies":"3 Sentries","floor":10,"turns":14},{"damage":2,"enemies":"Jaw Worm","floor":13,"turns":2},{"damage":1,"enemies":"2 Fungi Beasts","floor":14,"turns":3},{"damage":53,"enemies":"Hexaghost","floor":16,"turns":9}],"seed_played":"544504806215669125","potions_obtained":[{"floor":4,"key":"SpeedPotion"},{"floor":10,"key":"FearPotion"}],"is_trial":false,"path_per_floor":["M","$","T","M","?","E","$","R","T","E","$","R","M","M","R","B"],"character_chosen":"IRONCLAD","items_purchased":["Heavy Blade"],"campfire_rested":1,"item_purchase_floors":[11],"current_hp_per_floor":[72,72,72,78,83,9,9,34,34,44,44,44,48,53,53,0,0],"gold":113,"neow_bonus":"RANDOM_COLORLESS","is_daily":false,"chose_seed":false,"campfire_upgraded":2,"win_rate":0.0,"timestamp":1613890669,"path_taken":["M","$","?","M","?","E","?","R","T","E","$","R","M","M","R","BOSS"],"items_purchased_type":["Card"],"build_version":"2020-12-22","purchased_purges":2,"victory":false,"max_hp_per_floor":[80,80,80,80,85,85,85,85,85,85,85,85,85,85,85,85,85],"card_choices":[{"not_picked":["Trip","Good Instincts"],"picked":"Dramatic Entrance","floor":0},{"not_picked":["Twin Strike","Reckless Charge"],"picked":"Spot Weakness","floor":1},{"not_picked":["Clash","Hemokinesis"],"picked":"Flame Barrier","floor":4},{"not_picked":["Fire Breathing","Armaments"],"picked":"Shrug It Off","floor":6},{"not_picked":["Searing Blow","Inflame","Rampage"],"picked":"SKIP","floor":10},{"not_picked":["Pommel Strike","Twin Strike","Ghostly Armor"],"picked":"SKIP","floor":13},{"not_picked":["Twin Strike","Burning Pact","Disarm"],"picked":"SKIP","floor":14}],"player_experience":400453,"relics_obtained":[{"floor":3,"key":"Anchor"},{"floor":6,"key":"Lizard Tail"},{"floor":9,"key":"Orichalcum"},{"floor":10,"key":"The Courier"}],"event_choices":[{"damage_healed":0,"gold_gain":0,"player_choice":"Donut","damage_taken":0,"max_hp_gain":5,"max_hp_loss":0,"event_name":"Big Fish","floor":5,"gold_loss":0}],"is_beta":false,"boss_relics":[],"items_purged_floors":[2,7],"is_endless":false,"potions_floor_spawned":[4,10,14],"killed_by":"Hexaghost","ascension_level":13}}