{"host":"jpzdg3po3tjxdjri","time":1613911245,"event":{"mods":["BaseMod","Better Third Choice","Colored Map","Colored Powertips","Minty Spire (QoL Compilation)","StSLib"],"gold_per_floor":[213,229,10,27,27,55,55,130,157,71,105,124,157,172,172,269,269,285,297,31,31,50,77,77,89,101,140,152,152],"floor_reached":28,"language":"ENG","playtime":986,"items_purged":["Strike_G"],"score":290,"play_id":"424e7360-aa60-466b-9ef9-eeb5a867fc4f","local_time":"20210221124045","is_ascension_mode":true,"campfire_choices":[{"data":"Noxious Fumes","floor":7.0,"key":"SMITH"},{"floor":15.0,"key":"REST"},{"floor":25,"key":"REST"}],"circlet_count":0,"master_deck":["Strike_G","Strike_G","Strike_G","Strike_G","Defend_G","Defend_G","Defend_G","Defend_G","Defend_G","Survivor","Neutralize","Endless Agony+1","Sucker Punch+1","Noxious Fumes+1","Dagger Spray","Quick Slash","Footwork","Dagger Throw","Poisoned Stab","Terror","Footwork","Sucker Punch","Envenom","Dagger Throw","Flechettes","Adrenaline","Deadly Poison","Writhe","Dagger Throw","Glass Knife","Shame","Well Laid Plans"],"relics":["Ring of the Snake","Blood Vial","Pen Nib","CaptainsWheel","Ancient Tea Set","Philosopher\u0027s Stone","MealTicket","The Courier","MawBank","Ginger","Art of War"],"acts_visited":["Exordium","TheCity"],"potions_floor_usage":[18,23,27],"damage_taken":[{"damage":0.0,"enemies":"2 Louse","floor":1.0,"turns":3.0},{"damage":1.0,"enemies":"Jaw Worm","floor":2.0,"turns":6.0},{"damage":2.0,"enemies":"Small Slimes","floor":4.0,"turns":4.0},{"damage":17.0,"enemies":"Lagavulin","floor":6.0,"turns":8.0},{"damage":15.0,"enemies":"3 Sentries","floor":11.0,"turns":6.0},{"damage":5.0,"enemies":"2 Fungi Beasts","floor":12.0,"turns":3.0},{"damage":3.0,"enemies":"Lagavulin","floor":13.0,"turns":5.0},{"damage":0.0,"enemies":"Blue Slaver","floor":14.0,"turns":4.0},{"damage":13.0,"enemies":"Hexaghost","floor":16.0,"turns":10.0},{"damage":4,"enemies":"2 Thieves","floor":18,"turns":4},{"damage":1,"enemies":"Chosen","floor":19,"turns":3},{"damage":4,"enemies":"Centurion and Healer","floor":22,"turns":5},{"damage":48,"enemies":"Gremlin Leader","floor":23,"turns":7},{"damage":29,"enemies":"Slavers","floor":27,"turns":4},{"damage":16,"enemies":"Snake Plant","floor":28,"turns":1}],"seed_played":"7180849795627505153","potions_obtained":[{"floor":1.0,"key":"BlessingOfTheForge"},{"floor":4.0,"key":"Swift Potion"},{"floor":13.0,"key":"FearPotion"},{"floor":14.0,"key":"FearPotion"},{"floor":16.0,"key":"Energy Potion"},{"floor":19,"key":"Dexterity Potion"},{"floor":23,"key":"Strength Potion"}],"is_trial":false,"path_per_floor":["M","M","$","M","?","E","R","?","T","$","E","M","E","M","R","B",null,"M","M","$","?","M","E","?","R","T","E","M"],"character_chosen":"THE_SILENT","items_purchased":["Blood Vial","Noxious Fumes","Footwork","Dagger Throw","Adrenaline","Deadly Poison"],"campfire_rested":2,"item_purchase_floors":[3,3,10,10,20,20],"current_hp_per_floor":[70,69,69,68,54,39,39,28,28,28,15,12,11,13,34,23,70,66,67,67,67,65,19,19,40,40,13,0,0],"gold":152,"neow_bonus":"HUNDRED_GOLD","is_daily":false,"chose_seed":false,"campfire_upgraded":1,"win_rate":0.0,"timestamp":1613911245,"path_taken":["M","M","$","M","?","E","R","?","T","$","E","?","E","M","R","BOSS","M","M","$","?","M","E","?","R","T","E","M"],"items_purchased_type":["Relic","Card","Card","Card","Card","Card"],"build_version":"2020-12-22","purchased_purges":1,"victory":false,"max_hp_per_floor":[70,70,70,70,70,70,70,70,70,70,70,70,70,70,70,70,70,70,70,70,70,70,70,70,70,70,70,70,70],"card_choices":[{"not_picked":["Accuracy","Acrobatics"],"picked":"Endless Agony","floor":1.0},{"not_picked":["Bouncing Flask","Bane"],"picked":"Sucker Punch","floor":2.0},{"not_picked":["Quick Slash","Prepared"],"picked":"Dagger Spray","floor":4.0},{"not_picked":["Catalyst","Dodge and Roll"],"picked":"Quick Slash","floor":6.0},{"not_picked":["Finisher","Dagger Spray"],"picked":"Poisoned Stab","floor":11.0},{"not_picked":["Bane","Dagger Throw"],"picked":"Terror","floor":12.0},{"not_picked":["Deflect","Backstab"],"picked":"Footwork","floor":13.0},{"not_picked":["Underhanded Strike","Outmaneuver"],"picked":"Sucker Punch","floor":14.0},{"not_picked":["Glass Knife","Doppelganger"],"picked":"Envenom","floor":16.0},{"not_picked":["Endless Agony","Deflect"],"picked":"Dagger Throw","floor":18},{"not_picked":["Acrobatics","Flying Knee"],"picked":"Flechettes","floor":19},{"not_picked":["Choke","Prepared+1"],"picked":"Dagger Throw","floor":22},{"not_picked":["Endless Agony","Quick Slash"],"picked":"Glass Knife","floor":23},{"not_picked":["Outmaneuver+1","Dagger Spray"],"picked":"Well Laid Plans","floor":27}],"player_experience":926025,"relics_obtained":[{"floor":6.0,"key":"Pen Nib"},{"floor":11.0,"key":"CaptainsWheel"},{"floor":13.0,"key":"Ancient Tea Set"},{"floor":23,"key":"The Courier"},{"floor":26,"key":"Ginger"},{"floor":27,"key":"Art of War"}],"event_choices":[{"damage_healed":68.0,"max_hp_gain":0.0,"max_hp_loss":70.0,"gold_gain":0.0,"event_name":"betterThird:BetterShining","player_choice":"Upgrade","floor":5.0,"gold_loss":0.0,"damage_taken":14.0,"cards_upgraded":["Sucker Punch","Endless Agony"]},{"damage_healed":0.0,"max_hp_gain":0.0,"max_hp_loss":0.0,"gold_gain":75.0,"event_name":"betterThird:BetterGoop","player_choice":"Gold","floor":8.0,"gold_loss":0.0,"damage_taken":11.0},{"damage_healed":0,"gold_gain":0,"player_choice":"Opened","damage_taken":0,"relics_obtained":["MealTicket"],"max_hp_gain":0,"max_hp_loss":0,"event_name":"The Mausoleum","floor":21,"gold_loss":0,"cards_obtained":["Writhe"]},{"damage_healed":0,"gold_gain":0,"player_choice":"Stole Relic","damage_taken":0,"relics_obtained":["MawBank"],"max_hp_gain":0,"max_hp_loss":0,"event_name":"Addict","floor":24,"gold_loss":0,"cards_obtained":["Shame"]}],"is_beta":false,"boss_relics":[{"not_picked":["HoveringKite","SacredBark"],"picked":"Philosopher\u0027s Stone"}],"items_purged_floors":[20],"is_endless":false,"potions_floor_spawned":[1,4,13,14,16,19,23],"killed_by":"Snake Plant","ascension_level":1}}