{"host":"htvce8wym9d6pe5b","time":1613915584,"event":{"mods":["Act Like it!","BaseMod","Colored Map","Conspire","Downfall","Hermit","Highlight Path","Hubris","Infinite Spire","Jorbs\u0027s Wanderer Trilogy","Minty Spire (QoL Compilation)","Replay The Spire","StSLib","The Bug Knight","The Cursed","The Disciple","The Hierophant","The Runesmith"],"gold_per_floor":[119,136,26,45,62,62,80,92,119,74,85,85,85,16,16,116,116,126,144,69,83,83,83],"floor_reached":22,"language":"ENG","playtime":1780,"items_purged":[],"score":180,"play_id":"e17b3de2-91e2-4ded-b42d-e0c8a1a7100f","local_time":"20210221075304","is_ascension_mode":false,"campfire_choices":[{"data":"TheCursedMod:CleanUpWorkshop","floor":6,"key":"SMITH"},{"floor":13,"key":"REST"},{"floor":15,"key":"REST"}],"circlet_count":0,"master_deck":["TheCursedMod:Strike_TheCursed+1","TheCursedMod:Strike_TheCursed","TheCursedMod:Strike_TheCursed","TheCursedMod:Strike_TheCursed","TheCursedMod:Defend_TheCursed","TheCursedMod:Defend_TheCursed","TheCursedMod:Defend_TheCursed","TheCursedMod:CursedWand","TheCursedMod:CleanUpWorkshop+1","TheCursedMod:Dregs","TheCursedMod:Hemoplague","TheCursedMod:CursedBoomerang+1","TheCursedMod:HellfireBreathing","TheCursedMod:ManaBullet","TheCursedMod:BlessingInDisguise","TheCursedMod:SmokeScreen","TheCursedMod:SurpriseAttack","TheCursedMod:RavingStaff","TheCursedMod:CursedBlade","TheCursedMod:CircleOfCorruption","TheCursedMod:RapidMovement","TheCursedMod:AbyssShockwave","TheCursedMod:StunningStrike","TheCursedMod:CursedAmulet","TheCursedMod:CursedBlade+1","TheCursedMod:AbyssShockwave","TheCursedMod:CursedArmor"],"relics":["TheCursedMod:BlackMagic101","NeowsBlessing","Whetstone","hubris:ScarierMask"],"acts_visited":["Exordium","TheCity"],"potions_floor_usage":[21,21,21],"damage_taken":[{"damage":0,"enemies":"infinitespire:Voidling","floor":1,"turns":1},{"damage":2,"enemies":"conspire:RoseBush","floor":2,"turns":1},{"damage":0,"enemies":"Jaw Worm","floor":4,"turns":1},{"damage":0,"enemies":"Large Slime","floor":5,"turns":6},{"damage":35,"enemies":"Gremlin Gang","floor":7,"turns":6},{"damage":7,"enemies":"3 Louse","floor":8,"turns":4},{"damage":12,"enemies":"Blue Slaver","floor":11,"turns":2},{"damage":40,"enemies":"The Guardian","floor":16,"turns":9},{"damage":26,"enemies":"Chosen","floor":18,"turns":6},{"damage":27,"enemies":"Spheric Guardian","floor":19,"turns":4},{"damage":16,"enemies":"conspire:HollyBat","floor":21,"turns":7},{"damage":9,"enemies":"Snake Plant","floor":22,"turns":2}],"seed_played":"-85119984705047462","potions_obtained":[{"floor":1,"key":"Strength Potion"},{"floor":4,"key":"Strength Potion"},{"floor":11,"key":"BlessingOfTheForge"}],"is_trial":false,"path_per_floor":["M","M","$","M","M","R","M","M","T","$","M","?","R","$","R","B",null,"M","M","$","M","M"],"character_chosen":"THE_CURSED","items_purchased":["TheCursedMod:HellfireBreathing","TheCursedMod:ManaBullet","TheCursedMod:CursedBlade","TheCursedMod:AbyssShockwave","TheCursedMod:AbyssShockwave"],"campfire_rested":2,"item_purchase_floors":[3,3,10,14,20],"current_hp_per_floor":[75,73,73,73,73,73,38,31,31,31,19,19,41,41,63,23,75,49,22,22,6,0,0],"gold":83,"neow_bonus":"THREE_ENEMY_KILL","is_daily":false,"chose_seed":false,"campfire_upgraded":1,"win_rate":0.0,"timestamp":1613915584,"path_taken":["M","M","$","M","?","R","M","M","T","$","M","?","R","?","R","BOSS","M","?","$","M","M"],"items_purchased_type":["Card","Card","Card","Card","Card"],"build_version":"2020-12-22","purchased_purges":0,"victory":false,"max_hp_per_floor":[75,75,75,75,75,75,75,75,75,75,75,75,75,75,75,75,75,75,75,75,75,75,75],"card_choices":[{"not_picked":["TheCursedMod:PrepareRite","TheCursedMod:Torture"],"picked":"TheCursedMod:Hemoplague","floor":1},{"not_picked":["TheCursedMod:VitalStrike","TheCursedMod:Mangle"],"picked":"TheCursedMod:CursedBoomerang","floor":2},{"not_picked":["TheCursedMod:Torture","TheCursedMod:Stretching"],"picked":"TheCursedMod:BlessingInDisguise","floor":4},{"not_picked":["TheCursedMod:TacticalStrike","TheCursedMod:SpitefulStrike"],"picked":"TheCursedMod:SmokeScreen","floor":5},{"not_picked":["TheCursedMod:Stretching","TheCursedMod:WearCloak"],"picked":"TheCursedMod:SurpriseAttack","floor":7},{"not_picked":["TheCursedMod:SmokeScreen","TheCursedMod:RapidMovement"],"picked":"TheCursedMod:RavingStaff","floor":8},{"not_picked":["TheCursedMod:SoulReap","TheCursedMod:CursedShiv"],"picked":"TheCursedMod:CircleOfCorruption","floor":11},{"not_picked":["TheCursedMod:DarkBarrier","TheCursedMod:ForbiddenAlchemy"],"picked":"TheCursedMod:StunningStrike","floor":16},{"not_picked":["TheCursedMod:Stretching+1","TheCursedMod:CircleOfFlame"],"picked":"TheCursedMod:CursedAmulet","floor":18},{"not_picked":["TheCursedMod:FleshFromBone","TheCursedMod:TacticalStrike"],"picked":"TheCursedMod:CursedBlade+1","floor":19},{"not_picked":["TheCursedMod:TacticalStrike","TheCursedMod:Torture+1"],"picked":"TheCursedMod:CursedArmor","floor":21}],"player_experience":18689,"relics_obtained":[{"floor":9,"key":"Whetstone"}],"event_choices":[{"damage_healed":0,"gold_gain":0,"cards_transformed":["TheCursedMod:Defend_TheCursed"],"player_choice":"Transformed","damage_taken":0,"max_hp_gain":0,"max_hp_loss":0,"event_name":"Transmorgrifier","floor":12,"gold_loss":0,"cards_obtained":["TheCursedMod:RapidMovement"]}],"is_beta":false,"boss_relics":[{"not_picked":["Replay:Drink Me","Ectoplasm"],"picked":"hubris:ScarierMask"}],"items_purged_floors":[],"is_endless":false,"potions_floor_spawned":[1,4,11,18,19],"killed_by":"Snake Plant","ascension_level":0}}