{"host":"l1pzlbpva2o8t11s","time":1613928868,"event":{"mods":["AchievementEnabler","BaseMod","Block Reminder","Colored Map","Minty Spire (QoL Compilation)","Random Character Button","Relic Stats","StSLib","The Jungle"],"gold_per_floor":[116,116,116,128,7,33,45,78,78,78,89,89,117,17,17,114,114,133,133,147,185,204,204,229,229,229,259,259,293,293,124,124,225,234,262,321,371,163,181,181,210,210,279,279,104,132,144,160,160,160,160,160,4,37,37],"floor_reached":56,"language":"ENG","playtime":3425,"items_purged":["Defend_G","Regret","Writhe","Outmaneuver","Defend_G"],"score":1573,"play_id":"d913fdc3-e901-4208-8fe7-6f3f16587f41","local_time":"20210221183428","is_ascension_mode":true,"campfire_choices":[{"data":"Underhanded Strike","floor":10.0,"key":"SMITH"},{"data":"Phantasmal Killer","floor":12.0,"key":"SMITH"},{"data":"Underhanded Strike","floor":15.0,"key":"SMITH"},{"data":"Acrobatics","floor":23.0,"key":"SMITH"},{"data":"Neutralize","floor":25.0,"key":"SMITH"},{"data":"Prepared","floor":28.0,"key":"SMITH"},{"data":"Strike_G","floor":32.0,"key":"SMITH"},{"data":"1","floor":40.0,"key":"LIFT"},{"data":"2","floor":42.0,"key":"LIFT"},{"floor":44.0,"key":"RECALL"},{"data":"3","floor":49.0,"key":"LIFT"},{"data":"Acrobatics","floor":52.0,"key":"SMITH"}],"circlet_count":0,"master_deck":["Strike_G","Strike_G","Strike_G","Strike_G+1","Defend_G","Defend_G","Defend_G","Survivor","Neutralize+1","Underhanded Strike+1","Underhanded Strike+1","Acrobatics+1","Dagger Spray+1","Phantasmal Killer+1","Underhanded Strike+1","Unload+1","Prepared+1","Slice+1","Slice+1","Die Die Die+1","Acrobatics+1","CurseOfTheBell","Terror+1","Distraction+1","Backstab+1"],"relics":["Ring of the Snake","NeowsBlessing","StrikeDummy","Molten Egg 2","Happy Flower","Toy Ornithopter","Runic Pyramid","Gremlin Horn","MealTicket","White Beast Statue","Pear","CeramicFish","Calling Bell","Tiny Chest","Kunai","Unceasing Top","Girya","FossilizedHelix","Snake Skull","Meat on the Bone","InkBottle","Pen Nib","Shuriken"],"acts_visited":["Exordium","TheCity","TheBeyond","TheEnding"],"potions_floor_usage":[55,55,55],"damage_taken":[{"damage":0.0,"enemies":"Cultist","floor":1.0,"turns":1.0},{"damage":0.0,"enemies":"2 Louse","floor":4.0,"turns":1.0},{"damage":0.0,"enemies":"Gremlin Nob","floor":6.0,"turns":1.0},{"damage":0.0,"enemies":"Jaw Worm","floor":7.0,"turns":2.0},{"damage":27.0,"enemies":"Lagavulin","floor":8.0,"turns":6.0},{"damage":0.0,"enemies":"Blue Slaver","floor":11.0,"turns":1.0},{"damage":1.0,"enemies":"Gremlin Nob","floor":13.0,"turns":3.0},{"damage":0.0,"enemies":"Slime Boss","floor":16.0,"turns":5.0},{"damage":0.0,"enemies":"Spheric Guardian","floor":18.0,"turns":2.0},{"damage":20.0,"enemies":"2 Thieves","floor":20.0,"turns":3.0},{"damage":0.0,"enemies":"3 Cultists","floor":21.0,"turns":3.0},{"damage":2.0,"enemies":"Cultist and Chosen","floor":22.0,"turns":2.0},{"damage":10.0,"enemies":"Book of Stabbing","floor":24.0,"turns":3.0},{"damage":0.0,"enemies":"Gremlin Leader","floor":27.0,"turns":2.0},{"damage":2.0,"enemies":"Slavers","floor":29.0,"turns":2.0},{"damage":21.0,"enemies":"Collector","floor":33.0,"turns":4.0},{"damage":25.0,"enemies":"3 Shapes","floor":35.0,"turns":2.0},{"damage":21.0,"enemies":"2 Orb Walkers","floor":36.0,"turns":3.0},{"damage":0.0,"enemies":"Mind Bloom Boss Battle","floor":37.0,"turns":3.0},{"damage":0.0,"enemies":"3 Darklings","floor":39.0,"turns":2.0},{"damage":0.0,"enemies":"Nemesis","floor":41.0,"turns":5.0},{"damage":0.0,"enemies":"Reptomancer","floor":46.0,"turns":2.0},{"damage":0.0,"enemies":"Transient","floor":47.0,"turns":5.0},{"damage":0.0,"enemies":"Spire Growth","floor":48.0,"turns":1.0},{"damage":20.0,"enemies":"Awakened One","floor":50.0,"turns":7.0},{"damage":6.0,"enemies":"Shield and Spear","floor":54.0,"turns":2.0},{"damage":81,"enemies":"The Heart","floor":55,"turns":5}],"seed_played":"1695947823444110711","potions_obtained":[{"floor":7.0,"key":"ColorlessPotion"},{"floor":8.0,"key":"SpeedPotion"},{"floor":11.0,"key":"SteroidPotion"},{"floor":13.0,"key":"FearPotion"},{"floor":20.0,"key":"ColorlessPotion"},{"floor":21.0,"key":"Poison Potion"},{"floor":27.0,"key":"Weak Potion"},{"floor":29.0,"key":"Swift Potion"},{"floor":33.0,"key":"Regen Potion"},{"floor":36.0,"key":"DuplicationPotion"},{"floor":37.0,"key":"Energy Potion"},{"floor":54.0,"key":"CunningPotion"}],"is_trial":false,"path_per_floor":["M","?","?","M","$","E","M","E","T","R","M","R","E","$","R","B",null,"M","?","M","M","M","R","E","R","T","E","R","E","?","$","R","B",null,"M","?","?","$","M","R","E","R","T","R","$","E","M","M","R","B",null,"R","$","E","B",null],"character_chosen":"THE_SILENT","items_purchased":["Underhanded Strike","Acrobatics","Backstab+1","Pen Nib"],"campfire_rested":0,"item_purchase_floors":[5,31,38,53],"current_hp_per_floor":[70,63,63,63,63,63,63,36,36,36,36,36,35,35,35,40,70,70,70,50,55,53,53,48,48,48,58,58,61,61,76,76,55,80,55,48,48,63,63,63,63,63,63,63,78,78,78,78,78,63,80,80,80,74,20],"gold":37,"neow_bonus":"THREE_ENEMY_KILL","is_daily":false,"chose_seed":false,"campfire_upgraded":8,"win_rate":0.0,"timestamp":1613928868,"path_taken":["M","?","?","M","$","E","M","E","T","R","M","R","E","$","R","BOSS","M","?","M","M","M","R","E","R","T","E","R","E","?","$","R","BOSS","M","?","?","$","M","R","E","R","T","R","$","E","M","M","R","BOSS","R","$","E","BOSS"],"items_purchased_type":["Card","Card","Card","Relic"],"build_version":"2020-12-22","purchased_purges":5,"victory":true,"max_hp_per_floor":[70,70,70,70,70,70,70,70,70,70,70,70,70,70,70,70,70,70,70,70,70,70,70,70,70,70,80,80,80,80,80,80,80,80,80,80,80,80,80,80,80,80,80,80,80,80,80,80,80,80,80,80,80,80,80],"relic_stats":{"Happy Flower":[22],"Gremlin Horn":[23,23],"counters":[27,78],"CeramicFish":54,"Snake Skull":[6],"Pen Nib":[2],"Shuriken":[5],"MealTicket":45,"Tiny Chest":0,"Kunai":[33],"obtain_stats":[{"Girya":36,"Pear":27,"NeowsBlessing":0,"Happy Flower":8,"Gremlin Horn":19,"CeramicFish":29,"Snake Skull":41,"Pen Nib":53,"White Beast Statue":26,"Calling Bell":34,"Shuriken":54,"Molten Egg 2":6,"MealTicket":24,"Tiny Chest":34,"Kunai":34,"StrikeDummy":3,"Toy Ornithopter":13,"Unceasing Top":34,"FossilizedHelix":37,"InkBottle":46,"Ring of the Snake":0,"Runic Pyramid":17,"Meat on the Bone":43},{"Girya":18,"Pear":14,"NeowsBlessing":0,"Happy Flower":5,"Gremlin Horn":9,"CeramicFish":15,"Snake Skull":21,"Pen Nib":25,"White Beast Statue":13,"Calling Bell":16,"Shuriken":26,"Molten Egg 2":3,"MealTicket":13,"Tiny Chest":16,"Kunai":16,"StrikeDummy":1,"Toy Ornithopter":7,"Unceasing Top":16,"FossilizedHelix":19,"InkBottle":22,"Ring of the Snake":0,"Runic Pyramid":8,"Meat on the Bone":21},{"Girya":46,"Pear":35,"NeowsBlessing":0,"Happy Flower":11,"Gremlin Horn":22,"CeramicFish":37,"Snake Skull":56,"Pen Nib":71,"White Beast Statue":33,"Calling Bell":41,"Shuriken":73,"Molten Egg 2":3,"MealTicket":33,"Tiny Chest":41,"Kunai":41,"StrikeDummy":1,"Toy Ornithopter":15,"Unceasing Top":41,"FossilizedHelix":49,"InkBottle":58,"Ring of the Snake":0,"Runic Pyramid":20,"Meat on the Bone":56}],"Toy Ornithopter":45,"Unceasing Top":[8],"InkBottle":[12],"Ring of the Snake":[54],"Meat on the Bone":12},"card_choices":[{"not_picked":["Escape Plan","Acrobatics"],"picked":"Outmaneuver","floor":1.0},{"not_picked":["Prepared","Concentrate"],"picked":"Underhanded Strike","floor":4.0},{"not_picked":["Reflex","Bane+1"],"picked":"Acrobatics","floor":6.0},{"not_picked":["Bane+1","Slice+1"],"picked":"Dagger Spray+1","floor":7.0},{"not_picked":["Expertise","Backflip","Sucker Punch+1"],"picked":"SKIP","floor":8.0},{"not_picked":["Choke+1","Cloak And Dagger"],"picked":"Phantasmal Killer","floor":11.0},{"not_picked":["Cloak And Dagger","Dagger Throw+1"],"picked":"Underhanded Strike+1","floor":13.0},{"not_picked":["Burst","Night Terror"],"picked":"Unload+1","floor":16.0},{"not_picked":["Infinite Blades","Footwork","Deadly Poison"],"picked":"SKIP","floor":18.0},{"not_picked":["Dodge and Roll","Escape Plan"],"picked":"Prepared","floor":20.0},{"not_picked":["Reflex","PiercingWail+1","Poisoned Stab+1"],"picked":"SKIP","floor":21.0},{"not_picked":["Heel Hook+1","Backflip+1"],"picked":"Slice+1","floor":22.0},{"not_picked":["Outmaneuver","Expertise+1","Leg Sweep"],"picked":"SKIP","floor":24.0},{"not_picked":["Outmaneuver","Bullet Time"],"picked":"Slice+1","floor":27.0},{"not_picked":["Terror","Deadly Poison"],"picked":"Die Die Die+1","floor":29.0},{"not_picked":["Masterful Stab+1","Dagger Throw+1"],"picked":"Terror+1","floor":35.0},{"not_picked":["Quick Slash+1","Prepared"],"picked":"Distraction+1","floor":36.0},{"not_picked":["Deadly Poison","Sucker Punch+1","Choke+1"],"picked":"SKIP","floor":39.0},{"not_picked":["Distraction+1","Endless Agony+1","Tactician+1"],"picked":"SKIP","floor":41.0},{"not_picked":["All Out Attack+1","Infinite Blades","Grand Finale+1"],"picked":"SKIP","floor":46.0},{"not_picked":["Quick Slash+1","Bouncing Flask+1","Blade Dance"],"picked":"SKIP","floor":47.0},{"not_picked":["Sucker Punch+1","Expertise+1","Dagger Spray+1"],"picked":"SKIP","floor":48.0},{"not_picked":["Blade Dance+1","Leg Sweep+1","Escape Plan+1"],"picked":"SKIP","floor":54.0}],"player_experience":170493,"relics_obtained":[{"floor":6.0,"key":"Molten Egg 2"},{"floor":8.0,"key":"Happy Flower"},{"floor":13.0,"key":"Toy Ornithopter"},{"floor":24.0,"key":"MealTicket"},{"floor":26.0,"key":"White Beast Statue"},{"floor":27.0,"key":"Pear"},{"floor":29.0,"key":"CeramicFish"},{"floor":34.0,"key":"Tiny Chest"},{"floor":34.0,"key":"Kunai"},{"floor":34.0,"key":"Unceasing Top"},{"floor":36.0,"key":"Girya"},{"floor":37.0,"key":"FossilizedHelix"},{"floor":41.0,"key":"Snake Skull"},{"floor":43.0,"key":"Meat on the Bone"},{"floor":46.0,"key":"InkBottle"},{"floor":54.0,"key":"Shuriken"}],"event_choices":[{"cards_removed":["Strike_G"],"damage_healed":0.0,"max_hp_gain":0.0,"max_hp_loss":0.0,"gold_gain":0.0,"event_name":"Golden Wing","player_choice":"Card Removal","floor":2.0,"gold_loss":0.0,"damage_taken":7.0},{"damage_healed":0.0,"max_hp_gain":0.0,"max_hp_loss":0.0,"gold_gain":0.0,"event_name":"Big Fish","player_choice":"Box","floor":3.0,"gold_loss":0.0,"damage_taken":0.0,"relics_obtained":["StrikeDummy"],"cards_obtained":["Regret"]},{"damage_healed":0.0,"max_hp_gain":0.0,"max_hp_loss":0.0,"gold_gain":0.0,"event_name":"The Mausoleum","player_choice":"Opened","floor":19.0,"gold_loss":0.0,"damage_taken":0.0,"relics_obtained":["Gremlin Horn"],"cards_obtained":["Writhe"]},{"damage_healed":0.0,"max_hp_gain":0.0,"max_hp_loss":0.0,"gold_gain":0.0,"event_name":"Vampires","player_choice":"Ignored","floor":30.0,"gold_loss":0.0,"damage_taken":0.0},{"damage_healed":0.0,"max_hp_gain":0.0,"max_hp_loss":0.0,"gold_gain":0.0,"event_name":"Mysterious Sphere","player_choice":"Fight","floor":36.0,"gold_loss":0.0,"damage_taken":0.0},{"damage_healed":0.0,"max_hp_gain":0.0,"max_hp_loss":0.0,"gold_gain":0.0,"event_name":"MindBloom","player_choice":"Fight","floor":37.0,"gold_loss":0.0,"damage_taken":0.0}],"is_beta":false,"boss_relics":[{"not_picked":["WristBlade","Empty Cage"],"picked":"Runic Pyramid"},{"not_picked":["Philosopher\u0027s Stone","Astrolabe"],"picked":"Calling Bell"}],"items_purged_floors":[5,14,31,38,45],"is_endless":false,"potions_floor_spawned":[7,8,11,13,20,21,27,29,33,35,36,37,39,41,46,47,48,54],"ascension_level":3}}