{"host":"ijtyqc57s6c9mbij","time":1613888490,"event":{"mods":["BaseMod","Colored Map","Downfall","Minty Spire (QoL Compilation)","StSLib"],"gold_per_floor":[99,110,110,110,110,129,129,29,29,29,62,79,99,129,144,243,243,43,63,63,78,78,78,78,108,121,56,71,171,171,81,101,199,199,199,209,112,112,132,152,177,177,177,191,224,238,238,267,282,282,282,282],"floor_reached":50,"language":"ENG","playtime":3545,"items_purged":["champ:Defend","champ:Defend"],"score":775,"play_id":"d40a95cd-1dd1-460b-94da-e39779cc09f4","local_time":"20210220222130","is_ascension_mode":true,"campfire_choices":[{"floor":1,"key":"RECALL"},{"data":"champ:PerfectedStrike","floor":8,"key":"SMITH"},{"data":"champ:Taunt","floor":10,"key":"SMITH"},{"data":"champ:PerfectedStrike","floor":18,"key":"SMITH"},{"data":"champ:TripleStrike","floor":23,"key":"SMITH"},{"data":"champ:PerfectedStrike","floor":30,"key":"SMITH"},{"data":"champ:GladiatorForm","floor":35,"key":"SMITH"},{"data":"champ:DefensiveStyle","floor":42,"key":"SMITH"},{"data":"champ:Duel","floor":47,"key":"SMITH"}],"circlet_count":0,"master_deck":["champ:Strike","champ:Strike","champ:Strike","champ:Strike","champ:Defend","champ:Execute","champ:Taunt+1","champ:PerfectedStrike+1","champ:TornadoPunch","champ:DefensiveShout","champ:RageSigil+1","champ:PerfectedStrike+1","champ:TripleStrike+1","champ:UltimateStance+1","champ:EnGarde+1","champ:PerfectedStrike+1","champ:FocusedBerserking+1","champ:StanceDance+1","champ:Duel+1","champ:GladiatorForm+1","champ:Circumvent+1","champ:DefensiveStyle+1","champ:CalledShot+1","downfall:Malfunctioning","champ:EnchantCrown+1","champ:EnchantCrown+1"],"relics":["champ:ChampionCrown","downfall:HeartBlessingRed","HornCleat","Toxic Egg 2","bronze:MakeshiftBattery","downfall:HeartBlessingGreen","downfall:HeartBlessingBlue","Darkstone Periapt","InkBottle","champ:BlackKnightHelmet","Pantograph","Cursed Key","Singing Bowl","Dream Catcher","Ginger","Kunai"],"acts_visited":["Exordium","TheCity","TheBeyond"],"potions_floor_usage":[5,14,19,25,26,33,33,36,45,45,50,50,50],"damage_taken":[{"damage":15,"enemies":"2 Louse","floor":2,"turns":2},{"damage":0,"enemies":"Small Slimes","floor":5,"turns":1},{"damage":0,"enemies":"Cultist","floor":6,"turns":3},{"damage":5,"enemies":"3 Sentries","floor":11,"turns":6},{"damage":8,"enemies":"Blue Slaver","floor":12,"turns":3},{"damage":0,"enemies":"Red Slaver","floor":13,"turns":3},{"damage":19,"enemies":"Gremlin Nob","floor":14,"turns":4},{"damage":10,"enemies":"3 Louse","floor":15,"turns":3},{"damage":20,"enemies":"SI_SHIV_ARCHETYPE","floor":16,"turns":6},{"damage":30,"enemies":"downfall:LooterAlt2","floor":19,"turns":2},{"damage":0,"enemies":"Chosen","floor":21,"turns":3},{"damage":35,"enemies":"Slavers","floor":25,"turns":4},{"damage":0,"enemies":"Sentry and Sphere","floor":26,"turns":3},{"damage":15,"enemies":"downfall:FleeingMerchant","floor":27,"turns":4},{"damage":10,"enemies":"Chosen and Byrds","floor":28,"turns":4},{"damage":62,"enemies":"Chosen and Byrds","floor":29,"turns":7},{"damage":35,"enemies":"downfall:FleeingMerchant","floor":31,"turns":4},{"damage":30,"enemies":"Centurion and Healer","floor":32,"turns":4},{"damage":22,"enemies":"IC_MUSHROOM_ARCHETYPE","floor":33,"turns":3},{"damage":30,"enemies":"3 Darklings","floor":36,"turns":3},{"damage":0,"enemies":"downfall:FleeingMerchant","floor":37,"turns":1},{"damage":0,"enemies":"3 Shapes","floor":39,"turns":2},{"damage":5,"enemies":"Spire Growth","floor":40,"turns":3},{"damage":27,"enemies":"4 Shapes","floor":44,"turns":4},{"damage":43,"enemies":"Reptomancer","floor":45,"turns":5},{"damage":30,"enemies":"Jaw Worm Horde","floor":46,"turns":3},{"damage":71,"enemies":"Giant Head","floor":48,"turns":4},{"damage":28,"enemies":"Sphere and 2 Shapes","floor":49,"turns":3},{"damage":196,"enemies":"WA_ARCHETYPE_DIVINITY","floor":50,"turns":7}],"seed_played":"2884369429598668231","potions_obtained":[{"floor":4,"key":"bronze:BurnAndBuffPotion"},{"floor":4,"key":"SmokeBomb"},{"floor":4,"key":"champ:UltimateStancePotion"},{"floor":11,"key":"Ancient Potion"},{"floor":14,"key":"bronze:BurnAndBuffPotion"},{"floor":15,"key":"Slimebound:ThreeZeroPotion"},{"floor":21,"key":"Explosive Potion"},{"floor":32,"key":"FearPotion"},{"floor":33,"key":"Block Potion"},{"floor":36,"key":"ColorlessPotion"},{"floor":40,"key":"LiquidMemories"},{"floor":44,"key":"hexamod:SoulburnPotion"},{"floor":45,"key":"PowerPotion"},{"floor":48,"key":"champ:CounterPotion"}],"is_trial":false,"path_per_floor":["R","M","?","?","M","M","T","R","?","R","E","M","M","E","M","B",null,"R","M","?","M","?","R","T","E","M","$","M","?","R","$","M","B",null,"R","M","?","?","M","M","T","R","?","M","E","M","R","E","M","B"],"character_chosen":"THE_CHAMP","items_purchased":["champ:EnGarde+1","Singing Bowl","champ:DefensiveStyle"],"campfire_rested":0,"item_purchase_floors":[27,37,37],"current_hp_per_floor":[99,94,104,104,104,104,104,104,109,109,104,96,96,87,87,87,109,119,119,119,119,119,119,119,94,94,94,94,62,62,62,62,65,119,119,119,119,119,121,121,127,127,127,127,109,111,111,110,104,0,0,0],"gold":282,"neow_bonus":"TEN_PERCENT_HP_BONUS","is_daily":false,"chose_seed":false,"campfire_upgraded":8,"win_rate":0.0,"timestamp":1613888490,"path_taken":["R","M","?","?","M","?","T","R","?","R","E","?","M","E","M","BOSS","R","M","?","M","?","R","T","E","M","$","M","?","R","$","M","BOSS","R","M","?","?","M","M","T","R","?","?","E","M","R","E","M","BOSS"],"items_purchased_type":["Card","Relic","Card"],"build_version":"2020-12-22","purchased_purges":2,"victory":false,"max_hp_per_floor":[99,99,109,109,109,109,109,109,109,109,109,109,109,109,109,109,109,119,119,119,119,119,119,119,119,119,119,119,119,119,119,119,119,119,119,119,119,119,121,121,127,127,127,129,129,131,131,131,133,133,133,133],"card_choices":[{"not_picked":["champ:PreciseThrust","champ:CrownThrow"],"picked":"champ:PerfectedStrike","floor":2},{"not_picked":["champ:BladeFlurry","champ:Duel"],"picked":"champ:TornadoPunch","floor":6},{"not_picked":["champ:FanOfKnives","champ:FalseCounter","champ:TornadoPunch"],"picked":"SKIP","floor":11},{"not_picked":["champ:Shatter","champ:BladeFlurry"],"picked":"champ:GladiatorStyle","floor":12},{"not_picked":["champ:BladeFlurry","champ:EndlessRage"],"picked":"champ:DefensiveShout","floor":13},{"not_picked":["champ:EnragedBash","champ:Backstep+1"],"picked":"champ:RageSigil+1","floor":14},{"not_picked":["champ:FanOfKnives","champ:RisingSlash"],"picked":"champ:PerfectedStrike","floor":15},{"not_picked":["champ:CheapShot","champ:ShieldThrow"],"picked":"champ:TripleStrike","floor":16},{"not_picked":["champ:FanOfKnives","champ:GutPunch+1","champ:AdrenalArmor+1"],"picked":"SKIP","floor":19},{"not_picked":["champ:GladiatorStyle","champ:BladeFlurry","champ:Backstep+1"],"picked":"SKIP","floor":21},{"not_picked":["champ:BringItOn+1","champ:StanceDance+1"],"picked":"champ:UltimateStance+1","floor":25},{"not_picked":["champ:StanceDance+1","champ:Backstep+1","champ:AdrenalArmor+1"],"picked":"SKIP","floor":26},{"not_picked":["champ:Improvising","champ:PreciseThrust+1","champ:EndlessRage+1"],"picked":"SKIP","floor":27},{"not_picked":["champ:Backstep+1","champ:GutPunch"],"picked":"champ:PerfectedStrike","floor":28},{"not_picked":["champ:EndlessRage","champ:ShieldSigil+1"],"picked":"champ:FocusedBerserking+1","floor":29},{"not_picked":["champ:BringItOn+1","champ:GutPunch+1"],"picked":"champ:StanceDance+1","floor":31},{"not_picked":["champ:DeathBlow","champ:DefensiveShout+1"],"picked":"champ:Duel","floor":32},{"not_picked":["champ:DancingMaster","champ:Improvising"],"picked":"champ:GladiatorForm","floor":33},{"not_picked":["champ:PreemptiveStrike+1","champ:FaceSlap+1","champ:Backstep+1"],"picked":"SKIP","floor":36},{"not_picked":["champ:TornadoPunch","champ:Haymaker+1"],"picked":"champ:Circumvent+1","floor":37},{"not_picked":["champ:SwordThrow","champ:PreciseThrust+1","champ:BringItOn+1"],"picked":"Singing Bowl","floor":39},{"not_picked":["champ:BladeFlurry+1","champ:PreciseThrust+1"],"picked":"champ:CalledShot+1","floor":40},{"not_picked":["champ:GladiatorStyle","champ:ShieldSigil+1","champ:EnGarde+1"],"picked":"Singing Bowl","floor":44},{"not_picked":["champ:GladiatorStyle+1","champ:ShieldSigil+1"],"picked":"champ:EnchantCrown+1","floor":45},{"not_picked":["champ:BringItOn+1","champ:PerfectedStrike","champ:HeartStrike+1"],"picked":"Singing Bowl","floor":46},{"not_picked":["champ:FaceSlap+1","champ:ShieldSigil+1"],"picked":"champ:EnchantCrown+1","floor":48},{"not_picked":["champ:Parry+1","champ:EndlessRage+1","champ:CrookedStrike"],"picked":"Singing Bowl","floor":49}],"player_experience":1012898,"relics_obtained":[{"floor":11,"key":"HornCleat"},{"floor":14,"key":"Toxic Egg 2"},{"floor":24,"key":"Darkstone Periapt"},{"floor":25,"key":"InkBottle"},{"floor":29,"key":"champ:BlackKnightHelmet"},{"floor":29,"key":"Pantograph"},{"floor":41,"key":"Dream Catcher"},{"floor":45,"key":"Ginger"},{"floor":48,"key":"Kunai"}],"event_choices":[{"damage_healed":0,"gold_gain":0,"player_choice":"Got Potions","damage_taken":0,"max_hp_gain":0,"max_hp_loss":0,"event_name":"Lab","floor":4,"gold_loss":0},{"damage_healed":5,"gold_gain":0,"player_choice":"Full Heal","damage_taken":0,"max_hp_gain":0,"max_hp_loss":0,"event_name":"Wheel of Change","floor":9,"gold_loss":0},{"damage_healed":0,"gold_gain":0,"player_choice":"Ignored","damage_taken":0,"max_hp_gain":0,"max_hp_loss":0,"event_name":"Ghosts","floor":22,"gold_loss":0},{"cards_removed":["champ:Defend"],"damage_healed":0,"gold_gain":0,"player_choice":"Removed Skill","damage_taken":0,"max_hp_gain":0,"max_hp_loss":0,"event_name":"Falling","floor":38,"gold_loss":0},{"cards_removed":["champ:GladiatorStyle"],"damage_healed":0,"gold_gain":0,"player_choice":"Offered Uncommon","damage_taken":0,"max_hp_gain":0,"max_hp_loss":0,"event_name":"Bonfire Elementals","floor":43,"gold_loss":0}],"is_beta":false,"boss_relics":[{"not_picked":["Black Star","Pandora\u0027s Box"],"picked":"bronze:MakeshiftBattery"},{"not_picked":["Fusion Hammer","Coffee Dripper"],"picked":"Cursed Key"}],"items_purged_floors":[31,37],"is_endless":false,"potions_floor_spawned":[11,14,15,21,32,33,36,40,44,45,48],"killed_by":"WA_ARCHETYPE_DIVINITY","ascension_level":3}}