{"host":"cmyud3of70k6t1eo","time":1613875745,"event":{"mods":["BaseMod","Conspire","Downfall","Infinite Spire","Minty Spire (QoL Compilation)","Morshu Shopkeeper","Morshu Shopkeeper - ENHANCED","Quick Restart","StSLib","The Blue Laboratory","UnlockEverythingMod","Wide Potions"],"gold_per_floor":[99,119,119,119,36,63,75,99,111,135,160,190,2,30,60,173,185,197,209,221,48,68,68,68,68],"floor_reached":23,"language":"ENG","playtime":1367,"items_purged":["bronze:Strike"],"score":191,"play_id":"ab67fdad-f008-4942-9224-433838a72d04","local_time":"20210220214905","is_ascension_mode":false,"campfire_choices":[{"floor":1,"key":"RECALL"},{"floor":13,"key":"REST"},{"data":"bronze:ThunderWave","floor":18,"key":"SMITH"}],"circlet_count":0,"master_deck":["bronze:Strike","bronze:Strike","bronze:Strike","bronze:Defend","bronze:Defend","bronze:Defend","bronze:Defend","bronze:Replicate","bronze:Goto","bronze:FineTuning","bronze:Deprecate","bronze:Optimize","bronze:WhirlingStrike","bronze:Iterate","bronze:Optimize","bronze:Verify","bronze:WhirlingStrike","bronze:Boost+1","bronze:OilSpill","bronze:ThunderWave+1","infinitespire:Punishment","bronze:Turbo+1","bronze:ItsAFeature","bronze:RecursiveStrike","bronze:Shield+1","bronze:Repulsor","bronze:BugBarrage","bronze:ForceShield+1"],"relics":["bronze:PlatinumCore","MawBank","Toxic Egg 2","downfall:HeartBlessingRed","downfall:HeartBlessingGreen","Prayer Wheel"],"acts_visited":["Exordium","TheCity"],"potions_floor_usage":[],"damage_taken":[{"damage":0,"enemies":"2 Louse","floor":2,"turns":4},{"damage":5,"enemies":"downfall:FleeingMerchant","floor":5,"turns":4},{"damage":32,"enemies":"3 Sentries","floor":6,"turns":12},{"damage":6,"enemies":"Jaw Worm","floor":8,"turns":2},{"damage":2,"enemies":"Small Slimes","floor":10,"turns":3},{"damage":29,"enemies":"Gremlin Gang","floor":11,"turns":4},{"damage":21,"enemies":"Lots of Slimes","floor":12,"turns":4},{"damage":10,"enemies":"downfall:LooterAlt","floor":14,"turns":5},{"damage":8,"enemies":"2 Fungi Beasts","floor":15,"turns":3},{"damage":25,"enemies":"IC_STATUS_ARCHETYPE","floor":16,"turns":7},{"damage":0,"enemies":"Chosen","floor":20,"turns":1},{"damage":9,"enemies":"downfall:FleeingMerchant","floor":21,"turns":4},{"damage":24,"enemies":"Spheric Guardian","floor":22,"turns":4},{"damage":55,"enemies":"Nightmare","floor":23,"turns":6}],"seed_played":"-2776777521660209345","potions_obtained":[{"floor":8,"key":"Ancient Potion"},{"floor":11,"key":"FairyPotion"},{"floor":12,"key":"blueLaboratory:ExaltedPotion"},{"floor":22,"key":"champ:CounterPotion"}],"is_trial":false,"path_per_floor":["R","M","?","?","$","E","T","M","?","M","M","M","R","M","M","B",null,"R","AVR","M","$","M","NM"],"character_chosen":"THE_AUTOMATON","items_purchased":["bronze:Optimize","bronze:Shield+1","bronze:Repulsor"],"campfire_rested":1,"item_purchase_floors":[5,21,21],"current_hp_per_floor":[77,77,82,82,77,45,45,39,39,37,8,48,72,62,54,29,82,82,82,82,73,49,0,0,0],"gold":68,"neow_bonus":"TEN_PERCENT_HP_BONUS","is_daily":false,"chose_seed":false,"campfire_upgraded":1,"win_rate":0.0,"timestamp":1613875745,"path_taken":["R","M","?","?","$","E","T","M","?","?","M","M","R","M","M","BOSS","R","AVR","M","$","M","NM"],"items_purchased_type":["Card","Card","Card"],"build_version":"2020-12-22","purchased_purges":1,"victory":false,"max_hp_per_floor":[77,77,82,82,82,82,82,82,82,82,82,82,82,82,82,82,82,82,82,82,82,82,82,82,82],"card_choices":[{"not_picked":["bronze:Frontload","bronze:Invalidate"],"picked":"bronze:FineTuning","floor":2},{"not_picked":["bronze:BuggyMess","bronze:Flail"],"picked":"bronze:Deprecate","floor":5},{"not_picked":["bronze:Safeguard","bronze:BitShift"],"picked":"bronze:WhirlingStrike","floor":6},{"not_picked":["bronze:Overheat","bronze:DarkDash"],"picked":"bronze:Iterate","floor":8},{"not_picked":["bronze:DelayedGuard+1","bronze:Repulsor"],"picked":"bronze:Optimize","floor":10},{"not_picked":["bronze:ChildClass+1","bronze:ForceShield+1"],"picked":"bronze:Verify","floor":11},{"not_picked":["bronze:Iterate","bronze:FineTuning+1"],"picked":"bronze:WhirlingStrike","floor":12},{"not_picked":["bronze:WildBeam","bronze:Invalidate+1"],"picked":"bronze:Boost+1","floor":14},{"not_picked":["bronze:NullPointer","bronze:Frontload+1"],"picked":"bronze:OilSpill","floor":15},{"not_picked":["bronze:HyperBeam","bronze:BurnOut"],"picked":"bronze:ThunderWave","floor":16},{"not_picked":["bronze:Shield+1","bronze:CutThrough"],"picked":"bronze:Turbo+1","floor":20},{"not_picked":["bronze:Branch","bronze:ChildClass+1"],"picked":"bronze:ItsAFeature","floor":20},{"not_picked":["bronze:Deprecate+1","bronze:FineTuning+1"],"picked":"bronze:RecursiveStrike","floor":21},{"not_picked":["bronze:Optimize+1","bronze:DelayedSlice"],"picked":"bronze:BugBarrage","floor":22},{"not_picked":["bronze:Frontload+1","bronze:Flail"],"picked":"bronze:ForceShield+1","floor":22}],"player_experience":135166,"relics_obtained":[{"floor":6,"key":"MawBank"},{"floor":7,"key":"Toxic Egg 2"}],"event_choices":[{"damage_healed":0,"gold_gain":0,"player_choice":"Donut","damage_taken":0,"max_hp_gain":5,"max_hp_loss":0,"event_name":"Big Fish","floor":3,"gold_loss":0}],"is_beta":false,"boss_relics":[{"not_picked":["Cursed Key","conspire:SpecialSausage"],"picked":"bronze:PlatinumCore"}],"items_purged_floors":[21],"is_endless":false,"potions_floor_spawned":[8,11,12,22],"killed_by":"Nightmare","ascension_level":0}}