{"host":"npubv26u89aif4fa","time":1613894575,"event":{"mods":["100% Spire Juice","Astrologer","BaseMod","Better Vampires","Better-Laid Plans","CapriCore","Colored Powertips","GifTheSpireLib","GungeonMod","HornydragonMod","Hubris","Jedi Mod","Minty Spire (QoL Compilation)","Potionbrewer","Quick Restart","Remilia（蕾米莉亚）","Replay The Spire","StSLib","The Administrix","The Alterego","The Blackbeard","The Bug Knight","The Cursed","The Immortal","The Marked","The Runesmith","The Showman","Yuri Mod","残留之物"],"gold_per_floor":[119,119,119,294,310,354,354,374,424,439,439,453,476,495,495,620,620,620,620],"floor_reached":18,"language":"ZHS","playtime":1566,"items_purged":[],"score":163,"play_id":"32552872-28bb-4aef-b607-21ca00b69a91","local_time":"20210221160255","is_ascension_mode":false,"campfire_choices":[{"floor":7,"key":"RECALL"},{"data":"theShowman:VanishingStrike","floor":15,"key":"PURGE"}],"circlet_count":0,"master_deck":["theShowman:VanishingDefend","theShowman:VanishingDefend","theShowman:CardPickup52","theShowman:StageHook","theShowman:SleeveAces","theShowman:ForMyNextTrick","theShowman:PropShow","theShowman:ExaggeratedArmSweeps","theShowman:HatTrick","theShowman:SetTheStage+1","hubris:Lust","hubris:Envy"],"relics":["theShowman:ThirdTimeCharm","Golden Idol","hubris:Icosahedron","Golden Egg","Spirit Poop","DemoMod:GlassGuonStoneRelic","Kintsugi"],"acts_visited":["Exordium","TheCity"],"potions_floor_usage":[6],"damage_taken":[{"damage":0.0,"enemies":"2 Louse","floor":1.0,"turns":2.0},{"damage":0.0,"enemies":"Jaw Worm","floor":5.0,"turns":4.0},{"damage":25,"enemies":"Lagavulin","floor":6,"turns":13},{"damage":16,"enemies":"Cultist","floor":8,"turns":6},{"damage":1,"enemies":"Looter","floor":10,"turns":5},{"damage":5,"enemies":"Exordium Thugs","floor":12,"turns":4},{"damage":0,"enemies":"2 Fungi Beasts","floor":13,"turns":2},{"damage":0,"enemies":"Gremlin Gang","floor":14,"turns":4},{"damage":14,"enemies":"The Guardian","floor":16,"turns":9},{"damage":3,"enemies":"Chosen","floor":18,"turns":2}],"seed_played":"-3123525348575542081","potions_obtained":[{"floor":6,"key":"PowerPotion"},{"floor":10,"key":"Block Potion"},{"floor":13,"key":"Elixir"}],"is_trial":false,"path_per_floor":["M","?","?","?","M","E","R","M","T","M","?","M","M","M","R","B",null,"M"],"character_chosen":"THE_SHOWMAN","items_purchased":[],"campfire_rested":0,"item_purchase_floors":[],"current_hp_per_floor":[82,62,62,62,62,37,37,21,21,20,20,15,15,15,15,1,82,79,79],"gold":620,"neow_bonus":"TEN_PERCENT_HP_BONUS","is_daily":false,"chose_seed":false,"campfire_upgraded":0,"win_rate":0.0,"timestamp":1613894575,"path_taken":["M","?","?","?","?","E","R","M","T","?","?","M","?","M","R","BOSS","M"],"items_purchased_type":[],"build_version":"2020-12-22","purchased_purges":0,"victory":false,"max_hp_per_floor":[82,82,82,82,82,82,82,82,82,82,82,82,82,82,82,82,82,82,82],"card_choices":[{"not_picked":["theShowman:RazzleDazzle","theShowman:DivertingDisplay"],"picked":"theShowman:SleeveAces","floor":1.0},{"not_picked":["theShowman:StackTheDeck","theShowman:NowYouSeeMe"],"picked":"theShowman:ForMyNextTrick","floor":5.0},{"not_picked":["theShowman:BafflingShuffle","theShowman:OpenTheCurtain","theShowman:SleightedFlourish"],"picked":"SKIP","floor":6},{"not_picked":["theShowman:GotYourNose","theShowman:CrashingLights","theShowman:MaximumDistraction"],"picked":"SKIP","floor":8},{"not_picked":["theShowman:GotYourNose","theShowman:CrashingLights","theShowman:MaximumDistraction"],"picked":"SKIP","floor":8},{"not_picked":["theShowman:GrandGambit","theShowman:Prestidigitation"],"picked":"theShowman:PropShow","floor":10},{"not_picked":["theShowman:RazzleDazzle","theShowman:PocketSand"],"picked":"theShowman:ExaggeratedArmSweeps","floor":12},{"not_picked":["theShowman:OneUp","theShowman:NowYouSeeMe","theShowman:SleeveAces"],"picked":"SKIP","floor":13},{"not_picked":["theShowman:BafflingShuffle","theShowman:StartlingShowmanship"],"picked":"theShowman:HatTrick","floor":14},{"not_picked":["theShowman:ParadigmPerformance","theShowman:Showstopper"],"picked":"theShowman:SetTheStage","floor":16}],"player_experience":378919,"relics_obtained":[{"floor":6,"key":"Golden Egg"}],"event_choices":[{"damage_healed":0.0,"max_hp_gain":0.0,"max_hp_loss":0.0,"gold_gain":0.0,"event_name":"Golden Idol","player_choice":"Take Damage","floor":2.0,"gold_loss":0.0,"damage_taken":20.0,"relics_obtained":["Golden Idol"]},{"damage_healed":0.0,"max_hp_gain":0.0,"max_hp_loss":0.0,"gold_gain":175.0,"event_name":"Liars Game","player_choice":"AGREE","floor":4.0,"gold_loss":0.0,"damage_taken":0.0,"cards_obtained":["Doubt"]},{"cards_removed":["Doubt"],"damage_healed":0,"gold_gain":0,"player_choice":"Offered Curse","damage_taken":0,"relics_obtained":["Spirit Poop"],"max_hp_gain":0,"max_hp_loss":0,"event_name":"Bonfire Elementals","floor":11,"gold_loss":0}],"is_beta":false,"boss_relics":[{"not_picked":["Replay:Wanted Poster","jedi:hotpepper"],"picked":"Kintsugi"}],"items_purged_floors":[],"is_endless":false,"potions_floor_spawned":[6,10,13,14],"killed_by":"Chosen","ascension_level":0}}