{"host":"oknzaotplmnl5xaf","time":1613929210,"event":{"mods":["BaseMod","Colored Map","Highlight Path","Minty Spire (QoL Compilation)","Permanent Neow","Quick Restart","Relic Stats"],"gold_per_floor":[116,133,62,137,176,232,232,264,264,264,278,295,295,372,372,547,547,563,602,663,677,123,151,196,289,289,289,305,305,305,398,398,529,529,570,116,116,131,0,0,50,76,76,103,117,147,162,162,162,162],"floor_reached":51,"language":"ENG","playtime":4614,"items_purged":[],"score":1113,"play_id":"e1e446c5-0784-498b-a63e-9652e258610b","local_time":"20210221124010","daily_mods":["Shiny","Diverse","Terminal"],"is_ascension_mode":true,"campfire_choices":[{"data":"Omniscience","floor":10,"key":"SMITH"},{"data":"Seek","floor":15,"key":"SMITH"},{"floor":27,"key":"REST"},{"data":"Echo Form","floor":32,"key":"SMITH"},{"floor":40,"key":"REST"},{"floor":49,"key":"REST"}],"circlet_count":0,"master_deck":["ConjureBlade","MasterReality","Brilliance","Devotion","Blasphemy","Ragnarok","LessonLearned+1","Scrawl+1","Vault","Alpha","Wish+1","Omniscience+1","Establishment+1","SpiritShield","DevaForm","DeusExMachina","Multi-Cast","Hyperbeam+1","Thunder Strike+1","Biased Cognition","Machine Learning","Electrodynamics","Buffer","Rainbow","Seek+1","Meteor Strike","Echo Form+1","All For One","Reboot","Amplify","Creative AI","Fission","Core Surge","Venomology","Corpse Explosion","Malaise","Phantasmal Killer+1","Die Die Die","Adrenaline","Envenom","Doppelganger+1","Burst","Wraith Form v2","Tools of the Trade","Night Terror","Unload","After Image","Bullet Time","Storm of Steel","Glass Knife","A Thousand Cuts","Grand Finale+1","Double Tap","Demon Form","Bludgeon","Feed","Limit Break+1","Corruption","Barricade","Fiend Fire","Berserk","Impervious","Juggernaut","Brutality","Reaper","Exhume","Offering","Immolate","Aggregate","Reboot","Creative AI+1","Dash+1","TalkToTheHand","Shame","Bite","Bite","Bite","Bite","Bite","Acrobatics","Discovery","Apotheosis","Flash of Steel","Secret Weapon"],"relics":["Ring of the Serpent","Frozen Egg 2","Letter Opener","Blue Candle","Centennial Puzzle","Whetstone","Pocketwatch","War Paint","Juzu Bracelet","TungstenRod","Singing Bowl","Fusion Hammer","OrangePellets","Happy Flower","Red Mask","Tingsha","Gremlin Horn","Regal Pillow","Vajra","Kunai"],"acts_visited":["Exordium","TheCity","TheBeyond"],"potions_floor_usage":[5,11,14,14,21,23,24,28,28,33,33,33,33,35,41,42,50,50],"damage_taken":[{"damage":0,"enemies":"Small Slimes","floor":1,"turns":5},{"damage":2,"enemies":"Jaw Worm","floor":2,"turns":3},{"damage":0,"enemies":"Cultist","floor":5,"turns":4},{"damage":4,"enemies":"3 Sentries","floor":6,"turns":3},{"damage":0,"enemies":"Lagavulin","floor":8,"turns":3},{"damage":0,"enemies":"Exordium Wildlife","floor":11,"turns":1},{"damage":0,"enemies":"2 Fungi Beasts","floor":12,"turns":2},{"damage":8,"enemies":"3 Sentries","floor":14,"turns":5},{"damage":23,"enemies":"The Guardian","floor":16,"turns":8},{"damage":5,"enemies":"2 Thieves","floor":18,"turns":2},{"damage":10,"enemies":"3 Byrds","floor":19,"turns":3},{"damage":15,"enemies":"Sentry and Sphere","floor":20,"turns":3},{"damage":9,"enemies":"Snake Plant","floor":21,"turns":6},{"damage":0,"enemies":"Gremlin Leader","floor":23,"turns":6},{"damage":2,"enemies":"Centurion and Healer","floor":24,"turns":9},{"damage":6,"enemies":"Book of Stabbing","floor":25,"turns":12},{"damage":0,"enemies":"Shelled Parasite and Fungi","floor":28,"turns":12},{"damage":0,"enemies":"Gremlin Leader","floor":31,"turns":6},{"damage":12,"enemies":"Collector","floor":33,"turns":7},{"damage":4,"enemies":"Orb Walker","floor":35,"turns":5},{"damage":13,"enemies":"3 Darklings","floor":38,"turns":4},{"damage":0,"enemies":"Mind Bloom Boss Battle","floor":41,"turns":10},{"damage":5,"enemies":"Nemesis","floor":42,"turns":7},{"damage":0,"enemies":"Reptomancer","floor":44,"turns":5},{"damage":8,"enemies":"Writhing Mass","floor":45,"turns":5},{"damage":3,"enemies":"Giant Head","floor":46,"turns":8},{"damage":4,"enemies":"Sphere and 2 Shapes","floor":47,"turns":1},{"damage":14,"enemies":"Awakened One","floor":50,"turns":10}],"seed_played":"-1978706857037740544","potions_obtained":[{"floor":1,"key":"SpeedPotion"},{"floor":2,"key":"Energy Potion"},{"floor":7,"key":"Dexterity Potion"},{"floor":16,"key":"Strength Potion"},{"floor":18,"key":"EntropicBrew"},{"floor":20,"key":"DistilledChaos"},{"floor":28,"key":"DistilledChaos"},{"floor":35,"key":"SkillPotion"},{"floor":41,"key":"FairyPotion"}],"is_trial":true,"path_per_floor":["M","M","$","?","M","E","?","E","T","R","M","M","?","E","R","B",null,"M","M","M","M","$","E","M","E","T","R","M","?","?","E","R","B",null,"M","$","?","M","?","R","?","E","T","E","M","E","M","?","R","B",null],"character_chosen":"THE_SILENT","items_purchased":["Aggregate","Whetstone","Pocketwatch","GhostInAJar","OrangePellets","Happy Flower","Acrobatics","Discovery"],"campfire_rested":3,"item_purchase_floors":[3,22,22,22,36,36,36,36],"current_hp_per_floor":[71,69,69,58,58,54,54,62,62,62,61,60,59,51,51,34,55,50,40,25,16,16,16,16,22,22,35,47,46,45,46,45,49,48,49,48,47,36,36,46,47,48,47,51,47,48,46,37,52,41],"gold":162,"neow_bonus":"","is_daily":false,"chose_seed":false,"campfire_upgraded":3,"win_rate":0.0,"timestamp":1613929210,"path_taken":["M","M","$","?","M","E","?","E","T","R","M","?","?","E","R","BOSS","M","M","?","M","$","E","M","E","T","R","M","?","?","E","R","BOSS","M","$","?","M","?","R","?","E","T","E","M","E","M","?","R","BOSS"],"items_purchased_type":["Card","Relic","Relic","Potion","Relic","Relic","Card","Card"],"build_version":"2020-12-22","purchased_purges":0,"victory":true,"max_hp_per_floor":[71,70,69,68,67,66,65,64,63,62,61,60,59,58,57,56,55,54,53,52,51,50,49,48,47,46,45,47,46,45,46,45,49,48,49,48,47,48,47,46,47,48,47,51,52,53,54,53,52,51],"relic_stats":{"Regal Pillow":1,"Singing Bowl":20,"Happy Flower":[16],"Gremlin Horn":[8,8],"counters":[28,155],"Blue Candle":[5],"Tingsha":[22],"Juzu Bracelet":1,"Letter Opener":[527],"Whetstone":["Thunder Strike","Grand Finale"],"War Paint":["Scrawl","Doppelganger"],"OrangePellets":[9],"Centennial Puzzle":[47],"Kunai":[2],"obtain_stats":[{"Regal Pillow":43,"Singing Bowl":31,"Happy Flower":36,"Gremlin Horn":42,"Blue Candle":9,"Vajra":44,"Tingsha":41,"Juzu Bracelet":26,"Letter Opener":8,"Whetstone":22,"Frozen Egg 2":6,"War Paint":25,"Blood Vial":23,"OrangePellets":36,"Centennial Puzzle":14,"Fusion Hammer":34,"Red Mask":39,"Kunai":46,"Ring of the Serpent":17,"TungstenRod":29,"Ring of the Snake":0,"Pocketwatch":22},{"Regal Pillow":23,"Singing Bowl":18,"Happy Flower":20,"Gremlin Horn":23,"Blue Candle":5,"Vajra":24,"Tingsha":22,"Juzu Bracelet":16,"Letter Opener":5,"Whetstone":13,"Frozen Egg 2":4,"War Paint":16,"Blood Vial":14,"OrangePellets":20,"Centennial Puzzle":8,"Fusion Hammer":19,"Red Mask":21,"Kunai":26,"Ring of the Serpent":9,"TungstenRod":17,"Ring of the Snake":0,"Pocketwatch":13},{"Regal Pillow":126,"Singing Bowl":93,"Happy Flower":105,"Gremlin Horn":126,"Blue Candle":18,"Vajra":131,"Tingsha":119,"Juzu Bracelet":75,"Letter Opener":18,"Whetstone":48,"Frozen Egg 2":15,"War Paint":75,"Blood Vial":54,"OrangePellets":105,"Centennial Puzzle":26,"Fusion Hammer":100,"Red Mask":109,"Kunai":144,"Ring of the Serpent":34,"TungstenRod":87,"Ring of the Snake":0,"Pocketwatch":48}],"TungstenRod":18,"Pocketwatch":[59]},"card_choices":[{"not_picked":["Dodge and Roll","SashWhip","Recycle"],"picked":"SKIP","floor":1},{"not_picked":["MentalFortress","True Grit","Shrug It Off"],"picked":"SKIP","floor":2},{"not_picked":["Coolheaded","Heavy Blade","Cleave"],"picked":"SKIP","floor":5},{"not_picked":["Cleave","JustLucky"],"picked":"Reboot","floor":6},{"not_picked":["SashWhip","Scrape","Shockwave"],"picked":"SKIP","floor":8},{"not_picked":["Redo","Headbutt","DeceiveReality"],"picked":"SKIP","floor":11},{"not_picked":["Riddle With Holes","Beam Cell","Armaments"],"picked":"SKIP","floor":12},{"not_picked":["Gash","Infinite Blades+1","CrushJoints"],"picked":"SKIP","floor":14},{"not_picked":["Alpha","LessonLearned"],"picked":"Creative AI+1","floor":16},{"not_picked":["SashWhip","Slice","Twin Strike"],"picked":"SKIP","floor":18},{"not_picked":["Barrage","ClearTheMind","Storm+1"],"picked":"SKIP","floor":19},{"not_picked":["Twin Strike+1","Havoc+1","Vengeance"],"picked":"SKIP","floor":20},{"not_picked":["BootSequence","FollowUp+1"],"picked":"Dash+1","floor":21},{"not_picked":["Fusion","Blur","Dash"],"picked":"SKIP","floor":23},{"not_picked":["Loop+1","Eviscerate"],"picked":"TalkToTheHand","floor":24},{"not_picked":["Ball Lightning+1","Gash","Chaos"],"picked":"SKIP","floor":25},{"not_picked":["FlyingSleeves+1","Infinite Blades+1","Flex"],"picked":"SKIP","floor":28},{"not_picked":["Conserve Battery+1","Barrage","Venomology"],"picked":"Singing Bowl","floor":31},{"not_picked":["Reboot","DevaForm+1","Feed"],"picked":"Singing Bowl","floor":33},{"not_picked":["Consecrate+1","Coolheaded+1","Wild Strike+1"],"picked":"Singing Bowl","floor":35},{"not_picked":["Pummel+1","EmptyFist+1","Fasting2+1"],"picked":"Singing Bowl","floor":38},{"not_picked":["Beam Cell+1","FlurryOfBlows+1","Coolheaded"],"picked":"Singing Bowl","floor":41},{"not_picked":["Stack","SignatureMove+1","Chaos+1"],"picked":"Singing Bowl","floor":42},{"not_picked":["Tempest","Evolve+1","Scrawl"],"picked":"Singing Bowl","floor":44},{"not_picked":["Armaments","WreathOfFlame","Melter"],"picked":"Singing Bowl","floor":45},{"not_picked":["Gash+1","Dagger Spray+1","Leap+1"],"picked":"Singing Bowl","floor":46},{"not_picked":["Dagger Throw","Electrodynamics+1","Perfected Strike"],"picked":"Singing Bowl","floor":47},{"not_picked":["Flash of Steel","Purity"],"picked":"Apotheosis","floor":48},{"not_picked":["Thinking Ahead","Metamorphosis"],"picked":"Flash of Steel","floor":48},{"not_picked":["Good Instincts","Dark Shackles"],"picked":"Secret Weapon","floor":48}],"player_experience":1567939,"relics_obtained":[{"floor":6,"key":"Frozen Egg 2"},{"floor":8,"key":"Letter Opener"},{"floor":9,"key":"Blue Candle"},{"floor":14,"key":"Centennial Puzzle"},{"floor":23,"key":"Blood Vial"},{"floor":25,"key":"War Paint"},{"floor":26,"key":"Juzu Bracelet"},{"floor":31,"key":"Singing Bowl"},{"floor":41,"key":"Tingsha"},{"floor":42,"key":"Gremlin Horn"},{"floor":43,"key":"Regal Pillow"},{"floor":44,"key":"Vajra"},{"floor":46,"key":"Kunai"}],"event_choices":[{"damage_healed":0,"gold_gain":75,"player_choice":"Gather Gold","damage_taken":11,"max_hp_gain":0,"max_hp_loss":0,"event_name":"World of Goop","floor":4,"gold_loss":0},{"damage_healed":0,"gold_gain":0,"player_choice":"Got Potions","damage_taken":0,"max_hp_gain":0,"max_hp_loss":0,"event_name":"Lab","floor":7,"gold_loss":0},{"damage_healed":0,"gold_gain":0,"player_choice":"Ignored","damage_taken":0,"max_hp_gain":0,"max_hp_loss":0,"event_name":"NoteForYourself","floor":13,"gold_loss":0},{"damage_healed":0,"gold_gain":0,"player_choice":"Stole Relic","damage_taken":0,"relics_obtained":["TungstenRod"],"max_hp_gain":0,"max_hp_loss":0,"event_name":"Addict","floor":29,"gold_loss":0,"cards_obtained":["Shame"]},{"damage_healed":0,"gold_gain":0,"player_choice":"Became a vampire (Vial)","damage_taken":0,"max_hp_gain":0,"max_hp_loss":0,"event_name":"Vampires","floor":30,"relics_lost":["Blood Vial"],"gold_loss":0,"cards_obtained":["Bite","Bite","Bite","Bite","Bite"]},{"cards_removed":["Judgement"],"damage_healed":0,"gold_gain":0,"player_choice":"Removed Skill","damage_taken":0,"max_hp_gain":0,"max_hp_loss":0,"event_name":"Falling","floor":37,"gold_loss":0},{"damage_healed":0,"gold_gain":0,"player_choice":"Paid","damage_taken":0,"relics_obtained":["Red Mask"],"max_hp_gain":0,"max_hp_loss":0,"event_name":"Tomb of Lord Red Mask","floor":39,"gold_loss":131},{"damage_healed":0,"gold_gain":0,"player_choice":"Fight","damage_taken":0,"max_hp_gain":0,"max_hp_loss":0,"event_name":"MindBloom","floor":41,"gold_loss":0},{"damage_healed":0,"gold_gain":0,"player_choice":"Memory 3","damage_taken":10,"max_hp_gain":0,"max_hp_loss":0,"event_name":"SensoryStone","floor":48,"gold_loss":0}],"is_beta":false,"boss_relics":[{"not_picked":["Astrolabe","Sozu"],"picked":"Ring of the Serpent"},{"not_picked":["Snecko Eye","WristBlade"],"picked":"Fusion Hammer"}],"items_purged_floors":[],"is_endless":false,"potions_floor_spawned":[1,2,6,16,18,20,23,28,33,35,41,45,46],"ascension_level":1}}