{"host":"l41rnhxbasj29txy","time":1613903152,"event":{"mods":["BaseMod","Halation","Hubris","Infinite Spire","Minty Spire (QoL Compilation)","Reliquary","Replay The Spire","StSLib"],"gold_per_floor":[213,138,138,138,138,149,177,194,194,194,205,205,225,242,242,242,242],"floor_reached":16,"language":"ENG","playtime":1277,"items_purged":["Strike_R"],"score":102,"play_id":"5c0cd3b0-c3f1-45ca-ba64-55266017800c","local_time":"20210221182552","is_ascension_mode":false,"campfire_choices":[{"data":"Flex","floor":12,"key":"SMITH"},{"data":"Strike_R","floor":15,"key":"PURGE"}],"circlet_count":0,"master_deck":["Strike_R","Strike_R","Defend_R","Defend_R","Defend_R","Defend_R","Bash","Sword Boomerang","infinitespire:Fortify","Sword Boomerang","Flex+1","Feed"],"relics":["Burning Blood","hubris:KleinBottle","halation:Pancakes","Counterbalance"],"acts_visited":["Exordium"],"potions_floor_usage":[],"damage_taken":[{"damage":5,"enemies":"Jaw Worm","floor":1,"turns":4},{"damage":0,"enemies":"Cultist","floor":6,"turns":3},{"damage":64,"enemies":"Lagavulin","floor":7,"turns":10},{"damage":3,"enemies":"infinitespire:Voidling","floor":8,"turns":4},{"damage":5,"enemies":"Looter","floor":11,"turns":3},{"damage":20,"enemies":"Lots of Slimes","floor":13,"turns":5},{"damage":2,"enemies":"Blue Slaver","floor":14,"turns":3},{"damage":62,"enemies":"Hexaghost","floor":16,"turns":14}],"seed_played":"4406795209880053621","potions_obtained":[{"floor":8,"key":"BlessingOfTheForge"},{"floor":11,"key":"GamblersBrew"},{"floor":13,"key":"Cursed Concoction"}],"is_trial":false,"path_per_floor":["M","$","?","$","?","M","E","M","T","?","M","R","M","M","R","B"],"character_chosen":"IRONCLAD","items_purchased":["hubris:KleinBottle"],"campfire_rested":0,"item_purchase_floors":[4],"current_hp_per_floor":[80,80,85,66,66,72,67,70,70,70,71,71,57,61,61,0,0],"gold":242,"neow_bonus":"HUNDRED_GOLD","is_daily":false,"chose_seed":false,"campfire_upgraded":1,"win_rate":0.0,"timestamp":1613903152,"path_taken":["M","$","?","?","?","?","E","M","T","?","M","R","M","M","R","BOSS"],"items_purchased_type":["Relic"],"build_version":"2020-12-22","purchased_purges":1,"victory":false,"max_hp_per_floor":[80,80,85,85,85,85,85,85,85,85,85,85,85,85,85,85,85],"card_choices":[{"not_picked":["ReplayTheSpireMod:Limb From Limb","Entrench"],"picked":"Sword Boomerang","floor":1},{"not_picked":["ReplayTheSpireMod:Haul","hubris:InfiniteBlow"],"picked":"infinitespire:Fortify","floor":4},{"not_picked":["True Grit","Warcry","Intimidate"],"picked":"SKIP","floor":6},{"not_picked":["Searing Blow","Hemokinesis"],"picked":"Sword Boomerang","floor":7},{"not_picked":["Dark Embrace","Sever Soul"],"picked":"Flex","floor":8},{"not_picked":["Warcry","Body Slam","Clothesline"],"picked":"SKIP","floor":11},{"not_picked":["Headbutt","Shockwave"],"picked":"Feed","floor":13},{"not_picked":["Body Slam","hubris:ReadiedAction","Shrug It Off"],"picked":"SKIP","floor":14}],"player_experience":1326523,"relics_obtained":[{"floor":7,"key":"halation:Pancakes"},{"floor":9,"key":"Counterbalance"}],"event_choices":[{"damage_healed":0,"gold_gain":0,"player_choice":"Donut","damage_taken":0,"max_hp_gain":5,"max_hp_loss":0,"event_name":"Big Fish","floor":3,"gold_loss":0},{"cards_removed":["Strike_R"],"damage_healed":0,"gold_gain":0,"player_choice":"Purged","damage_taken":0,"max_hp_gain":0,"max_hp_loss":0,"event_name":"Purifier","floor":5,"gold_loss":0}],"is_beta":false,"boss_relics":[],"items_purged_floors":[2],"is_endless":false,"potions_floor_spawned":[8,11,13],"killed_by":"Hexaghost","ascension_level":0}}