{"host":"jwrrfqk4fsz2wgjc","time":1613870785,"event":{"mods":["BaseMod","Colored Map","Minty Spire (QoL Compilation)","Relic Stats","StSLib"],"gold_per_floor":[113,131,131,16,31,60,60,85,111,61,61,61,61,99,99,230,230,255,255,255,180,198,234,278,278,349,382,400,431,431,451,451,574,574,597,117,140,473,523,558,558,583,583,583,599,509,527,562,562,562],"floor_reached":51,"language":"ENG","playtime":1570,"items_purged":["Strike_R","Strike_R"],"score":974,"play_id":"9a5053df-c120-4e38-98c4-e60483852725","local_time":"20210221042625","is_ascension_mode":true,"campfire_choices":[{"data":"Rupture","floor":11.0,"key":"SMITH"},{"floor":15.0,"key":"REST"},{"floor":30.0,"key":"REST"},{"floor":32.0,"key":"REST"},{"floor":44.0,"key":"REST"},{"floor":49.0,"key":"REST"}],"circlet_count":0,"master_deck":["Defend_R","Defend_R","Bash","Limit Break","Combust","Cleave+1","Rupture+1","Blood for Blood","Headbutt","Clothesline+1","Offering","Second Wind","Bludgeon+1","Rupture+1","Shrug It Off","Power Through","Inflame+1","Limit Break","Flame Barrier+1","Inflame+1","Whirlwind","Power Through+1","Shrug It Off+1","Demon Form","Rupture+1","Inflame","Pommel Strike+1"],"relics":["Burning Blood","PreservedInsect","Anchor","Centennial Puzzle","Dream Catcher","Sozu","InkBottle","Red Mask","Whetstone","Question Card","Blood Vial","Kunai","Fusion Hammer","DollysMirror","Bronze Scales","Calipers","Molten Egg 2","Oddly Smooth Stone","Pantograph","Letter Opener"],"acts_visited":["Exordium","TheCity","TheBeyond"],"potions_floor_usage":[],"damage_taken":[{"damage":0.0,"enemies":"2 Louse","floor":1.0,"turns":4.0},{"damage":1.0,"enemies":"Cultist","floor":2.0,"turns":3.0},{"damage":7.0,"enemies":"Jaw Worm","floor":5.0,"turns":3.0},{"damage":30.0,"enemies":"Gremlin Nob","floor":6.0,"turns":4.0},{"damage":24.0,"enemies":"3 Sentries","floor":8.0,"turns":5.0},{"damage":6.0,"enemies":"Gremlin Nob","floor":14.0,"turns":3.0},{"damage":48.0,"enemies":"Slime Boss","floor":16.0,"turns":9.0},{"damage":17.0,"enemies":"2 Thieves","floor":18.0,"turns":3.0},{"damage":22.0,"enemies":"3 Byrds","floor":22.0,"turns":3.0},{"damage":21.0,"enemies":"Slavers","floor":23.0,"turns":3.0},{"damage":11.0,"enemies":"Masked Bandits","floor":24.0,"turns":4.0},{"damage":7.0,"enemies":"Gremlin Leader","floor":27.0,"turns":3.0},{"damage":15.0,"enemies":"Snake Plant","floor":28.0,"turns":4.0},{"damage":10.0,"enemies":"Slavers","floor":29.0,"turns":3.0},{"damage":8.0,"enemies":"3 Cultists","floor":31.0,"turns":4.0},{"damage":58.0,"enemies":"Collector","floor":33.0,"turns":6.0},{"damage":8.0,"enemies":"Orb Walker","floor":35.0,"turns":3.0},{"damage":10.0,"enemies":"3 Shapes","floor":37.0,"turns":2.0},{"damage":3.0,"enemies":"Mind Bloom Boss Battle","floor":39.0,"turns":4.0},{"damage":17.0,"enemies":"Nemesis","floor":40.0,"turns":5.0},{"damage":34.0,"enemies":"Giant Head","floor":42.0,"turns":6.0},{"damage":2.0,"enemies":"Jaw Worm Horde","floor":45.0,"turns":3.0},{"damage":10.0,"enemies":"Maw","floor":47.0,"turns":5.0},{"damage":9.0,"enemies":"Reptomancer","floor":48.0,"turns":4.0},{"damage":38,"enemies":"Time Eater","floor":50,"turns":7}],"seed_played":"2228643195698635593","potions_obtained":[{"floor":1.0,"key":"Energy Potion"},{"floor":5.0,"key":"ElixirPotion"},{"floor":6.0,"key":"Explosive Potion"},{"floor":8.0,"key":"LiquidBronze"}],"is_trial":false,"path_per_floor":["M","M","?","$","M","E","?","E","T","?","R","?","$","E","R","B",null,"M","?","?","$","M","E","?","T","T","E","M","E","R","M","R","B",null,"M","$","M","?","?","E","?","E","T","R","M","?","M","E","R","B",null],"character_chosen":"IRONCLAD","items_purchased":["Rupture","Blood for Blood","DollysMirror","Whirlwind","Bronze Scales"],"campfire_rested":5,"item_purchase_floors":[4,4,36,36,36],"current_hp_per_floor":[62,67,67,67,66,42,47,29,29,29,29,29,29,29,52,10,79,68,68,68,68,52,37,32,32,32,31,24,22,45,45,68,18,79,77,77,75,75,79,68,68,42,42,65,71,71,69,68,79,47],"gold":562,"neow_bonus":"THREE_RARE_CARDS","is_daily":false,"chose_seed":false,"campfire_upgraded":1,"win_rate":0.0,"timestamp":1613870785,"path_taken":["M","M","?","$","?","E","?","E","T","?","R","?","$","E","R","BOSS","M","?","?","$","M","E","?","?","T","E","M","E","R","M","R","BOSS","M","$","M","?","?","E","?","E","T","R","?","?","?","E","R","BOSS"],"items_purchased_type":["Card","Card","Relic","Card","Relic"],"build_version":"2020-12-22","purchased_purges":2,"victory":true,"max_hp_per_floor":[80,80,80,80,80,80,85,85,85,85,85,79,79,79,79,79,79,79,79,79,79,79,79,79,79,79,79,79,79,79,79,79,79,79,79,79,79,79,79,79,79,79,79,79,79,79,79,79,79,79],"relic_stats":{"counters":[25,103],"PreservedInsect":407,"Whetstone":["Cleave","Clothesline"],"Letter Opener":[0],"Question Card":17,"Burning Blood":149,"Sozu":6,"Blood Vial":20,"Centennial Puzzle":[60],"Dream Catcher":5,"Bronze Scales":[73],"Pantograph":0,"Kunai":[4],"obtain_stats":[{"Calipers":39,"Golden Idol":12,"Oddly Smooth Stone":42,"PreservedInsect":6,"Whetstone":25,"Letter Opener":48,"Question Card":26,"Burning Blood":0,"Sozu":17,"Blood Vial":27,"Anchor":8,"Centennial Puzzle":9,"Dream Catcher":14,"DollysMirror":36,"Bronze Scales":36,"Pantograph":43,"Molten Egg 2":40,"Fusion Hammer":34,"Red Mask":24,"Kunai":29,"InkBottle":23},{"Calipers":19,"Golden Idol":5,"Oddly Smooth Stone":21,"PreservedInsect":4,"Whetstone":11,"Letter Opener":24,"Question Card":11,"Burning Blood":0,"Sozu":7,"Blood Vial":12,"Anchor":5,"Centennial Puzzle":5,"Dream Catcher":6,"DollysMirror":17,"Bronze Scales":17,"Pantograph":21,"Molten Egg 2":20,"Fusion Hammer":16,"Red Mask":11,"Kunai":14,"InkBottle":10},{"Calipers":73,"Golden Idol":19,"Oddly Smooth Stone":84,"PreservedInsect":14,"Whetstone":44,"Letter Opener":96,"Question Card":44,"Burning Blood":0,"Sozu":31,"Blood Vial":47,"Anchor":19,"Centennial Puzzle":19,"Dream Catcher":22,"DollysMirror":67,"Bronze Scales":67,"Pantograph":84,"Molten Egg 2":78,"Fusion Hammer":64,"Red Mask":44,"Kunai":54,"InkBottle":40}],"InkBottle":[17]},"card_choices":[{"not_picked":["Bludgeon","Double Tap"],"picked":"Limit Break","floor":0.0},{"not_picked":["Body Slam","Headbutt"],"picked":"Combust","floor":1.0},{"not_picked":["Carnage","Warcry"],"picked":"Cleave","floor":2.0},{"not_picked":["Power Through","Clash"],"picked":"Headbutt","floor":5.0},{"not_picked":["Seeing Red","Battle Trance","Body Slam"],"picked":"SKIP","floor":6.0},{"not_picked":["Juggernaut","Second Wind"],"picked":"Clothesline","floor":8.0},{"not_picked":["Shockwave","Warcry","Body Slam"],"picked":"SKIP","floor":14.0},{"not_picked":["Berserk","Juggernaut"],"picked":"Offering","floor":16.0},{"not_picked":["Iron Wave","Cleave+1","Heavy Blade"],"picked":"SKIP","floor":18.0},{"not_picked":["Twin Strike","Clash","Iron Wave"],"picked":"SKIP","floor":22.0},{"not_picked":["Twin Strike","Pommel Strike","Armaments"],"picked":"SKIP","floor":23.0},{"not_picked":["Warcry","Fire Breathing"],"picked":"Rupture+1","floor":24.0},{"not_picked":["Metallicize","Entrench","Rage","Barricade"],"picked":"SKIP","floor":27.0},{"not_picked":["True Grit","Headbutt","Hemokinesis"],"picked":"Shrug It Off","floor":28.0},{"not_picked":["Pummel","Body Slam+1","Searing Blow+1","Twin Strike+1"],"picked":"SKIP","floor":29.0},{"not_picked":["Pummel","Body Slam+1","Searing Blow+1","Twin Strike+1"],"picked":"SKIP","floor":29.0},{"not_picked":["Clothesline","Sever Soul","Warcry"],"picked":"Power Through","floor":30.0},{"not_picked":["Flex","Barricade","Power Through"],"picked":"Inflame+1","floor":31.0},{"not_picked":["Double Tap","Corruption","Impervious"],"picked":"Limit Break","floor":33.0},{"not_picked":["Dropkick+1","Shrug It Off","Disarm+1"],"picked":"Flame Barrier+1","floor":35.0},{"not_picked":["Sword Boomerang","Pommel Strike+1","Rage+1"],"picked":"Power Through+1","floor":37.0},{"not_picked":["Headbutt","Carnage+1","Ghostly Armor+1"],"picked":"Shrug It Off+1","floor":39.0},{"not_picked":["Warcry","Rage","Reckless Charge+1"],"picked":"Demon Form","floor":40.0},{"not_picked":["Intimidate","Sword Boomerang+1","Body Slam+1"],"picked":"Rupture+1","floor":42.0},{"not_picked":["Iron Wave+1","Feel No Pain+1","Anger+1"],"picked":"Inflame","floor":45.0},{"not_picked":["Clash+1","Bludgeon+1","Sword Boomerang+1","Headbutt+1"],"picked":"SKIP","floor":47.0},{"not_picked":["True Grit","Metallicize","Whirlwind+1"],"picked":"Pommel Strike+1","floor":48.0}],"player_experience":2809,"relics_obtained":[{"floor":6.0,"key":"PreservedInsect"},{"floor":8.0,"key":"Anchor"},{"floor":9.0,"key":"Centennial Puzzle"},{"floor":14.0,"key":"Dream Catcher"},{"floor":23.0,"key":"InkBottle"},{"floor":24.0,"key":"Red Mask"},{"floor":25.0,"key":"Whetstone"},{"floor":26.0,"key":"Question Card"},{"floor":27.0,"key":"Blood Vial"},{"floor":29.0,"key":"Kunai"},{"floor":39.0,"key":"Calipers"},{"floor":40.0,"key":"Molten Egg 2"},{"floor":42.0,"key":"Oddly Smooth Stone"},{"floor":43.0,"key":"Pantograph"},{"floor":48.0,"key":"Letter Opener"}],"event_choices":[{"damage_healed":0.0,"max_hp_gain":0.0,"max_hp_loss":0.0,"gold_gain":0.0,"event_name":"The Woman in Blue","player_choice":"Bought 0 Potions","floor":3.0,"gold_loss":0.0,"damage_taken":0.0},{"damage_healed":0.0,"max_hp_gain":5.0,"max_hp_loss":0.0,"gold_gain":0.0,"event_name":"Big Fish","player_choice":"Donut","floor":7.0,"gold_loss":0.0,"damage_taken":0.0},{"cards_removed":["Strike_R"],"damage_healed":0.0,"max_hp_gain":0.0,"max_hp_loss":0.0,"gold_gain":0.0,"event_name":"The Cleric","player_choice":"Card Removal","floor":10.0,"gold_loss":50.0,"damage_taken":0.0},{"damage_healed":0.0,"max_hp_gain":0.0,"max_hp_loss":6.0,"gold_gain":0.0,"event_name":"Golden Idol","player_choice":"Lose Max HP","floor":12.0,"gold_loss":0.0,"damage_taken":0.0,"relics_obtained":["Golden Idol"]},{"damage_healed":0.0,"max_hp_gain":0.0,"max_hp_loss":0.0,"gold_gain":0.0,"cards_transformed":["Strike_R","Strike_R"],"event_name":"Drug Dealer","player_choice":"Became Test Subject","floor":19.0,"gold_loss":0.0,"damage_taken":0.0,"cards_obtained":["Second Wind","Bludgeon"]},{"damage_healed":0.0,"max_hp_gain":0.0,"max_hp_loss":0.0,"gold_gain":0.0,"event_name":"Ghosts","player_choice":"Ignored","floor":20.0,"gold_loss":0.0,"damage_taken":0.0},{"damage_healed":0.0,"max_hp_gain":0.0,"max_hp_loss":0.0,"gold_gain":0.0,"event_name":"Masked Bandits","player_choice":"Fought Bandits","floor":24.0,"gold_loss":0.0,"damage_taken":0.0},{"damage_healed":0.0,"max_hp_gain":0.0,"max_hp_loss":0.0,"gold_gain":333.0,"event_name":"The Moai Head","player_choice":"Gave Idol","floor":38.0,"relics_lost":["Golden Idol"],"gold_loss":0.0,"damage_taken":0.0},{"damage_healed":0.0,"max_hp_gain":0.0,"max_hp_loss":0.0,"gold_gain":0.0,"event_name":"MindBloom","player_choice":"Fight","floor":39.0,"gold_loss":0.0,"damage_taken":0.0},{"cards_removed":["Defend_R"],"damage_healed":0.0,"max_hp_gain":0.0,"max_hp_loss":0.0,"gold_gain":0.0,"event_name":"Purifier","player_choice":"Purged","floor":41.0,"gold_loss":0.0,"damage_taken":0.0},{"cards_removed":["Defend_R"],"damage_healed":0.0,"max_hp_gain":0.0,"max_hp_loss":0.0,"gold_gain":0.0,"event_name":"Designer","player_choice":"Upgrade and Remove","floor":46.0,"gold_loss":90.0,"damage_taken":0.0,"cards_upgraded":["Bludgeon"]}],"is_beta":false,"boss_relics":[{"not_picked":["Mark of Pain","Philosopher\u0027s Stone"],"picked":"Sozu"},{"not_picked":["Snecko Eye","Cursed Key"],"picked":"Fusion Hammer"}],"items_purged_floors":[21,36],"is_endless":false,"potions_floor_spawned":[1,5,6,8,22,28,31,37,39,42],"ascension_level":1}}