{"host":"tf5skwcwe0vlu2md","time":1613906937,"event":{"mods":["BaseMod","Downfall","Highlight Path","Minty Spire (QoL Compilation)","Quick Restart","StSLib","The Hierophant"],"gold_per_floor":[112,127,140,160,172,172,190,224,224,224,224,189,224,239,239,360,360,384,70,70,70,85,85,108,148,148,148,148,148,148],"floor_reached":29,"playtime":1500,"items_purged":[],"score":351,"play_id":"775eafae-3d3d-49d1-ab04-f0c7f309d202","local_time":"20210221222857","is_ascension_mode":true,"campfire_choices":[{"data":"Dualcast","floor":6,"key":"SMITH"},{"data":"Self Repair","floor":11,"key":"SMITH"},{"data":"Streamline","floor":15,"key":"SMITH"},{"data":"Zap","floor":23,"key":"SMITH"},{"data":"Double Energy","floor":28,"key":"SMITH"}],"circlet_count":0,"master_deck":["Strike_B","Strike_B","Strike_B","Strike_B","Defend_B","Defend_B","Defend_B","Zap+1","Dualcast+1","Gash","Gash","Go for the Eyes","Scrape","Hologram","Self Repair+1","Leap","Seek","Injury","Scrape","Streamline+1","Machine Learning","Turbo","Scrape+1","Tempest","Stack","Double Energy+1"],"relics":["Cracked Core","Ginger","Strawberry","Golden Idol","Centennial Puzzle","SacredBark","Molten Egg 2","MutagenicStrength","MealTicket","TungstenRod"],"acts_visited":["Exordium","TheCity"],"potions_floor_usage":[8,8,13,16,24,25,25,29],"damage_taken":[{"damage":4,"enemies":"Jaw Worm","floor":1,"turns":3},{"damage":4,"enemies":"2 Louse","floor":2,"turns":2},{"damage":0,"enemies":"Small Slimes","floor":3,"turns":3},{"damage":9,"enemies":"Blue Slaver","floor":4,"turns":3},{"damage":7,"enemies":"Exordium Thugs","floor":5,"turns":3},{"damage":12,"enemies":"2 Fungi Beasts","floor":7,"turns":3},{"damage":25,"enemies":"Lagavulin","floor":8,"turns":5},{"damage":41,"enemies":"3 Sentries","floor":13,"turns":8},{"damage":3,"enemies":"Looter","floor":14,"turns":2},{"damage":0,"enemies":"Slime Boss","floor":16,"turns":5},{"damage":20,"enemies":"Shell Parasite","floor":18,"turns":4},{"damage":14,"enemies":"3 Byrds","floor":22,"turns":5},{"damage":10,"enemies":"Snake Plant","floor":24,"turns":3},{"damage":32,"enemies":"Book of Stabbing","floor":25,"turns":6},{"damage":36,"enemies":"Snecko","floor":29,"turns":4}],"seed_played":"2133101492806264266","potions_obtained":[{"floor":3,"key":"Strength Potion"},{"floor":4,"key":"Block Potion"},{"floor":8,"key":"Explosive Potion"},{"floor":13,"key":"EssenceOfSteel"},{"floor":14,"key":"SteroidPotion"},{"floor":21,"key":"Block Potion"},{"floor":21,"key":"DuplicationPotion"},{"floor":24,"key":"Energy Potion"},{"floor":25,"key":"Swift Potion"}],"is_trial":false,"path_per_floor":["M","M","M","M","M","R","M","E","T","?","R","?","E","M","R","B",null,"M","$","?","?","M","R","M","E","T","?","R","M"],"character_chosen":"DEFECT","items_purchased":["Molten Egg 2","Scrape+1"],"campfire_rested":0,"item_purchase_floors":[19,19],"current_hp_per_floor":[71,67,67,58,51,51,46,28,35,35,35,55,24,31,31,41,82,62,62,62,62,58,58,58,36,36,36,36,0,0],"gold":148,"neow_bonus":"TRANSFORM_CARD","is_daily":false,"chose_seed":false,"campfire_upgraded":5,"win_rate":0.0,"timestamp":1613906937,"path_taken":["M","M","M","M","M","R","M","E","T","?","R","?","E","M","R","BOSS","M","$","?","?","?","R","M","E","T","?","R","M"],"items_purchased_type":["Relic","Card"],"build_version":"2020-12-13","purchased_purges":0,"victory":false,"max_hp_per_floor":[75,75,75,75,75,75,75,75,82,82,82,82,82,82,82,82,82,82,82,82,82,82,82,82,82,82,82,82,82,82],"card_choices":[{"not_picked":["Turbo","Hologram"],"picked":"Gash","floor":1},{"not_picked":["Melter","Stack"],"picked":"Go for the Eyes","floor":2},{"not_picked":["Capacitor","FTL"],"picked":"Scrape","floor":3},{"not_picked":["Leap","Coolheaded"],"picked":"Hologram","floor":4},{"not_picked":["Stack","Recycle"],"picked":"Self Repair","floor":5},{"not_picked":["Redo","Steam"],"picked":"Leap","floor":7},{"not_picked":["Redo","Beam Cell"],"picked":"Seek","floor":8},{"not_picked":["Redo","Capacitor"],"picked":"Scrape","floor":13},{"not_picked":["Ball Lightning","Capacitor"],"picked":"Streamline","floor":14},{"not_picked":["Thunder Strike","Rainbow"],"picked":"Machine Learning","floor":16},{"not_picked":["Cold Snap","Steam"],"picked":"Turbo","floor":18},{"not_picked":["Leap","Melter+1"],"picked":"Tempest","floor":22},{"not_picked":["Skim","Rip and Tear+1"],"picked":"Stack","floor":24},{"not_picked":["Undo+1","Redo"],"picked":"Double Energy","floor":25}],"player_experience":304798,"relics_obtained":[{"floor":8,"key":"Ginger"},{"floor":9,"key":"Strawberry"},{"floor":13,"key":"Centennial Puzzle"},{"floor":25,"key":"MealTicket"},{"floor":26,"key":"TungstenRod"}],"event_choices":[{"damage_healed":0,"gold_gain":0,"player_choice":"Take Wound","damage_taken":0,"relics_obtained":["Golden Idol"],"max_hp_gain":0,"max_hp_loss":0,"event_name":"Golden Idol","floor":10,"gold_loss":0,"cards_obtained":["Injury"]},{"damage_healed":20,"gold_gain":0,"player_choice":"Healed","damage_taken":0,"max_hp_gain":0,"max_hp_loss":0,"event_name":"The Cleric","floor":12,"gold_loss":35},{"damage_healed":0,"gold_gain":0,"player_choice":"Inject Mutagens","damage_taken":0,"relics_obtained":["MutagenicStrength"],"max_hp_gain":0,"max_hp_loss":0,"event_name":"Drug Dealer","floor":20,"gold_loss":0},{"damage_healed":0,"gold_gain":0,"player_choice":"Got Potions","damage_taken":0,"max_hp_gain":0,"max_hp_loss":0,"event_name":"Lab","floor":21,"gold_loss":0},{"damage_healed":0,"gold_gain":0,"player_choice":"Ignored","damage_taken":0,"max_hp_gain":0,"max_hp_loss":0,"event_name":"Cursed Tome","floor":27,"gold_loss":0}],"is_beta":false,"boss_relics":[{"not_picked":["Runic Pyramid","SlaversCollar"],"picked":"SacredBark"}],"items_purged_floors":[],"is_endless":false,"potions_floor_spawned":[3,4,8,13,14,24,25],"killed_by":"Snecko","ascension_level":3}}