{"host":"0kk91h4bq4kgfj0u","time":1613927214,"event":{"mods":["BaseMod","Bestiary","Block Reminder","Colored Map","Colored Powertips","Curses Come First","Highlight Path","Minty Spire (QoL Compilation)","Relic Stats","StSLib"],"gold_per_floor":[111,130,140,150,210,237,237,237,285,285,300,9,44,59,59,187,187,212,212,232,134,158,158,199,199,225,248,267,298,298,321,321,321,321],"floor_reached":33,"language":"ENG","playtime":1051,"items_purged":[],"score":481,"play_id":"af8b0e86-7d29-40e5-812e-613182c382c3","local_time":"20210221120654","is_ascension_mode":true,"campfire_choices":[{"floor":7.0,"key":"REST"},{"floor":15.0,"key":"RECALL"},{"data":"Rupture","floor":23.0,"key":"SMITH"},{"floor":25.0,"key":"REST"},{"floor":30,"key":"REST"},{"floor":32,"key":"REST"}],"circlet_count":0,"master_deck":["Strike_R","Strike_R","Strike_R","Strike_R","Strike_R","Defend_R","Defend_R","Defend_R","Defend_R","Bash","Anger","Inflame+1","Wild Strike","Uppercut","Immolate","Injury","Hemokinesis","Shrug It Off","Feed","Iron Wave","Offering","Flex","Carnage","Good Instincts","Rupture+1","Fire Breathing","Pommel Strike","Body Slam","Shrug It Off","Flex","Exhume"],"relics":["Burning Blood","HornCleat","Dream Catcher","Golden Idol","Ornamental Fan","MealTicket","Busted Crown","Oddly Smooth Stone","Happy Flower","Mango"],"acts_visited":["Exordium","TheCity"],"potions_floor_usage":[33],"damage_taken":[{"damage":6.0,"enemies":"Cultist","floor":1.0,"turns":3.0},{"damage":15.0,"enemies":"Small Slimes","floor":2.0,"turns":3.0},{"damage":12.0,"enemies":"2 Louse","floor":3.0,"turns":3.0},{"damage":11.0,"enemies":"Blue Slaver","floor":4.0,"turns":3.0},{"damage":45.0,"enemies":"3 Sentries","floor":6.0,"turns":10.0},{"damage":0.0,"enemies":"Lots of Slimes","floor":11.0,"turns":1.0},{"damage":14.0,"enemies":"Gremlin Nob","floor":13.0,"turns":4.0},{"damage":2.0,"enemies":"Large Slime","floor":14.0,"turns":4.0},{"damage":49.0,"enemies":"Hexaghost","floor":16.0,"turns":10.0},{"damage":2.0,"enemies":"3 Byrds","floor":18.0,"turns":5.0},{"damage":18.0,"enemies":"Shell Parasite","floor":20.0,"turns":5.0},{"damage":0.0,"enemies":"Snecko","floor":22.0,"turns":4.0},{"damage":75.0,"enemies":"Book of Stabbing","floor":24.0,"turns":7.0},{"damage":10.0,"enemies":"Centurion and Healer","floor":28.0,"turns":6.0},{"damage":36,"enemies":"Slavers","floor":29,"turns":6},{"damage":20,"enemies":"Snake Plant","floor":31,"turns":4},{"damage":93,"enemies":"Automaton","floor":33,"turns":8}],"seed_played":"-6701445286270607080","potions_obtained":[{"floor":1.0,"key":"BloodPotion"},{"floor":2.0,"key":"SneckoOil"},{"floor":3.0,"key":"SmokeBomb"},{"floor":11.0,"key":"AttackPotion"},{"floor":20.0,"key":"CultistPotion"},{"floor":28.0,"key":"LiquidBronze"}],"is_trial":false,"path_per_floor":["M","M","M","M","?","E","R","?","T","?","M","$","E","M","R","B",null,"M","?","M","$","M","R","E","R","T","T","M","E","R","M","R","B"],"character_chosen":"IRONCLAD","items_purchased":["Shrug It Off","Ornamental Fan","Good Instincts"],"campfire_rested":4,"item_purchase_floors":[12,12,21],"current_hp_per_floor":[80,71,65,60,60,38,64,64,64,64,70,70,62,66,66,26,75,82,82,70,85,91,91,25,54,54,54,50,34,67,53,86,0,0],"gold":321,"neow_bonus":"TEN_PERCENT_HP_BONUS","is_daily":false,"chose_seed":false,"campfire_upgraded":1,"win_rate":0.0,"timestamp":1613927214,"path_taken":["M","?","M","M","?","E","R","?","T","?","?","?","E","M","R","BOSS","M","?","M","$","M","R","E","R","T","?","M","E","R","M","R","BOSS"],"items_purchased_type":["Card","Relic","Card"],"build_version":"2020-12-22","purchased_purges":0,"victory":false,"max_hp_per_floor":[88,88,88,88,88,88,88,88,88,88,88,88,88,88,88,91,91,94,94,94,94,94,94,97,97,97,97,97,111,111,111,111,111,111],"relic_stats":{"Dream Catcher":3,"Busted Crown":20,"Happy Flower":[8],"counters":[17,86],"Golden Idol":76,"Ornamental Fan":[104],"MealTicket":15,"obtain_stats":[{"Dream Catcher":9,"HornCleat":6,"Busted Crown":17,"Happy Flower":26,"Golden Idol":10,"Ornamental Fan":12,"Oddly Smooth Stone":24,"MealTicket":13,"Mango":29,"Burning Blood":0},{"Dream Catcher":5,"HornCleat":5,"Busted Crown":9,"Happy Flower":13,"Golden Idol":5,"Ornamental Fan":6,"Oddly Smooth Stone":13,"MealTicket":7,"Mango":15,"Burning Blood":0},{"Dream Catcher":22,"HornCleat":22,"Busted Crown":41,"Happy Flower":62,"Golden Idol":22,"Ornamental Fan":23,"Oddly Smooth Stone":62,"MealTicket":27,"Mango":74,"Burning Blood":0}],"Burning Blood":96},"card_choices":[{"not_picked":["Disarm","Clothesline"],"picked":"Anger","floor":1.0},{"not_picked":["Dual Wield","Power Through"],"picked":"Inflame","floor":2.0},{"not_picked":["Reckless Charge","True Grit"],"picked":"Wild Strike","floor":3.0},{"not_picked":["Carnage","Dual Wield"],"picked":"Uppercut","floor":4.0},{"not_picked":["Reckless Charge","Fire Breathing"],"picked":"Immolate","floor":6.0},{"not_picked":["Body Slam","Sever Soul"],"picked":"Hemokinesis","floor":11.0},{"not_picked":["Power Through","Clash"],"picked":"Feed","floor":13.0},{"not_picked":["Twin Strike","Bloodletting"],"picked":"Iron Wave","floor":14.0},{"not_picked":["Berserk","Juggernaut"],"picked":"Offering","floor":16.0},{"not_picked":["True Grit"],"picked":"SKIP","floor":18.0},{"not_picked":[],"picked":"Carnage","floor":20.0},{"not_picked":[],"picked":"Rupture","floor":22.0},{"not_picked":[],"picked":"Fire Breathing","floor":24.0},{"not_picked":[],"picked":"Pommel Strike","floor":25.0},{"not_picked":[],"picked":"Body Slam","floor":28.0},{"not_picked":["Second Wind"],"picked":"SKIP","floor":29},{"not_picked":[],"picked":"Shrug It Off","floor":30},{"not_picked":[],"picked":"Flex","floor":31},{"not_picked":[],"picked":"Exhume","floor":32}],"player_experience":898607,"relics_obtained":[{"floor":6.0,"key":"HornCleat"},{"floor":9.0,"key":"Dream Catcher"},{"floor":13.0,"key":"MealTicket"},{"floor":24.0,"key":"Oddly Smooth Stone"},{"floor":26.0,"key":"Happy Flower"},{"floor":29,"key":"Mango"}],"event_choices":[{"damage_healed":0.0,"max_hp_gain":0.0,"max_hp_loss":0.0,"gold_gain":60.0,"event_name":"Golden Wing","player_choice":"Gained Gold","floor":5.0,"gold_loss":0.0,"damage_taken":0.0},{"damage_healed":0.0,"max_hp_gain":0.0,"max_hp_loss":0.0,"gold_gain":0.0,"event_name":"Living Wall","player_choice":"Grow","floor":8.0,"gold_loss":0.0,"damage_taken":0.0,"cards_upgraded":["Inflame"]},{"damage_healed":0.0,"max_hp_gain":0.0,"max_hp_loss":0.0,"gold_gain":0.0,"event_name":"Golden Idol","player_choice":"Take Wound","floor":10.0,"gold_loss":0.0,"damage_taken":0.0,"relics_obtained":["Golden Idol"],"cards_obtained":["Injury"]},{"damage_healed":0.0,"max_hp_gain":0.0,"max_hp_loss":0.0,"gold_gain":0.0,"event_name":"The Library","player_choice":"Read","floor":19.0,"gold_loss":0.0,"damage_taken":0.0,"cards_obtained":["Flex"]}],"is_beta":false,"boss_relics":[{"not_picked":["Philosopher\u0027s Stone","Empty Cage"],"picked":"Busted Crown"}],"items_purged_floors":[],"is_endless":false,"potions_floor_spawned":[1,2,3,11,20,28,31],"killed_by":"Automaton","ascension_level":9}}