{"host":"h49usdrjeju7gyhi","time":1613886318,"event":{"mods":["Act Like it!","BaseMod","Minty Spire (QoL Compilation)","Ruina","SOS???????","StSLib"],"gold_per_floor":[156,0,21,21,21,78,78,214,214,259,296,346,400,507,519,666,678,690,702,735,811,864,876,888,900,938,1019,1071,1132,1144,1114,1126,1236,1248,1243,1251,1263,450,516,498,530,530,530,530,208,226,237,224,224,224,224,224,111,142,142],"floor_reached":56,"language":"ENG","playtime":2779,"items_purged":["Defend_Dante","DT+1","Redorb+1"],"score":2245,"play_id":"61935d8c-be8f-40ff-9fd3-3556588207a3","local_time":"20210221004518","is_ascension_mode":true,"campfire_choices":[{"data":"Redorb","floor":7.0,"key":"SMITH"},{"data":"Attack_b","floor":15.0,"key":"SMITH"},{"data":"Provocation","floor":23.0,"key":"SMITH"},{"data":"Rebellion","floor":30.0,"key":"SMITH"},{"floor":32.0,"key":"RECALL"},{"data":"Stinger","floor":44,"key":"SMITH"},{"data":"Royaldefend","floor":49,"key":"SMITH"},{"data":"Attack_a","floor":52,"key":"SMITH"}],"circlet_count":0,"master_deck":["Attack_a","Attack_a+1","Attack_b+1","Provocation+1","Royaldefend+1","Swordcombo+1","Royaldefend+1","Royaldefend+1","SSScard+1","DevilstarL+1","Airtrick+1","Swordmaster+1","Demonreform+1","Hightime+1","VitalstarL+1","Royaldefend+1","Rebellion+1","Airhike+1","Weaponreturn+1","Stinger+1","Airtrick+1","EbonyIvory+1","SSScard+1","SSScard+1"],"relics":["SSS","Combocheck","NeowsBlessing","Thread and Needle","Bronze Scales","Toxic Egg 2","MawBank","Ginger","Astrolabe","Dream Catcher","Prayer Wheel","Busted Crown","Pear","Question Card","DollysMirror","Art of War","MealTicket","Membership Card","Lantern","CaptainsWheel","Happy Flower","Centennial Puzzle"],"acts_visited":["Exordium","TheCity","TheBeyond","TheEnding"],"potions_floor_usage":[54,55,55],"damage_taken":[{"damage":0.0,"enemies":"Jaw Worm","floor":1.0,"turns":1.0},{"damage":0.0,"enemies":"Small Slimes","floor":3.0,"turns":2.0},{"damage":0.0,"enemies":"Gremlin Nob","floor":6.0,"turns":2.0},{"damage":0.0,"enemies":"3 Sentries","floor":8.0,"turns":5.0},{"damage":0.0,"enemies":"Gremlin Nob","floor":10.0,"turns":3.0},{"damage":0.0,"enemies":"Cultist","floor":11.0,"turns":2.0},{"damage":0.0,"enemies":"Looter","floor":12.0,"turns":2.0},{"damage":0.0,"enemies":"3 Louse","floor":13.0,"turns":4.0},{"damage":0.0,"enemies":"3 Sentries","floor":14.0,"turns":5.0},{"damage":0.0,"enemies":"Hexaghost","floor":16.0,"turns":5.0},{"damage":0.0,"enemies":"Spheric Guardian","floor":18.0,"turns":1.0},{"damage":0.0,"enemies":"Chosen","floor":20.0,"turns":1.0},{"damage":0.0,"enemies":"Shelled Parasite and Fungi","floor":21.0,"turns":2.0},{"damage":0.0,"enemies":"Snecko","floor":22.0,"turns":1.0},{"damage":0.0,"enemies":"Gremlin Leader","floor":27.0,"turns":1.0},{"damage":0.0,"enemies":"Centurion and Healer","floor":28.0,"turns":3.0},{"damage":0.0,"enemies":"3 Cultists","floor":29.0,"turns":2.0},{"damage":0.0,"enemies":"Slavers","floor":31.0,"turns":1.0},{"damage":0.0,"enemies":"Automaton","floor":33.0,"turns":3.0},{"damage":0.0,"enemies":"Orb Walker","floor":35.0,"turns":1.0},{"damage":0.0,"enemies":"3 Shapes","floor":36.0,"turns":1.0},{"damage":0.0,"enemies":"Writhing Mass","floor":39.0,"turns":2.0},{"damage":1.0,"enemies":"Reptomancer","floor":40.0,"turns":2.0},{"damage":0,"enemies":"Sphere and 2 Shapes","floor":41,"turns":2},{"damage":0,"enemies":"Transient","floor":46,"turns":1},{"damage":0,"enemies":"Jaw Worm Horde","floor":47,"turns":1},{"damage":0,"enemies":"2 Orb Walkers","floor":48,"turns":1},{"damage":0,"enemies":"Awakened One","floor":50,"turns":2},{"damage":0,"enemies":"Shield and Spear","floor":54,"turns":1},{"damage":54,"enemies":"The Heart","floor":55,"turns":3}],"seed_played":"-4854515535562477744","potions_obtained":[{"floor":3.0,"key":"SpeedPotion"},{"floor":8.0,"key":"SpeedPotion"},{"floor":10.0,"key":"SkillPotion"},{"floor":12.0,"key":"Block Potion"},{"floor":14.0,"key":"Swift Potion"},{"floor":27.0,"key":"CultistPotion"},{"floor":31.0,"key":"Strength Potion"},{"floor":36.0,"key":"Swift Potion"}],"is_trial":false,"path_per_floor":["M","$","M","?","?","E","R","E","T","E","M","M","M","E","R","B",null,"M","?","M","M","M","R","?","$","T","E","M","M","R","E","R","B",null,"M","M","?","$","M","E","M","?","T","R","$","M","M","?","R","B",null,"R","$","E","B",null],"character_chosen":"DANTE","items_purchased":["Swordcombo","Stinger","Pear","Question Card","DollysMirror","Membership Card","Lantern","SSScard+1","SSScard+1","Happy Flower"],"campfire_rested":0,"item_purchase_floors":[2,38,38,38,38,45,45,45,53,53],"current_hp_per_floor":[72,72,72,56,56,56,56,56,56,56,56,56,56,56,56,56,74,74,74,74,74,74,74,74,74,74,80,80,80,80,80,80,80,80,80,80,80,90,90,90,90,85,85,85,85,85,85,85,85,85,85,85,85,85,40],"gold":142,"neow_bonus":"THREE_ENEMY_KILL","is_daily":false,"chose_seed":false,"campfire_upgraded":7,"win_rate":0.0,"timestamp":1613886318,"path_taken":["M","$","M","?","?","E","R","E","T","E","?","M","M","E","R","BOSS","M","?","M","M","M","R","?","$","T","E","M","M","R","E","R","BOSS","M","M","?","$","M","E","M","?","T","R","$","M","M","?","R","BOSS","R","$","E","BOSS"],"items_purchased_type":["Card","Card","Relic","Relic","Relic","Relic","Relic","Card","Card","Relic"],"build_version":"2020-12-22","purchased_purges":3,"victory":true,"max_hp_per_floor":[80,80,80,80,80,80,80,80,80,80,80,80,80,80,80,80,80,80,80,80,80,80,80,80,80,80,80,80,80,80,80,80,80,80,80,80,80,90,90,90,90,85,85,85,85,85,85,85,85,85,85,85,85,85,85],"card_choices":[{"not_picked":["Weaponchange","BeastUppercut"],"picked":"Royaldefend","floor":1.0},{"not_picked":["LucifercomboA","Fullhouse","LucifercomboD"],"picked":"SKIP","floor":3.0},{"not_picked":["Millionkick","Lucifer"],"picked":"Royaldefend","floor":6.0},{"not_picked":["Straight","Splesh","Whiteorb"],"picked":"SKIP","floor":8.0},{"not_picked":["Straight","Splesh","Whiteorb"],"picked":"SKIP","floor":8.0},{"not_picked":["Weaponupgrade+1","EbonyIvory"],"picked":"Royaldefend+1","floor":10.0},{"not_picked":["Millionstab","EbonyIvory"],"picked":"SSScard+1","floor":11.0},{"not_picked":["Shock","Millionkick"],"picked":"SSScard+1","floor":12.0},{"not_picked":["GilgameshcomboA","Millionkick"],"picked":"DevilstarL+1","floor":13.0},{"not_picked":["Weaponupgrade+1","Chargeshoot"],"picked":"DT+1","floor":14.0},{"not_picked":["Swordcombo","Trickster+1"],"picked":"Airtrick+1","floor":16.0},{"not_picked":["Millionkick","BeastUppercut","SSScard+1"],"picked":"SKIP","floor":18.0},{"not_picked":["Whiteorb+1","LucifercomboA","LucifercomboC"],"picked":"SKIP","floor":20.0},{"not_picked":["Whiteorb+1","SSScard+1"],"picked":"Royaldefend+1","floor":21.0},{"not_picked":["Hightime+1","Lucifer","Greenorb+1"],"picked":"SKIP","floor":22.0},{"not_picked":["Honeycombofire+1","DevilstarS+1"],"picked":"Airhike+1","floor":27.0},{"not_picked":["DevilstarS+1","SSScard+1","Shock"],"picked":"SKIP","floor":28.0},{"not_picked":["DevilstarS+1","SSScard+1","Shock"],"picked":"SKIP","floor":28.0},{"not_picked":["DevilstarS+1","SSScard+1","Shock"],"picked":"SKIP","floor":28.0},{"not_picked":["Holywater+1","Fullhouse","LucifercomboC+1"],"picked":"SKIP","floor":29.0},{"not_picked":["Greenorb+1","Shock","LucifercomboA"],"picked":"SKIP","floor":31.0},{"not_picked":["Goldorb+1","DevilstarL+1"],"picked":"Weaponreturn+1","floor":33.0},{"not_picked":["Whiteorb+1"],"picked":"SKIP","floor":35.0},{"not_picked":["LucifercomboD+1"],"picked":"SKIP","floor":35.0},{"not_picked":["DevilstarS+1"],"picked":"SKIP","floor":36.0},{"not_picked":["DT+1"],"picked":"SKIP","floor":36.0},{"not_picked":["Straight","Doubleshoot"],"picked":"SKIP","floor":39.0},{"not_picked":["Unrisingdragon","DT+1"],"picked":"SKIP","floor":39.0},{"not_picked":["Weaponupgrade+1","LucifercomboC"],"picked":"SKIP","floor":40.0},{"not_picked":["Greenorb+1"],"picked":"EbonyIvory+1","floor":41},{"not_picked":["Greenorb+1","Honeycombofire+1"],"picked":"SKIP","floor":41},{"not_picked":["Weaponchange+1","LucifercomboA"],"picked":"SKIP","floor":46},{"not_picked":["Splesh","Swordmaster+1"],"picked":"SKIP","floor":46},{"not_picked":["Airhike+1","Doubleshoot+1"],"picked":"SKIP","floor":47},{"not_picked":["CoyoteA+1","Gilgamesh"],"picked":"SKIP","floor":47},{"not_picked":["CoyoteA","Weaponchange+1"],"picked":"SKIP","floor":54}],"player_experience":1158590,"relics_obtained":[{"floor":6.0,"key":"Thread and Needle"},{"floor":8.0,"key":"Bronze Scales"},{"floor":9.0,"key":"Toxic Egg 2"},{"floor":10.0,"key":"MawBank"},{"floor":14.0,"key":"Ginger"},{"floor":27.0,"key":"Dream Catcher"},{"floor":31.0,"key":"Prayer Wheel"},{"floor":40.0,"key":"Art of War"},{"floor":43,"key":"MealTicket"},{"floor":48,"key":"CaptainsWheel"},{"floor":54,"key":"Centennial Puzzle"}],"event_choices":[{"damage_healed":0.0,"max_hp_gain":0.0,"max_hp_loss":0.0,"gold_gain":0.0,"event_name":"Shining Light","player_choice":"Entered Light","floor":4.0,"gold_loss":0.0,"damage_taken":16.0,"cards_upgraded":["Royaldefend","Swordcombo"]},{"cards_removed":["Defend_Dante"],"damage_healed":0.0,"max_hp_gain":0.0,"max_hp_loss":0.0,"gold_gain":0.0,"event_name":"Purifier","player_choice":"Purged","floor":5.0,"gold_loss":0.0,"damage_taken":0.0},{"damage_healed":0.0,"max_hp_gain":0.0,"max_hp_loss":0.0,"gold_gain":0.0,"cards_transformed":["Shoot","Chargeshoot"],"event_name":"Drug Dealer","player_choice":"Became Test Subject","floor":19.0,"gold_loss":0.0,"damage_taken":0.0,"cards_obtained":["Hightime","VitalstarL"]},{"damage_healed":0.0,"max_hp_gain":0.0,"max_hp_loss":0.0,"gold_gain":0.0,"event_name":"The Library","player_choice":"Read","floor":24.0,"gold_loss":0.0,"damage_taken":0.0,"cards_obtained":["Rebellion"]},{"cards_removed":["SSScard"],"damage_healed":0.0,"max_hp_gain":0.0,"max_hp_loss":0.0,"gold_gain":0.0,"event_name":"Falling","player_choice":"Removed Skill","floor":37.0,"gold_loss":0.0,"damage_taken":0.0},{"damage_healed":0,"gold_gain":0,"player_choice":"Max HP","damage_taken":0,"max_hp_gain":0,"max_hp_loss":5,"event_name":"Winding Halls","floor":42,"gold_loss":0},{"damage_healed":0,"gold_gain":0,"player_choice":"Fight","damage_taken":0,"max_hp_gain":0,"max_hp_loss":0,"event_name":"Mysterious Sphere","floor":48,"gold_loss":0}],"is_beta":false,"boss_relics":[{"not_picked":["Pandora\u0027s Box","Velvet Choker"],"picked":"Astrolabe"},{"not_picked":["SacredBark","Cursed Key"],"picked":"Busted Crown"}],"items_purged_floors":[2,38,45],"is_endless":false,"potions_floor_spawned":[3,8,10,11,12,14,21,27,31,33,36,40,47],"ascension_level":9}}