{"host":"elopfwcg7dlszy37","time":1613881455,"event":{"mods":["BaseMod","BetterRewards","Conspire","Hubris","Infinite Spire","Marisa????????","Minty Spire (QoL Compilation)","Replay The Spire","Shop Mod","StSLib"],"gold_per_floor":[115,115,127,127,127,167,207,207,207],"floor_reached":8,"language":"ENG","playtime":220,"items_purged":[],"score":67,"play_id":"89f09c1b-5b2f-47ee-90e3-968593097297","local_time":"20210220232415","daily_mods":["SealedDeck","Vintage","Heirloom","Time Dilation","Flight","DeadlyEvents"],"is_ascension_mode":true,"campfire_choices":[],"circlet_count":0,"master_deck":["Quick Slash","Quick Slash","Backflip","Flying Knee","Flying Knee","ReplayTheSpireMod:Shiv Toss+1","Dagger Spray+1","Hidden Blade","Cloak And Dagger","Dagger Spray","Cloak And Dagger","Infinite Blades"],"relics":["Ring of the Snake","conspire:Boomerang","ReplayTheSpireMod:Ninjato","ReplayTheSpireMod:Lightbulb","Golden Idol","Blood Vial","infinitespire:PuzzleCube"],"acts_visited":["Exordium"],"potions_floor_usage":[6],"damage_taken":[{"damage":9,"enemies":"2 Louse","floor":1,"turns":2},{"damage":11,"enemies":"Jaw Worm","floor":3,"turns":2},{"damage":9,"enemies":"3 Sentries","floor":6,"turns":3},{"damage":25,"enemies":"Lagavulin","floor":7,"turns":4},{"damage":0,"enemies":"3 Sentries","floor":8,"turns":1}],"seed_played":"8781581388225989511","potions_obtained":[{"floor":1,"key":"Fire Potion"},{"floor":7,"key":"Regen Potion"}],"is_trial":true,"path_per_floor":["M","?","M","?","?","E","E","E"],"character_chosen":"THE_SILENT","items_purchased":[],"campfire_rested":0,"item_purchase_floors":[],"current_hp_per_floor":[61,61,50,36,36,27,4,4,4],"gold":207,"neow_bonus":"","is_daily":false,"chose_seed":false,"campfire_upgraded":0,"win_rate":0.0,"timestamp":1613881455,"path_taken":["M","?","M","?","?","E","E","?"],"items_purchased_type":[],"build_version":"2020-12-22","purchased_purges":0,"victory":false,"max_hp_per_floor":[70,70,70,70,65,65,65,65,65],"card_choices":[{"not_picked":["Finisher","Tools of the Trade"],"picked":"Cloak And Dagger","floor":6},{"not_picked":["hubris:SlightOfHand","Deflect"],"picked":"Infinite Blades","floor":7}],"player_experience":359706,"relics_obtained":[{"floor":1,"key":"ReplayTheSpireMod:Ninjato"},{"floor":3,"key":"ReplayTheSpireMod:Lightbulb"},{"floor":6,"key":"Blood Vial"},{"floor":7,"key":"infinitespire:PuzzleCube"}],"event_choices":[{"damage_healed":0,"gold_gain":0,"player_choice":"Entered Light","damage_taken":14,"max_hp_gain":0,"max_hp_loss":0,"event_name":"Shining Light","floor":4,"gold_loss":0,"cards_upgraded":["Dagger Spray","ReplayTheSpireMod:Shiv Toss"]},{"damage_healed":0,"gold_gain":0,"player_choice":"Lose Max HP","damage_taken":0,"relics_obtained":["Golden Idol"],"max_hp_gain":0,"max_hp_loss":5,"event_name":"Golden Idol","floor":5,"gold_loss":0}],"is_beta":false,"boss_relics":[],"items_purged_floors":[],"is_endless":false,"potions_floor_spawned":[1,7],"killed_by":"3 Sentries","ascension_level":1}}