{"host":"Cenci","time":1613918047,"event":{"mods":["BaseMod","Bestiary","Downfall","Highlight Path","Minty Spire (QoL Compilation)","StSLib","The Marked"],"gold_per_floor":[111,131,143,162,176,210,210,210,210,226,226,241,272,285,285,383,383,393,173,189,205,217,217,217],"floor_reached":23,"language":"ENG","playtime":1169,"items_purged":["theMarked:Strike"],"score":284,"play_id":"c4945aec-9b18-4e74-b986-7d4121b7a47e","local_time":"20210221153407","is_ascension_mode":false,"campfire_choices":[{"data":"theMarked:MagusForm","floor":11,"key":"SMITH"},{"floor":15,"key":"REST"}],"circlet_count":0,"master_deck":["theMarked:Strike","theMarked:Strike","theMarked:Strike","theMarked:Defend","theMarked:Defend","theMarked:Defend","theMarked:Defend","theMarked:SoldierOfQuellstein","theMarked:Friction","theMarked:Electrocute","theMarked:MagusForm+1","theMarked:Memento","theMarked:OneWithTheBlade","theMarked:Overthink","theMarked:Electrocute","theMarked:Toughness","theMarked:Aftermath+1"],"relics":["theMarked:BronzeBlade","Oddly Smooth Stone","Singing Bowl","Guardian:PocketSentry","MealTicket"],"acts_visited":["Exordium","TheCity"],"potions_floor_usage":[6,6,6,10,14,18],"damage_taken":[{"damage":0,"enemies":"2 Louse","floor":1,"turns":2},{"damage":1,"enemies":"Cultist","floor":2,"turns":3},{"damage":6,"enemies":"Jaw Worm","floor":3,"turns":2},{"damage":1,"enemies":"Large Slime","floor":4,"turns":4},{"damage":8,"enemies":"Red Slaver","floor":5,"turns":4},{"damage":22,"enemies":"3 Sentries","floor":6,"turns":6},{"damage":15,"enemies":"Blue Slaver","floor":10,"turns":4},{"damage":6,"enemies":"3 Louse","floor":12,"turns":2},{"damage":0,"enemies":"Lagavulin","floor":13,"turns":4},{"damage":3,"enemies":"Red Slaver","floor":14,"turns":4},{"damage":28,"enemies":"Hexaghost","floor":16,"turns":8},{"damage":26,"enemies":"3 Byrds","floor":18,"turns":6},{"damage":0,"enemies":"Chosen","floor":20,"turns":4},{"damage":28,"enemies":"Snake Plant","floor":21,"turns":4},{"damage":27,"enemies":"Centurion and Healer","floor":22,"turns":5},{"damage":15,"enemies":"Book of Stabbing","floor":23,"turns":1}],"seed_played":"-910694215736623813","potions_obtained":[{"floor":2,"key":"BlessingOfTheForge"},{"floor":4,"key":"ColorlessPotion"},{"floor":5,"key":"EntropicBrew"},{"floor":6,"key":"Weak Potion"},{"floor":12,"key":"DistilledChaos"},{"floor":18,"key":"Fruit Juice"},{"floor":22,"key":"SteroidPotion"}],"is_trial":false,"path_per_floor":["M","M","M","M","M","E","?","?","T","M","R","M","E","M","R","B",null,"M","$","M","M","M","E"],"character_chosen":"THE_DEFAULT","items_purchased":["MealTicket"],"campfire_rested":1,"item_purchase_floors":[19],"current_hp_per_floor":[79,78,72,71,63,41,41,41,41,26,26,20,22,21,45,17,83,64,64,66,38,13,0,0],"gold":217,"neow_bonus":"TEN_PERCENT_HP_BONUS","is_daily":false,"chose_seed":false,"campfire_upgraded":1,"win_rate":0.0,"timestamp":1613918047,"path_taken":["M","M","M","M","M","E","?","?","T","M","R","M","E","?","R","BOSS","M","$","M","M","M","E"],"items_purchased_type":["Relic"],"build_version":"2020-11-17","purchased_purges":1,"victory":false,"max_hp_per_floor":[79,79,79,79,79,79,79,79,79,79,79,79,81,83,83,83,83,90,90,92,92,94,94,94],"card_choices":[{"not_picked":["theMarked:Memento","theMarked:BanishingStrike"],"picked":"theMarked:Friction","floor":1},{"not_picked":["theMarked:ElectricStrings","theMarked:StartUp"],"picked":"theMarked:Electrocute","floor":2},{"not_picked":["theMarked:LightningStrikesTwice","theMarked:Panic","theMarked:Convert"],"picked":"SKIP","floor":3},{"not_picked":["theMarked:Frustration","theMarked:BanishingStrike","theMarked:ElectricStrings"],"picked":"SKIP","floor":4},{"not_picked":["theMarked:TwofoldDefense","theMarked:TakeCover"],"picked":"theMarked:MagusForm","floor":5},{"not_picked":["theMarked:EternalStudent","theMarked:ElectricStrings"],"picked":"theMarked:Memento","floor":6},{"not_picked":["theMarked:ChainLightning","theMarked:Frustration"],"picked":"theMarked:Overthink","floor":10},{"not_picked":["theMarked:ChannelForce","theMarked:ResourceFulStrike"],"picked":"theMarked:Electrocute","floor":12},{"not_picked":["theMarked:EnhanceMovement","theMarked:CreepingChasm","theMarked:MysticalArsenal"],"picked":"Singing Bowl","floor":13},{"not_picked":["theMarked:Heritage","theMarked:ContemptForTheProud","theMarked:HeightenedSenses"],"picked":"Singing Bowl","floor":14},{"not_picked":["theMarked:TakeOffHeels","theMarked:Abjuration"],"picked":"theMarked:Toughness","floor":16},{"not_picked":["theMarked:ElectricStrings","theMarked:ChainLightning+1","theMarked:WardOff"],"picked":"Singing Bowl","floor":18},{"not_picked":["theMarked:ChainLightning","theMarked:HeightenedSenses","theMarked:WardOff"],"picked":"Singing Bowl","floor":20},{"not_picked":["theMarked:Levitate","theMarked:Memento"],"picked":"theMarked:Aftermath+1","floor":21},{"not_picked":["theMarked:Seal+1","theMarked:ResourceFulStrike","theMarked:ElectricStrings"],"picked":"Singing Bowl","floor":22}],"player_experience":384074,"relics_obtained":[{"floor":6,"key":"Oddly Smooth Stone"},{"floor":9,"key":"Singing Bowl"},{"floor":13,"key":"Guardian:PocketSentry"}],"event_choices":[{"damage_healed":0,"gold_gain":0,"player_choice":"Searched \u00270\u0027 times","damage_taken":0,"max_hp_gain":0,"max_hp_loss":0,"event_name":"Dead Adventurer","floor":7,"gold_loss":0},{"damage_healed":0,"gold_gain":0,"cards_transformed":["theMarked:Strike"],"player_choice":"Transformed","damage_taken":0,"max_hp_gain":0,"max_hp_loss":0,"event_name":"Transmorgrifier","floor":8,"gold_loss":0,"cards_obtained":["theMarked:OneWithTheBlade"]}],"is_beta":true,"boss_relics":[{"not_picked":["Tiny House","Pandora\u0027s Box"],"picked":"theMarked:BronzeBlade"}],"items_purged_floors":[19],"is_endless":false,"potions_floor_spawned":[2,4,5,6,12,18,22],"killed_by":"Book of Stabbing","ascension_level":0}}