{"host":"csv4uk4hw8wax4p9","time":1613893763,"event":{"mods":["Act Like it!","BaseMod","KinomotoSakuraMod(Ä¾Ö®±¾Ó£)","Minty Spire (QoL Compilation)","Quick Restart","StSLib"],"gold_per_floor":[110,60,60,71,71,71,96,96,96,130,89,118,118,134,134,236,236,255,275,275,290,87,112,112,144,194,208,241,251,271,304,304,406,406,420,420,26,43,93,93,93,93,93,93,93,107,107,125,125,125],"floor_reached":51,"language":"ZHS","playtime":3384,"items_purged":["ClowCardTheSword"],"score":1211,"play_id":"dbf3edaa-621b-4c68-b5f6-9b666dee5f67","local_time":"20210221154923","is_ascension_mode":true,"campfire_choices":[{"data":"ClowCardTheMist","floor":6.0,"key":"SMITH"},{"floor":8.0,"key":"DIG"},{"floor":15.0,"key":"DIG"},{"floor":24.0,"key":"DIG"},{"floor":32.0,"key":"DIG"},{"floor":40.0,"key":"DIG"},{"floor":41.0,"key":"DIG"},{"floor":42,"key":"DIG"},{"floor":44,"key":"DIG"},{"floor":47,"key":"DIG"},{"floor":49,"key":"DIG"}],"circlet_count":0,"master_deck":["SakuraCardTheMaze+","SakuraCardTheMist+","SakuraCardTheSword+","SpellCardSeal+1","SpellCardRelease","ClowCardTheMist+1","ClowCardTheChange","ClowCardTheWood","ClowCardTheLoop+1","ClowCardTheFloat+1","ClowCardTheLoop+1","ClowCardTheDash","ClowCardTheSilent","ClowCardTheWood+1","ClowCardTheFloat+1","ClowCardTheShadow","ClowCardTheBubbles+1","ClowCardTheFlower+1","ClowCardTheLock","ClowCardTheLight+1","ClowCardTheIllusion+1","ClowCardTheFreeze+1","ClowCardTheArrow+1"],"relics":["KSMOD_SealedBook","KSMOD_StarWand","Pocketwatch","Shovel","Omamori","Frozen Egg 2","KSMOD_MoonBell","Smiling Mask","WarpedTongs","Calipers","Bag of Preparation","StrikeDummy","Question Card","Pear","Oddly Smooth Stone","HornCleat","Regal Pillow","FossilizedHelix","Pandora\u0027s Box","PrismaticShard","Mummified Hand","WingedGreaves","PreservedInsect","Blue Candle","Mercury Hourglass","Shuriken","Ancient Tea Set","Dead Branch","Whetstone"],"acts_visited":["Exordium","TheCity","TheBeyond"],"potions_floor_usage":[],"damage_taken":[{"damage":0.0,"enemies":"Small Slimes","floor":1.0,"turns":2.0},{"damage":0.0,"enemies":"Cultist","floor":4.0,"turns":3.0},{"damage":18.0,"enemies":"3 Sentries","floor":7.0,"turns":6.0},{"damage":23.0,"enemies":"Gremlin Nob","floor":10.0,"turns":4.0},{"damage":5.0,"enemies":"Lagavulin","floor":12.0,"turns":6.0},{"damage":0.0,"enemies":"2 Louse","floor":14.0,"turns":4.0},{"damage":0.0,"enemies":"The Guardian","floor":16.0,"turns":7.0},{"damage":0.0,"enemies":"Spheric Guardian","floor":18.0,"turns":5.0},{"damage":4.0,"enemies":"3 Byrds","floor":19.0,"turns":4.0},{"damage":12.0,"enemies":"Snake Plant","floor":21.0,"turns":3.0},{"damage":34.0,"enemies":"Slavers","floor":23.0,"turns":7.0},{"damage":0.0,"enemies":"Book of Stabbing","floor":25.0,"turns":6.0},{"damage":10.0,"enemies":"Centurion and Healer","floor":27.0,"turns":7.0},{"damage":7.0,"enemies":"Gremlin Leader","floor":28.0,"turns":7.0},{"damage":0.0,"enemies":"Chosen and Byrds","floor":29.0,"turns":5.0},{"damage":0.0,"enemies":"3 Cultists","floor":30.0,"turns":4.0},{"damage":0.0,"enemies":"Book of Stabbing","floor":31.0,"turns":6.0},{"damage":0.0,"enemies":"Collector","floor":33.0,"turns":5.0},{"damage":0.0,"enemies":"3 Shapes","floor":35.0,"turns":4.0},{"damage":25.0,"enemies":"3 Darklings","floor":38.0,"turns":5.0},{"damage":0.0,"enemies":"Mind Bloom Boss Battle","floor":39.0,"turns":8.0},{"damage":0,"enemies":"Writhing Mass","floor":46,"turns":5},{"damage":0,"enemies":"Jaw Worm Horde","floor":48,"turns":5},{"damage":0,"enemies":"Donu and Deca","floor":50,"turns":8}],"seed_played":"-4656869597611041668","potions_obtained":[{"floor":1.0,"key":"DuplicationPotion"},{"floor":7.0,"key":"Ancient Potion"},{"floor":12.0,"key":"Fruit Juice"},{"floor":16.0,"key":"DistilledChaos"},{"floor":21.0,"key":"SteroidPotion"},{"floor":27.0,"key":"EntropicBrew"},{"floor":33.0,"key":"PowerPotion"}],"is_trial":false,"path_per_floor":["M","?","?","M","?","R","E","R","T","E","?","E","?","M","R","B",null,"M","M","?","M","$","E","R","E","T","M","E","M","M","E","R","B",null,"M","?","$","M","?","R","R","R","T","R","?","M","R","M","R","B",null],"character_chosen":"KINOMOTOSAKURA","items_purchased":["Bag of Preparation","PrismaticShard","Mummified Hand"],"campfire_rested":0,"item_purchase_floors":[22,37,37],"current_hp_per_floor":[49,49,49,49,49,49,31,31,31,8,8,10,10,13,13,14,75,75,71,71,59,59,26,26,38,38,29,22,23,23,24,24,25,85,85,85,85,61,63,63,63,63,63,63,63,64,64,81,81,85],"gold":125,"neow_bonus":"ONE_RARE_RELIC","is_daily":false,"chose_seed":false,"campfire_upgraded":1,"win_rate":0.0,"timestamp":1613893763,"path_taken":["M","?","?","?","?","R","E","R","T","E","?","E","?","M","R","BOSS","M","?","?","M","$","E","R","E","T","M","E","?","M","E","R","BOSS","M","?","$","M","?","R","R","R","T","R","?","M","R","?","R","BOSS"],"items_purchased_type":["Relic","Relic","Relic"],"build_version":"2020-12-22","purchased_purges":1,"victory":true,"max_hp_per_floor":[70,70,70,70,70,70,70,70,70,70,70,75,75,75,75,75,75,75,75,75,75,75,75,75,85,85,85,85,85,85,85,85,85,85,85,85,85,85,85,85,85,85,85,85,85,85,85,85,85,85],"card_choices":[{"not_picked":["ClowCardTheWindy","ClowCardTheChange"],"picked":"ClowCardTheMist","floor":1.0},{"not_picked":["ClowCardTheVoice","ClowCardTheErase"],"picked":"ClowCardTheChange","floor":4.0},{"not_picked":["ClowCardTheRain","ClowCardTheBig"],"picked":"ClowCardTheWood","floor":7.0},{"not_picked":["ClowCardTheIllusion","ClowCardTheDream"],"picked":"ClowCardTheLoop+1","floor":10.0},{"not_picked":["ClowCardTheWave+1","ClowCardTheLibra"],"picked":"ClowCardTheFloat+1","floor":12.0},{"not_picked":["ClowCardTheDream","ClowCardTheSnow"],"picked":"ClowCardTheLoop+1","floor":14.0},{"not_picked":["ClowCardTheDark+1","ClowCardTheFight"],"picked":"ClowCardTheDash","floor":16.0},{"not_picked":["ClowCardTheWood","ClowCardTheMirror"],"picked":"ClowCardTheSilent","floor":18.0},{"not_picked":["ClowCardTheWindy","ClowCardTheRain"],"picked":"ClowCardTheWood+1","floor":19.0},{"not_picked":["ClowCardTheWatery","ClowCardTheWood+1"],"picked":"ClowCardTheMaze","floor":21.0},{"not_picked":["ClowCardTheStorm+1","ClowCardTheLoop+1"],"picked":"ClowCardTheMist","floor":23.0},{"not_picked":["ClowCardTheWave+1","ClowCardTheSweet+1","ClowCardTheGlow"],"picked":"ClowCardTheShadow","floor":25.0},{"not_picked":["ClowCardTheBig+1","ClowCardTheShadow+1","ClowCardTheFlower"],"picked":"ClowCardTheBubbles","floor":27.0},{"not_picked":["ClowCardTheArrow","ClowCardTheMist","ClowCardTheFirey","ClowCardTheLibra"],"picked":"SKIP","floor":28.0},{"not_picked":["ClowCardTheShadow","ClowCardTheDark+1","ClowCardTheIllusion"],"picked":"ClowCardTheFlower","floor":29.0},{"not_picked":["ClowCardTheLock","ClowCardThePower","ClowCardTheSong","ClowCardTheMist"],"picked":"SKIP","floor":30.0},{"not_picked":["ClowCardTheLock","ClowCardThePower","ClowCardTheSong","ClowCardTheMist"],"picked":"SKIP","floor":30.0},{"not_picked":["ClowCardTheShadow","ClowCardTheErase","ClowCardTheSweet"],"picked":"ClowCardTheLock","floor":31.0},{"not_picked":["ClowCardTheDash","ClowCardTheFight","ClowCardTheDark+1"],"picked":"ClowCardTheLight+1","floor":33.0},{"not_picked":["ClowCardTheWood","ClowCardTheVoice+1","ClowCardTheCloud+1"],"picked":"ClowCardTheIllusion+1","floor":35.0},{"not_picked":["PiercingWail","Lockon+1","Endless Agony","Ghostly Armor+1"],"picked":"SKIP","floor":38.0},{"not_picked":["Second Wind+1","Backflip+1","Sword Boomerang"],"picked":"ClowCardTheFreeze+1","floor":39.0},{"not_picked":["ClowCardTheMist","CarveReality","PiercingWail+1","Redo"],"picked":"SKIP","floor":46},{"not_picked":["Underhanded Strike","ReachHeaven+1","ClowCardTheSweet+1"],"picked":"ClowCardTheArrow+1","floor":48}],"player_experience":510293,"relics_obtained":[{"floor":7.0,"key":"Shovel"},{"floor":8.0,"key":"Omamori"},{"floor":9.0,"key":"Frozen Egg 2"},{"floor":10.0,"key":"KSMOD_MoonBell"},{"floor":12.0,"key":"Smiling Mask"},{"floor":15.0,"key":"Calipers"},{"floor":23.0,"key":"StrikeDummy"},{"floor":24.0,"key":"Question Card"},{"floor":25.0,"key":"Pear"},{"floor":26.0,"key":"Oddly Smooth Stone"},{"floor":28.0,"key":"HornCleat"},{"floor":31.0,"key":"Regal Pillow"},{"floor":32.0,"key":"FossilizedHelix"},{"floor":39.0,"key":"WingedGreaves"},{"floor":40.0,"key":"PreservedInsect"},{"floor":41.0,"key":"Blue Candle"},{"floor":42,"key":"Mercury Hourglass"},{"floor":43,"key":"Shuriken"},{"floor":44,"key":"Ancient Tea Set"},{"floor":47,"key":"Dead Branch"},{"floor":49,"key":"Whetstone"}],"event_choices":[{"cards_removed":["ClowCardTheSword"],"damage_healed":0.0,"max_hp_gain":0.0,"max_hp_loss":0.0,"gold_gain":0.0,"event_name":"The Cleric","player_choice":"Card Removal","floor":2.0,"gold_loss":50.0,"damage_taken":0.0},{"damage_healed":0.0,"max_hp_gain":0.0,"max_hp_loss":0.0,"gold_gain":0.0,"event_name":"The Woman in Blue","player_choice":"Bought 0 Potions","floor":3.0,"gold_loss":0.0,"damage_taken":0.0},{"damage_healed":0.0,"max_hp_gain":0.0,"max_hp_loss":0.0,"gold_gain":0.0,"event_name":"Liars Game","player_choice":"Ignored","floor":5.0,"gold_loss":0.0,"damage_taken":0.0},{"damage_healed":0.0,"max_hp_gain":0.0,"max_hp_loss":0.0,"gold_gain":0.0,"event_name":"World of Goop","player_choice":"Left Gold","floor":11.0,"gold_loss":41.0,"damage_taken":0.0},{"damage_healed":0.0,"max_hp_gain":0.0,"max_hp_loss":0.0,"gold_gain":0.0,"event_name":"Accursed Blacksmith","player_choice":"Rummage","floor":13.0,"gold_loss":0.0,"damage_taken":0.0,"relics_obtained":["WarpedTongs"],"cards_obtained":["Pain"]},{"damage_healed":0.0,"max_hp_gain":0.0,"max_hp_loss":0.0,"gold_gain":0.0,"event_name":"Duplicator","player_choice":"Copied","floor":20.0,"gold_loss":0.0,"damage_taken":0.0,"cards_obtained":["ClowCardTheFloat"]},{"damage_healed":21.0,"max_hp_gain":0.0,"max_hp_loss":0.0,"gold_gain":0.0,"event_name":"Winding Halls","player_choice":"Writhe","floor":36.0,"gold_loss":0.0,"damage_taken":0.0,"cards_obtained":["Writhe"]},{"damage_healed":0.0,"max_hp_gain":0.0,"max_hp_loss":0.0,"gold_gain":0.0,"event_name":"MindBloom","player_choice":"Fight","floor":39.0,"gold_loss":0.0,"damage_taken":0.0},{"damage_healed":0,"gold_gain":0,"player_choice":"Upgraded","damage_taken":0,"max_hp_gain":0,"max_hp_loss":0,"event_name":"Upgrade Shrine","floor":45,"gold_loss":0,"cards_upgraded":["ClowCardTheFlower"]}],"is_beta":false,"boss_relics":[{"not_picked":["Astrolabe","Runic Pyramid"],"picked":"KSMOD_StarWand"},{"not_picked":["Snecko Eye","Black Star"],"picked":"Pandora\u0027s Box"}],"items_purged_floors":[22],"is_endless":false,"potions_floor_spawned":[1,7,12,16,21,27,33,35,39,46],"ascension_level":3}}