{"host":"p48otulg9rbkrcsk","time":1613889393,"event":{"mods":["BaseMod","Colored Map","Minty Spire (QoL Compilation)","Quick Restart","StSLib","The Administrix","The Animator","[功能]功能增强和修复MOD"],"gold_per_floor":[228,238,103,103,44,44,75,75,99,130,130,144,199,222,222,347,347,382,382,401,226,88,122,122,154,154,164,192,192,107,49,49,154,154,164,179,115,127,149,180,180,180,228,244,244,277,211,245,245,245,245,245,563,613,668,668,518,290,365,445,445,283,283,283],"floor_reached":63,"language":"ZHS","playtime":5522,"items_purged":["animator:Strike","animator:Defend","animator:Strike","Injury","animator:Add","animator:Vanir","animator:Strike","animator:Strike_Elsword","animator:Defend","animator:Defend","animator:Ciel","animator:KrulTepes+1","animator:SwordMaiden","animator:Defend_Elsword+1","animator:KotoriKanbe","animator:Raven+1","animator:CowGirl","animator:Genos","animator:Envy+1","animator:WinryRockbell+1"],"score":1075,"play_id":"e212b765-4760-4af6-84db-8387fe99b21f","local_time":"20210221143633","is_ascension_mode":true,"campfire_choices":[{"data":"animator:Kira","floor":6.0,"key":"SMITH"},{"data":"animator:Chung","floor":8.0,"key":"SMITH"},{"data":"animator:Ara","floor":15.0,"key":"SMITH"},{"data":"animator:Witch","floor":24.0,"key":"SMITH"},{"data":"animator:CrowleyEusford","floor":29.0,"key":"SMITH"},{"data":"animator:Chung","floor":32.0,"key":"SMITH"},{"floor":42.0,"key":"RECALL"},{"data":"animator:Darkness","floor":49.0,"key":"SMITH"},{"data":"animator:Kira","floor":52.0,"key":"SMITH"}],"circlet_count":0,"master_deck":["animator:Chung+1","animator:Kira+1","animator:WinryRockbell+1","animator:Ara+1","animator:Ara+1","animator:CrowleyEusford+1","animator:Witch+1","animator:Chung+1","animator:Darkness+1","animator:Laby+1","animator:Kira+1","animator:Saitama+1","animator:Demiurge+1","animator:Pride+1","animator:Eris+1","animator:MisakiNakahara+1","animator:Laby"],"relics":["animator:TheWolleyCore","animator:AncientMedallion"],"acts_visited":["Exordium","TheCity","TheBeyond","TheEnding","EYB:TheUnnamedReign"],"potions_floor_usage":[63,63,63],"damage_taken":[{"damage":3.0,"enemies":"Jaw Worm","floor":1.0,"turns":4.0},{"damage":0.0,"enemies":"2 Louse","floor":2.0,"turns":2.0},{"damage":19.0,"enemies":"Gremlin Nob","floor":7.0,"turns":5.0},{"damage":4.0,"enemies":"Lagavulin","floor":10.0,"turns":5.0},{"damage":2.0,"enemies":"Small Slimes","floor":12.0,"turns":3.0},{"damage":14.0,"enemies":"3 Sentries","floor":13.0,"turns":11.0},{"damage":26.0,"enemies":"Exordium Thugs","floor":14.0,"turns":4.0},{"damage":1.0,"enemies":"The Guardian","floor":16.0,"turns":7.0},{"damage":2.0,"enemies":"Chosen","floor":18.0,"turns":3.0},{"damage":12.0,"enemies":"Shell Parasite","floor":20.0,"turns":4.0},{"damage":11.0,"enemies":"Slavers","floor":23.0,"turns":7.0},{"damage":0.0,"enemies":"Book of Stabbing","floor":25.0,"turns":5.0},{"damage":5.0,"enemies":"3 Cultists","floor":27.0,"turns":6.0},{"damage":10.0,"enemies":"Gremlin Leader","floor":28.0,"turns":6.0},{"damage":0.0,"enemies":"Automaton","floor":33.0,"turns":8.0},{"damage":0.0,"enemies":"Orb Walker","floor":35.0,"turns":5.0},{"damage":0.0,"enemies":"3 Darklings","floor":36.0,"turns":3.0},{"damage":0.0,"enemies":"Sphere and 2 Shapes","floor":38.0,"turns":4.0},{"damage":3.0,"enemies":"Jaw Worm Horde","floor":39.0,"turns":4.0},{"damage":21.0,"enemies":"Reptomancer","floor":40.0,"turns":5.0},{"damage":0.0,"enemies":"4 Shapes","floor":44.0,"turns":5.0},{"damage":0.0,"enemies":"Nemesis","floor":46.0,"turns":6.0},{"damage":0.0,"enemies":"Giant Head","floor":48.0,"turns":4.0},{"damage":28.0,"enemies":"Awakened One","floor":50.0,"turns":9.0},{"damage":17.0,"enemies":"animator:UNNAMED_CULTIST_1","floor":54.0,"turns":11.0},{"damage":75.0,"enemies":"animator:TRIPLE_SHAPES_WEAK","floor":55.0,"turns":7.0},{"damage":0.0,"enemies":"animator:TRIPLE_LAGAVULIN","floor":59.0,"turns":7.0},{"damage":37.0,"enemies":"animator:LARGE_WISP","floor":60.0,"turns":7.0},{"damage":50,"enemies":"animator:ULTIMATE_WISP","floor":63,"turns":8}],"seed_played":"6400395200132999896","potions_obtained":[{"floor":2.0,"key":"Block Potion"},{"floor":2.0,"key":"Ancient Potion"},{"floor":7.0,"key":"Strength Potion"},{"floor":10.0,"key":"ColorlessPotion"},{"floor":14.0,"key":"Explosive Potion"},{"floor":14.0,"key":"PowerPotion"},{"floor":16.0,"key":"SteroidPotion"},{"floor":54.0,"key":"animator:FalseLifePotion"},{"floor":55.0,"key":"animator:FalseLifePotion"}],"is_trial":false,"path_per_floor":["M","M","$","?","$","R","E","R","T","E","?","M","E","M","R","B",null,"M","?","M","$","$","E","R","E","T","M","E","R","?","$","R","B",null,"M","M","$","M","M","E","?","R","T","M","?","E","$","E","R","B",null,"R","??","M","M","T","?","$","M","M","?","$","E"],"character_chosen":"THE_ANIMATOR","items_purchased":["animator:Kira","Ginger","HandDrill","animator:CerealBox","MealTicket","TwistedFunnel","animator:Hoodie","animator:KotoriKanbe","animator:Chung","animator:Darkness","Whetstone","Shuriken","TheAbacus","animator:SwordMaiden","Sling","Orichalcum","Vajra","animator:TanyaDegurechaff","animator:Kira","PreservedInsect","animator:AncientMedallion","animator:AncientMedallion","animator:AncientMedallion","animator:FalseLifePotion","animator:FalseLifePotion","animator:Pride","animator:Eris","animator:AncientMedallion","animator:AncientMedallion","animator:AncientMedallion","animator:Laby"],"campfire_rested":0,"item_purchase_floors":[3,3,3,5,5,21,21,21,21,21,22,22,22,22,31,31,37,37,47,47,58,58,58,58,58,58,58,62,62,62,62],"current_hp_per_floor":[63,63,63,63,63,63,44,44,44,53,40,38,32,8,8,7,69,67,67,60,69,69,65,65,74,74,76,72,72,72,78,78,83,83,88,93,93,96,96,80,80,80,85,95,95,105,106,111,111,83,111,111,98,81,6,6,7,7,26,13,13,13,0,0],"gold":283,"neow_bonus":"HUNDRED_GOLD","is_daily":false,"chose_seed":false,"campfire_upgraded":8,"win_rate":0.0,"timestamp":1613889393,"path_taken":["M","M","$","?","$","R","E","R","T","E","?","M","E","M","R","BOSS","M","?","M","?","$","E","R","E","T","M","E","R","?","$","R","BOSS","M","M","$","M","M","E","?","R","T","?","?","E","$","E","R","BOSS","R","??","M","M","T","?","$","M","M","?","$","E"],"items_purchased_type":["Card","Relic","Relic","Relic","Relic","Relic","Relic","Card","Card","Card","Relic","Relic","Relic","Card","Relic","Relic","Relic","Card","Card","Relic","Relic","Relic","Relic","Potion","Potion","Card","Card","Relic","Relic","Relic","Card"],"build_version":"2020-12-22","purchased_purges":20,"victory":false,"max_hp_per_floor":[66,66,66,66,66,66,66,66,66,67,67,67,67,69,69,69,69,69,69,69,69,69,71,71,75,75,77,78,78,78,78,78,83,83,88,93,93,96,96,96,96,96,96,101,101,106,106,111,111,111,111,111,98,98,98,98,99,99,99,99,99,99,99,99],"card_choices":[{"not_picked":["animator:Mikaela","animator:Ain"],"picked":"animator:Ciel","floor":1.0},{"not_picked":["animator:Pride","animator:Aisha"],"picked":"animator:Vanir","floor":2.0},{"not_picked":["animator:Spearman","animator:Melzalgald"],"picked":"animator:WinryRockbell","floor":7.0},{"not_picked":["animator:Ciel","animator:Chung"],"picked":"animator:Ara","floor":10.0},{"not_picked":["animator:Entoma","animator:Add"],"picked":"animator:Ara","floor":12.0},{"not_picked":["animator:Sebas","animator:NarberalGamma"],"picked":"animator:CrowleyEusford","floor":13.0},{"not_picked":["animator:MaesHughes","animator:Ciel","animator:Yoichi"],"picked":"Singing Bowl","floor":14.0},{"not_picked":["animator:Greed","animator:Eve"],"picked":"animator:Envy","floor":16.0},{"not_picked":["animator:Ara","animator:Raven"],"picked":"animator:Add","floor":18.0},{"not_picked":["animator:MaesHughes","animator:MumenRider"],"picked":"animator:Witch","floor":20.0},{"not_picked":["animator:Witch","animator:Shalltear","animator:Yoichi+1"],"picked":"Singing Bowl","floor":23.0},{"not_picked":["animator:Lu","animator:SilverFang"],"picked":"animator:KrulTepes+1","floor":25.0},{"not_picked":["animator:GuildGirl","animator:LizardPriest","animator:DwarfShaman"],"picked":"Singing Bowl","floor":27.0},{"not_picked":["animator:Envy","animator:PandorasActor"],"picked":"animator:Laby+1","floor":28.0},{"not_picked":["animator:SwordMaiden","animator:Envy","animator:Guren"],"picked":"Singing Bowl","floor":33.0},{"not_picked":["animator:Spearman+1","animator:KrulTepes","animator:Shinoa"],"picked":"Singing Bowl","floor":35.0},{"not_picked":["animator:Chung","animator:Kazuma+1","animator:ElricAlphonse"],"picked":"Singing Bowl","floor":36.0},{"not_picked":["animator:MetalKnight","animator:SilverFang"],"picked":"animator:Genos","floor":38.0},{"not_picked":["animator:KrulTepes","animator:MumenRider+1"],"picked":"animator:NarberalGamma+1","floor":39.0},{"not_picked":["animator:Ain+1","animator:GuildGirl"],"picked":"animator:CowGirl","floor":40.0},{"not_picked":["animator:Verdia+1","animator:FeridBathory","animator:LizardPriest"],"picked":"Singing Bowl","floor":44.0},{"not_picked":["animator:MaesHughes","animator:Sloth","animator:Gluttony"],"picked":"Singing Bowl","floor":46.0},{"not_picked":["animator:CrowleyEusford","animator:Ciel+1","animator:Chung+1"],"picked":"Singing Bowl","floor":48.0},{"not_picked":["animator:Ain+1","animator:Darkness","animator:Mikaela"],"picked":"SKIP","floor":54.0},{"not_picked":["animator:Mikaela","animator:Aqua","animator:YunYun"],"picked":"SKIP","floor":55.0},{"not_picked":["animator:Boros+1","animator:Greed+1"],"picked":"animator:Demiurge","floor":57.0},{"not_picked":["animator:PandorasActor","animator:Sebas","animator:Wiz"],"picked":"SKIP","floor":59.0},{"not_picked":["animator:PandorasActor","animator:Sebas","animator:Wiz"],"picked":"SKIP","floor":59.0},{"not_picked":["animator:Mikaela","animator:Elsword","animator:Raven"],"picked":"SKIP","floor":60.0},{"not_picked":["animator:Kira","animator:MamizouFutatsuiwa"],"picked":"animator:MisakiNakahara","floor":61.0}],"player_experience":193564,"relics_obtained":[{"floor":7.0,"key":"Incense Burner"},{"floor":10.0,"key":"Singing Bowl"},{"floor":13.0,"key":"Centennial Puzzle"},{"floor":23.0,"key":"Sundial"},{"floor":25.0,"key":"Paper Frog"},{"floor":26.0,"key":"Bottled Tornado"},{"floor":28.0,"key":"Thread and Needle"},{"floor":40.0,"key":"Anchor"},{"floor":43.0,"key":"Nunchaku"},{"floor":46.0,"key":"Oddly Smooth Stone"},{"floor":48.0,"key":"Toxic Egg 2"},{"floor":53.0,"key":"animator:TheWolleyCore"},{"floor":56.0,"key":"animator:AncientMedallion"}],"event_choices":[{"damage_healed":0.0,"max_hp_gain":0.0,"max_hp_loss":0.0,"gold_gain":0.0,"event_name":"Golden Idol","player_choice":"Take Wound","floor":4.0,"gold_loss":0.0,"damage_taken":0.0,"relics_obtained":["Golden Idol"],"cards_obtained":["Injury"]},{"damage_healed":0.0,"max_hp_gain":0.0,"max_hp_loss":0.0,"gold_gain":0.0,"event_name":"Shining Light","player_choice":"Entered Light","floor":11.0,"gold_loss":0.0,"damage_taken":13.0,"cards_upgraded":["animator:Defend_Elsword","animator:WinryRockbell"]},{"damage_healed":0.0,"max_hp_gain":0.0,"max_hp_loss":0.0,"gold_gain":0.0,"event_name":"Forgotten Altar","player_choice":"Gave Idol","floor":19.0,"relics_lost":["Golden Idol"],"gold_loss":0.0,"damage_taken":0.0,"relics_obtained":["Bloody Idol"]},{"damage_healed":0.0,"max_hp_gain":0.0,"max_hp_loss":0.0,"gold_gain":0.0,"event_name":"Addict","player_choice":"Obtained Relic","floor":30.0,"gold_loss":85.0,"damage_taken":0.0,"relics_obtained":["The Courier"]},{"damage_healed":0.0,"max_hp_gain":0.0,"max_hp_loss":0.0,"gold_gain":0.0,"event_name":"Accursed Blacksmith","player_choice":"Forge","floor":41.0,"gold_loss":0.0,"damage_taken":0.0,"cards_upgraded":["animator:TanyaDegurechaff"]},{"damage_healed":0.0,"max_hp_gain":0.0,"max_hp_loss":0.0,"gold_gain":0.0,"event_name":"Tomb of Lord Red Mask","player_choice":"Ignored","floor":45.0,"gold_loss":0.0,"damage_taken":0.0},{"damage_healed":0.0,"max_hp_gain":0.0,"max_hp_loss":0.0,"gold_gain":0.0,"event_name":"SensoryStone","player_choice":"Memory 1","floor":61.0,"gold_loss":0.0,"damage_taken":0.0}],"is_beta":false,"boss_relics":[{"not_picked":["animator:CrumblingOrb","Black Star"],"picked":"Sozu"},{"not_picked":["animator:HolyGrailRelic","SlaversCollar"],"picked":"animator:VividPicture"}],"items_purged_floors":[3,3,3,5,21,21,21,21,21,21,21,31,31,37,37,47,47,47,58,58],"is_endless":false,"potions_floor_spawned":[2,2,7,10,10,10,12,13,14,14,16,18,20,23,27,28,33,33,33,35,36,39,40,44,46,46,48,54,59,59,60],"killed_by":"animator:ULTIMATE_WISP","ascension_level":1}}