{"host":"51f0ad793vly1w6u","time":1613880298,"event":{"mods":["BaseMod","Colored Map","DeckTracker","Minty Spire (QoL Compilation)","StSLib","SuperFastMode"],"gold_per_floor":[109,109,122,122,137,137,200,229,255,255,255,268,285,313,313,411,411,421,266,279,293,293,293,293,293],"floor_reached":24,"language":"KOR","playtime":579,"items_purged":["Strike_G"],"score":303,"play_id":"bf97555b-a2e0-4745-9163-7ed6445f3045","local_time":"20210221130458","is_ascension_mode":true,"campfire_choices":[{"data":"Flechettes","floor":6.0,"key":"SMITH"},{"floor":11,"key":"REST"},{"data":"Blade Dance","floor":15,"key":"SMITH"},{"floor":23,"key":"REST"}],"circlet_count":0,"master_deck":["Strike_G","Strike_G","Strike_G","Strike_G","Defend_G","Defend_G","Defend_G","Defend_G","Defend_G","Survivor","Neutralize","Flechettes+1","Blade Dance+1","Acrobatics","Blade Dance+1","Dagger Spray+1","Backflip","Leg Sweep","A Thousand Cuts","Footwork","Malaise","Prepared+1","Ghostly","Ghostly","Ghostly","Ghostly","Ghostly"],"relics":["Ring of the Snake","Regal Pillow","Ancient Tea Set","Art of War","Oddly Smooth Stone","Darkstone Periapt","SlaversCollar"],"acts_visited":["Exordium","TheCity"],"potions_floor_usage":[11,14,16],"damage_taken":[{"damage":0.0,"enemies":"2 Louse","floor":1.0,"turns":3.0},{"damage":6.0,"enemies":"Jaw Worm","floor":3.0,"turns":5.0},{"damage":4.0,"enemies":"Small Slimes","floor":5.0,"turns":3.0},{"damage":9.0,"enemies":"3 Sentries","floor":7.0,"turns":8.0},{"damage":15.0,"enemies":"3 Sentries","floor":8.0,"turns":6.0},{"damage":0,"enemies":"3 Louse","floor":12,"turns":1},{"damage":0,"enemies":"Blue Slaver","floor":13,"turns":3},{"damage":11,"enemies":"Lagavulin","floor":14,"turns":6},{"damage":24,"enemies":"The Guardian","floor":16,"turns":16},{"damage":13,"enemies":"2 Thieves","floor":18,"turns":5},{"damage":17,"enemies":"Spheric Guardian","floor":20,"turns":5},{"damage":31,"enemies":"3 Cultists","floor":21,"turns":7},{"damage":13,"enemies":"Shelled Parasite and Fungi","floor":24,"turns":7}],"seed_played":"-5702734730919387127","potions_obtained":[{"floor":3.0,"key":"AttackPotion"},{"floor":8.0,"key":"Fruit Juice"},{"floor":12,"key":"AttackPotion"},{"floor":13,"key":"Weak Potion"}],"is_trial":false,"path_per_floor":["M","?","M","?","M","R","?","E","T","?","R","M","M","E","R","B",null,"M","$","M","M","?","R","M"],"character_chosen":"THE_SILENT","items_purchased":["Malaise"],"campfire_rested":2,"item_purchase_floors":[19],"current_hp_per_floor":[63,63,57,62,58,58,49,34,34,19,63,63,63,52,52,28,67,54,54,37,6,6,33,20,20],"gold":293,"neow_bonus":"RANDOM_COMMON_RELIC","is_daily":false,"chose_seed":false,"campfire_upgraded":2,"win_rate":0.0,"timestamp":1613880298,"path_taken":["M","?","M","?","M","R","?","E","T","?","R","?","M","E","R","BOSS","M","$","M","M","?","R","M"],"items_purchased_type":["Card"],"build_version":"2020-12-22","purchased_purges":1,"victory":false,"max_hp_per_floor":[70,70,70,75,75,75,75,75,75,75,80,80,80,80,80,80,80,80,80,80,80,40,40,40,40],"card_choices":[{"not_picked":["Underhanded Strike","Calculated Gamble"],"picked":"Flechettes","floor":1.0},{"not_picked":["Poisoned Stab","Flechettes"],"picked":"Blade Dance","floor":3.0},{"not_picked":["Riddle With Holes","Deflect"],"picked":"Acrobatics","floor":5.0},{"not_picked":["Crippling Poison","Underhanded Strike"],"picked":"Blade Dance","floor":7.0},{"not_picked":["Prepared","Slice"],"picked":"Dagger Spray","floor":8.0},{"not_picked":["Deadly Poison","Crippling Poison"],"picked":"Backflip","floor":12},{"not_picked":["Well Laid Plans","Poisoned Stab"],"picked":"Leg Sweep","floor":13},{"not_picked":["Deadly Poison","Flechettes","Masterful Stab"],"picked":"SKIP","floor":14},{"not_picked":["Night Terror","Glass Knife"],"picked":"A Thousand Cuts","floor":16},{"not_picked":["Backflip","Cloak And Dagger"],"picked":"Footwork","floor":18},{"not_picked":["Predator+1","Dagger Spray","Eviscerate"],"picked":"SKIP","floor":20},{"not_picked":["PiercingWail","Deflect"],"picked":"Prepared+1","floor":21}],"player_experience":1466334,"relics_obtained":[{"floor":7.0,"key":"Ancient Tea Set"},{"floor":8.0,"key":"Art of War"},{"floor":9.0,"key":"Oddly Smooth Stone"},{"floor":14,"key":"Darkstone Periapt"}],"event_choices":[{"damage_healed":0.0,"max_hp_gain":0.0,"max_hp_loss":0.0,"gold_gain":0.0,"event_name":"Liars Game","player_choice":"Ignored","floor":2.0,"gold_loss":0.0,"damage_taken":0.0},{"damage_healed":0.0,"max_hp_gain":5.0,"max_hp_loss":0.0,"gold_gain":0.0,"event_name":"Big Fish","player_choice":"Donut","floor":4.0,"gold_loss":0.0,"damage_taken":0.0},{"damage_healed":0.0,"max_hp_gain":0.0,"max_hp_loss":0.0,"gold_gain":0.0,"event_name":"Dead Adventurer","player_choice":"Searched \u00272\u0027 times","floor":7.0,"gold_loss":0.0,"damage_taken":0.0},{"damage_healed":0.0,"max_hp_gain":0.0,"max_hp_loss":0.0,"gold_gain":0.0,"event_name":"Shining Light","player_choice":"Entered Light","floor":10.0,"gold_loss":0.0,"damage_taken":15.0,"cards_upgraded":["Dagger Spray","Blade Dance"]},{"damage_healed":0,"gold_gain":0,"player_choice":"Became a Ghost","damage_taken":0,"max_hp_gain":0,"max_hp_loss":40,"event_name":"Ghosts","floor":22,"gold_loss":0,"cards_obtained":["Ghostly","Ghostly","Ghostly","Ghostly","Ghostly"]}],"is_beta":false,"boss_relics":[{"not_picked":["Fusion Hammer","Black Star"],"picked":"SlaversCollar"}],"items_purged_floors":[19],"is_endless":false,"potions_floor_spawned":[3,8,12,13],"killed_by":"Shelled Parasite and Fungi","ascension_level":7}}