{"host":"f76wcztdlwlduum6","time":1613868157,"event":{"mods":["BaseMod","BetterRewards","Colored Powertips","Minty Spire (QoL Compilation)","Quick Restart","Rare Cards Sparkle","Relic Stats","StSLib","SuperFastMode","everything is the same but u backflip on backflip"],"gold_per_floor":[118,118,138,12,12,12,37,47,93,105,5,5,18,34,34,34,34],"floor_reached":16,"language":"ENG","playtime":302,"items_purged":["Strike_G","Strike_G"],"score":254,"play_id":"6bdcd8dc-7479-4478-9c1c-1d7431555648","local_time":"20210220184237","is_ascension_mode":true,"campfire_choices":[{"data":"Crippling Poison","floor":6,"key":"SMITH"},{"data":"Deadly Poison","floor":12,"key":"SMITH"},{"data":"Deadly Poison","floor":15,"key":"SMITH"}],"circlet_count":0,"master_deck":["AscendersBane","Strike_G","Strike_G","Strike_G","Defend_G","Defend_G","Defend_G","Defend_G","Defend_G","Survivor","Neutralize","Crippling Poison+1","Deadly Poison","Deadly Poison+1","After Image","Prepared","PiercingWail","Deadly Poison+1","Acrobatics"],"relics":["Ring of the Snake","NeowsBlessing","CultistMask","MealTicket","Dream Catcher"],"acts_visited":["Exordium"],"potions_floor_usage":[7,10,16,16],"damage_taken":[{"damage":0,"enemies":"2 Louse","floor":1,"turns":1},{"damage":0,"enemies":"Cultist","floor":3,"turns":1},{"damage":0,"enemies":"Lagavulin","floor":7,"turns":1},{"damage":15,"enemies":"Small Slimes","floor":8,"turns":3},{"damage":1,"enemies":"Red Slaver","floor":10,"turns":4},{"damage":12,"enemies":"Blue Slaver","floor":13,"turns":4},{"damage":10,"enemies":"2 Fungi Beasts","floor":14,"turns":4},{"damage":41,"enemies":"Slime Boss","floor":16,"turns":9}],"seed_played":"-927249573120470602","potions_obtained":[{"floor":1,"key":"Poison Potion"},{"floor":2,"key":"Poison Potion"},{"floor":3,"key":"DuplicationPotion"},{"floor":8,"key":"Fire Potion"},{"floor":14,"key":"Dexterity Potion"}],"is_trial":false,"path_per_floor":["M","?","M","$","?","R","E","M","T","M","$","R","M","M","R","B"],"character_chosen":"THE_SILENT","items_purchased":["Deadly Poison"],"campfire_rested":0,"item_purchase_floors":[4],"current_hp_per_floor":[59,59,59,59,59,59,59,44,44,43,58,58,46,36,36,0,0],"gold":34,"neow_bonus":"THREE_ENEMY_KILL","is_daily":false,"chose_seed":false,"campfire_upgraded":3,"win_rate":0.0,"timestamp":1613868157,"path_taken":["M","?","?","$","?","R","E","M","T","?","$","R","M","M","R","BOSS"],"items_purchased_type":["Card"],"build_version":"2020-12-22","purchased_purges":2,"victory":false,"max_hp_per_floor":[66,66,66,66,66,66,66,66,66,66,66,66,66,66,66,66,66],"relic_stats":{"Dream Catcher":0,"counters":[8,27],"MealTicket":15,"obtain_stats":[{"Dream Catcher":9,"NeowsBlessing":0,"MealTicket":7,"CultistMask":5,"Ring of the Snake":0},{"Dream Catcher":4,"NeowsBlessing":0,"MealTicket":3,"CultistMask":2,"Ring of the Snake":0},{"Dream Catcher":6,"NeowsBlessing":0,"MealTicket":3,"CultistMask":2,"Ring of the Snake":0}],"Ring of the Snake":[16]},"card_choices":[{"not_picked":["Predator","Dagger Spray"],"picked":"Crippling Poison","floor":1},{"not_picked":["Bane","Accuracy"],"picked":"Deadly Poison","floor":3},{"not_picked":["Flying Knee","Setup"],"picked":"After Image","floor":7},{"not_picked":["Deflect","Underhanded Strike"],"picked":"Prepared","floor":8},{"not_picked":["Dagger Throw","Slice"],"picked":"PiercingWail","floor":10},{"not_picked":["Outmaneuver","Calculated Gamble"],"picked":"Deadly Poison","floor":13},{"not_picked":["Outmaneuver","Masterful Stab"],"picked":"Acrobatics","floor":14}],"player_experience":371420,"relics_obtained":[{"floor":7,"key":"MealTicket"},{"floor":9,"key":"Dream Catcher"}],"event_choices":[{"damage_healed":0,"gold_gain":0,"player_choice":"Got Potions","damage_taken":0,"max_hp_gain":0,"max_hp_loss":0,"event_name":"Lab","floor":2,"gold_loss":0},{"damage_healed":0,"gold_gain":0,"player_choice":"Trade","damage_taken":0,"relics_obtained":["CultistMask"],"max_hp_gain":0,"max_hp_loss":0,"event_name":"FaceTrader","floor":5,"gold_loss":0}],"is_beta":false,"boss_relics":[],"items_purged_floors":[4,11],"is_endless":false,"potions_floor_spawned":[1,3,8,14],"killed_by":"Slime Boss","ascension_level":20}}