{"host":"kxya7qjdvg38mg2t","time":1613916303,"event":{"mods":["AchievementEnabler","BaseMod","Colored Powertips","Highlight Path","Minty Spire (QoL Compilation)","Rare Cards Sparkle","Replay The Spire","StSLib"],"gold_per_floor":[113,113,41,59,79,111,111,111,111,140,150,52,62,77,77,180,180,191,191,206,59,167,167,194,194,194],"floor_reached":25,"language":"ENG","playtime":4340,"items_purged":["Shame"],"score":266,"play_id":"afad5ec7-d8b0-47e4-9774-31b64b1672c3","local_time":"20210221060503","is_ascension_mode":true,"campfire_choices":[{"floor":7,"key":"REST"},{"floor":23,"key":"REST"}],"circlet_count":0,"master_deck":["Strike_R","Strike_R","Strike_R","Strike_R+1","Strike_R","Defend_R","Defend_R","Defend_R","Defend_R","Bash","Power Through","Pain","Rupture","Feel No Pain","Burning Pact","Dual Wield","Dark Embrace","Double Tap","Replay:Undeath\u0027s Touch","Warcry+1","Searing Blow","Thunderclap","Reaper","Iron Wave","Hemogenesis","Blood for Blood","ReplayTheSpireMod:Splinters","Fire Breathing","Reckless Charge+1","Fire Breathing","Entrench"],"relics":["Burning Blood","NeowsBlessing","WarpedTongs","Gremlin Horn","ReplayTheSpireMod:Shallot","ReplayTheSpireMod:TigerMarble","ChewingGum","Bag of Preparation","ReplayTheSpireMod:Spearhead"],"acts_visited":["Exordium","TheCity"],"potions_floor_usage":[10,16,16,16,25],"damage_taken":[{"damage":0,"enemies":"Cultist","floor":1,"turns":1},{"damage":0,"enemies":"Small Slimes","floor":4,"turns":1},{"damage":1,"enemies":"Jaw Worm","floor":5,"turns":1},{"damage":33,"enemies":"Lagavulin","floor":6,"turns":6},{"damage":6,"enemies":"Gremlin Nob","floor":10,"turns":3},{"damage":19,"enemies":"2 Fungi Beasts","floor":11,"turns":4},{"damage":14,"enemies":"Looter","floor":13,"turns":3},{"damage":2,"enemies":"3 Louse","floor":14,"turns":4},{"damage":36,"enemies":"Fading Forest","floor":16,"turns":11},{"damage":24,"enemies":"2 Thieves","floor":18,"turns":4},{"damage":50,"enemies":"3 Byrds","floor":20,"turns":5},{"damage":44,"enemies":"Book of Stabbing","floor":24,"turns":4},{"damage":25,"enemies":"3 Cultists","floor":25,"turns":3}],"seed_played":"-9146451876221772786","potions_obtained":[{"floor":1,"key":"LiquidBronze"},{"floor":6,"key":"AttackPotion"},{"floor":10,"key":"Swift Potion"},{"floor":11,"key":"AttackPotion"},{"floor":20,"key":"Swift Potion"}],"is_trial":false,"path_per_floor":["M","?","$","M","M","E","R","?","T","E","M","$","M","M","R","B",null,"M","?","M","$","?","R","E","M"],"character_chosen":"IRONCLAD","items_purchased":["Rupture","Replay:Undeath\u0027s Touch","Warcry","Blood for Blood"],"campfire_rested":2,"item_purchase_floors":[3,12,12,21],"current_hp_per_floor":[80,80,80,80,80,53,77,77,77,77,64,64,56,60,80,69,80,80,80,39,39,39,63,25,0,0],"gold":194,"neow_bonus":"THREE_ENEMY_KILL","is_daily":false,"chose_seed":false,"campfire_upgraded":0,"win_rate":0.0,"timestamp":1613916303,"path_taken":["M","?","?","?","M","E","R","?","T","E","M","$","M","M","R","BOSS","M","?","M","$","?","R","E","M"],"items_purchased_type":["Card","Card","Card","Card"],"build_version":"2020-12-22","purchased_purges":1,"victory":false,"max_hp_per_floor":[80,80,80,80,80,80,80,80,80,80,80,80,80,80,80,80,80,80,80,80,80,80,80,80,80,80],"card_choices":[{"not_picked":["Thunderclap","ReplayTheSpireMod:Strike From Hell"],"picked":"Power Through","floor":1},{"not_picked":["Replay:Undeath\u0027s Touch","Pummel"],"picked":"Feel No Pain","floor":4},{"not_picked":["Perfected Strike","Thunderclap"],"picked":"Burning Pact","floor":5},{"not_picked":["Body Slam","Heavy Blade"],"picked":"Dual Wield","floor":6},{"not_picked":["Abandon","Ghostly Armor"],"picked":"Dark Embrace","floor":10},{"not_picked":["Thunderclap","Anger"],"picked":"Double Tap","floor":11},{"not_picked":["Entrench","Shrug It Off"],"picked":"Searing Blow","floor":13},{"not_picked":["Flex","Heavy Blade"],"picked":"Thunderclap","floor":14},{"not_picked":["Immolate","Exhume"],"picked":"Reaper","floor":16},{"not_picked":["Twin Strike","Armaments"],"picked":"Iron Wave","floor":18},{"not_picked":["Replay:Undeath\u0027s Touch+1","Headbutt"],"picked":"Hemogenesis","floor":20},{"not_picked":["Rampage","Replay:Undeath\u0027s Touch"],"picked":"Fire Breathing","floor":22},{"not_picked":["Body Slam+1","Wild Strike"],"picked":"Reckless Charge+1","floor":22},{"not_picked":["ReplayTheSpireMod:Limb From Limb","Uppercut"],"picked":"Fire Breathing","floor":22},{"not_picked":["Heavy Blade+1","Havoc"],"picked":"Entrench","floor":24}],"player_experience":281591,"relics_obtained":[{"floor":6,"key":"Gremlin Horn"},{"floor":9,"key":"ReplayTheSpireMod:Shallot"},{"floor":10,"key":"ReplayTheSpireMod:TigerMarble"},{"floor":24,"key":"ReplayTheSpireMod:Spearhead"}],"event_choices":[{"damage_healed":0,"gold_gain":0,"player_choice":"Rummage","damage_taken":0,"relics_obtained":["WarpedTongs"],"max_hp_gain":0,"max_hp_loss":0,"event_name":"Accursed Blacksmith","floor":2,"gold_loss":0,"cards_obtained":["Pain"]},{"damage_healed":0,"gold_gain":0,"player_choice":"Stole Relic","damage_taken":0,"relics_obtained":["Bag of Preparation"],"max_hp_gain":0,"max_hp_loss":0,"event_name":"Addict","floor":19,"gold_loss":0,"cards_obtained":["Shame"]}],"is_beta":false,"boss_relics":[{"not_picked":["Ooze Armor","Abe\u0027s Treasure"],"picked":"ChewingGum"}],"items_purged_floors":[21],"is_endless":false,"potions_floor_spawned":[1,6,10,11,20],"killed_by":"3 Cultists","ascension_level":3}}