{"host":"xu4bnwtq7hv5gr1m","time":1613909741,"event":{"mods":["Act Like it!","Arknights","Aspiration","BaseMod","Conspire","Gensokyo","Hallownest","Hubris","Lobotomy","LobotomyExtend","Marked Mod","Minty Spire (QoL Compilation)","Reliquary","Replay The Spire","Ruina","StSLib","The Jungle","°æ“≈ŒÔø®≈∆°øREMEMod","≤–¡Ù÷ÆŒÔ"],"gold_per_floor":[117,130,15,31,41,41,76,76,76,102,102,27,27,55,67,178,190,216,228,55,78,90,134,158,170,182,314,354,366,396,408,517,529,558,570,582,613,172,172,202,202,226,226,226,10,26,26,26,26,26],"floor_reached":52,"language":"ZHS","playtime":2184,"items_purged":["ats:Strike S","ats:Hammer On","ats:Closed Bolt Burst Fire"],"score":757,"play_id":"e359b37c-9773-4ba2-8133-29470f7b2291","local_time":"20210221201541","is_ascension_mode":false,"campfire_choices":[{"data":"Twilight","floor":6,"key":"SMITH"},{"data":"ats:Apocalypse","floor":8,"key":"SMITH"},{"data":"ats:Disruption Kick","floor":11,"key":"SMITH"},{"data":"ats:Armor Crushing Shot","floor":15,"key":"SMITH"},{"data":"ats:Shadow Assault","floor":23,"key":"SMITH"},{"data":"ats:Apocalypse","floor":32,"key":"SMITH"},{"data":"ats:Apocalypse","floor":40,"key":"SMITH"},{"data":"Neutralize","floor":42,"key":"SMITH"},{"data":"ats:Support Order","floor":44,"key":"SMITH"},{"data":"ats:Demon Strength","floor":49,"key":"SMITH"}],"circlet_count":0,"master_deck":["ats:Armor Crushing Shot+1","ats:Defend","ats:Defend","ats:Defend","ats:Defend","Twilight+1","ats:Apocalypse+1","ats:Disruption Kick+1","ats:Demon Strength+1","ats:Shadow Assault+1","ats:Defend Order+1","ats:Apocalypse+1","ats:Healing Strengthening+1","ats:Apocalypse+1","ats:Shell Defense+1","ats:Wolf Pack+1","ats:Shadow Raid+1","REME_GrazeFinale","Neutralize+1","ats:Shell Defense+1","ats:Support Order","ats:Support Order+1","ats:Charging Defense+1","ats:Defend","ats:Defend"],"relics":["ats:Sanity","REME_ComplimentaryCards","LetterFromLob","Odd Mushroom","RedMistMask","ats:Originium","Strawberry","hubris:Teleporter","Mummified Hand","MawBank","Empty Cage","theJungle:Creamberry","ats:Ability Aura","reliquary:NewFriend","theJungle:BirthdayCakeSlice","Blue Doll","conspire:SpecialSausage","Replay:Rubber Ducky","Centennial Puzzle","Prayer Wheel","Regal Pillow","Membership Card"],"acts_visited":["Hallownest:Greenpath","Hallownest:Greenpath","Hallownest:KingdomsEdge"],"potions_floor_usage":[10,16,21,24,24,41],"damage_taken":[{"damage":5,"enemies":"Hallownest:2_Baldur","floor":1,"turns":3},{"damage":0,"enemies":"Hallownest:monsterHuskGuard","floor":2,"turns":2},{"damage":1,"enemies":"Hallownest:2_Tiktiks_and_1_Crawlid","floor":4,"turns":2},{"damage":6,"enemies":"Hallownest:monsterFoolEater","floor":5,"turns":3},{"damage":0,"enemies":"Hallownest:eliteMossKnight","floor":7,"turns":2},{"damage":13,"enemies":"Hallownest:eliteCrystalGuardian","floor":10,"turns":5},{"damage":5,"enemies":"Hallownest:eliteVengeflyKing","floor":14,"turns":3},{"damage":5,"enemies":"Hallownest:BossFalseKnight","floor":16,"turns":5},{"damage":14,"enemies":"theJungle:MUSHROOMGANG","floor":18,"turns":3},{"damage":1,"enemies":"theJungle:5_Spyders","floor":21,"turns":6},{"damage":9,"enemies":"theJungle:Cassacara","floor":24,"turns":5},{"damage":37,"enemies":"theJungle:SlimyTreeVines","floor":25,"turns":8},{"damage":17,"enemies":"theJungle:MamaSnecko","floor":29,"turns":5},{"damage":36,"enemies":"theJungle:Snecko_Cultist_And_Trap","floor":31,"turns":7},{"damage":26,"enemies":"theJungle:FunGuy","floor":33,"turns":11},{"damage":0,"enemies":"Hallownest:3_Siblings","floor":35,"turns":1},{"damage":25,"enemies":"Hallownest:2_Littles","floor":38,"turns":4},{"damage":15,"enemies":"Hallownest:StalkingDevout","floor":41,"turns":7},{"damage":14,"enemies":"Hallownest:monsterPrimalAspid","floor":47,"turns":6},{"damage":91,"enemies":"Hallownest:BossGreyPrinceZote","floor":50,"turns":18}],"seed_played":"8943635723822617058","potions_obtained":[{"floor":2,"key":"Reflective Coating"},{"floor":4,"key":"Milkshake"},{"floor":7,"key":"SpeedPotion"},{"floor":10,"key":"SkillPotion"},{"floor":18,"key":"ats:Emergency Sanity Potion"},{"floor":21,"key":"LifebloodPotion"},{"floor":29,"key":"Weak Potion"}],"is_trial":false,"path_per_floor":["M","M","?","M","M","R","E","R","T","E","R","$","M","E","R","B",null,"M","?","?","M","R","E","M","T","?","?","E","?","M","R","B",null,"M","?","?","M","$","R","E","R","T","R","?","$","M","?","R","B",null,null],"character_chosen":"DOCTOR_CLASS","items_purchased":["ats:Support Order","Replay:Rubber Ducky","Centennial Puzzle","Membership Card"],"campfire_rested":0,"item_purchase_floors":[39,39,39,46],"current_hp_per_floor":[67,67,67,66,60,60,67,67,67,66,66,66,66,67,67,68,79,65,60,60,72,72,75,60,60,65,52,49,57,43,43,51,89,89,84,84,59,59,59,69,69,69,69,69,69,81,81,81,84,84],"gold":26,"neow_bonus":"THREE_CARDS","is_daily":false,"chose_seed":false,"campfire_upgraded":10,"win_rate":0.0,"timestamp":1613909741,"path_taken":["M","M","?","M","M","R","E","R","T","E","R","$","M","E","R","BOSS","M","?","?","M","R","E","M","T","?","?","E","?","?","R","BOSS","M","?","?","?","$","R","E","R","T","R","?","$","M","?","R","BOSS"],"items_purchased_type":["Card","Relic","Relic","Relic"],"build_version":"2020-12-22","purchased_purges":3,"victory":true,"max_hp_per_floor":[72,72,72,72,72,72,79,79,79,79,79,79,79,79,79,79,79,79,84,84,84,84,84,84,84,89,89,89,89,89,89,89,89,89,84,84,84,84,84,84,84,84,84,84,84,84,84,84,84,84],"card_choices":[{"not_picked":["ats:Absolute Focus","ats:Curse Doll"],"picked":"ats:Thermite Blade","floor":0},{"not_picked":["ats:Support Order","ats:Guard Mode"],"picked":"ats:Hammer On","floor":1},{"not_picked":["ats:Rapid Magazine","ats:Very Hot Blade"],"picked":"ats:Closed Bolt Burst Fire","floor":2},{"not_picked":["ats:Flexible Camouflage","ats:Powerful Strike"],"picked":"ats:Apocalypse","floor":4},{"not_picked":["ats:Poison Spread","ats:Ignite"],"picked":"ats:Closed Bolt Burst Fire","floor":5},{"not_picked":["ats:Hammer On","ats:Revitalization"],"picked":"ats:Disruption Kick","floor":7},{"not_picked":["ats:Closed Bolt Burst Fire","ats:Counter Healing Mode"],"picked":"ats:Demon Strength","floor":10},{"not_picked":["ats:Flexible Camouflage","ats:Counter Healing Mode","ats:Cat Scratch"],"picked":"SKIP","floor":14},{"not_picked":["ats:Echo Reverb","ats:Volcano"],"picked":"ats:Shadow Assault","floor":16},{"not_picked":["ats:Explosion Area Strengthen","ats:Ignite","ats:Powerful Strike"],"picked":"SKIP","floor":18},{"not_picked":["ats:Poison Spread","ats:Ignite"],"picked":"ats:Defend Order+1","floor":21},{"not_picked":["ats:Volcano+1","ats:Consecutive Shot Auto+1"],"picked":"ats:Apocalypse","floor":24},{"not_picked":["ats:Shell Defense+1","ats:Closed Bolt Burst Fire"],"picked":"ats:Healing Strengthening+1","floor":25},{"not_picked":["ats:Absolute Focus","ats:Hammer On"],"picked":"ats:Apocalypse","floor":29},{"not_picked":["ats:Blood Oath","ats:Phantom+1"],"picked":"ats:Shell Defense+1","floor":31},{"not_picked":["ats:Durian+1","ats:Disruption Kick+1"],"picked":"ats:Wolf Pack+1","floor":33},{"not_picked":["ats:Sunburst+1","ats:Curse Doll+1"],"picked":"ats:Shadow Raid+1","floor":35},{"not_picked":["ats:Consecutive Shot Auto","ats:Powerful Strike+1"],"picked":"ats:Shell Defense+1","floor":38},{"not_picked":["ats:Encircling Forest+1","ats:Hammer On","ats:Apocalypse+1"],"picked":"SKIP","floor":41},{"not_picked":["ats:Sashimi Platter+1","ats:Closed Bolt Burst Fire+1"],"picked":"ats:Charging Defense+1","floor":47},{"not_picked":["ats:Leaping Hammer","ats:Rapid Magazine+1","ats:Apocalypse+1"],"picked":"SKIP","floor":47}],"player_experience":762433,"relics_obtained":[{"floor":1,"key":"LetterFromLob"},{"floor":5,"key":"RedMistMask"},{"floor":7,"key":"ats:Originium"},{"floor":7,"key":"Strawberry"},{"floor":9,"key":"hubris:Teleporter"},{"floor":10,"key":"ats:Originium"},{"floor":10,"key":"Mummified Hand"},{"floor":14,"key":"ats:Originium"},{"floor":14,"key":"MawBank"},{"floor":24,"key":"ats:Originium"},{"floor":24,"key":"ats:Ability Aura"},{"floor":26,"key":"reliquary:NewFriend"},{"floor":29,"key":"Blue Doll"},{"floor":41,"key":"Prayer Wheel"},{"floor":43,"key":"Regal Pillow"}],"event_choices":[],"is_beta":false,"boss_relics":[{"not_picked":["reliquary:Craggleroot","Replay:Bronze Core"],"picked":"Empty Cage"},{"not_picked":["reliquary:ThirdArm","hubris:HollowSoul"],"picked":"conspire:SpecialSausage"}],"items_purged_floors":[12,39,46],"is_endless":false,"potions_floor_spawned":[2,4,7,10,18,21,29],"ascension_level":0}}