{"host":"qfskrnw3pl1q86j0","time":1613944214,"event":{"mods":["BaseMod","Block Reminder","Hermit","Marisa????????","Minty Spire (QoL Compilation)","Quick Restart","Random Character Button","Relic Stats","StSLib","The Poker Player","slay the spire mod where everything is the same but ironclad has a cowboy hat"],"gold_per_floor":[117,135,14,14,33,33,66,66,66,79,79,95,95,108,108,206,206,218,17,33,53,27,27,62,79,104,104,122,122,142,154,154,154,154],"floor_reached":33,"language":"ENG","playtime":1072,"items_purged":["Strike_G"],"score":271,"play_id":"67a6139c-9547-4c10-8f98-fe9e863ede15","local_time":"20210221225014","is_ascension_mode":false,"campfire_choices":[{"data":"Neutralize","floor":6,"key":"SMITH"},{"data":"Eviscerate","floor":11,"key":"SMITH"},{"data":"Caltrops","floor":13,"key":"SMITH"},{"data":"Corpse Explosion","floor":15,"key":"SMITH"},{"data":"Deadly Poison","floor":23,"key":"SMITH"},{"data":"Deadly Poison","floor":27,"key":"SMITH"},{"data":"Adrenaline","floor":29,"key":"SMITH"},{"floor":32,"key":"REST"}],"circlet_count":0,"master_deck":["Strike_G","Strike_G","Strike_G","Strike_G","Defend_G","Defend_G","Defend_G","Defend_G","Survivor","Neutralize+1","Eviscerate+1","PiercingWail","Deadly Poison+1","Caltrops+1","Corpse Explosion+1","Backflip","Footwork+1","Adrenaline+1","Calculated Gamble","Prepared","Underhanded Strike","Backflip+1","Deadly Poison+1","Eviscerate","Underhanded Strike","Eviscerate","Deflect"],"relics":["Sozu","Frozen Egg 2","Nunchaku","HoveringKite","PreservedInsect","Gambling Chip","Happy Flower"],"acts_visited":["Exordium","TheCity"],"potions_floor_usage":[],"damage_taken":[{"damage":0,"enemies":"Jaw Worm","floor":1,"turns":4},{"damage":0,"enemies":"2 Louse","floor":2,"turns":2},{"damage":0,"enemies":"Cultist","floor":5,"turns":3},{"damage":42,"enemies":"Gremlin Nob","floor":7,"turns":6},{"damage":6,"enemies":"Red Slaver","floor":10,"turns":3},{"damage":0,"enemies":"Large Slime","floor":12,"turns":4},{"damage":0,"enemies":"Gremlin Gang","floor":14,"turns":3},{"damage":8,"enemies":"The Guardian","floor":16,"turns":9},{"damage":8,"enemies":"Spheric Guardian","floor":18,"turns":6},{"damage":12,"enemies":"2 Thieves","floor":20,"turns":2},{"damage":0,"enemies":"Snake Plant","floor":21,"turns":4},{"damage":24,"enemies":"Gremlin Leader","floor":24,"turns":5},{"damage":0,"enemies":"Chosen and Byrds","floor":25,"turns":3},{"damage":0,"enemies":"Cultist and Chosen","floor":28,"turns":3},{"damage":12,"enemies":"Snecko","floor":30,"turns":4},{"damage":0,"enemies":"Centurion and Healer","floor":31,"turns":2},{"damage":36,"enemies":"Collector","floor":33,"turns":6}],"seed_played":"-7835910883535470435","potions_obtained":[],"is_trial":false,"path_per_floor":["M","M","$","?","M","R","E","?","T","M","R","M","R","M","R","B",null,"M","$","M","M","$","R","E","M","T","R","M","R","M","M","R","B"],"character_chosen":"THE_SILENT","items_purchased":["Deadly Poison","Prepared","PreservedInsect","Deadly Poison"],"campfire_rested":1,"item_purchase_floors":[3,19,19,22],"current_hp_per_floor":[70,70,70,63,63,63,21,21,21,15,15,15,15,15,15,7,70,62,62,50,50,50,50,26,26,26,26,26,26,14,14,35,0,0],"gold":154,"neow_bonus":"BOSS_RELIC","is_daily":false,"chose_seed":false,"campfire_upgraded":7,"win_rate":0.0,"timestamp":1613944214,"path_taken":["M","M","$","?","M","R","E","?","T","M","R","M","R","M","R","BOSS","M","?","M","M","$","R","E","M","T","R","M","R","M","M","R","BOSS"],"items_purchased_type":["Card","Card","Relic","Card"],"build_version":"2020-12-22","purchased_purges":1,"victory":false,"max_hp_per_floor":[70,70,70,70,70,70,70,70,70,70,70,70,70,70,70,70,70,70,70,70,70,70,70,70,70,70,70,70,70,70,70,70,70,70],"relic_stats":{"Sozu":7,"Nunchaku":[8],"Happy Flower":[5],"counters":[17,69],"Gambling Chip":[16],"HoveringKite":[20],"PreservedInsect":47,"obtain_stats":[{"Sozu":0,"Nunchaku":9,"Happy Flower":26,"Gambling Chip":24,"HoveringKite":17,"PreservedInsect":19,"Frozen Egg 2":7,"Ring of the Snake":0},{"Sozu":0,"Nunchaku":4,"Happy Flower":13,"Gambling Chip":12,"HoveringKite":8,"PreservedInsect":9,"Frozen Egg 2":4,"Ring of the Snake":0},{"Sozu":0,"Nunchaku":15,"Happy Flower":54,"Gambling Chip":51,"HoveringKite":34,"PreservedInsect":40,"Frozen Egg 2":15,"Ring of the Snake":0}]},"card_choices":[{"not_picked":["Acrobatics","Catalyst"],"picked":"Eviscerate","floor":1},{"not_picked":["Tactician","Outmaneuver"],"picked":"PiercingWail","floor":2},{"not_picked":["Dodge and Roll","Cloak And Dagger"],"picked":"Caltrops","floor":5},{"not_picked":["Endless Agony","Slice"],"picked":"Corpse Explosion","floor":7},{"not_picked":["Deflect","Concentrate"],"picked":"Backflip","floor":10},{"not_picked":["Flechettes","Concentrate"],"picked":"Footwork+1","floor":12},{"not_picked":["Dagger Spray","Reflex","Dodge and Roll"],"picked":"SKIP","floor":14},{"not_picked":["Burst","Corpse Explosion"],"picked":"Adrenaline","floor":16},{"not_picked":["Endless Agony","Concentrate"],"picked":"Calculated Gamble","floor":18},{"not_picked":["Skewer","Backstab"],"picked":"Underhanded Strike","floor":20},{"not_picked":["Endless Agony","Bane"],"picked":"Backflip+1","floor":21},{"not_picked":["Flying Knee","Accuracy+1"],"picked":"Eviscerate","floor":24},{"not_picked":["Riddle With Holes+1","Sucker Punch","Finisher+1"],"picked":"SKIP","floor":25},{"not_picked":["Sucker Punch","Dagger Spray"],"picked":"Underhanded Strike","floor":28},{"not_picked":["Calculated Gamble","Bane"],"picked":"Eviscerate","floor":30},{"not_picked":["Sucker Punch+1","Riddle With Holes"],"picked":"Deflect","floor":31}],"player_experience":1103915,"relics_obtained":[{"floor":7,"key":"Frozen Egg 2"},{"floor":9,"key":"Nunchaku"},{"floor":24,"key":"Gambling Chip"},{"floor":26,"key":"Happy Flower"}],"event_choices":[{"cards_removed":["Defend_G"],"damage_healed":0,"gold_gain":0,"player_choice":"Card Removal","damage_taken":7,"max_hp_gain":0,"max_hp_loss":0,"event_name":"Golden Wing","floor":4,"gold_loss":0},{"damage_healed":0,"gold_gain":0,"player_choice":"Ignored","damage_taken":0,"max_hp_gain":0,"max_hp_loss":0,"event_name":"NoteForYourself","floor":8,"gold_loss":0}],"is_beta":false,"boss_relics":[{"not_picked":["Fusion Hammer","SlaversCollar"],"picked":"HoveringKite"}],"items_purged_floors":[3],"is_endless":false,"potions_floor_spawned":[5,10,12,21,24,28,30],"killed_by":"Collector","ascension_level":0}}