{"host":"py7qdianp3jrm8dm","time":1613934909,"event":{"mods":["AchievementEnabler","BaseMod","Bestiary","Downfall","Highlight Path","Minty Spire (QoL Compilation)","StSLib"],"gold_per_floor":[112,112,127,138,155,190,190,224,224,224,224],"floor_reached":10,"language":"ENG","playtime":460,"items_purged":[],"score":140,"play_id":"d26750ae-7527-47ad-b3cd-efe160c3722a","local_time":"20210221191509","is_ascension_mode":true,"campfire_choices":[{"floor":7,"key":"REST"}],"circlet_count":0,"master_deck":["AscendersBane","Strike_R","Strike_R","Strike_R","Strike_R","Strike_R","Defend_R","Defend_R","Defend_R","Defend_R","Bash","Offering","Pommel Strike","Twin Strike","Uppercut","Perfected Strike","Feed","True Grit","Whirlwind"],"relics":["Burning Blood","Dream Catcher","Matryoshka","Toxic Egg 2","Meat on the Bone","Frozen Egg 2"],"acts_visited":["Exordium"],"potions_floor_usage":[8,10],"damage_taken":[{"damage":7,"enemies":"Cultist","floor":1,"turns":3},{"damage":8,"enemies":"Small Slimes","floor":3,"turns":3},{"damage":12,"enemies":"2 Louse","floor":4,"turns":2},{"damage":10,"enemies":"Looter","floor":5,"turns":3},{"damage":41,"enemies":"Lagavulin","floor":6,"turns":4},{"damage":16,"enemies":"Gremlin Nob","floor":8,"turns":3},{"damage":45,"enemies":"3 Sentries","floor":10,"turns":5}],"seed_played":"6879066777834116773","potions_obtained":[{"floor":4,"key":"BloodPotion"},{"floor":5,"key":"champ:CounterPotion"}],"is_trial":false,"path_per_floor":["M","?","M","M","M","E","R","E","T","E"],"character_chosen":"IRONCLAD","items_purchased":[],"campfire_rested":1,"item_purchase_floors":[],"current_hp_per_floor":[67,56,54,48,44,9,31,21,21,0,0],"gold":224,"neow_bonus":"ONE_RANDOM_RARE_CARD","is_daily":false,"chose_seed":false,"campfire_upgraded":0,"win_rate":0.0,"timestamp":1613934909,"path_taken":["M","?","M","M","M","E","R","E","T","E"],"items_purchased_type":[],"build_version":"2020-12-22","purchased_purges":0,"victory":false,"max_hp_per_floor":[75,75,75,75,75,75,75,75,75,78,78],"card_choices":[{"not_picked":["Twin Strike","Heavy Blade"],"picked":"Pommel Strike","floor":1},{"not_picked":["Cleave","Heavy Blade"],"picked":"Twin Strike","floor":3},{"not_picked":["Wild Strike","True Grit"],"picked":"Uppercut","floor":4},{"not_picked":["Twin Strike","Combust"],"picked":"Perfected Strike","floor":5},{"not_picked":["Body Slam","Wild Strike"],"picked":"Feed","floor":6},{"not_picked":["Feel No Pain","Havoc"],"picked":"True Grit","floor":7},{"not_picked":["Thunderclap","Twin Strike"],"picked":"Whirlwind","floor":8}],"player_experience":649066,"relics_obtained":[{"floor":6,"key":"Matryoshka"},{"floor":8,"key":"Toxic Egg 2"},{"floor":9,"key":"Meat on the Bone"},{"floor":9,"key":"Frozen Egg 2"}],"event_choices":[{"damage_healed":0,"gold_gain":0,"player_choice":"Success","damage_taken":11,"relics_obtained":["Dream Catcher"],"max_hp_gain":0,"max_hp_loss":0,"event_name":"Scrap Ooze","floor":2,"gold_loss":0}],"is_beta":false,"boss_relics":[],"items_purged_floors":[],"is_endless":false,"potions_floor_spawned":[4,5],"killed_by":"3 Sentries","ascension_level":16}}