{"host":"9op7xyky91xc1g6p","time":1613892658,"event":{"mods":["100% Spire Juice","Act Like it!","Astrologer","Bartender","BaseMod","Beaked The Cultist","Better Altar","Better Note","Better Sensory Stone","Better Skull","Better Third Choice","Better Vampires","Bossed Relics","BshForSts","CapriCore","Energized Spire","Gensokyo","Hallownest","Hermit","HololiveMod","Infinite Spire","Koishi","Magitek Elite","Marisa????????","Minty Spire (QoL Compilation)","Random Character Button","Remilia??????","Retaliation","Robot Space Explorer","Shade Mod","SpireExporter+","StSLib","The Animator","The Bladedancer","The Disciple","The Dragon Tamer","The Elementalist","The Hierophant","The Immortal","The Marked","The Mystic","The Poker Player","The Problem Sleuth","The Runesmith","The Spell Scribe","TheBandit","Trackpad","Yuyuko","??????REMEMod"],"gold_per_floor":[117,135,165,275,88,116,129,139,139,139,151,181,181,207,207,307,307,319,319,336,354,354,387,387,405,429,429,455,39,39,49,49,146,146,164,183,200,215,265,265,265,265,265,265,294,305,305,321,321,321,321,321,68,101,101,101],"floor_reached":55,"language":"ENG","playtime":5506,"items_purged":[],"score":737,"play_id":"fbed7422-5bdd-4222-ad9c-ef12539986df","local_time":"20210220233058","is_ascension_mode":false,"campfire_choices":[{"floor":10,"key":"RECALL"},{"floor":13,"key":"REST"},{"floor":15,"key":"REST"},{"floor":24,"key":"REST"},{"floor":27,"key":"REST"},{"floor":30,"key":"REST"},{"floor":32,"key":"REST"},{"floor":40,"key":"REST"},{"floor":42,"key":"REST"},{"floor":47,"key":"REST"},{"floor":49,"key":"REST"},{"floor":52,"key":"REST"}],"circlet_count":0,"master_deck":["Strike_G","Strike_G","Strike_G","Strike_G","Strike_G","Defend_G","Defend_G","Defend_G","Defend_G","Defend_G","Survivor","Neutralize","Terror","Dagger Throw","Deadly Poison","Sucker Punch","Heel Hook","Dagger Spray","Heel Hook","Backflip","Cloak And Dagger","Poisoned Stab","Noxious Fumes","infinitespire:Neurotoxin","Dash","PiercingWail","Dagger Throw","Venomology","Flying Knee","Slice+1","Sucker Punch+1","Finesse","Footwork","REME_LeechingPoison","Infinite Blades+1","Dodge and Roll+1","Deadly Poison+1","REME_GreenPollution","infinitespire:Collect","infinitespire:Execution","Poisoned Stab+1","Footwork","Dagger Spray+1","Acrobatics+1","Backflip+1","Bane+1","Accuracy","Backflip","Blade Dance"],"relics":["Ring of the Snake","REME_ComplimentaryCards","Mythril_Glove","trackpad:ToughGloves","Bird Faced Urn","Power_Wrist","Fusion Hammer","theSleuth:SaltedMelon","theSleuth:SaltedMelon","Regal Pillow","Cleaning_Rag","Art of War","Molten Egg 2","energizedSpire:DeadBattery","trackpad:CultistFigurine","infinitespire:Cupcake","Anchor","Dream Catcher","Genji_Glove","Gremlin Horn"],"acts_visited":["Hallownest:Greenpath","TheCity","TheBeyond","TheEnding"],"potions_floor_usage":[6,12,12,14,21,21,23,33,36,37,37,38,45,46,48,50,54,54,55,55],"damage_taken":[{"damage":0,"enemies":"Hallownest:monsterHuskWarrior","floor":1,"turns":5},{"damage":0,"enemies":"Hallownest:monsterHuskGuard","floor":2,"turns":5},{"damage":2,"enemies":"Hallownest:eliteVengeflyKing","floor":6,"turns":7},{"damage":2,"enemies":"Hallownest:2_Tiktiks_and_1_Crawlid","floor":7,"turns":5},{"damage":0,"enemies":"Hallownest:monsterMossCharger","floor":8,"turns":4},{"damage":3,"enemies":"Hallownest:Wandering_and_Horned","floor":11,"turns":4},{"damage":10,"enemies":"Hallownest:eliteMossKnight","floor":12,"turns":8},{"damage":16,"enemies":"Hallownest:eliteCrystalGuardian","floor":14,"turns":4},{"damage":36,"enemies":"Hallownest:BossBrokenVessel","floor":16,"turns":9},{"damage":11,"enemies":"Spheric Guardian","floor":18,"turns":4},{"damage":6,"enemies":"3 Byrds","floor":20,"turns":7},{"damage":6,"enemies":"Snake Plant","floor":21,"turns":3},{"damage":29,"enemies":"Slavers","floor":23,"turns":6},{"damage":32,"enemies":"Sentry and Sphere","floor":25,"turns":6},{"damage":1,"enemies":"Cultist and Chosen","floor":31,"turns":4},{"damage":31,"enemies":"Automaton","floor":33,"turns":10},{"damage":2,"enemies":"3 Shapes","floor":35,"turns":4},{"damage":10,"enemies":"3 Darklings","floor":36,"turns":5},{"damage":3,"enemies":"Transient","floor":37,"turns":5},{"damage":11,"enemies":"4 Shapes","floor":38,"turns":5},{"damage":40,"enemies":"beaked:SuperParasite","floor":45,"turns":7},{"damage":13,"enemies":"Maw","floor":46,"turns":4},{"damage":15,"enemies":"Sphere and 2 Shapes","floor":48,"turns":5},{"damage":94,"enemies":"Awakened One","floor":50,"turns":13},{"damage":90,"enemies":"Shield and Spear","floor":54,"turns":8},{"damage":63,"enemies":"The Heart","floor":55,"turns":6}],"seed_played":"-7216439980683817954","potions_obtained":[{"floor":7,"key":"Poison Potion"},{"floor":8,"key":"DistilledChaos"},{"floor":12,"key":"LiquidMemories"},{"floor":16,"key":"Block Potion"},{"floor":18,"key":"CunningPotion"},{"floor":21,"key":"Ancient Potion"},{"floor":36,"key":"Fire Potion"},{"floor":37,"key":"GamblersBrew"},{"floor":38,"key":"Fire Potion"},{"floor":54,"key":"FearPotion"}],"is_trial":false,"path_per_floor":["M","M","?","?","$","E","M","M","T","R","M","E","R","E","R","B",null,"M","?","M","M","?","E","R","M","T","R","T","$","R","M","R","B",null,"M","M","M","M","?","R","AVR","R","T","?","E","M","R","M","R","B",null,"R","$","E","B"],"character_chosen":"THE_SILENT","items_purchased":["Deadly Poison","Sucker Punch","Heel Hook","Dexterity Potion","Molten Egg 2","Slice+1","Sucker Punch+1","Finesse","Accuracy","Genji_Glove","Backflip"],"campfire_rested":11,"item_purchase_floors":[5,5,5,5,29,29,29,29,53,53,53],"current_hp_per_floor":[77,77,77,52,52,50,48,48,48,48,45,35,58,42,65,31,77,66,66,62,56,56,29,69,39,39,80,80,80,83,83,85,55,85,85,83,84,76,76,87,87,89,89,89,53,89,91,78,93,26,93,95,95,33,0,0],"gold":101,"neow_bonus":"TEN_PERCENT_HP_BONUS","is_daily":false,"chose_seed":false,"campfire_upgraded":0,"win_rate":0.0,"timestamp":1613892658,"path_taken":["M","M","?","?","$","E","M","M","T","R","?","E","R","E","R","BOSS","M","?","?","M","?","E","R","M","T","R","?","$","R","M","R","BOSS","M","?","M","M","?","R","AVR","R","T","?","E","M","R","M","R","BOSS","R","$","E","BOSS"],"items_purchased_type":["Card","Card","Card","Potion","Relic","Card","Card","Card","Card","Relic","Card"],"build_version":"2020-12-22","purchased_purges":0,"victory":false,"max_hp_per_floor":[77,77,77,77,77,77,77,77,77,77,77,77,77,77,77,77,77,77,77,77,77,77,77,79,79,79,81,81,81,83,83,85,85,85,85,85,85,85,85,87,87,89,89,89,89,89,91,91,93,93,93,95,95,95,95,95],"card_choices":[{"not_picked":["Deadly Poison","Noxious Fumes"],"picked":"Terror","floor":1},{"not_picked":["Slice","Accuracy"],"picked":"Dagger Throw","floor":2},{"not_picked":["Flying Knee","Skewer"],"picked":"Dagger Spray","floor":6},{"not_picked":["Calculated Gamble","Corpse Explosion"],"picked":"Heel Hook","floor":7},{"not_picked":["Bane","Prepared"],"picked":"Backflip","floor":8},{"not_picked":["Bane","Sucker Punch"],"picked":"Cloak And Dagger","floor":11},{"not_picked":["Reflex","Underhanded Strike"],"picked":"Poisoned Stab","floor":12},{"not_picked":["Dagger Spray","Dagger Throw"],"picked":"Noxious Fumes","floor":14},{"not_picked":["Doppelganger","REME_ShadowForm"],"picked":"infinitespire:Neurotoxin","floor":16},{"not_picked":["Sucker Punch","All Out Attack"],"picked":"Dash","floor":18},{"not_picked":["Outmaneuver","Backflip"],"picked":"PiercingWail","floor":20},{"not_picked":["Outmaneuver","Dodge and Roll"],"picked":"Dagger Throw","floor":21},{"not_picked":["Underhanded Strike+1","Flying Knee"],"picked":"Venomology","floor":23},{"not_picked":["Riddle With Holes","Terror+1"],"picked":"Flying Knee","floor":25},{"not_picked":["Caltrops","Prepared+1"],"picked":"Footwork","floor":31},{"not_picked":["REME_CopyPotion","Wraith Form v2"],"picked":"REME_LeechingPoison","floor":33},{"not_picked":["Slice+1","Acrobatics+1"],"picked":"Infinite Blades+1","floor":35},{"not_picked":["REME_ShadowStrike+1","Riddle With Holes+1"],"picked":"Dodge and Roll+1","floor":36},{"not_picked":["Dagger Spray+1","Heel Hook+1"],"picked":"Deadly Poison+1","floor":37},{"not_picked":["Outmaneuver","All Out Attack+1"],"picked":"REME_GreenPollution","floor":38},{"not_picked":["Flying Knee+1","Masterful Stab+1"],"picked":"Poisoned Stab+1","floor":45},{"not_picked":["Dagger Spray+1","Acrobatics"],"picked":"Footwork","floor":46},{"not_picked":["Slice+1","Endless Agony+1"],"picked":"Dagger Spray+1","floor":47},{"not_picked":["Slice+1","Glass Knife+1"],"picked":"Acrobatics+1","floor":48},{"not_picked":["Eviscerate+1","Dodge and Roll+1"],"picked":"Backflip+1","floor":49},{"not_picked":["Underhanded Strike+1","Slice+1"],"picked":"Bane+1","floor":52},{"not_picked":["Sucker Punch+1","Caltrops"],"picked":"Blade Dance","floor":54}],"player_experience":455685,"relics_obtained":[{"floor":6,"key":"trackpad:ToughGloves"},{"floor":12,"key":"Bird Faced Urn"},{"floor":14,"key":"Power_Wrist"},{"floor":23,"key":"Regal Pillow"},{"floor":26,"key":"Cleaning_Rag"},{"floor":28,"key":"Art of War"},{"floor":43,"key":"Anchor"},{"floor":45,"key":"Dream Catcher"},{"floor":54,"key":"Gremlin Horn"}],"event_choices":[{"damage_healed":0,"gold_gain":110,"player_choice":"RE GO ","damage_taken":28,"relics_obtained":["Mythril_Glove"],"max_hp_gain":0,"max_hp_loss":0,"event_name":"betterSkull:BetterSkull","floor":4,"gold_loss":0,"cards_upgraded":[]},{"damage_healed":0,"gold_gain":0,"player_choice":"Ignored","damage_taken":0,"max_hp_gain":0,"max_hp_loss":0,"event_name":"Purifier","floor":19,"gold_loss":0},{"damage_healed":0,"gold_gain":0,"player_choice":"Ignored","damage_taken":0,"max_hp_gain":0,"max_hp_loss":0,"event_name":"Purifier","floor":44,"gold_loss":0}],"is_beta":false,"boss_relics":[{"not_picked":["Hololive_TopUpMoneyS","energizedSpire:CursedPentagram"],"picked":"Fusion Hammer"},{"not_picked":["trackpad:StolenKidneys","HoveringKite"],"picked":"energizedSpire:DeadBattery"}],"items_purged_floors":[],"is_endless":false,"potions_floor_spawned":[7,8,12,16,18,21,36,37,38,54],"killed_by":"The Heart","ascension_level":0}}