{"host":"w14xfy17z3c5mpoi","time":1613951420,"event":{"mods":["AchievementEnabler","BaseMod","Minty Spire (QoL Compilation)","Relic Stats"],"gold_per_floor":[110,122,122,138,154,154,154],"floor_reached":6,"language":"ENG","playtime":306,"items_purged":[],"score":59,"play_id":"786d87f0-0877-447c-bc5b-26211d25b173","local_time":"20210221185020","is_ascension_mode":true,"campfire_choices":[],"circlet_count":0,"master_deck":["AscendersBane","Strike_G+1","Strike_G+1","Strike_G","Strike_G","Strike_G","Defend_G","Defend_G","Defend_G","Defend_G","Defend_G","Survivor","Neutralize","Corpse Explosion","Catalyst","Skewer","Poisoned Stab","Catalyst"],"relics":["Ring of the Snake"],"acts_visited":["Exordium"],"potions_floor_usage":[6],"damage_taken":[{"damage":3,"enemies":"Cultist","floor":1,"turns":4},{"damage":5,"enemies":"Jaw Worm","floor":2,"turns":5},{"damage":19,"enemies":"Small Slimes","floor":4,"turns":4},{"damage":22,"enemies":"3 Louse","floor":5,"turns":2},{"damage":15,"enemies":"Lagavulin","floor":6,"turns":5}],"seed_played":"-2208040668652888074","potions_obtained":[{"floor":1,"key":"SpeedPotion"},{"floor":2,"key":"SneckoOil"}],"is_trial":false,"path_per_floor":["M","M","?","M","M","E"],"character_chosen":"THE_SILENT","items_purchased":[],"campfire_rested":0,"item_purchase_floors":[],"current_hp_per_floor":[60,55,42,23,1,0,0],"gold":154,"neow_bonus":"THREE_RARE_CARDS","is_daily":false,"chose_seed":false,"campfire_upgraded":0,"win_rate":0.0,"timestamp":1613951420,"path_taken":["M","M","?","M","M","E"],"items_purchased_type":[],"build_version":"2020-12-22","purchased_purges":0,"victory":false,"max_hp_per_floor":[63,63,63,63,63,63,63],"relic_stats":{"counters":[5,20],"obtain_stats":[{"Ring of the Snake":0},{"Ring of the Snake":0},{"Ring of the Snake":0}],"Ring of the Snake":[10]},"card_choices":[{"not_picked":["Malaise","Night Terror"],"picked":"Corpse Explosion","floor":0},{"not_picked":["Cloak And Dagger","Dagger Throw"],"picked":"Catalyst","floor":1},{"not_picked":["Dodge and Roll","Concentrate"],"picked":"Skewer","floor":2},{"not_picked":["Slice","Sucker Punch"],"picked":"Poisoned Stab","floor":4},{"not_picked":["Doppelganger","Dodge and Roll"],"picked":"Catalyst","floor":5}],"player_experience":751220,"relics_obtained":[],"event_choices":[{"damage_healed":0,"gold_gain":0,"player_choice":"Entered Light","damage_taken":13,"max_hp_gain":0,"max_hp_loss":0,"event_name":"Shining Light","floor":3,"gold_loss":0,"cards_upgraded":["Strike_G","Strike_G"]}],"is_beta":false,"boss_relics":[],"items_purged_floors":[],"is_endless":false,"potions_floor_spawned":[1,2],"killed_by":"Lagavulin","ascension_level":11}}