{"host":"4a6fro0of1ie0h2w","time":1613928378,"event":{"mods":["Aspiration","BaseMod","CCEM2","Colored Map","Conspire","Downfall","GifTheSpireLib","Halation","Highlight Path","Hubris","Infinite Spire","Marisa????????","Minty Spire (QoL Compilation)","Permanent Neow","Replay The Spire","StSLib","Stuff the Spire","The Servant 0.9.4"],"gold_per_floor":[99,138,138,157,157,157,157,157,222,222,234,134,163,196,211,211,211,211],"floor_reached":16,"language":"ENG","playtime":474,"items_purged":[],"score":110,"play_id":"b7f0c9b2-0732-45d8-9321-17db1bf9580d","local_time":"20210221192618","is_ascension_mode":true,"campfire_choices":[{"data":"champ:Taunt","floor":1,"key":"SMITH"},{"data":"champ:IronFortress","floor":8,"key":"SMITH"},{"floor":10,"key":"RECALL"},{"data":"champ:GutPunch","floor":12,"key":"SMITH"}],"circlet_count":0,"master_deck":["champ:Strike","champ:Strike","champ:Strike","champ:Defend","champ:Defend","champ:Execute+1","champ:Taunt+1","champ:TornadoPunch","champ:FocusedBerserking+1","champ:SwordSigil","Delirium","champ:IronFortress+1","champ:Devastate+1","champ:RapidStrikes","champ:GutPunch+1","champ:Backstep","champ:CrookedStrike","champ:Duel"],"relics":["champ:ChampionCrown","halation:SwordOfLegend","hubris:Towel","Garlic","CCEMRelics:Apple","downfall:HeartBlessingRed","Odd Mushroom","CCEMRelics:Sandal"],"acts_visited":["Exordium"],"potions_floor_usage":[9,13],"damage_taken":[{"damage":30,"enemies":"Jaw Worm","floor":4,"turns":2},{"damage":61,"enemies":"Lagavulin Event","floor":9,"turns":7},{"damage":10,"enemies":"2 Louse","floor":11,"turns":4},{"damage":30,"enemies":"The Mushroom Lair","floor":13,"turns":2},{"damage":39,"enemies":"Gremlin Nob","floor":14,"turns":4},{"damage":1,"enemies":"Small Slimes","floor":15,"turns":3},{"damage":40,"enemies":"DF_ARCHETYPE_STREAMLINE","floor":16,"turns":6}],"seed_played":"-3812037161420665650","potions_obtained":[{"floor":4,"key":"AttackPotion"},{"floor":11,"key":"SkillPotion"}],"is_trial":false,"path_per_floor":["R","?","?","M","?","?","T","R","?","R","M","R","?","E","M","B"],"character_chosen":"THE_CHAMP","items_purchased":[],"campfire_rested":0,"item_purchase_floors":[],"current_hp_per_floor":[81,81,81,81,81,81,81,80,37,37,40,40,43,37,39,0,0,0],"gold":211,"neow_bonus":"TRANSFORM_TWO_CARDS","is_daily":false,"chose_seed":false,"campfire_upgraded":3,"win_rate":0.0,"timestamp":1613928378,"path_taken":["R","?","?","?","?","?","T","R","?","R","?","R","?","E","M","BOSS"],"items_purchased_type":[],"build_version":"2020-12-22","purchased_purges":0,"victory":false,"max_hp_per_floor":[81,81,81,81,81,81,81,81,84,84,87,87,90,93,96,96,96,96],"card_choices":[{"not_picked":["champ:ShieldSlam","champ:Duel"],"picked":"champ:SwordSigil","floor":2},{"not_picked":["champ:BladeFlurry","champ:DefensiveStyle"],"picked":"champ:IronFortress","floor":4},{"not_picked":["champ:BringItOn","champ:EnGarde"],"picked":"champ:RapidStrikes","floor":9},{"not_picked":["champ:FlashCut","champ:SkillfulDodge"],"picked":"champ:GutPunch","floor":11},{"not_picked":["champ:SetATrap","champ:BerserkersShout"],"picked":"champ:Backstep","floor":13},{"not_picked":["champ:SteelEdge","champ:ShieldSlam"],"picked":"champ:CrookedStrike","floor":14},{"not_picked":["champ:Backstep","champ:CrownThrow"],"picked":"champ:Duel","floor":15}],"player_experience":244862,"relics_obtained":[{"floor":2,"key":"halation:SwordOfLegend"},{"floor":7,"key":"Garlic"},{"floor":13,"key":"Odd Mushroom"},{"floor":14,"key":"CCEMRelics:Sandal"}],"event_choices":[{"damage_healed":0,"gold_gain":0,"player_choice":"Fought Mushrooms","damage_taken":0,"max_hp_gain":0,"max_hp_loss":0,"event_name":"Mushrooms","floor":13,"gold_loss":0}],"is_beta":false,"boss_relics":[],"items_purged_floors":[],"is_endless":false,"potions_floor_spawned":[4,11],"killed_by":"DF_ARCHETYPE_STREAMLINE","ascension_level":3}}