{"host":"l017gercouzhorma","time":1613891076,"event":{"mods":["AchievementEnabler","Aspiration","BaseMod","Challenge The Spire","Conspire","Downfall","Halation","Hermit","Hubris","Infinite Spire","Jorbs\u0027s Wanderer Trilogy","Mad Scientist","Marisa????????","Mimic Mod","Minty Spire (QoL Compilation)","Random Character Button","Rare Cards Sparkle","Relic Stats","Replay The Spire","Shade Mod","StSLib","The Cursed","The Disciple","The Hierophant","The Jungle","The Runesmith","The Servant 0.9.4"],"gold_per_floor":[111,126,136,136,136,136,136],"floor_reached":6,"language":"ENG","playtime":383,"items_purged":[],"score":38,"play_id":"d6c5f76a-4677-4877-a8f6-d026a8b731c4","local_time":"20210221000436","is_ascension_mode":true,"campfire_choices":[],"circlet_count":0,"master_deck":["Strike_MRS","Strike_MRS","Strike_MRS","Strike_MRS","Defend_MRS","Defend_MRS","Defend_MRS","Defend_MRS","MasterSpark","UpSweep","EarthLightRay","ShootingEcho","OpenUniverse"],"relics":["MiniHakkero","aspiration:RunicSpoon","SlaversCollar","Replay:Multitool","hubris:EmptyBottle","hubris:SlimyHat","Meat on the Bone"],"acts_visited":["Exordium"],"potions_floor_usage":[2,6,6],"damage_taken":[{"damage":15,"enemies":"Cultist","floor":1,"turns":4},{"damage":16,"enemies":"Jaw Worm","floor":2,"turns":4},{"damage":0,"enemies":"Small Slimes","floor":3,"turns":3},{"damage":10,"enemies":"Lagavulin","floor":6,"turns":3}],"seed_played":"3089912403495758403","potions_obtained":[{"floor":1,"key":"FearPotion"},{"floor":2,"key":"EssenceOfSteel"}],"is_trial":false,"path_per_floor":["M","M","M","T","$","E"],"character_chosen":"MARISA","items_purchased":["hubris:EmptyBottle","hubris:SlimyHat","Meat on the Bone"],"campfire_rested":0,"item_purchase_floors":[5,5,5],"current_hp_per_floor":[60,48,52,52,16,10,10],"gold":136,"neow_bonus":"DOUBLE_BOSS_RELIC","is_daily":false,"chose_seed":false,"campfire_upgraded":0,"win_rate":0.0,"timestamp":1613891076,"path_taken":["M","M","M","?","?","E"],"items_purchased_type":["Relic","Relic","Relic"],"build_version":"2020-12-22","purchased_purges":0,"victory":false,"max_hp_per_floor":[75,75,75,75,75,75,75],"relic_stats":{"counters":[4,14],"aspiration:RunicSpoon":[9],"obtain_stats":[{"SlaversCollar":0,"aspiration:RunicSpoon":0,"Replay:Multitool":4,"hubris:SlimyHat":5,"MiniHakkero":0,"hubris:EmptyBottle":5,"Meat on the Bone":5},{"SlaversCollar":0,"aspiration:RunicSpoon":0,"Replay:Multitool":3,"hubris:SlimyHat":3,"MiniHakkero":0,"hubris:EmptyBottle":3,"Meat on the Bone":3},{"SlaversCollar":0,"aspiration:RunicSpoon":0,"Replay:Multitool":11,"hubris:SlimyHat":11,"MiniHakkero":0,"hubris:EmptyBottle":11,"Meat on the Bone":11}],"Meat on the Bone":0},"card_choices":[{"not_picked":["ChargeUpSpray","DC"],"picked":"EarthLightRay","floor":1},{"not_picked":["ChargeUpSpray","StarBarrage"],"picked":"ShootingEcho","floor":2},{"not_picked":["DC","WitchOfGreed"],"picked":"OpenUniverse","floor":3}],"player_experience":857420,"relics_obtained":[{"floor":4,"key":"Replay:Multitool"}],"event_choices":[],"is_beta":false,"boss_relics":[],"items_purged_floors":[],"is_endless":false,"potions_floor_spawned":[1,2],"killed_by":"Lagavulin","ascension_level":1}}