{"host":"2qgcsivoxob3ugky","time":1613887994,"event":{"mods":["AchievementEnabler","Act Like it!","BaseMod","Colored Powertips","Downfall","Gensokyo","Googly Eyes","Hermit","Marisa????????","Minty Spire (QoL Compilation)","Remilia??????","StSLib","The Animator","The Cursed","The Jungle","The Servant 0.9.4"],"gold_per_floor":[16,26,42,7,7,40,40,53,53,121,121,184,197,212,212,317,317,332,382,432,482,482],"floor_reached":21,"language":"ENG","playtime":1016,"items_purged":[],"score":201,"play_id":"db3edbd3-1fc9-4da8-adf8-ded7cce6ade1","local_time":"20210221001314","is_ascension_mode":true,"campfire_choices":[{"data":"Corpse Explosion","floor":7,"key":"SMITH"},{"floor":11,"key":"REST"},{"floor":15,"key":"REST"}],"circlet_count":0,"master_deck":["Strike_G","Strike_G","Strike_G","Strike_G","Strike_G","Defend_G","Defend_G","Defend_G","Defend_G","Defend_G","Survivor","Neutralize","Transmutation","Footwork","Noxious Fumes","Corpse Explosion+1","Crippling Poison","Poisoned Stab","Backflip","Bane","Corpse Explosion"],"relics":["Ring of the Snake","SsserpentHead","PreservedInsect","Sundial","Snecko Eye","theJungle:WildMango"],"acts_visited":["Exordium","Exordium"],"potions_floor_usage":[6,6,6,6,16,16],"damage_taken":[{"damage":0,"enemies":"Cultist","floor":1,"turns":4},{"damage":7,"enemies":"2 Louse","floor":2,"turns":5},{"damage":6,"enemies":"Jaw Worm","floor":3,"turns":4},{"damage":9,"enemies":"Gremlin Nob","floor":6,"turns":6},{"damage":18,"enemies":"Lots of Slimes","floor":8,"turns":2},{"damage":13,"enemies":"Exordium Thugs","floor":10,"turns":5},{"damage":5,"enemies":"3 Louse","floor":12,"turns":2},{"damage":12,"enemies":"Blue Slaver","floor":13,"turns":4},{"damage":0,"enemies":"Lots of Slimes","floor":14,"turns":1},{"damage":29,"enemies":"Hexaghost","floor":16,"turns":7},{"damage":22,"enemies":"theJungle:GiantWrat","floor":18,"turns":5},{"damage":0,"enemies":"Shell Parasite","floor":21,"turns":1}],"seed_played":"-8970190581953842784","potions_obtained":[{"floor":2,"key":"PowerPotion"},{"floor":3,"key":"EntropicBrew"},{"floor":10,"key":"Swift Potion"},{"floor":13,"key":"DuplicationPotion"},{"floor":20,"key":"LiquidBronze"},{"floor":20,"key":"Fire Potion"}],"is_trial":false,"path_per_floor":["M","M","M","?","?","E","R","M","T","M","R","M","M","M","R","B",null,"M","?","?","M"],"character_chosen":"THE_SILENT","items_purchased":[],"campfire_rested":2,"item_purchase_floors":[],"current_hp_per_floor":[70,63,57,70,70,61,61,43,43,30,51,46,34,34,55,26,70,48,62,62,62,62],"gold":482,"neow_bonus":"RANDOM_COLORLESS_2","is_daily":false,"chose_seed":false,"campfire_upgraded":1,"win_rate":0.0,"timestamp":1613887994,"path_taken":["M","M","M","?","?","E","R","M","T","?","R","?","M","M","R","BOSS","M","?","?","?"],"items_purchased_type":[],"build_version":"2020-12-22","purchased_purges":0,"victory":false,"max_hp_per_floor":[70,70,70,70,70,70,70,70,70,70,70,70,70,70,70,70,70,70,84,84,84,84],"card_choices":[{"not_picked":["Magnetism","The Bomb"],"picked":"Transmutation","floor":0},{"not_picked":["Flying Knee","Tactician"],"picked":"Footwork","floor":1},{"not_picked":["Catalyst","Choke"],"picked":"Noxious Fumes","floor":2},{"not_picked":["Escape Plan","Heel Hook","Prepared"],"picked":"SKIP","floor":3},{"not_picked":["Dodge and Roll","Dash"],"picked":"Corpse Explosion","floor":6},{"not_picked":["Deflect","Skewer"],"picked":"Crippling Poison","floor":8},{"not_picked":["Finisher","Dagger Throw"],"picked":"Poisoned Stab","floor":10},{"not_picked":["Quick Slash","Distraction","Dagger Throw"],"picked":"SKIP","floor":12},{"not_picked":["Caltrops","Outmaneuver"],"picked":"Backflip","floor":13},{"not_picked":["Quick Slash","Footwork"],"picked":"Bane","floor":14},{"not_picked":["Bullet Time","After Image"],"picked":"Corpse Explosion","floor":16},{"not_picked":["Reflex","Choke","PiercingWail+1"],"picked":"SKIP","floor":18}],"player_experience":312132,"relics_obtained":[{"floor":6,"key":"PreservedInsect"},{"floor":9,"key":"Sundial"}],"event_choices":[{"damage_healed":17,"gold_gain":0,"player_choice":"Healed","damage_taken":0,"max_hp_gain":0,"max_hp_loss":0,"event_name":"The Cleric","floor":4,"gold_loss":35},{"damage_healed":0,"gold_gain":0,"player_choice":"Trade","damage_taken":0,"relics_obtained":["SsserpentHead"],"max_hp_gain":0,"max_hp_loss":0,"event_name":"FaceTrader","floor":5,"gold_loss":0},{"damage_healed":0,"gold_gain":0,"player_choice":"Got Potions","damage_taken":0,"max_hp_gain":0,"max_hp_loss":0,"event_name":"Lab","floor":20,"gold_loss":0}],"is_beta":false,"boss_relics":[{"not_picked":["bronze:MakeshiftBattery","Runic Dome"],"picked":"Snecko Eye"}],"items_purged_floors":[],"is_endless":false,"potions_floor_spawned":[2,3,10,13],"killed_by":"Shell Parasite","ascension_level":2}}