{"host":"xp5rvh2jwe2ejyfm","time":1613938043,"event":{"mods":["2.2 Compatiblity","Aspiration","Bard","BaseMod","Beaked The Cultist","Better Altar","Better Match","Better Note","Better Sensory Stone","Better Skull","BetterRewards","Colored Powertips","Conspire","Downfall","GifTheSpireLib","Gremlin Mod","GungeonMod","Hermit","Hubris","Jorbs\u0027s Wanderer Trilogy","Mad Scientist","Minty Spire (QoL Compilation)","Potionbrewer","Quick Restart","Replay The Spire","Robot Space Explorer","Shade Mod","Somnambulant","StSLib","The Bug Knight","The Clintock","The Construct","The Cursed","The Disciple","The Forsaken","The Hierophant","The Marked","The Mystic","The Necromancer","The Runesmith","The Servant 0.9.4","The Valiant","The Witch","TheFirefly","TheVacant","thorton"],"gold_per_floor":[114,133,19,31,44,44,78,78,78,97,124,142,107,124,124,206,206,224,17,31,48,48,48,48,48,48,79,79,79],"floor_reached":28,"language":"ENG","playtime":1168,"items_purged":[],"score":240,"play_id":"b47eaa48-56de-43ec-953e-52493fafa2d1","local_time":"20210221150723","is_ascension_mode":false,"campfire_choices":[{"floor":6,"key":"RECALL"},{"data":"MadScienceMod:LabAccident","floor":8,"key":"SMITH"},{"data":"MadScienceMod:HideBehindJunk","floor":15,"key":"SMITH"},{"floor":23,"key":"REST"},{"data":"MadScienceMod:MinatureWeapons","floor":25,"key":"SMITH"}],"circlet_count":0,"master_deck":["MadScienceMod:Strike_MadScience","MadScienceMod:Strike_MadScience","MadScienceMod:Strike_MadScience","MadScienceMod:Strike_MadScience","MadScienceMod:Defend_MadScience","MadScienceMod:Defend_MadScience","MadScienceMod:Defend_MadScience","MadScienceMod:Defend_MadScience","MadScienceMod:PoweredStrike","MadScienceMod:HideBehindJunk+1","MadScienceMod:MinatureWeapons+1","MadScienceMod:AcidSpray","Metamorphosis","MadScienceMod:LightOnFire","MadScienceMod:LabAccident+1","MadScienceMod:FragmentationGrenade","MadScienceMod:FlameCannon","MadScienceMod:Refuel","MadScienceMod:RecyclingStation","MadScienceMod:RecyclingStation","MadScienceMod:Probe","MadScienceMod:OilDrum","MadScienceMod:MinatureWeapons","MadScienceMod:FragmentationGrenade","MadScienceMod:Weaponize","MadScienceMod:Generator","MadScienceMod:MechanicalClaw","MadScienceMod:PowerArmor","MadScienceMod:GattlingGun","MadScienceMod:GattlingGun","Impatience","MadScienceMod:LightOnFire","MadScienceMod:AutoStrike","MadScienceMod:AssemblyLine+1"],"relics":["MadScienceMod:FuelTank","Archangels Feather","Replay:Bronze Core","Lee\u0027s Waffle","DemoMod:MonsterBlood","theForsaken:Gavel","conspire:SlowCooker","conspire:InfiniteJournal","Prayer Wheel"],"acts_visited":["Exordium","TheCity"],"potions_floor_usage":[5,16,16],"damage_taken":[{"damage":15,"enemies":"Cultist","floor":1,"turns":4},{"damage":11,"enemies":"Jaw Worm","floor":2,"turns":3},{"damage":7,"enemies":"Small Slimes","floor":4,"turns":3},{"damage":19,"enemies":"Exordium Wildlife","floor":5,"turns":4},{"damage":17,"enemies":"Gremlin Nob","floor":7,"turns":4},{"damage":0,"enemies":"2 Fungi Beasts","floor":10,"turns":1},{"damage":8,"enemies":"3 Louse","floor":12,"turns":2},{"damage":21,"enemies":"Gremlin Gang","floor":14,"turns":3},{"damage":46,"enemies":"Hexaghost","floor":16,"turns":6},{"damage":22,"enemies":"Spheric Guardian","floor":18,"turns":5},{"damage":13,"enemies":"Chosen","floor":20,"turns":6},{"damage":21,"enemies":"3 Cultists","floor":21,"turns":5},{"damage":63,"enemies":"Slavers","floor":27,"turns":5},{"damage":16,"enemies":"Centurion and Healer","floor":28,"turns":3}],"seed_played":"-5521755841800221960","potions_obtained":[{"floor":4,"key":"potionbrewer:NoxiousPotion"},{"floor":5,"key":"SpeedPotion"},{"floor":12,"key":"champ:CounterPotion"},{"floor":14,"key":"Dexterity Potion"},{"floor":27,"key":"sneckomod:MuddlingPotion"}],"is_trial":false,"path_per_floor":["M","M","$","M","M","R","E","R","T","M","T","M","?","M","R","B",null,"M","$","M","M","?","R","?","R","T","E","M"],"character_chosen":"MAD_SCIENTIST","items_purchased":["MadScienceMod:MinatureWeapons","Metamorphosis","MadScienceMod:LabAccident","Lee\u0027s Waffle","MadScienceMod:Refuel","MadScienceMod:RecyclingStation","MadScienceMod:PowerArmor","MadScienceMod:GattlingGun","Impatience"],"campfire_rested":1,"item_purchase_floors":[0,0,0,0,3,3,19,19,19],"current_hp_per_floor":[67,62,62,61,50,50,48,48,48,60,60,60,82,68,68,38,89,67,67,62,45,45,71,71,71,71,12,0,0],"gold":79,"neow_bonus":"","is_daily":false,"chose_seed":false,"campfire_upgraded":3,"win_rate":0.0,"timestamp":1613938043,"path_taken":["M","M","$","M","M","R","E","R","T","M","?","?","?","M","R","BOSS","M","$","M","M","?","R","?","R","T","E","M"],"items_purchased_type":["Card","Card","Card","Relic","Card","Card","Card","Card","Card"],"build_version":"2020-12-22","purchased_purges":0,"victory":false,"max_hp_per_floor":[82,82,82,82,82,82,89,89,89,89,89,89,89,89,89,89,89,89,89,89,89,89,89,89,89,89,89,89,89],"card_choices":[{"not_picked":["MadScienceMod:ShrinkRay","MadScienceMod:BoxOfScraps"],"picked":"MadScienceMod:FragmentationGrenade","floor":1},{"not_picked":["MadScienceMod:Strafe","MadScienceMod:JunkLaser"],"picked":"MadScienceMod:FlameCannon","floor":2},{"not_picked":["MadScienceMod:EnergyBarrier","MadScienceMod:FlameCannon"],"picked":"MadScienceMod:RecyclingStation","floor":4},{"not_picked":["MadScienceMod:Sprocket","MadScienceMod:Detonate"],"picked":"MadScienceMod:Probe","floor":5},{"not_picked":["MadScienceMod:ShrinkRay","MadScienceMod:AntimatterBomb"],"picked":"MadScienceMod:OilDrum","floor":7},{"not_picked":["MadScienceMod:BandageBot","MadScienceMod:AntimatterBomb"],"picked":"MadScienceMod:MinatureWeapons","floor":10},{"not_picked":["MadScienceMod:FumeBlast","MadScienceMod:Detonate"],"picked":"MadScienceMod:FragmentationGrenade","floor":12},{"not_picked":["MadScienceMod:ShrinkRay","MadScienceMod:Sprocket"],"picked":"MadScienceMod:Weaponize","floor":14},{"not_picked":["MadScienceMod:Postpone","MadScienceMod:CondenseVapors"],"picked":"MadScienceMod:Generator","floor":16},{"not_picked":["MadScienceMod:LightOnFire","MadScienceMod:Sprocket"],"picked":"MadScienceMod:MechanicalClaw","floor":18},{"not_picked":["MadScienceMod:ShrinkRay+1","MadScienceMod:Sprocket"],"picked":"MadScienceMod:LightOnFire","floor":20},{"not_picked":["MadScienceMod:EnergyBarrier","MadScienceMod:JunkLaser"],"picked":"MadScienceMod:AutoStrike","floor":21},{"not_picked":["MadScienceMod:ShrinkRay","MadScienceMod:Detonate+1"],"picked":"MadScienceMod:AssemblyLine+1","floor":27}],"player_experience":552470,"relics_obtained":[{"floor":7,"key":"DemoMod:MonsterBlood"},{"floor":11,"key":"theForsaken:Gavel"},{"floor":26,"key":"conspire:InfiniteJournal"},{"floor":27,"key":"Prayer Wheel"}],"event_choices":[{"damage_healed":22,"gold_gain":0,"player_choice":"Healed","damage_taken":0,"max_hp_gain":0,"max_hp_loss":0,"event_name":"The Cleric","floor":13,"gold_loss":35},{"damage_healed":0,"gold_gain":0,"player_choice":"Ignored","damage_taken":0,"max_hp_gain":0,"max_hp_loss":0,"event_name":"betterNote:BetterNote","floor":22,"gold_loss":0,"cards_obtained":["hermit:Headshot"]}],"is_beta":false,"boss_relics":[{"not_picked":["hubris:ScarierMask","conspire:RoyalGoblet"],"picked":"conspire:SlowCooker"}],"items_purged_floors":[],"is_endless":false,"potions_floor_spawned":[4,5,12,14,27],"killed_by":"Centurion and Healer","ascension_level":0}}