{"host":"a5lz0e76zb3fcwkm","time":1613904472,"event":{"mods":["AchievementEnabler","BaseMod","Colored Map","Colored Powertips","Minty Spire (QoL Compilation)","StSLib","SuperFastMode"],"gold_per_floor":[364,379,389,389,464,464,478,496,496,496,496,3,3,33,33,106,106,125,125,82,98,116,116,116],"floor_reached":23,"language":"KOR","playtime":426,"items_purged":["Parasite"],"score":382,"play_id":"6f154a14-2fe5-4862-aeba-42518e383fac","local_time":"20210221194752","is_ascension_mode":true,"campfire_choices":[{"data":"Dualcast","floor":6,"key":"SMITH"},{"data":"Hyperbeam","floor":10,"key":"SMITH"},{"data":"Rainbow","floor":15,"key":"SMITH"}],"circlet_count":0,"master_deck":["AscendersBane","Strike_B","Strike_B","Strike_B","Defend_B","Defend_B","Defend_B","Defend_B","Zap","Dualcast+1","FTL","Conserve Battery","Hyperbeam+1","Ball Lightning","Capacitor","Ball Lightning","Rainbow+1","Core Surge","Turbo","Consume","Self Repair"],"relics":["Cracked Core","PreservedInsect","Runic Capacitor","Bag of Preparation","Akabeko","Nuclear Battery"],"acts_visited":["Exordium","TheCity"],"potions_floor_usage":[23,23],"damage_taken":[{"damage":1,"enemies":"Cultist","floor":1,"turns":4},{"damage":7,"enemies":"Jaw Worm","floor":2,"turns":2},{"damage":0,"enemies":"2 Louse","floor":3,"turns":2},{"damage":6,"enemies":"Looter","floor":7,"turns":3},{"damage":1,"enemies":"Blue Slaver","floor":8,"turns":2},{"damage":18,"enemies":"Lagavulin","floor":14,"turns":6},{"damage":17,"enemies":"The Guardian","floor":16,"turns":10},{"damage":0,"enemies":"Spheric Guardian","floor":18,"turns":1},{"damage":6,"enemies":"2 Thieves","floor":21,"turns":2},{"damage":15,"enemies":"Snecko","floor":22,"turns":5},{"damage":15,"enemies":"Slavers","floor":23,"turns":1}],"seed_played":"6663653642846771653","potions_obtained":[{"floor":3,"key":"PotionOfCapacity"},{"floor":8,"key":"SpeedPotion"},{"floor":14,"key":"LiquidMemories"},{"floor":18,"key":"GamblersBrew"}],"is_trial":false,"path_per_floor":["M","M","M","?","?","R","M","M","T","R","?","$","?","E","R","B",null,"M","?","$","M","M","E"],"character_chosen":"DEFECT","items_purchased":["Runic Capacitor","Bag of Preparation","Capacitor","Consume"],"campfire_rested":0,"item_purchase_floors":[12,12,12,20],"current_hp_per_floor":[63,56,56,61,50,50,44,43,43,43,43,43,43,25,25,8,57,57,36,36,30,15,0,0],"gold":116,"neow_bonus":"TWO_FIFTY_GOLD","is_daily":false,"chose_seed":false,"campfire_upgraded":3,"win_rate":0.0,"timestamp":1613904472,"path_taken":["M","M","?","?","?","R","M","M","T","R","?","$","?","E","R","BOSS","M","?","$","M","M","E"],"items_purchased_type":["Relic","Relic","Card","Card"],"build_version":"2020-12-22","purchased_purges":1,"victory":false,"max_hp_per_floor":[71,71,71,76,76,76,76,76,76,76,76,73,73,73,73,73,73,73,78,78,78,78,78,78],"card_choices":[{"not_picked":["Compile Driver","Sweeping Beam"],"picked":"FTL","floor":1},{"not_picked":["Sweeping Beam","Skim"],"picked":"Conserve Battery","floor":2},{"not_picked":["Barrage","Aggregate","Storm"],"picked":"SKIP","floor":3},{"not_picked":["Hello World","Go for the Eyes"],"picked":"Hyperbeam","floor":7},{"not_picked":["Chaos","Gash"],"picked":"Ball Lightning","floor":8},{"not_picked":["Streamline","Storm"],"picked":"Rainbow","floor":14},{"not_picked":["Machine Learning","Amplify"],"picked":"Core Surge","floor":16},{"not_picked":["Darkness","Hologram"],"picked":"Turbo","floor":18},{"not_picked":["Steam Power+1","Stack"],"picked":"Self Repair","floor":21},{"not_picked":["Steam+1","Static Discharge","Stack"],"picked":"SKIP","floor":22}],"player_experience":1913497,"relics_obtained":[{"floor":9,"key":"PreservedInsect"},{"floor":14,"key":"Akabeko"}],"event_choices":[{"damage_healed":0,"gold_gain":0,"player_choice":"Donut","damage_taken":0,"max_hp_gain":5,"max_hp_loss":0,"event_name":"Big Fish","floor":4,"gold_loss":0},{"damage_healed":0,"gold_gain":75,"player_choice":"Gather Gold","damage_taken":11,"max_hp_gain":0,"max_hp_loss":0,"event_name":"World of Goop","floor":5,"gold_loss":0},{"damage_healed":0,"gold_gain":0,"player_choice":"Ignored","damage_taken":0,"max_hp_gain":0,"max_hp_loss":0,"event_name":"Liars Game","floor":11,"gold_loss":0},{"damage_healed":0,"gold_gain":0,"cards_transformed":["Strike_B"],"player_choice":"Change","damage_taken":0,"max_hp_gain":0,"max_hp_loss":0,"event_name":"Living Wall","floor":13,"gold_loss":0,"cards_obtained":["Ball Lightning"]},{"damage_healed":0,"gold_gain":0,"player_choice":"Shed Blood","damage_taken":26,"max_hp_gain":5,"max_hp_loss":0,"event_name":"Forgotten Altar","floor":19,"gold_loss":0}],"is_beta":false,"boss_relics":[{"not_picked":["Inserter","Philosopher\u0027s Stone"],"picked":"Nuclear Battery"}],"items_purged_floors":[12],"is_endless":false,"potions_floor_spawned":[3,8,14,16,18,22],"killed_by":"Slavers","ascension_level":20}}