{"host":"mpysornf1vqkhgbh","time":1613913683,"event":{"mods":["AchievementEnabler","Act Like it!","BaseMod","Better Sensory Stone","Better Silent Start","Colored Map","Friendly Minions","Gensokyo","Googly Eyes","Highlight Path","Magitek Elite","Minty Spire (QoL Compilation)","Quick Restart","Robot Space Explorer","Ruina","Spire Arcade","StSLib","The Cursed","The Disciple","The Druid","The Gatherer","The Hierophant","The Jungle","The Marked","The Saiyan","The Senshi","The Witch","TheBandit","TheVacant","thorton"],"gold_per_floor":[119,69,69,82,93,93,122,122,122,122,122,140,169,188,188,284,284,299,315,76,76,94,94,123,123,123,138,138,150,150,150,150,150,150],"floor_reached":33,"language":"ENG","playtime":1698,"items_purged":["Strike_G"],"score":390,"play_id":"d083d615-22fa-497f-8e4b-a4be00255b8f","local_time":"20210221072123","is_ascension_mode":true,"campfire_choices":[{"data":"Defend_G","floor":6,"key":"SMITH"},{"data":"Sucker Punch","floor":8,"key":"SMITH"},{"data":"Survivor","floor":10,"key":"SMITH"},{"data":"Dagger Spray","floor":15,"key":"SMITH"},{"data":"Envenom","floor":23,"key":"SMITH"},{"data":"Blur","floor":25,"key":"SMITH"},{"data":"Noxious Fumes","floor":28,"key":"SMITH"},{"data":"Defend_G","floor":30,"key":"SMITH"},{"floor":32,"key":"REST"}],"circlet_count":0,"master_deck":["Strike_G","Defend_G+1","Defend_G+1","Defend_G","Defend_G","Survivor+1","Neutralize+1","Blade Dance","Slice","Blade Dance","Sucker Punch+1","Blur+1","Dagger Spray+1","Leg Sweep","Envenom+1","Noxious Fumes+1","Flying Knee+1","ruina:FadedMemories","ruina:Mimicry","Accuracy","Dash","Dodge and Roll+1","Glass Knife","Dodge and Roll+1"],"relics":["Ring of the Snake","Meat on the Bone","Turnip","Blood Vial","MealTicket","Black Star","theSenshi:SuperSailorFukuRelic","Unceasing Top","Paper Crane"],"acts_visited":["Exordium","Exordium"],"potions_floor_usage":[13,14,16,18,18,24],"damage_taken":[{"damage":0,"enemies":"Small Slimes","floor":1,"turns":4},{"damage":0,"enemies":"Jaw Worm","floor":4,"turns":4},{"damage":0,"enemies":"Cultist","floor":5,"turns":4},{"damage":29,"enemies":"3 Sentries","floor":7,"turns":10},{"damage":0,"enemies":"2 Fungi Beasts","floor":12,"turns":3},{"damage":13,"enemies":"Gremlin Nob","floor":13,"turns":5},{"damage":0,"enemies":"3 Louse","floor":14,"turns":1},{"damage":42,"enemies":"Hexaghost","floor":16,"turns":14},{"damage":47,"enemies":"ruina:3_Bats","floor":18,"turns":7},{"damage":0,"enemies":"ruina:2_Scarecrows","floor":19,"turns":6},{"damage":37,"enemies":"ruina:Nos_and_Bat","floor":22,"turns":8},{"damage":24,"enemies":"ruina:ServantOfWrath","floor":24,"turns":6},{"damage":0,"enemies":"ruina:KingOfGreed","floor":27,"turns":7},{"damage":0,"enemies":"ruina:Woodsman","floor":29,"turns":6},{"damage":78,"enemies":"ruina:Red_and_Wolf","floor":33,"turns":14}],"seed_played":"5176386024575088719","potions_obtained":[{"floor":5,"key":"Poison Potion"},{"floor":7,"key":"Explosive Potion"},{"floor":14,"key":"Strength Potion"},{"floor":16,"key":"SkillPotion"},{"floor":18,"key":"Fruit Juice"},{"floor":22,"key":"GhostInAJar"},{"floor":27,"key":"SteroidPotion"}],"is_trial":false,"path_per_floor":["M","?","?","M","M","R","E","R","T","R","?","M","E","M","R","B",null,"M","M","$","?","M","R","E","R","T","M","R","M","R","?","R","B"],"character_chosen":"THE_SILENT","items_purchased":["ruina:FadedMemories"],"campfire_rested":1,"item_purchase_floors":[20],"current_hp_per_floor":[63,63,63,63,63,63,34,34,34,34,16,30,31,45,45,17,57,29,43,58,58,35,35,38,38,38,40,40,55,55,33,55,0,0],"gold":150,"neow_bonus":"UPGRADE_CARD","is_daily":false,"chose_seed":false,"campfire_upgraded":8,"win_rate":0.0,"timestamp":1613913683,"path_taken":["M","?","?","M","?","R","E","R","T","R","?","M","E","M","R","BOSS","M","M","$","?","M","R","E","R","T","M","R","?","R","?","R","BOSS"],"items_purchased_type":["Card"],"build_version":"2020-12-22","purchased_purges":1,"victory":false,"max_hp_per_floor":[70,70,70,70,70,70,70,70,70,70,70,70,70,70,70,70,70,75,75,75,75,75,75,75,75,75,75,75,75,75,75,75,75,75],"card_choices":[{"not_picked":["Distraction","Bane"],"picked":"Blade Dance","floor":1},{"not_picked":["Endless Agony","Well Laid Plans"],"picked":"Slice","floor":4},{"not_picked":["Quick Slash","Calculated Gamble"],"picked":"Blade Dance","floor":5},{"not_picked":["Finisher","Dodge and Roll"],"picked":"Sucker Punch","floor":7},{"not_picked":["Flechettes","Concentrate"],"picked":"Blur","floor":12},{"not_picked":["Underhanded Strike","Deflect"],"picked":"Dagger Spray","floor":13},{"not_picked":["Dagger Throw","Outmaneuver"],"picked":"Leg Sweep","floor":14},{"not_picked":["Malaise","Night Terror"],"picked":"Envenom","floor":16},{"not_picked":["Outmaneuver","Sucker Punch+1"],"picked":"Noxious Fumes","floor":18},{"not_picked":["Dodge and Roll","Dagger Spray+1"],"picked":"Flying Knee+1","floor":19},{"not_picked":["Distraction","Expertise"],"picked":"Accuracy","floor":22},{"not_picked":["Poisoned Stab","Distraction"],"picked":"Dash","floor":24},{"not_picked":["Dagger Throw","Outmaneuver"],"picked":"Dodge and Roll","floor":27},{"not_picked":["Slice+1","Dodge and Roll"],"picked":"Glass Knife","floor":29}],"player_experience":1070506,"relics_obtained":[{"floor":7,"key":"Meat on the Bone"},{"floor":9,"key":"Turnip"},{"floor":13,"key":"MealTicket"},{"floor":24,"key":"theSenshi:SuperSailorFukuRelic"},{"floor":24,"key":"Unceasing Top"},{"floor":26,"key":"Paper Crane"}],"event_choices":[{"cards_removed":["Strike_G"],"damage_healed":0,"gold_gain":0,"player_choice":"Card Removal","damage_taken":0,"max_hp_gain":0,"max_hp_loss":0,"event_name":"The Cleric","floor":2,"gold_loss":50},{"cards_removed":["Strike_G"],"damage_healed":0,"gold_gain":0,"player_choice":"Offered Basic","damage_taken":0,"max_hp_gain":0,"max_hp_loss":0,"event_name":"Bonfire Elementals","floor":3,"gold_loss":0},{"damage_healed":0,"gold_gain":0,"player_choice":"Success","damage_taken":18,"relics_obtained":["Blood Vial"],"max_hp_gain":0,"max_hp_loss":0,"event_name":"Scrap Ooze","floor":11,"gold_loss":0}],"is_beta":false,"boss_relics":[{"not_picked":["Velvet Choker","thethorton:CrushedCigarette"],"picked":"Black Star"}],"items_purged_floors":[20],"is_endless":false,"potions_floor_spawned":[5,7,14,16,18,22,27],"killed_by":"ruina:Red_and_Wolf","ascension_level":9}}