{"host":"lehbxtjrpalkmwwj","time":1613901802,"event":{"mods":["ATMod(°¢èªMod)","Aspiration","BaseMod","Challenge The Spire","Colored Map","Colored Powertips","Conspire","Dota2Spire","Energized Spire","Hunter ÁÔÈË","Minty Spire (QoL Compilation)","Quick Restart","Relic Stats","Reliquary","Replay The Spire","Spicy Shops","StSLib","TestMod","The Cursed","The IronCluck","The Poker Player","Waifu the Spire","Wide Potions","[IsaacMod]ÒÔÈö¼âËþ","¡¾ÒÅÎï¿¨ÅÆ¡¿REMEMod","É³µñ²ÄÖÊ°ümod","óô»ðÖ¸ÄÏ"],"gold_per_floor":[119,83,258,271,271,298,311,311,311,92,253,253,253],"floor_reached":12,"language":"ZHS","playtime":286,"items_purged":["Doubt"],"score":162,"play_id":"c36a1fd6-77c6-471c-a618-3e86e6f88f21","local_time":"20210221180322","is_ascension_mode":true,"campfire_choices":[{"floor":8.0,"key":"RECALL"},{"floor":11,"key":"REST"}],"circlet_count":0,"master_deck":["AscendersBane","TheCursedMod:Strike_TheCursed","TheCursedMod:Strike_TheCursed","TheCursedMod:Strike_TheCursed","TheCursedMod:Strike_TheCursed","TheCursedMod:Defend_TheCursed","TheCursedMod:Defend_TheCursed","TheCursedMod:Defend_TheCursed","TheCursedMod:Defend_TheCursed","TheCursedMod:CursedWand","TheCursedMod:CleanUpWorkshop","TheCursedMod:Dregs","EpicFetus","AT_FamilyPortrait","testmod-Arrangement","TheCursedMod:CursedStaff","TheCursedMod:SurpriseAttack+1","TheCursedMod:CursedShiv","TheCursedMod:CursedMace","TheCursedMod:CursedBoomerang","Parasite","TheCursedMod:SpitefulPlan","TheCursedMod:RapidMovement","TheCursedMod:Wield","TheCursedMod:BlessingInDisguise","TheCursedMod:Stigma","Good Instincts","testmod-Recap"],"relics":["TheCursedMod:BlackMagic101","HushsDoor","AT_ATBox","testmod-TestBox","REME_ComplimentaryCards","PillsDrop","testmod-IWantAll","NeowsBlessing","reliquary:SharkskinSheath","InkBottle","BloodDonationMachine","BargainBundle","Garlic"],"acts_visited":["Exordium"],"potions_floor_usage":[12],"damage_taken":[{"damage":0.0,"enemies":"2 Louse","floor":1.0,"turns":1.0},{"damage":0.0,"enemies":"Jaw Worm","floor":4.0,"turns":1.0},{"damage":0.0,"enemies":"Lagavulin","floor":6.0,"turns":1.0},{"damage":0.0,"enemies":"Cultist","floor":7.0,"turns":2.0},{"damage":4,"enemies":"3 Sentries","floor":12,"turns":4}],"seed_played":"-3129184565874028240","potions_obtained":[{"floor":7.0,"key":"LiquidBronze"}],"is_trial":false,"path_per_floor":["M","$","?","M","?","E","M","R","T","$","R","E"],"character_chosen":"THE_CURSED","items_purchased":["TheCursedMod:SurpriseAttack+1","BloodDonationMachine","BargainBundle","TheCursedMod:SpitefulPlan","TheCursedMod:RapidMovement","TheCursedMod:Wield","TheCursedMod:BlessingInDisguise","TheCursedMod:Stigma","Good Instincts","testmod-Recap","Garlic","BlessingOfTheForge"],"campfire_rested":1,"item_purchase_floors":[2,10,10,10,10,10,10,10,10,10,10,10],"current_hp_per_floor":[68,68,68,68,53,53,53,53,53,10,11,7,7],"gold":253,"neow_bonus":"THREE_ENEMY_KILL","is_daily":false,"chose_seed":false,"campfire_upgraded":0,"win_rate":0.0,"timestamp":1613901802,"path_taken":["M","$","?","?","?","E","M","R","T","$","R","E"],"items_purchased_type":["Card","Relic","Relic","Card","Card","Card","Card","Card","Card","Card","Relic","Potion"],"build_version":"2020-12-22","purchased_purges":1,"victory":false,"max_hp_per_floor":[75,75,75,75,75,75,75,75,75,75,75,75,75],"relic_stats":{"counters":[5,9],"obtain_stats":[{"KeepersGift":0,"TheCursedMod:BlackMagic101":0,"BargainBundle":10,"AT_ATBox":0,"testmod-TestBox":0,"NeowsBlessing":0,"testmod-IWantAll":0,"PillsDrop":0,"Garlic":10,"HushsDoor":0,"InkBottle":6,"REME_ComplimentaryCards":0,"reliquary:SharkskinSheath":5,"BloodDonationMachine":10},{"KeepersGift":0,"TheCursedMod:BlackMagic101":0,"BargainBundle":4,"AT_ATBox":0,"testmod-TestBox":0,"NeowsBlessing":0,"testmod-IWantAll":0,"PillsDrop":0,"Garlic":4,"HushsDoor":0,"InkBottle":3,"REME_ComplimentaryCards":0,"reliquary:SharkskinSheath":2,"BloodDonationMachine":4},{"KeepersGift":0,"TheCursedMod:BlackMagic101":0,"BargainBundle":5,"AT_ATBox":0,"testmod-TestBox":0,"NeowsBlessing":0,"testmod-IWantAll":0,"PillsDrop":0,"Garlic":5,"HushsDoor":0,"InkBottle":3,"REME_ComplimentaryCards":0,"reliquary:SharkskinSheath":2,"BloodDonationMachine":5}],"InkBottle":[1]},"card_choices":[{"not_picked":[],"picked":"EpicFetus","floor":0.0},{"not_picked":["TheCursedMod:CircleOfCorruption","TheCursedMod:SaltUponWound"],"picked":"TheCursedMod:CursedStaff","floor":1.0},{"not_picked":["TheCursedMod:WearCloak","TheCursedMod:SpitefulStrike"],"picked":"TheCursedMod:CursedShiv","floor":4.0},{"not_picked":["TheCursedMod:SpitefulPray","TheCursedMod:Stigma"],"picked":"TheCursedMod:CursedMace","floor":6.0},{"not_picked":["TheCursedMod:CursedShiv","TheCursedMod:Stretching"],"picked":"TheCursedMod:CursedBoomerang","floor":7.0}],"player_experience":202932,"relics_obtained":[{"floor":6.0,"key":"InkBottle"}],"event_choices":[{"damage_healed":0.0,"max_hp_gain":0.0,"max_hp_loss":0.0,"gold_gain":175.0,"event_name":"Liars Game","player_choice":"AGREE","floor":3.0,"gold_loss":0.0,"damage_taken":0.0,"cards_obtained":["Doubt"]}],"is_beta":false,"boss_relics":[],"items_purged_floors":[10],"is_endless":false,"potions_floor_spawned":[7],"killed_by":"3 Sentries","ascension_level":12}}