{"host":"u9h06qdlnp3wgzsw","time":1613872616,"event":{"mods":["Act Like it!","BaseMod","Conspire","Curses Come First","Downfall","Hallownest","Hermit","Hubris","Minty Spire (QoL Compilation)","Quick Restart","Rare Cards Sparkle","Reliquary","Replay The Spire","Shop Mod","StSLib","The Disciple","The Hierophant","The Servant 0.9.4"],"gold_per_floor":[217,257,257,31,79,107,107,141,165,165,177,194,194,9,9,107,107,7,17,37,37,37],"floor_reached":21,"language":"ENG","playtime":1311,"items_purged":["ReplayTheSpireMod:Splinters"],"score":286,"play_id":"7c1f93f1-572f-4c16-8e68-73668f32071f","local_time":"20210220205656","is_ascension_mode":true,"campfire_choices":[{"data":"ReplayTheSpireMod:From All Sides","floor":7,"key":"SMITH"},{"floor":10,"key":"REST"},{"floor":15,"key":"REST"}],"circlet_count":0,"master_deck":["Strike_G","Strike_G","Strike_G","Strike_G+1","Strike_G","Defend_G","Defend_G","Defend_G","Defend_G","Defend_G","Survivor","Neutralize","Masterful Stab+1","SwitchConfidence","ReplayTheSpireMod:From All Sides+1","Poisoned Stab","Footwork","Footwork","Burst","Footwork","Riddle With Holes","Replay:Bag of Tricks"],"relics":["Ring of the Snake","The Courier","ReplayTheSpireMod:Ring of Addiction","Ring of Fangs","hubris:EmptyBottle","SacredBark","Potion Belt","Replay:Wax Seal","Question Card","hubris:MysteriousPyramids","Gremlin Food","GremlinMask","MerchantsRug"],"acts_visited":["Exordium","TheCity"],"potions_floor_usage":[6,6,6,6,6,6,16,16,16,16,18],"damage_taken":[{"damage":0,"enemies":"2 Louse","floor":1,"turns":3},{"damage":0,"enemies":"3 Sentries","floor":6,"turns":1},{"damage":40,"enemies":"Gremlin Nob","floor":8,"turns":5},{"damage":1,"enemies":"Jaw Worm","floor":11,"turns":3},{"damage":2,"enemies":"Small Slimes","floor":12,"turns":3},{"damage":14,"enemies":"Hexaghost","floor":16,"turns":12},{"damage":23,"enemies":"3 Byrds","floor":18,"turns":4},{"damage":31,"enemies":"Shell Parasite","floor":19,"turns":10},{"damage":1,"enemies":"conspire:HollyBat","floor":20,"turns":12},{"damage":4,"enemies":"Shelled Parasite and Fungi","floor":21,"turns":2}],"seed_played":"-1158242549387191753","potions_obtained":[{"floor":2,"key":"Guardian:BlockOnCardUsePotion"},{"floor":3,"key":"SteroidPotion"},{"floor":3,"key":"AttackPotion"},{"floor":6,"key":"SmokeBomb"},{"floor":11,"key":"champ:CounterPotion"}],"is_trial":false,"path_per_floor":["M","?","?","$","T","E","R","E","T","R","M","M","?","$","R","B",null,"M","M","M","M"],"character_chosen":"THE_SILENT","items_purchased":["Potion Belt","Strength Potion","MerchantsRug","Burst","Footwork","Riddle With Holes"],"campfire_rested":2,"item_purchase_floors":[4,4,14,14,14,14],"current_hp_per_floor":[63,63,63,63,63,63,63,23,23,43,42,40,40,40,59,45,59,36,5,4,0,0],"gold":37,"neow_bonus":"HUNDRED_GOLD","is_daily":false,"chose_seed":false,"campfire_upgraded":1,"win_rate":0.0,"timestamp":1613872616,"path_taken":["M","?","?","$","?","E","R","E","T","R","M","?","?","$","R","BOSS","M","M","?","M"],"items_purchased_type":["Relic","Potion","Relic","Card","Card","Card"],"build_version":"2020-12-22","purchased_purges":1,"victory":false,"max_hp_per_floor":[70,70,70,70,70,70,70,70,70,68,68,68,66,66,66,64,64,64,64,64,64,64],"card_choices":[{"not_picked":["Slice","Predator"],"picked":"Masterful Stab","floor":1},{"not_picked":["Leg Sweep","Cloak And Dagger"],"picked":"ReplayTheSpireMod:From All Sides","floor":6},{"not_picked":["Backflip","Outmaneuver","Underhanded Strike"],"picked":"Poisoned Stab","floor":8},{"not_picked":["Sucker Punch","Deadly Poison","hubris:TrickCloak"],"picked":"Footwork","floor":11},{"not_picked":["PiercingWail","ReplayTheSpireMod:Exploit Weakness","Deflect"],"picked":"Footwork","floor":12},{"not_picked":["Envenom","Storm of Steel","Adrenaline"],"picked":"Replay:Bag of Tricks","floor":16},{"not_picked":["Poisoned Stab","Riddle With Holes","Flying Knee","Blade Dance"],"picked":"SKIP","floor":19},{"not_picked":["Terror","ReplayTheSpireMod:Shiv Toss","PiercingWail","Prepared+1"],"picked":"SKIP","floor":20}],"player_experience":1084992,"relics_obtained":[{"floor":2,"key":"The Courier"},{"floor":3,"key":"ReplayTheSpireMod:Ring of Addiction"},{"floor":3,"key":"Ring of Fangs"},{"floor":3,"key":"hubris:EmptyBottle"},{"floor":3,"key":"SacredBark"},{"floor":5,"key":"Replay:Wax Seal"},{"floor":6,"key":"Question Card"},{"floor":8,"key":"hubris:MysteriousPyramids"},{"floor":9,"key":"Gremlin Food"}],"event_choices":[{"damage_healed":0,"gold_gain":0,"player_choice":"Trade","damage_taken":0,"relics_obtained":["GremlinMask"],"max_hp_gain":0,"max_hp_loss":0,"event_name":"FaceTrader","floor":13,"gold_loss":0}],"is_beta":false,"boss_relics":[{"not_picked":["Painkiller Herb","Runic Pyramid","Replay:Wanted Poster"]}],"items_purged_floors":[4],"is_endless":false,"potions_floor_spawned":[6,11],"killed_by":"Shelled Parasite and Fungi","ascension_level":7}}