{"host":"uhi6g4fgvyietct9","time":1613881732,"event":{"mods":["AchievementEnabler","BaseMod","Colored Map","Colored Powertips","Minty Spire (QoL Compilation)","StSLib","SuperFastMode"],"gold_per_floor":[116,116,66,66,84,84,117,117,141,141,181,181,195,215,215,340,403,419,419,249,264,94,125,125,125,125,125,150,173,173,196,196,325,325,343,367,367,69,83,122,455,455,455,455,46,58,74,102,102,102],"floor_reached":51,"language":"KOR","playtime":3690,"items_purged":["Strike_G","Injury"],"score":1225,"play_id":"11169bb5-4eff-4d39-acd0-8db17c2e4f93","local_time":"20210221132852","is_ascension_mode":true,"campfire_choices":[{"data":"Infinite Blades","floor":6.0,"key":"SMITH"},{"data":"Blade Dance","floor":8.0,"key":"SMITH"},{"floor":12.0,"key":"REST"},{"data":"Blade Dance","floor":15.0,"key":"SMITH"},{"data":"After Image","floor":27.0,"key":"SMITH"},{"floor":30.0,"key":"REST"},{"data":"Noxious Fumes","floor":32.0,"key":"SMITH"},{"floor":44,"key":"REST"},{"floor":49,"key":"REST"}],"circlet_count":0,"master_deck":["AscendersBane","Strike_G+1","Defend_G+1","Defend_G+1","Defend_G+1","Defend_G+1","Survivor","Neutralize","Blade Dance+1","Infinite Blades+1","Caltrops","Cloak And Dagger","Backflip","Blade Dance+1","After Image+1","Noxious Fumes+1","PiercingWail","Well Laid Plans","Slice+1","Acrobatics","Adrenaline","Bane+1","Noxious Fumes","Prepared","Storm of Steel","Slice+1","Blind","Infinite Blades+1","Noxious Fumes+1"],"relics":["Ring of the Serpent","NeowsBlessing","War Paint","Vajra","Bottled Tornado","Tiny House","Lantern","Bag of Marbles","Art of War","Blood Vial","Molten Egg 2","Meat on the Bone","Boot","The Courier","Oddly Smooth Stone","Happy Flower","Nunchaku"],"acts_visited":["Exordium","TheCity","TheBeyond"],"potions_floor_usage":[39,39,40,45,50,50],"damage_taken":[{"damage":0.0,"enemies":"Jaw Worm","floor":1.0,"turns":1.0},{"damage":0.0,"enemies":"2 Louse","floor":5.0,"turns":1.0},{"damage":0.0,"enemies":"Gremlin Nob","floor":7.0,"turns":1.0},{"damage":12.0,"enemies":"Lagavulin","floor":11.0,"turns":5.0},{"damage":0.0,"enemies":"Small Slimes","floor":13.0,"turns":3.0},{"damage":2.0,"enemies":"Blue Slaver","floor":14.0,"turns":4.0},{"damage":21.0,"enemies":"Hexaghost","floor":16.0,"turns":9.0},{"damage":4.0,"enemies":"3 Byrds","floor":18.0,"turns":4.0},{"damage":0.0,"enemies":"2 Thieves","floor":21.0,"turns":4.0},{"damage":17.0,"enemies":"Book of Stabbing","floor":23.0,"turns":4.0},{"damage":3.0,"enemies":"Chosen and Byrds","floor":28.0,"turns":6.0},{"damage":7.0,"enemies":"Snake Plant","floor":29.0,"turns":6.0},{"damage":11.0,"enemies":"Centurion and Healer","floor":31.0,"turns":7.0},{"damage":55.0,"enemies":"Collector","floor":33.0,"turns":11.0},{"damage":0.0,"enemies":"3 Darklings","floor":35.0,"turns":6.0},{"damage":7,"enemies":"Orb Walker","floor":36,"turns":4},{"damage":0,"enemies":"Jaw Worm Horde","floor":39,"turns":5},{"damage":59,"enemies":"Giant Head","floor":40,"turns":8},{"damage":4,"enemies":"Spire Growth","floor":46,"turns":6},{"damage":6,"enemies":"3 Darklings","floor":47,"turns":5},{"damage":0,"enemies":"Nemesis","floor":48,"turns":7},{"damage":55,"enemies":"Awakened One","floor":50,"turns":17}],"seed_played":"-7155795108341668774","potions_obtained":[{"floor":5.0,"key":"CunningPotion"},{"floor":7.0,"key":"SkillPotion"},{"floor":16.0,"key":"Strength Potion"},{"floor":17.0,"key":"Fruit Juice"},{"floor":18.0,"key":"DuplicationPotion"},{"floor":29.0,"key":"Explosive Potion"},{"floor":31.0,"key":"LiquidMemories"},{"floor":36,"key":"SneckoOil"},{"floor":39,"key":"Poison Potion"},{"floor":46,"key":"PowerPotion"},{"floor":48,"key":"ColorlessPotion"}],"is_trial":false,"path_per_floor":["M","?","?","?","M","R","E","R","T","?","E","R","M","M","R","B",null,"M","?","$","M","$","E","?","?","T","R","M","M","R","M","R","B",null,"M","M","T","$","M","E","?","?","T","R","$","M","M","E","R","B",null],"character_chosen":"THE_SILENT","items_purchased":["PiercingWail","Lantern","Prepared","PowerPotion","Noxious Fumes","SkillPotion","CunningPotion","Slice+1","Oddly Smooth Stone","Fruit Juice","Blind","Happy Flower"],"campfire_rested":4,"item_purchase_floors":[20,20,22,22,38,38,38,45,45,45,45,45],"current_hp_per_floor":[63,49,49,49,49,49,49,49,49,49,37,58,58,56,56,35,71,67,67,67,67,67,50,50,50,50,50,49,44,68,59,59,6,62,64,59,59,59,61,16,16,16,16,40,45,43,51,53,78,37],"gold":102,"neow_bonus":"THREE_ENEMY_KILL","is_daily":false,"chose_seed":false,"campfire_upgraded":5,"win_rate":0.0,"timestamp":1613881732,"path_taken":["M","?","?","?","M","R","E","R","T","?","E","R","M","?","R","BOSS","M","?","$","?","$","E","?","?","T","R","?","M","R","M","R","BOSS","M","M","?","$","M","E","?","?","T","R","$","?","M","E","R","BOSS"],"items_purchased_type":["Card","Relic","Card","Potion","Card","Potion","Potion","Card","Relic","Potion","Card","Relic"],"build_version":"2020-12-22","purchased_purges":2,"victory":true,"max_hp_per_floor":[70,70,70,70,70,70,70,70,70,70,70,70,70,70,70,70,80,80,80,80,80,80,80,80,80,80,80,80,80,80,80,80,80,80,80,80,80,80,80,80,80,80,80,80,85,85,85,85,85,85],"card_choices":[{"not_picked":["Bane","Blur"],"picked":"Blade Dance","floor":1.0},{"not_picked":["Dash","Underhanded Strike"],"picked":"Infinite Blades","floor":5.0},{"not_picked":["Bouncing Flask","Poisoned Stab"],"picked":"Caltrops","floor":7.0},{"not_picked":["Tools of the Trade","Deadly Poison"],"picked":"Backflip","floor":11.0},{"not_picked":["Footwork","Flechettes"],"picked":"Blade Dance","floor":13.0},{"not_picked":["Reflex","Predator","Dagger Throw"],"picked":"SKIP","floor":14.0},{"not_picked":["Grand Finale","Unload"],"picked":"After Image","floor":16.0},{"not_picked":["Flechettes","Flying Knee"],"picked":"Noxious Fumes","floor":17.0},{"not_picked":["Flying Knee","Crippling Poison","Eviscerate"],"picked":"SKIP","floor":18.0},{"not_picked":["Dodge and Roll","Calculated Gamble+1"],"picked":"Well Laid Plans","floor":21.0},{"not_picked":["Dagger Spray+1","Expertise","Blade Dance"],"picked":"SKIP","floor":23.0},{"not_picked":["Deflect","Expertise"],"picked":"Slice+1","floor":28.0},{"not_picked":["Flying Knee+1","PiercingWail+1","Caltrops"],"picked":"SKIP","floor":29.0},{"not_picked":["PiercingWail","Calculated Gamble+1"],"picked":"Acrobatics","floor":31.0},{"not_picked":["Grand Finale+1","Unload+1"],"picked":"Adrenaline","floor":33.0},{"not_picked":["Well Laid Plans+1","Predator+1"],"picked":"Bane+1","floor":35.0},{"not_picked":["Catalyst","Dodge and Roll","Reflex"],"picked":"SKIP","floor":36},{"not_picked":["Noxious Fumes+1","Sucker Punch+1"],"picked":"Prepared","floor":39},{"not_picked":["Dash+1","Choke+1"],"picked":"Storm of Steel","floor":40},{"not_picked":["Skewer+1","Outmaneuver"],"picked":"Infinite Blades+1","floor":46},{"not_picked":["Dodge and Roll","Sucker Punch+1"],"picked":"Noxious Fumes+1","floor":47},{"not_picked":["Catalyst","Dagger Spray+1","Flechettes+1"],"picked":"SKIP","floor":48}],"player_experience":608576,"relics_obtained":[{"floor":7.0,"key":"War Paint"},{"floor":9.0,"key":"Vajra"},{"floor":11.0,"key":"Bottled Tornado"},{"floor":23.0,"key":"Bag of Marbles"},{"floor":26.0,"key":"Molten Egg 2"},{"floor":37,"key":"Meat on the Bone"},{"floor":40,"key":"Boot"},{"floor":43,"key":"The Courier"},{"floor":48,"key":"Nunchaku"}],"event_choices":[{"damage_healed":0.0,"max_hp_gain":0.0,"max_hp_loss":0.0,"gold_gain":0.0,"event_name":"Shining Light","player_choice":"Entered Light","floor":2.0,"gold_loss":0.0,"damage_taken":14.0,"cards_upgraded":["Defend_G","Defend_G"]},{"cards_removed":["Strike_G"],"damage_healed":0.0,"max_hp_gain":0.0,"max_hp_loss":0.0,"gold_gain":0.0,"event_name":"The Cleric","player_choice":"Card Removal","floor":3.0,"gold_loss":50.0,"damage_taken":0.0},{"damage_healed":0.0,"max_hp_gain":0.0,"max_hp_loss":0.0,"gold_gain":0.0,"event_name":"Golden Idol","player_choice":"Take Wound","floor":4.0,"gold_loss":0.0,"damage_taken":0.0,"relics_obtained":["Golden Idol"],"cards_obtained":["Injury"]},{"damage_healed":0.0,"max_hp_gain":0.0,"max_hp_loss":0.0,"gold_gain":0.0,"cards_transformed":["Strike_G"],"event_name":"Living Wall","player_choice":"Change","floor":10.0,"gold_loss":0.0,"damage_taken":0.0,"cards_obtained":["Cloak And Dagger"]},{"cards_removed":["Strike_G"],"damage_healed":0.0,"max_hp_gain":0.0,"max_hp_loss":0.0,"gold_gain":0.0,"event_name":"Purifier","player_choice":"Purged","floor":19.0,"gold_loss":0.0,"damage_taken":0.0},{"damage_healed":0.0,"max_hp_gain":0.0,"max_hp_loss":0.0,"gold_gain":0.0,"event_name":"The Mausoleum","player_choice":"Opened","floor":24.0,"gold_loss":0.0,"damage_taken":0.0,"relics_obtained":["Art of War"]},{"cards_removed":["Prepared"],"damage_healed":0.0,"max_hp_gain":0.0,"max_hp_loss":0.0,"gold_gain":0.0,"event_name":"WeMeetAgain","player_choice":"Gave Card","floor":25.0,"gold_loss":0.0,"damage_taken":0.0,"relics_obtained":["Blood Vial"]},{"damage_healed":0,"gold_gain":333,"player_choice":"Gave Idol","damage_taken":0,"max_hp_gain":0,"max_hp_loss":0,"event_name":"The Moai Head","floor":41,"relics_lost":["Golden Idol"],"gold_loss":0},{"cards_removed":["Defend_G"],"damage_healed":0,"gold_gain":0,"player_choice":"Purged","damage_taken":0,"max_hp_gain":0,"max_hp_loss":0,"event_name":"Purifier","floor":42,"gold_loss":0}],"is_beta":false,"boss_relics":[{"not_picked":["Fusion Hammer","Runic Dome"],"picked":"Tiny House"},{"not_picked":["Philosopher\u0027s Stone","Sozu"],"picked":"Ring of the Serpent"}],"items_purged_floors":[22,38],"is_endless":false,"potions_floor_spawned":[5,7,16,18,29,31,36,39,46,48],"ascension_level":11}}