{"host":"2l5k2wp87eek7qja","time":1613930912,"event":{"mods":["BaseMod","Colored Map","Minty Spire (QoL Compilation)","Relic Stats"],"gold_per_floor":[119,119,137,212,50,76,76,109,177,177,193,207,221,221,221,298,298,309,323,41,57,70,103,153,187,236,253,253,282,295,23,23,99,99,117,135,145,145,164,190,204,237,261,261,286,42,67,81,81,81,81,81,81,28,55,55,55],"floor_reached":56,"language":"ENG","playtime":2234,"items_purged":["Strike_G"],"score":2243,"play_id":"2e14b60f-261f-4808-8bae-0c9ea82a692c","local_time":"20210221200832","is_ascension_mode":true,"campfire_choices":[{"data":"Accuracy","floor":7.0,"key":"SMITH"},{"data":"Cloak And Dagger","floor":10.0,"key":"SMITH"},{"data":"Cloak And Dagger","floor":15.0,"key":"SMITH"},{"data":"Blade Dance","floor":28.0,"key":"SMITH"},{"data":"Blade Dance","floor":32.0,"key":"SMITH"},{"floor":44.0,"key":"RECALL"},{"floor":49.0,"key":"REST"},{"floor":53.0,"key":"REST"}],"circlet_count":0,"master_deck":["AscendersBane","Strike_G","Strike_G","Defend_G","Defend_G","Defend_G","Defend_G","Defend_G","Survivor","Neutralize","Slice","Cloak And Dagger+1","Accuracy+1","Backflip","Glass Knife+1","Cloak And Dagger","Cloak And Dagger+1","Die Die Die+1","Backflip","Blade Dance+1","After Image","Acrobatics+1","Blade Dance+1","Escape Plan","PiercingWail","After Image","Finisher+1","Accuracy+1","Finisher+1","Well Laid Plans+1","Envenom","Acrobatics","PiercingWail+1","Malaise"],"relics":["Ring of the Snake","NeowsBlessing","Anchor","Boot","Bottled Flame","Molten Egg 2","WristBlade","Kunai","Vajra","Omamori","PreservedInsect","Akabeko","Shuriken","Fusion Hammer","Juzu Bracelet","Gremlin Horn","Dream Catcher","Regal Pillow","Pen Nib","Gambling Chip","Mercury Hourglass"],"acts_visited":["Exordium","TheCity","TheBeyond","TheEnding"],"potions_floor_usage":[56,56],"damage_taken":[{"damage":0.0,"enemies":"Small Slimes","floor":1.0,"turns":1.0},{"damage":0.0,"enemies":"Cultist","floor":3.0,"turns":1.0},{"damage":0.0,"enemies":"Gremlin Nob","floor":6.0,"turns":1.0},{"damage":38.0,"enemies":"Lagavulin","floor":8.0,"turns":7.0},{"damage":0.0,"enemies":"Jaw Worm","floor":11.0,"turns":3.0},{"damage":0.0,"enemies":"3 Louse","floor":12.0,"turns":3.0},{"damage":0.0,"enemies":"Lots of Slimes","floor":13.0,"turns":4.0},{"damage":0.0,"enemies":"Slime Boss","floor":16.0,"turns":6.0},{"damage":9.0,"enemies":"Chosen","floor":18.0,"turns":4.0},{"damage":6.0,"enemies":"2 Thieves","floor":19.0,"turns":3.0},{"damage":11.0,"enemies":"Shelled Parasite and Fungi","floor":21.0,"turns":4.0},{"damage":13.0,"enemies":"Cultist and Chosen","floor":22.0,"turns":6.0},{"damage":1.0,"enemies":"Slavers","floor":23.0,"turns":6.0},{"damage":9.0,"enemies":"Book of Stabbing","floor":25.0,"turns":4.0},{"damage":0.0,"enemies":"Centurion and Healer","floor":27.0,"turns":5.0},{"damage":4.0,"enemies":"Slavers","floor":29.0,"turns":3.0},{"damage":0.0,"enemies":"Snake Plant","floor":30.0,"turns":2.0},{"damage":15.0,"enemies":"Collector","floor":33.0,"turns":7.0},{"damage":0.0,"enemies":"Orb Walker","floor":35.0,"turns":1.0},{"damage":0.0,"enemies":"3 Shapes","floor":36.0,"turns":2.0},{"damage":0.0,"enemies":"Spire Growth","floor":37.0,"turns":2.0},{"damage":0.0,"enemies":"Sphere and 2 Shapes","floor":39.0,"turns":1.0},{"damage":0.0,"enemies":"Reptomancer","floor":40.0,"turns":1.0},{"damage":3.0,"enemies":"Writhing Mass","floor":41.0,"turns":3.0},{"damage":0.0,"enemies":"Giant Head","floor":42.0,"turns":4.0},{"damage":27.0,"enemies":"Nemesis","floor":45.0,"turns":5.0},{"damage":0.0,"enemies":"Mind Bloom Boss Battle","floor":47.0,"turns":3.0},{"damage":0.0,"enemies":"4 Shapes","floor":48.0,"turns":2.0},{"damage":20.0,"enemies":"Time Eater","floor":50.0,"turns":7.0},{"damage":11.0,"enemies":"Donu and Deca","floor":51.0,"turns":4.0},{"damage":8.0,"enemies":"Shield and Spear","floor":55.0,"turns":3.0},{"damage":90,"enemies":"The Heart","floor":56,"turns":3}],"seed_played":"-2679267462833867093","potions_obtained":[{"floor":1.0,"key":"AttackPotion"},{"floor":3.0,"key":"FairyPotion"},{"floor":8.0,"key":"FearPotion"},{"floor":11.0,"key":"DuplicationPotion"},{"floor":21.0,"key":"Regen Potion"},{"floor":23.0,"key":"Swift Potion"},{"floor":33.0,"key":"CultistPotion"},{"floor":37.0,"key":"PowerPotion"}],"is_trial":false,"path_per_floor":["M","?","M","?","$","E","R","E","T","R","M","M","M","?","R","B",null,"M","M","$","M","M","E","?","E","T","M","R","E","M","$","R","B",null,"M","M","M","T","M","E","M","E","T","R","E","$","?","M","R","B","B",null,"R","$","E","B"],"character_chosen":"THE_SILENT","items_purchased":["Anchor","Kunai","Shuriken","Pen Nib","PowerPotion"],"campfire_rested":2,"item_purchase_floors":[5,20,31,46,54],"current_hp_per_floor":[59,59,59,48,48,48,48,10,10,10,10,10,10,10,10,10,52,43,37,37,26,13,27,27,18,18,18,18,14,14,14,14,19,54,54,54,54,54,54,54,51,51,51,51,24,24,24,24,58,38,27,56,66,66,58,0,0],"gold":55,"neow_bonus":"THREE_ENEMY_KILL","is_daily":false,"chose_seed":false,"campfire_upgraded":5,"win_rate":0.0,"timestamp":1613930912,"path_taken":["M","?","?","?","$","E","R","E","T","R","M","M","M","?","R","BOSS","M","M","$","?","M","E","?","E","T","?","R","E","?","?","R","BOSS","M","M","?","?","M","E","M","E","T","R","E","$","?","M","R","BOSS","BOSS","R","$","E","BOSS"],"items_purchased_type":["Relic","Relic","Relic","Relic","Potion"],"build_version":"2020-12-22","purchased_purges":1,"victory":false,"max_hp_per_floor":[66,66,66,66,66,66,66,66,66,66,66,66,66,66,66,66,66,66,66,66,66,66,66,66,66,66,66,66,66,66,66,66,66,66,66,66,66,66,66,66,66,66,66,66,66,66,66,66,66,66,66,66,66,66,66,66,66],"relic_stats":{"Regal Pillow":15,"Gremlin Horn":[6,6],"counters":[32,111],"PreservedInsect":357,"Pen Nib":[8],"Juzu Bracelet":0,"Boot":[105],"Mercury Hourglass":[9],"Dream Catcher":2,"Shuriken":[56],"Gambling Chip":[24],"Kunai":[80],"obtain_stats":[{"Regal Pillow":45,"NeowsBlessing":0,"Gremlin Horn":42,"Vajra":23,"PreservedInsect":26,"Pen Nib":46,"Omamori":25,"Juzu Bracelet":40,"Boot":6,"Akabeko":29,"Mercury Hourglass":55,"Anchor":5,"Bottled Flame":8,"Dream Catcher":43,"WristBlade":17,"Shuriken":31,"Gambling Chip":47,"Molten Egg 2":9,"Fusion Hammer":34,"Kunai":20,"Ring of the Snake":0},{"Regal Pillow":26,"NeowsBlessing":0,"Gremlin Horn":25,"Vajra":13,"PreservedInsect":14,"Pen Nib":26,"Omamori":14,"Juzu Bracelet":23,"Boot":3,"Akabeko":16,"Mercury Hourglass":31,"Anchor":2,"Bottled Flame":4,"Dream Catcher":25,"WristBlade":8,"Shuriken":17,"Gambling Chip":27,"Molten Egg 2":4,"Fusion Hammer":18,"Kunai":10,"Ring of the Snake":0},{"Regal Pillow":89,"NeowsBlessing":0,"Gremlin Horn":84,"Vajra":49,"PreservedInsect":53,"Pen Nib":89,"Omamori":53,"Juzu Bracelet":77,"Boot":3,"Akabeko":61,"Mercury Hourglass":108,"Anchor":2,"Bottled Flame":10,"Dream Catcher":84,"WristBlade":26,"Shuriken":63,"Gambling Chip":92,"Molten Egg 2":10,"Fusion Hammer":70,"Kunai":33,"Ring of the Snake":0}],"Ring of the Snake":[64]},"card_choices":[{"not_picked":["Backflip","Prepared"],"picked":"Slice","floor":1.0},{"not_picked":["Calculated Gamble","Bane"],"picked":"Cloak And Dagger","floor":3.0},{"not_picked":["Choke","Well Laid Plans"],"picked":"Accuracy","floor":6.0},{"not_picked":["Underhanded Strike","Well Laid Plans"],"picked":"Backflip","floor":8.0},{"not_picked":["Sucker Punch+1","Flying Knee+1"],"picked":"Glass Knife+1","floor":11.0},{"not_picked":["Expertise","Quick Slash+1"],"picked":"Cloak And Dagger","floor":12.0},{"not_picked":["Dagger Throw+1","Quick Slash+1"],"picked":"Cloak And Dagger","floor":13.0},{"not_picked":["Doppelganger","A Thousand Cuts"],"picked":"Die Die Die+1","floor":16.0},{"not_picked":["Bane+1","Sucker Punch+1"],"picked":"Backflip","floor":18.0},{"not_picked":["Setup","Quick Slash+1"],"picked":"Blade Dance","floor":19.0},{"not_picked":["Dodge and Roll","Slice+1"],"picked":"After Image","floor":21.0},{"not_picked":["Outmaneuver","Dagger Throw+1"],"picked":"Acrobatics+1","floor":22.0},{"not_picked":["Noxious Fumes","Setup"],"picked":"Blade Dance","floor":23.0},{"not_picked":["Predator+1","Catalyst"],"picked":"Escape Plan","floor":25.0},{"not_picked":["Backflip","Poisoned Stab+1","Deadly Poison"],"picked":"SKIP","floor":27.0},{"not_picked":["Flying Knee+1","Noxious Fumes","Quick Slash+1"],"picked":"SKIP","floor":29.0},{"not_picked":["Flechettes+1","Slice+1"],"picked":"PiercingWail","floor":30.0},{"not_picked":["Die Die Die+1","Storm of Steel"],"picked":"After Image","floor":33.0},{"not_picked":["Tactician","Blur"],"picked":"Finisher+1","floor":35.0},{"not_picked":["Sucker Punch+1","Tactician","Dagger Throw+1"],"picked":"SKIP","floor":36.0},{"not_picked":["Sucker Punch+1","Riddle With Holes+1"],"picked":"Accuracy+1","floor":37.0},{"not_picked":["Accuracy","Backflip"],"picked":"Finisher+1","floor":39.0},{"not_picked":["Bouncing Flask","Flying Knee+1"],"picked":"Well Laid Plans+1","floor":40.0},{"not_picked":["Outmaneuver+1","Bane+1","Prepared"],"picked":"SKIP","floor":41.0},{"not_picked":["Poisoned Stab+1","PiercingWail"],"picked":"Envenom","floor":42.0},{"not_picked":["Riddle With Holes+1","All Out Attack+1"],"picked":"Acrobatics","floor":45.0},{"not_picked":["Blade Dance+1","Skewer+1"],"picked":"PiercingWail+1","floor":47.0},{"not_picked":["Deadly Poison","Setup+1","Quick Slash+1"],"picked":"SKIP","floor":48.0},{"not_picked":["Underhanded Strike+1","Tactician"],"picked":"Malaise","floor":55.0}],"player_experience":842094,"relics_obtained":[{"floor":6.0,"key":"Boot"},{"floor":8.0,"key":"Bottled Flame"},{"floor":9.0,"key":"Molten Egg 2"},{"floor":23.0,"key":"Vajra"},{"floor":25.0,"key":"Omamori"},{"floor":26.0,"key":"PreservedInsect"},{"floor":29.0,"key":"Akabeko"},{"floor":40.0,"key":"Juzu Bracelet"},{"floor":42.0,"key":"Gremlin Horn"},{"floor":43.0,"key":"Dream Catcher"},{"floor":45.0,"key":"Regal Pillow"},{"floor":47.0,"key":"Gambling Chip"},{"floor":55.0,"key":"Mercury Hourglass"}],"event_choices":[{"cards_removed":["Strike_G"],"damage_healed":0.0,"max_hp_gain":0.0,"max_hp_loss":0.0,"gold_gain":0.0,"event_name":"Purifier","player_choice":"Purged","floor":2.0,"gold_loss":0.0,"damage_taken":0.0},{"damage_healed":0.0,"max_hp_gain":0.0,"max_hp_loss":0.0,"gold_gain":75.0,"event_name":"World of Goop","player_choice":"Gather Gold","floor":4.0,"gold_loss":0.0,"damage_taken":11.0},{"cards_removed":["Strike_G"],"damage_healed":0.0,"max_hp_gain":0.0,"max_hp_loss":0.0,"gold_gain":0.0,"event_name":"Bonfire Elementals","player_choice":"Offered Basic","floor":14.0,"gold_loss":0.0,"damage_taken":0.0},{"damage_healed":0.0,"max_hp_gain":0.0,"max_hp_loss":0.0,"gold_gain":100.0,"event_name":"The Joust","player_choice":"Bet on Murderer","floor":24.0,"gold_loss":50.0,"damage_taken":0.0},{"damage_healed":0.0,"max_hp_gain":0.0,"max_hp_loss":0.0,"gold_gain":0.0,"event_name":"MindBloom","player_choice":"Fight","floor":47.0,"gold_loss":0.0,"damage_taken":0.0}],"is_beta":false,"boss_relics":[{"not_picked":["Ectoplasm","Tiny House"],"picked":"WristBlade"},{"not_picked":["Velvet Choker","SacredBark"],"picked":"Fusion Hammer"}],"items_purged_floors":[46],"is_endless":false,"potions_floor_spawned":[1,3,8,11,13,21,23,27,33,37,39,40,47],"killed_by":"The Heart","ascension_level":20}}