{"host":"wq0pzln9h9r005f2","time":1613932318,"event":{"mods":["AchievementEnabler","BaseMod","BetterRewards","Googly Eyes","Highlight Path","Minty Spire (QoL Compilation)","Permanent Neow","Quick Restart","Rare Cards Sparkle","Relic Stats","StSLib","SuperFastMode","The IronCluck","egg"],"gold_per_floor":[111,36,48,62,137,467,482,511,511,511,511,526,526,542,542,645,645,660,673,277,277,296,327,327,343,343,368,368,385,385,404,404,508,508,518,530,530,530,530,530,550,601,626,626,366,379,398,414,414,414],"floor_reached":51,"language":"ENG","playtime":1480,"items_purged":["Strike_R","Strike_R"],"score":751,"play_id":"1b0b77e4-3c7f-42de-9d5a-a02b5a6e72f3","local_time":"20210221113158","is_ascension_mode":false,"campfire_choices":[{"floor":11,"key":"REST"},{"data":"Uppercut","floor":15,"key":"SMITH"},{"data":"Shrug It Off","floor":24,"key":"SMITH"},{"data":"Double Tap","floor":28,"key":"SMITH"},{"floor":32,"key":"REST"},{"floor":40,"key":"REST"},{"floor":44,"key":"REST"},{"floor":49,"key":"REST"}],"circlet_count":0,"master_deck":["Strike_R","Strike_R","Defend_R","Defend_R","Defend_R","Bash","Cleave","Shrug It Off+1","Infernal Blade","Uppercut+1","Double Tap+1","Iron Wave+1","Blood for Blood+1","Juggernaut","Clothesline+1","Mayhem","Blood for Blood"],"relics":["Burning Blood","Pen Nib","Old Coin","Omamori","Ancient Tea Set","Snecko Eye","Bag of Marbles","PreservedInsect","Kunai","Mercury Hourglass","Toy Ornithopter","Necronomicon","Fusion Hammer","Pocketwatch","Orichalcum","Bottled Lightning"],"acts_visited":["Exordium","TheCity","TheBeyond"],"potions_floor_usage":[6,6,16,16,27,33,41,50,50,50],"damage_taken":[{"damage":0,"enemies":"Cultist","floor":1,"turns":4},{"damage":0,"enemies":"Small Slimes","floor":3,"turns":2},{"damage":2,"enemies":"2 Louse","floor":4,"turns":3},{"damage":32,"enemies":"Gremlin Nob","floor":6,"turns":4},{"damage":7,"enemies":"Lots of Slimes","floor":7,"turns":4},{"damage":30,"enemies":"3 Sentries","floor":8,"turns":9},{"damage":7,"enemies":"2 Fungi Beasts","floor":12,"turns":3},{"damage":7,"enemies":"Looter","floor":14,"turns":3},{"damage":6,"enemies":"Slime Boss","floor":16,"turns":6},{"damage":12,"enemies":"2 Thieves","floor":18,"turns":3},{"damage":27,"enemies":"3 Byrds","floor":19,"turns":6},{"damage":6,"enemies":"Cultist and Chosen","floor":22,"turns":3},{"damage":18,"enemies":"Book of Stabbing","floor":23,"turns":4},{"damage":3,"enemies":"Centurion and Healer","floor":25,"turns":4},{"damage":0,"enemies":"Gremlin Leader","floor":27,"turns":3},{"damage":0,"enemies":"Snake Plant","floor":29,"turns":2},{"damage":5,"enemies":"Shelled Parasite and Fungi","floor":31,"turns":2},{"damage":59,"enemies":"Automaton","floor":33,"turns":8},{"damage":10,"enemies":"3 Shapes","floor":35,"turns":3},{"damage":13,"enemies":"3 Darklings","floor":36,"turns":3},{"damage":0,"enemies":"Spire Growth","floor":41,"turns":2},{"damage":10,"enemies":"2 Orb Walkers","floor":42,"turns":2},{"damage":7,"enemies":"Sphere and 2 Shapes","floor":46,"turns":4},{"damage":3,"enemies":"Transient","floor":47,"turns":5},{"damage":3,"enemies":"Writhing Mass","floor":48,"turns":2},{"damage":54,"enemies":"Awakened One","floor":50,"turns":8}],"seed_played":"9139103310162941667","potions_obtained":[{"floor":3,"key":"Swift Potion"},{"floor":4,"key":"FearPotion"},{"floor":6,"key":"Energy Potion"},{"floor":12,"key":"SneckoOil"},{"floor":18,"key":"SteroidPotion"},{"floor":22,"key":"LiquidMemories"},{"floor":25,"key":"Explosive Potion"},{"floor":27,"key":"FearPotion"},{"floor":36,"key":"AttackPotion"},{"floor":41,"key":"Fire Potion"}],"is_trial":false,"path_per_floor":["M","$","M","M","?","E","M","E","T","?","R","M","?","M","R","B",null,"M","M","$","?","M","E","R","M","T","E","R","M","?","M","R","B",null,"M","M","?","?","?","R","M","?","T","R","$","M","M","M","R","B",null],"character_chosen":"IRONCLAD","items_purchased":["Bag of Marbles","PreservedInsect","Bottled Lightning"],"campfire_rested":5,"item_purchase_floors":[20,20,45],"current_hp_per_floor":[80,80,80,80,69,43,42,18,18,18,42,41,41,40,40,40,80,74,53,53,53,53,41,41,44,44,50,50,56,40,41,65,17,80,76,69,80,80,80,80,80,76,76,80,80,79,80,80,80,42],"gold":414,"neow_bonus":"RANDOM_COMMON_RELIC","is_daily":false,"chose_seed":false,"campfire_upgraded":3,"win_rate":0.0,"timestamp":1613932318,"path_taken":["M","?","M","M","?","E","M","E","T","?","R","M","?","M","R","BOSS","M","M","$","?","M","E","R","M","T","E","R","?","?","M","R","BOSS","M","M","?","?","?","R","M","?","T","R","$","M","?","M","R","BOSS"],"items_purchased_type":["Relic","Relic","Relic"],"build_version":"2020-12-22","purchased_purges":2,"victory":true,"max_hp_per_floor":[80,80,80,80,80,80,80,80,80,80,80,80,80,80,80,80,80,80,80,80,80,80,80,80,80,80,80,80,80,80,80,80,80,80,80,80,80,80,80,80,80,80,80,80,80,80,80,80,80,80],"relic_stats":{"counters":[26,102],"Snecko Eye":[114,114,119,123],"Pen Nib":[27],"PreservedInsect":86,"Necronomicon":[30],"Kunai":[40],"Orichalcum":[30],"obtain_stats":[{"Pen Nib":0,"PreservedInsect":20,"Omamori":8,"Orichalcum":43,"Ancient Tea Set":9,"Burning Blood":0,"Old Coin":6,"Mercury Hourglass":26,"Snecko Eye":17,"Fusion Hammer":34,"Bag of Marbles":20,"Necronomicon":30,"Kunai":23,"Bottled Lightning":45,"Toy Ornithopter":27,"Pocketwatch":42},{"Pen Nib":0,"PreservedInsect":11,"Omamori":6,"Orichalcum":22,"Ancient Tea Set":6,"Burning Blood":0,"Old Coin":4,"Mercury Hourglass":14,"Snecko Eye":9,"Fusion Hammer":18,"Bag of Marbles":11,"Necronomicon":16,"Kunai":13,"Bottled Lightning":22,"Toy Ornithopter":15,"Pocketwatch":22},{"Pen Nib":0,"PreservedInsect":47,"Omamori":26,"Orichalcum":83,"Ancient Tea Set":26,"Burning Blood":0,"Old Coin":13,"Mercury Hourglass":58,"Snecko Eye":38,"Fusion Hammer":73,"Bag of Marbles":47,"Necronomicon":63,"Kunai":54,"Bottled Lightning":83,"Toy Ornithopter":61,"Pocketwatch":83}],"Burning Blood":129,"Toy Ornithopter":15,"Mercury Hourglass":[198],"Pocketwatch":[6]},"card_choices":[{"not_picked":["True Grit","Sentinel"],"picked":"Cleave","floor":1},{"not_picked":["Flex","Shockwave"],"picked":"Shrug It Off","floor":3},{"not_picked":["Second Wind","Cleave"],"picked":"Infernal Blade","floor":4},{"not_picked":["Shrug It Off","Shockwave","Twin Strike"],"picked":"SKIP","floor":6},{"not_picked":["Pummel","Battle Trance","Demon Form"],"picked":"SKIP","floor":7},{"not_picked":["Wild Strike","Shrug It Off","Iron Wave"],"picked":"SKIP","floor":8},{"not_picked":["Bloodletting","Pommel Strike","Clothesline"],"picked":"SKIP","floor":12},{"not_picked":["Hemokinesis","Rupture","Sword Boomerang"],"picked":"SKIP","floor":14},{"not_picked":["Exhume","Berserk"],"picked":"Double Tap","floor":16},{"not_picked":["True Grit+1","Twin Strike+1","Flex"],"picked":"SKIP","floor":18},{"not_picked":["Clothesline","Disarm+1","Flex"],"picked":"SKIP","floor":19},{"not_picked":["Body Slam+1","Wild Strike"],"picked":"Iron Wave+1","floor":22},{"not_picked":["Rage","Sword Boomerang"],"picked":"Blood for Blood+1","floor":23},{"not_picked":["Burning Pact","Warcry","Pommel Strike"],"picked":"SKIP","floor":25},{"not_picked":["Havoc","Metallicize","Cleave"],"picked":"SKIP","floor":27},{"not_picked":["Twin Strike+1","Seeing Red","Body Slam"],"picked":"SKIP","floor":29},{"not_picked":["Brutality","Shrug It Off","Armaments"],"picked":"SKIP","floor":31},{"not_picked":["Feed","Reaper"],"picked":"Juggernaut","floor":33},{"not_picked":["Warcry+1","Thunderclap"],"picked":"Clothesline+1","floor":35},{"not_picked":["Reckless Charge+1","Warcry+1","Heavy Blade"],"picked":"SKIP","floor":36},{"not_picked":["Purity","Bandage Up"],"picked":"Mayhem","floor":39},{"not_picked":["Intimidate+1","Thunderclap","Shrug It Off+1"],"picked":"SKIP","floor":41},{"not_picked":["Shrug It Off","Body Slam"],"picked":"Blood for Blood","floor":46},{"not_picked":["Reckless Charge","Pommel Strike+1","Armaments+1"],"picked":"SKIP","floor":47},{"not_picked":["Flex+1","Battle Trance","Disarm+1"],"picked":"SKIP","floor":48}],"player_experience":12835,"relics_obtained":[{"floor":6,"key":"Old Coin"},{"floor":8,"key":"Omamori"},{"floor":9,"key":"Ancient Tea Set"},{"floor":23,"key":"Kunai"},{"floor":26,"key":"Mercury Hourglass"},{"floor":27,"key":"Toy Ornithopter"},{"floor":30,"key":"Necronomicon"},{"floor":42,"key":"Pocketwatch"},{"floor":43,"key":"Orichalcum"}],"event_choices":[{"damage_healed":0,"gold_gain":75,"player_choice":"Gather Gold","damage_taken":11,"max_hp_gain":0,"max_hp_loss":0,"event_name":"World of Goop","floor":5,"gold_loss":0},{"damage_healed":0,"gold_gain":0,"player_choice":"Ignored","damage_taken":0,"max_hp_gain":0,"max_hp_loss":0,"event_name":"Shining Light","floor":10,"gold_loss":0},{"damage_healed":0,"gold_gain":0,"cards_transformed":["Defend_R"],"player_choice":"Change","damage_taken":0,"max_hp_gain":0,"max_hp_loss":0,"event_name":"Living Wall","floor":13,"gold_loss":0,"cards_obtained":["Uppercut"]},{"damage_healed":0,"gold_gain":0,"player_choice":"0 cards matched","damage_taken":0,"max_hp_gain":0,"max_hp_loss":0,"event_name":"Match and Keep!","floor":21,"gold_loss":0,"cards_obtained":[]},{"damage_healed":0,"gold_gain":0,"player_choice":"Obtained Book","damage_taken":16,"max_hp_gain":0,"max_hp_loss":0,"event_name":"Cursed Tome","floor":30,"gold_loss":0},{"damage_healed":20,"gold_gain":0,"player_choice":"Writhe","damage_taken":0,"max_hp_gain":0,"max_hp_loss":0,"event_name":"Winding Halls","floor":37,"gold_loss":0,"cards_obtained":["Writhe"]},{"cards_removed":["Strike_R"],"damage_healed":0,"gold_gain":0,"player_choice":"Removed Attack","damage_taken":0,"max_hp_gain":0,"max_hp_loss":0,"event_name":"Falling","floor":38,"gold_loss":0},{"damage_healed":0,"gold_gain":0,"player_choice":"Memory 1","damage_taken":0,"max_hp_gain":0,"max_hp_loss":0,"event_name":"SensoryStone","floor":39,"gold_loss":0},{"damage_healed":0,"gold_gain":0,"player_choice":"Fight","damage_taken":0,"max_hp_gain":0,"max_hp_loss":0,"event_name":"Mysterious Sphere","floor":42,"gold_loss":0}],"is_beta":false,"boss_relics":[{"not_picked":["Sozu","Cursed Key"],"picked":"Snecko Eye"},{"not_picked":["Mark of Pain","SlaversCollar"],"picked":"Fusion Hammer"}],"items_purged_floors":[2,20],"is_endless":false,"potions_floor_spawned":[3,4,6,12,18,22,25,27,36,41,48],"ascension_level":0}}