{"host":"2c84cb4cp1emursg","time":1613944613,"event":{"mods":["Act Like it!","BaseMod","Better Third Choice","Bossed Relics","Downfall","Hermit","Mimic Mod","Minty Spire (QoL Compilation)","Permanent Neow","Shapeshifter Mod","StSLib"],"gold_per_floor":[217,228,247,258,271,306,326,361,361,361,361,536,564,30,30,143,143,141,141,141,36,47,47,82,82,82,82,114,134,166,66,66,188,188,216,216,216,23,23,23,62,62,110,110,125,138,138,155,155,155,155,155,5,48,48],"floor_reached":56,"language":"ENG","playtime":12514,"items_purged":["Doubt","StSShapeShifter:WiltingWrath","StSShapeShifter:ShapeShifter_Strike","StSShapeShifter:ShapeShifter_Strike"],"score":1215,"play_id":"7e0e28ea-15f8-494b-8490-ad006399eb16","local_time":"20210221145653","is_ascension_mode":false,"campfire_choices":[{"data":"StSShapeShifter:Ensconce","floor":11,"key":"SMITH"},{"floor":15,"key":"REST"},{"data":"StSShapeShifter:DiverseSpirit","floor":23,"key":"SMITH"},{"data":"StSShapeShifter:CosmicShifter","floor":25,"key":"SMITH"},{"data":"StSShapeShifter:EntForm","floor":27,"key":"SMITH"},{"data":"StSShapeShifter:PhoenixForm","floor":32,"key":"SMITH"},{"data":"StSShapeShifter:OwlForm","floor":40,"key":"SMITH"},{"data":"StSShapeShifter:WolfForm","floor":42,"key":"SMITH"},{"floor":49,"key":"RECALL"},{"data":"StSShapeShifter:StormGryphonForm","floor":52,"key":"SMITH"}],"circlet_count":0,"master_deck":["StSShapeShifter:ShapeShifter_Strike","StSShapeShifter:ShapeShifter_Strike","StSShapeShifter:ShapeShifter_Defend","StSShapeShifter:ShapeShifter_Defend","StSShapeShifter:ShapeShifter_Defend","StSShapeShifter:OakBlade","StSShapeShifter:Ensconce+1","StSShapeShifter:BarkSkin","StSShapeShifter:MooseForm","StSShapeShifter:EntForm+1","StSShapeShifter:DeepWound","StSShapeShifter:PhoenixForm+1","StSShapeShifter:FoxForm","StSShapeShifter:MysticalSeed","StSShapeShifter:PoisonIvy+1","StSShapeShifter:MysticalSeed","StSShapeShifter:DiverseSpirit+1","StSShapeShifter:PorcupineForm","StSShapeShifter:CosmicShifter+1","StSShapeShifter:RaptorForm","StSShapeShifter:HummingbirdForm+1","StSShapeShifter:BladeOfGrass","StSShapeShifter:PowerShifter","CurseOfTheBell","StSShapeShifter:PantherForm","StSShapeShifter:UnicornForm","StSShapeShifter:OwlForm+1","StSShapeShifter:WolfForm+1","StSShapeShifter:MonkeyForm+1","StSShapeShifter:Sapling+1","StSShapeShifter:StormGryphonForm+1","StSShapeShifter:Sapling+1"],"relics":["StSShapeShifter:AnimalHeart","StSShapeShifter:TheShapeShiftersMagnolia","FossilizedHelix","StSShapeShifter:EmeraldPantherFigurine","Incense Burner","Ice Cream","TungstenRod","ClockworkSouvenir","Coffee Dripper","Akabeko","Bottled Tornado","Calling Bell","Oddly Smooth Stone","Question Card","Bird Faced Urn","Lizard Tail","Bag of Marbles","Slimebound:PreparedRelic","War Paint","StSShapeShifter:AlarmClock"],"acts_visited":["Exordium","TheCity","TheBeyond","TheEnding"],"potions_floor_usage":[3,5,6,7,7,16,24,33,35,50,50],"damage_taken":[{"damage":0,"enemies":"Small Slimes","floor":1,"turns":3},{"damage":3,"enemies":"Jaw Worm","floor":2,"turns":3},{"damage":0,"enemies":"2 Louse","floor":3,"turns":2},{"damage":5,"enemies":"Looter","floor":4,"turns":3},{"damage":26,"enemies":"Exordium Wildlife","floor":5,"turns":9},{"damage":38,"enemies":"Gremlin Nob","floor":6,"turns":6},{"damage":4,"enemies":"Large Slime","floor":7,"turns":10},{"damage":0,"enemies":"Lagavulin","floor":8,"turns":12},{"damage":56,"enemies":"3 Sentries","floor":13,"turns":13},{"damage":42,"enemies":"Hexaghost","floor":16,"turns":10},{"damage":9,"enemies":"2 Thieves","floor":18,"turns":4},{"damage":5,"enemies":"Shell Parasite","floor":22,"turns":5},{"damage":30,"enemies":"3 Cultists","floor":24,"turns":5},{"damage":25,"enemies":"Book of Stabbing","floor":28,"turns":5},{"damage":0,"enemies":"Snecko","floor":29,"turns":5},{"damage":0,"enemies":"Centurion and Healer","floor":30,"turns":7},{"damage":84,"enemies":"Champ","floor":33,"turns":12},{"damage":15,"enemies":"3 Darklings","floor":35,"turns":6},{"damage":35,"enemies":"Nemesis","floor":41,"turns":7},{"damage":0,"enemies":"Orb Walker","floor":45,"turns":3},{"damage":12,"enemies":"4 Shapes","floor":46,"turns":4},{"damage":0,"enemies":"Transient","floor":48,"turns":5},{"damage":85,"enemies":"Time Eater","floor":50,"turns":9},{"damage":37,"enemies":"Shield and Spear","floor":54,"turns":6},{"damage":36,"enemies":"The Heart","floor":55,"turns":9}],"seed_played":"7984668391719831708","potions_obtained":[{"floor":1,"key":"Fire Potion"},{"floor":5,"key":"EntropicBrew"},{"floor":6,"key":"SteroidPotion"},{"floor":13,"key":"ColorlessPotion"},{"floor":18,"key":"DistilledChaos"},{"floor":22,"key":"DuplicationPotion"},{"floor":30,"key":"FearPotion"},{"floor":33,"key":"Dexterity Potion"},{"floor":35,"key":"SmokeBomb"},{"floor":46,"key":"PowerPotion"}],"is_trial":false,"path_per_floor":["M","M","M","M","M","E","M","E","T","?","R","?","E","$","R","B",null,"M","?","?","$","M","R","M","R","T","R","E","M","M","$","R","B",null,"M","?","?","$","?","R","E","R","T","T","M","M","?","M","R","B",null,"R","$","E","B",null],"character_chosen":"SHAPESHIFTER","items_purchased":["TungstenRod","ClockworkSouvenir","StSShapeShifter:DiverseSpirit","StSShapeShifter:PorcupineForm","StSShapeShifter:OwlForm"],"campfire_rested":1,"item_purchase_floors":[14,14,21,21,38],"current_hp_per_floor":[78,75,75,70,44,6,12,22,22,48,48,48,2,2,25,17,78,69,69,55,55,50,50,27,27,27,27,14,23,38,38,38,24,83,77,77,77,77,77,77,53,53,53,53,61,70,63,74,74,12,83,83,83,50,38],"gold":48,"neow_bonus":"HUNDRED_GOLD","is_daily":false,"chose_seed":false,"campfire_upgraded":8,"win_rate":0.0,"timestamp":1613944613,"path_taken":["M","M","M","M","M","E","M","E","T","?","R","?","E","$","R","BOSS","M","?","?","?","M","R","M","R","T","R","E","M","?","$","R","BOSS","M","?","?","$","?","R","E","R","T","?","M","?","?","M","R","BOSS","R","$","E","BOSS"],"items_purchased_type":["Relic","Relic","Card","Card","Card"],"build_version":"2020-12-22","purchased_purges":4,"victory":true,"max_hp_per_floor":[78,78,78,78,78,78,78,78,78,78,78,78,78,78,78,78,78,78,78,83,83,83,83,83,83,83,83,83,83,83,83,83,83,83,83,83,83,83,83,83,83,83,83,83,83,83,83,83,83,83,83,83,83,83,83],"card_choices":[{"not_picked":["StSShapeShifter:Mystical_Branch","StSShapeShifter:FallingLeaves"],"picked":"StSShapeShifter:OakBlade","floor":1},{"not_picked":["StSShapeShifter:SquirrelForm","StSShapeShifter:BladeOfGrass"],"picked":"StSShapeShifter:Ensconce","floor":2},{"not_picked":["StSShapeShifter:FallingLeaves","StSShapeShifter:VineHandcuffs"],"picked":"StSShapeShifter:BarkSkin","floor":3},{"not_picked":["StSShapeShifter:SquirrelForm","StSShapeShifter:Guard"],"picked":"StSShapeShifter:MooseForm","floor":4},{"not_picked":["StSShapeShifter:VileMushroom","StSShapeShifter:BurstingSpore"],"picked":"StSShapeShifter:EntForm","floor":5},{"not_picked":["StSShapeShifter:VileMushroom","StSShapeShifter:Wildfire2","StSShapeShifter:ThornToss"],"picked":"SKIP","floor":6},{"not_picked":["StSShapeShifter:BarkSkin","StSShapeShifter:SunflowerShuriken"],"picked":"StSShapeShifter:DeepWound","floor":7},{"not_picked":["StSShapeShifter:FallingLeaves","StSShapeShifter:SunflowerShuriken"],"picked":"StSShapeShifter:PhoenixForm","floor":8},{"not_picked":["StSShapeShifter:OpportuneSwoop","StSShapeShifter:PoisonIvy"],"picked":"StSShapeShifter:FoxForm","floor":13},{"not_picked":["StSShapeShifter:PhoenixForm","StSShapeShifter:BurstOfLifeEscapeDeath"],"picked":"StSShapeShifter:MysticalSeed","floor":16},{"not_picked":["StSShapeShifter:BloomingSlash","StSShapeShifter:FesteringBite"],"picked":"StSShapeShifter:PoisonIvy","floor":18},{"not_picked":["StSShapeShifter:Evolution","StSShapeShifter:FesteringBite"],"picked":"StSShapeShifter:CosmicShifter","floor":22},{"not_picked":["StSShapeShifter:BladeOfGrass+1","StSShapeShifter:Consume"],"picked":"StSShapeShifter:RaptorForm","floor":24},{"not_picked":["StSShapeShifter:Rest","StSShapeShifter:VileMushroom"],"picked":"StSShapeShifter:HummingbirdForm","floor":28},{"not_picked":["StSShapeShifter:Efflorescence","StSShapeShifter:Maul","StSShapeShifter:Rest+1"],"picked":"SKIP","floor":29},{"not_picked":["StSShapeShifter:Vengeance","StSShapeShifter:BloomingSlash"],"picked":"StSShapeShifter:BladeOfGrass","floor":30},{"not_picked":["StSShapeShifter:Winter","StSShapeShifter:Summer"],"picked":"StSShapeShifter:PowerShifter","floor":33},{"not_picked":["StSShapeShifter:ThornedSkin+1","StSShapeShifter:BulwarkOfDiscovery","StSShapeShifter:Efflorescence+1"],"picked":"StSShapeShifter:PantherForm","floor":35},{"not_picked":["StSShapeShifter:VineHandcuffs","StSShapeShifter:OakBlade+1","StSShapeShifter:WaspSwarmForm"],"picked":"StSShapeShifter:WolfForm","floor":41},{"not_picked":["StSShapeShifter:Bonk","StSShapeShifter:ThornedSkin","StSShapeShifter:Forgiveness"],"picked":"StSShapeShifter:MonkeyForm+1","floor":45},{"not_picked":["StSShapeShifter:BarkSkin","StSShapeShifter:RockSlide","StSShapeShifter:ReplenishingNectar"],"picked":"StSShapeShifter:Sapling+1","floor":46},{"not_picked":["StSShapeShifter:BurstingSpore","StSShapeShifter:BarkSkin","StSShapeShifter:ThornToss","StSShapeShifter:Rest"],"picked":"SKIP","floor":48},{"not_picked":["StSShapeShifter:FlowerShield+1","StSShapeShifter:SunflowerShuriken+1","StSShapeShifter:PorcupineForm+1"],"picked":"StSShapeShifter:Sapling+1","floor":54}],"player_experience":688295,"relics_obtained":[{"floor":6,"key":"FossilizedHelix"},{"floor":8,"key":"StSShapeShifter:EmeraldPantherFigurine"},{"floor":9,"key":"Incense Burner"},{"floor":13,"key":"Ice Cream"},{"floor":18,"key":"Akabeko"},{"floor":28,"key":"Bottled Tornado"},{"floor":34,"key":"Oddly Smooth Stone"},{"floor":34,"key":"Question Card"},{"floor":34,"key":"Bird Faced Urn"},{"floor":41,"key":"Lizard Tail"},{"floor":43,"key":"Bag of Marbles"},{"floor":44,"key":"Slimebound:PreparedRelic"},{"floor":54,"key":"War Paint"},{"floor":54,"key":"StSShapeShifter:AlarmClock"}],"event_choices":[{"damage_healed":26,"gold_gain":0,"player_choice":"Banana","damage_taken":0,"max_hp_gain":0,"max_hp_loss":0,"event_name":"Big Fish","floor":10,"gold_loss":0},{"damage_healed":0,"gold_gain":175,"player_choice":"AGREE","damage_taken":361,"max_hp_gain":0,"max_hp_loss":0,"event_name":"betterThird:BetterSerpent","floor":12,"gold_loss":0},{"damage_healed":0,"gold_gain":0,"cards_transformed":["StSShapeShifter:ShapeShifter_Defend","StSShapeShifter:ShapeShifter_Strike"],"player_choice":"Became Test Subject","damage_taken":0,"max_hp_gain":0,"max_hp_loss":0,"event_name":"Drug Dealer","floor":19,"gold_loss":0,"cards_obtained":["StSShapeShifter:WiltingWrath","StSShapeShifter:MysticalSeed"]},{"damage_healed":0,"gold_gain":0,"player_choice":"Shed Blood","damage_taken":20,"max_hp_gain":5,"max_hp_loss":0,"event_name":"Forgotten Altar","floor":20,"gold_loss":0},{"damage_healed":0,"gold_gain":0,"player_choice":"Ignored","damage_taken":0,"max_hp_gain":0,"max_hp_loss":0,"event_name":"Tomb of Lord Red Mask","floor":37,"gold_loss":0},{"cards_removed":["StSShapeShifter:ShapeShifter_Defend"],"damage_healed":0,"gold_gain":0,"player_choice":"Removed Skill","damage_taken":0,"max_hp_gain":0,"max_hp_loss":0,"event_name":"Falling","floor":39,"gold_loss":0}],"is_beta":false,"boss_relics":[{"not_picked":["Fusion Hammer","Pandora\u0027s Box"],"picked":"Coffee Dripper"},{"not_picked":["Sozu","SacredBark"],"picked":"Calling Bell"}],"items_purged_floors":[14,31,38,53],"is_endless":false,"potions_floor_spawned":[1,5,6,13,18,22,30,33,35,46],"ascension_level":0}}