{"host":"bigao3g8q00k09zy","time":1613928667,"event":{"mods":["BaseMod","Downfall","Hermit","Marisa????????","Minty Spire (QoL Compilation)","StSLib","The Cursed"],"gold_per_floor":[119,119,135,235,253,282,282,298,298,311,34,52,65,65,65,166,166,176,192,37,37,48,48,60,60,60,60,79,97,97,97,97,97,97],"floor_reached":33,"language":"ENG","playtime":2234,"items_purged":["hermit:DeadMansHand"],"score":251,"play_id":"26003798-fe2a-4cf5-a4fc-654cce88b53b","local_time":"20210221123107","is_ascension_mode":false,"campfire_choices":[{"floor":7,"key":"REST"},{"floor":15,"key":"REST"},{"data":"hermit:Determination","floor":23,"key":"SMITH"},{"floor":25,"key":"REST"},{"floor":30,"key":"REST"},{"floor":32,"key":"REST"}],"circlet_count":0,"master_deck":["hermit:Strike_Hermit+1","hermit:Strike_Hermit+1","hermit:Strike_Hermit+1","hermit:Defend_Hermit+1","hermit:Defend_Hermit+1","hermit:Defend_Hermit+1","hermit:Defend_Hermit+1","hermit:Snapshot","hermit:Covet","hermit:Grudge","hermit:Ricochet","hermit:CalledShot","hermit:WideOpen","hermit:FlashPowder","hermit:BlackWind","hermit:Ricochet+1","hermit:TakeAim","hermit:Determination+1","hermit:Gestalt","hermit:Ricochet+1","hermit:Virtue","hermit:EyeOfTheStorm"],"relics":["hermit:Momento","MealTicket","Omamori","Shuriken","Philosopher\u0027s Stone","hermit:Spyglass"],"acts_visited":["Exordium","TheCity"],"potions_floor_usage":[16,16,18,19,33],"damage_taken":[{"damage":2,"enemies":"Jaw Worm","floor":1,"turns":4},{"damage":1,"enemies":"Cultist","floor":3,"turns":3},{"damage":1,"enemies":"2 Louse","floor":5,"turns":3},{"damage":40,"enemies":"Gremlin Nob","floor":6,"turns":5},{"damage":11,"enemies":"Gremlin Gang","floor":8,"turns":4},{"damage":1,"enemies":"Exordium Wildlife","floor":10,"turns":4},{"damage":0,"enemies":"3 Louse","floor":12,"turns":2},{"damage":17,"enemies":"Exordium Thugs","floor":13,"turns":4},{"damage":59,"enemies":"Hexaghost","floor":16,"turns":10},{"damage":17,"enemies":"2 Thieves","floor":18,"turns":4},{"damage":11,"enemies":"Spheric Guardian","floor":19,"turns":3},{"damage":22,"enemies":"Centurion and Healer","floor":22,"turns":8},{"damage":14,"enemies":"Snake Plant","floor":24,"turns":2},{"damage":17,"enemies":"3 Cultists","floor":28,"turns":5},{"damage":23,"enemies":"Centurion and Healer","floor":29,"turns":3},{"damage":78,"enemies":"Collector","floor":33,"turns":7}],"seed_played":"7666977294894639276","potions_obtained":[{"floor":10,"key":"FearPotion"},{"floor":12,"key":"Guardian:BlockOnCardUsePotion"},{"floor":13,"key":"champ:CounterPotion"},{"floor":16,"key":"DistilledChaos"},{"floor":19,"key":"LiquidBronze"},{"floor":28,"key":"PowerPotion"},{"floor":29,"key":"FearPotion"}],"is_trial":false,"path_per_floor":["M","?","M","?","M","E","R","M","T","M","$","M","M","$","R","B",null,"M","M","$","?","M","R","M","R","T","?","M","M","R","?","R","B"],"character_chosen":"HERMIT","items_purchased":["hermit:DeadMansHand","Shuriken","hermit:Determination"],"campfire_rested":5,"item_purchase_floors":[11,11,20],"current_hp_per_floor":[73,73,72,72,71,31,53,42,42,41,56,56,39,54,75,16,75,58,47,62,62,40,40,26,48,48,48,31,8,30,30,52,0,0],"gold":97,"neow_bonus":"THREE_CARDS","is_daily":false,"chose_seed":false,"campfire_upgraded":1,"win_rate":0.0,"timestamp":1613928667,"path_taken":["M","?","?","?","M","E","R","M","T","M","$","M","?","$","R","BOSS","M","M","$","?","?","R","M","R","T","?","M","M","R","?","R","BOSS"],"items_purchased_type":["Card","Relic","Card"],"build_version":"2020-12-22","purchased_purges":1,"victory":false,"max_hp_per_floor":[75,75,75,75,75,75,75,75,75,75,75,75,75,75,75,75,75,75,75,75,75,75,75,75,75,75,75,75,75,75,75,75,75,75],"card_choices":[{"not_picked":["hermit:Scavenge","hermit:Glare"],"picked":"hermit:Grudge","floor":0},{"not_picked":["hermit:TrackingShot","hermit:BodyArmor"],"picked":"hermit:Ricochet","floor":1},{"not_picked":["hermit:Misfire","hermit:Cheat"],"picked":"hermit:CalledShot","floor":3},{"not_picked":["hermit:Manifest","hermit:TrackingShot","hermit:Combo"],"picked":"SKIP","floor":5},{"not_picked":["hermit:Coalescence","hermit:HoleUp"],"picked":"hermit:WideOpen","floor":6},{"not_picked":["hermit:Snipe","hermit:Ricochet"],"picked":"hermit:FlashPowder","floor":8},{"not_picked":["hermit:Desperado","hermit:Glare","hermit:Misfire"],"picked":"SKIP","floor":10},{"not_picked":["hermit:Spite","hermit:EternalForm","hermit:BodyArmor"],"picked":"SKIP","floor":12},{"not_picked":["hermit:BodyArmor","hermit:Misfire","hermit:Headshot"],"picked":"SKIP","floor":13},{"not_picked":["hermit:OverwhelmingPower","hermit:Dissolve"],"picked":"hermit:BlackWind","floor":16},{"not_picked":["hermit:Scavenge","hermit:CursedWeapon"],"picked":"hermit:Ricochet+1","floor":18},{"not_picked":["hermit:Spite","hermit:Ricochet"],"picked":"hermit:TakeAim","floor":19},{"not_picked":["hermit:Misfire","hermit:SprayPray","hermit:Vantage"],"picked":"SKIP","floor":22},{"not_picked":["hermit:Adapt","hermit:HoleUp"],"picked":"hermit:Ricochet+1","floor":24},{"not_picked":["hermit:TrackingShot","hermit:Spite","hermit:Vantage"],"picked":"SKIP","floor":28},{"not_picked":["hermit:Magnum","hermit:Feint"],"picked":"hermit:EyeOfTheStorm","floor":29}],"player_experience":272368,"relics_obtained":[{"floor":6,"key":"MealTicket"},{"floor":9,"key":"Omamori"},{"floor":26,"key":"hermit:Spyglass"}],"event_choices":[{"cards_removed":["hermit:Strike_Hermit"],"damage_healed":0,"gold_gain":0,"player_choice":"Took Card","damage_taken":0,"max_hp_gain":0,"max_hp_loss":0,"event_name":"NoteForYourself","floor":2,"gold_loss":0,"cards_obtained":["Strike_R"]},{"damage_healed":0,"gold_gain":100,"player_choice":"Gold","damage_taken":0,"max_hp_gain":0,"max_hp_loss":0,"event_name":"Wheel of Change","floor":4,"gold_loss":0},{"damage_healed":0,"gold_gain":0,"cards_transformed":["Strike_R"],"player_choice":"Transformed","damage_taken":0,"max_hp_gain":0,"max_hp_loss":0,"event_name":"Transmorgrifier","floor":21,"gold_loss":0,"cards_obtained":["hermit:Gestalt"]},{"damage_healed":0,"gold_gain":0,"player_choice":"Read","damage_taken":0,"max_hp_gain":0,"max_hp_loss":0,"event_name":"The Library","floor":27,"gold_loss":0,"cards_obtained":["hermit:Virtue"]},{"damage_healed":0,"gold_gain":0,"player_choice":"Simplicity","damage_taken":0,"max_hp_gain":0,"max_hp_loss":0,"event_name":"Back to Basics","floor":31,"gold_loss":0,"cards_upgraded":["hermit:Strike_Hermit","hermit:Strike_Hermit","hermit:Strike_Hermit","hermit:Defend_Hermit","hermit:Defend_Hermit","hermit:Defend_Hermit","hermit:Defend_Hermit"]}],"is_beta":false,"boss_relics":[{"not_picked":["bronze:MakeshiftBattery","SacredBark"],"picked":"Philosopher\u0027s Stone"}],"items_purged_floors":[20],"is_endless":false,"potions_floor_spawned":[10,12,13,16,19,28,29],"killed_by":"Collector","ascension_level":0}}