{"host":"vbswmqvkphw5sjbx","time":1613890891,"event":{"mods":["BaseMod","BetterRewards","Downfall","Hermit","Hubris","Infinite Spire","Koishi","Lobotomy","Mari Mod (Legacy)","Mari\u0027s V1 Patch","Marisa????????","Minty Spire (QoL Compilation)","Replay The Spire","SacredBarkPlus","Shade Mod","Spicy Shops","StSLib","The Cursed","The Gatherer","The Judge","The Jungle","The Mystic","The Poker Player","The Runesmith","everything is the same but u backflip on backflip"],"gold_per_floor":[117,117,117,131,142,142,161,190,270,283,38,57,70,86,86,189,189,202,51,51,66,18,18,63,163,187,187,187],"floor_reached":27,"language":"ENG","playtime":1732,"items_purged":[],"score":285,"play_id":"9c6dac2d-cdf7-41f6-983e-d1dcaebf68e6","local_time":"20210220230131","is_ascension_mode":false,"campfire_choices":[{"data":"UpSweep","floor":6,"key":"SMITH"},{"floor":15,"key":"REST"},{"floor":23,"key":"REST"}],"circlet_count":0,"master_deck":["Strike_MRS","Strike_MRS","Strike_MRS","Strike_MRS","Defend_MRS","Defend_MRS","Defend_MRS","Defend_MRS","MasterSpark","UpSweep+1","MilkyWay","PowerUp","Singularity","PowerUp","DarkMatter","DoubleSpark","EnergyFlow","UltimateShortwave","Panacea","PowerUp","MachineGunSpark","MysteriousBeam","OortCloud+1","MilkyWay","WitchOfGreed","DoubleSpark"],"relics":["MiniHakkero","hubris:Icosahedron","hubris:MedicalManual","Kunai","hubris:Stopwatch","Membership Card","hubris:Towel","Vajra","Gremlin Food"],"acts_visited":["Exordium","TheCity"],"potions_floor_usage":[8,12,16,18,24,27],"damage_taken":[{"damage":0,"enemies":"Jaw Worm","floor":1,"turns":3},{"damage":0,"enemies":"2 Louse","floor":4,"turns":2},{"damage":0,"enemies":"Cultist","floor":5,"turns":3},{"damage":12,"enemies":"Large Slime","floor":7,"turns":4},{"damage":11,"enemies":"Lagavulin","floor":8,"turns":4},{"damage":8,"enemies":"3 Louse","floor":10,"turns":3},{"damage":18,"enemies":"Lots of Slimes","floor":12,"turns":4},{"damage":5,"enemies":"Looter","floor":13,"turns":3},{"damage":1,"enemies":"Large Slime","floor":14,"turns":5},{"damage":0,"enemies":"Slime Boss","floor":16,"turns":6},{"damage":35,"enemies":"2 Thieves","floor":18,"turns":3},{"damage":18,"enemies":"3 Byrds","floor":21,"turns":5},{"damage":39,"enemies":"Book of Stabbing","floor":24,"turns":8},{"damage":18,"enemies":"Shelled Parasite and Fungi","floor":27,"turns":2}],"seed_played":"8242669665794909801","potions_obtained":[{"floor":1,"key":"LiquidMemories"},{"floor":4,"key":"ShroomBrew"},{"floor":8,"key":"Adrenaline Potion"},{"floor":10,"key":"hexamod:SoulburnPotion"},{"floor":13,"key":"AttackPotion"},{"floor":21,"key":"EssenceOfSteel"},{"floor":24,"key":"Dexterity Potion"}],"is_trial":false,"path_per_floor":["M","?","?","M","M","R","M","E","T","M","$","M","M","M","R","B",null,"M","$","?","M","$","R","E","?","T","M"],"character_chosen":"MARISA","items_purchased":["UltimateShortwave","Panacea","Membership Card","MilkyWay","WitchOfGreed"],"campfire_rested":2,"item_purchase_floors":[11,11,19,22,22],"current_hp_per_floor":[75,75,75,75,75,75,63,52,52,44,44,26,21,20,42,42,75,40,40,40,22,22,44,5,5,5,0,0],"gold":187,"neow_bonus":"THREE_CARDS","is_daily":false,"chose_seed":false,"campfire_upgraded":1,"win_rate":0.0,"timestamp":1613890891,"path_taken":["M","?","?","M","M","R","M","E","T","M","?","M","?","M","R","BOSS","M","?","?","M","$","R","E","?","T","M"],"items_purchased_type":["Card","Card","Relic","Card","Card"],"build_version":"2020-12-22","purchased_purges":0,"victory":false,"max_hp_per_floor":[75,75,75,75,75,75,75,75,75,75,75,75,75,75,75,75,75,75,75,75,75,75,75,75,75,75,75,75],"card_choices":[{"not_picked":["GalacticHalo","IllusionStar"],"picked":"MilkyWay","floor":0},{"not_picked":["SporeBomb","NonDirectionalLaser"],"picked":"PowerUp","floor":1},{"not_picked":["DeepEcoloBomb","GrandCross"],"picked":"Singularity","floor":4},{"not_picked":["ManaConvection","MagicAbsorber"],"picked":"PowerUp","floor":5},{"not_picked":["WitchOfGreed","Acceleration"],"picked":"DarkMatter","floor":7},{"not_picked":["LuminesStrike","WitchOfGreed"],"picked":"DoubleSpark","floor":8},{"not_picked":["UnstableBomb","StarBarrage"],"picked":"EnergyFlow","floor":10},{"not_picked":["GalacticHalo","MillisecondPulsars"],"picked":"PowerUp","floor":12},{"not_picked":["SporeBomb","NonDirectionalLaser"],"picked":"MachineGunSpark","floor":13},{"not_picked":["Acceleration","StarlightTyphoon","OpenUniverse"],"picked":"SKIP","floor":14},{"not_picked":["SuperPerseids","EventHorizon"],"picked":"MysteriousBeam","floor":18},{"not_picked":["ChargingUp","MagicAbsorber+1"],"picked":"OortCloud+1","floor":21},{"not_picked":["CasketOfStar","AsteroidBelt"],"picked":"DoubleSpark","floor":24}],"player_experience":212392,"relics_obtained":[{"floor":8,"key":"hubris:MedicalManual"},{"floor":9,"key":"Kunai"},{"floor":24,"key":"Vajra"},{"floor":26,"key":"Gremlin Food"}],"event_choices":[{"damage_healed":0,"gold_gain":0,"player_choice":"Ignored","damage_taken":0,"max_hp_gain":0,"max_hp_loss":0,"event_name":"Liars Game","floor":2,"gold_loss":0},{"damage_healed":0,"gold_gain":100,"player_choice":"Pray","damage_taken":0,"max_hp_gain":0,"max_hp_loss":0,"event_name":"Golden Shrine","floor":25,"gold_loss":0}],"is_beta":false,"boss_relics":[{"not_picked":["ReplayTheSpireMod:SealedPack","hubris:CrackedHourglass"],"picked":"hubris:Stopwatch"}],"items_purged_floors":[],"is_endless":false,"potions_floor_spawned":[1,4,8,10,13,21],"killed_by":"Shelled Parasite and Fungi","ascension_level":0}}