{"host":"pheno","time":1613905337,"event":{"mods":["BaseMod","Minty Spire (QoL Compilation)","StSLib","The Marked"],"gold_per_floor":[13,33,33,33,33,33,58,58,58,58,33,65,65,99,99,196,196,216,216,227,227,237,272,272,289,289,289,300,300,327,35,35,136,136,152,187,199,421,421,450,450,482,482,512,551,551,562,895,895,895,895,895,35,60,60],"floor_reached":56,"language":"ZHS","playtime":5270,"items_purged":["theMarked:Strike"],"score":1553,"play_id":"710879f0-4933-4bfa-a93f-724fc0c72cdd","local_time":"20210221190217","is_ascension_mode":true,"campfire_choices":[{"data":"theMarked:SoldierOfQuellstein","floor":6.0,"key":"SMITH"},{"data":"theMarked:ContemptForTheProud","floor":8.0,"key":"SMITH"},{"data":"theMarked:ResourceFulStrike","floor":10.0,"key":"SMITH"},{"floor":15.0,"key":"REST"},{"floor":27.0,"key":"REST"},{"data":"theMarked:Seal","floor":29.0,"key":"SMITH"},{"floor":32.0,"key":"RECALL"},{"data":"theMarked:SelfDefenseTraining","floor":41.0,"key":"SMITH"},{"floor":46.0,"key":"REST"},{"floor":49.0,"key":"REST"},{"data":"theMarked:Toughness","floor":52.0,"key":"SMITH"}],"circlet_count":0,"master_deck":["theMarked:Strike","theMarked:Strike+1","theMarked:Strike","theMarked:Strike","theMarked:Defend","theMarked:Defend","theMarked:Defend+1","theMarked:Defend","theMarked:SoldierOfQuellstein+1","Mayhem+1","theMarked:ElectricStrings","theMarked:ResourceFulStrike+1","theMarked:ContemptForTheProud+1","theMarked:BanishingStrike","theMarked:Convert","theMarked:SelfDefenseTraining+1","theMarked:EternalStudent","theMarked:Improvise+1","theMarked:ChainLightning","theMarked:BanishingWave","theMarked:RepellingDischarge+1","theMarked:Improvise+1","theMarked:BanishingStrike+1","theMarked:Seal+1","theMarked:RogueSparks+1","HandOfGreed","theMarked:Abjuration","theMarked:Reabsorb+1","theMarked:ComboAttacks+1","theMarked:ShockingTouch","theMarked:FavorableWinds","theMarked:BanishingStrike+1","theMarked:SwordAndMagic+1","theMarked:Abjuration","theMarked:Toughness+1","theMarked:Levitate","theMarked:WardOff+1"],"relics":["theMarked:ArtifactOfAir","Dead Branch","Thread and Needle","Bottled Flame","Bottled Tornado","Art of War","SacredBark","Bag of Preparation","Enchiridion","Pear","Eternal Feather","Red Mask","Black Star","Meat on the Bone","Bottled Lightning","Pantograph","Bag of Marbles","Bronze Scales","Ornamental Fan","Old Coin","Kunai","ClockworkSouvenir","Akabeko","Letter Opener","Mercury Hourglass","Sundial"],"acts_visited":["Exordium","TheCity","TheBeyond","TheEnding"],"potions_floor_usage":[55,55],"damage_taken":[{"damage":1.0,"enemies":"Cultist","floor":1.0,"turns":3.0},{"damage":3.0,"enemies":"2 Louse","floor":2.0,"turns":3.0},{"damage":5.0,"enemies":"3 Sentries","floor":7.0,"turns":5.0},{"damage":4.0,"enemies":"Gremlin Nob","floor":12.0,"turns":3.0},{"damage":18.0,"enemies":"3 Sentries","floor":14.0,"turns":5.0},{"damage":9.0,"enemies":"The Guardian","floor":16.0,"turns":10.0},{"damage":3.0,"enemies":"Chosen","floor":18.0,"turns":4.0},{"damage":9.0,"enemies":"Shell Parasite","floor":20.0,"turns":5.0},{"damage":7.0,"enemies":"Snake Plant","floor":22.0,"turns":3.0},{"damage":39.0,"enemies":"Slavers","floor":23.0,"turns":6.0},{"damage":0.0,"enemies":"Centurion and Healer","floor":25.0,"turns":5.0},{"damage":2.0,"enemies":"Snecko","floor":28.0,"turns":3.0},{"damage":24.0,"enemies":"Masked Bandits","floor":30.0,"turns":4.0},{"damage":0.0,"enemies":"Champ","floor":33.0,"turns":7.0},{"damage":17.0,"enemies":"3 Darklings","floor":35.0,"turns":4.0},{"damage":8.0,"enemies":"Orb Walker","floor":36.0,"turns":2.0},{"damage":7.0,"enemies":"Transient","floor":37.0,"turns":5.0},{"damage":34.0,"enemies":"Giant Head","floor":40.0,"turns":8.0},{"damage":29.0,"enemies":"Reptomancer","floor":42.0,"turns":8.0},{"damage":28.0,"enemies":"Nemesis","floor":44.0,"turns":7.0},{"damage":27.0,"enemies":"Sphere and 2 Shapes","floor":45.0,"turns":5.0},{"damage":10.0,"enemies":"Maw","floor":47.0,"turns":6.0},{"damage":33.0,"enemies":"Reptomancer","floor":48.0,"turns":5.0},{"damage":47.0,"enemies":"Time Eater","floor":50.0,"turns":10.0},{"damage":60.0,"enemies":"Shield and Spear","floor":54.0,"turns":6.0},{"damage":120,"enemies":"The Heart","floor":55,"turns":6}],"seed_played":"-7661433205564715080","potions_obtained":[{"floor":2.0,"key":"Explosive Potion"},{"floor":16.0,"key":"Energy Potion"},{"floor":25.0,"key":"Dexterity Potion"},{"floor":28.0,"key":"PowerPotion"},{"floor":30.0,"key":"SpeedPotion"},{"floor":36.0,"key":"PowerPotion"},{"floor":40.0,"key":"Swift Potion"},{"floor":45.0,"key":"Dexterity Potion"},{"floor":48.0,"key":"theMarked:HoverShot"},{"floor":54.0,"key":"theMarked:HoverShot"}],"is_trial":false,"path_per_floor":["M","M","?","?","?","R","E","R","T","R","$","E","?","E","R","B",null,"M","?","M","?","M","E","?","M","T","R","M","R","?","$","R","B",null,"M","M","M","?","?","E","R","E","T","E","M","R","M","E","R","B",null,"R","$","E","B",null],"character_chosen":"THE_DEFAULT","items_purchased":["theMarked:BanishingStrike","HandOfGreed","FairyPotion","ClockworkSouvenir","Akabeko","Letter Opener","CultistPotion","Explosive Potion","theMarked:Levitate"],"campfire_rested":4,"item_purchase_floors":[11,31,31,53,53,53,53,53,53],"current_hp_per_floor":[71,68,68,50,55,55,50,50,50,50,50,46,31,13,36,27,77,74,74,65,49,42,13,13,13,13,51,49,64,40,40,55,55,87,70,62,55,55,87,53,71,54,54,38,23,67,57,36,83,52,87,87,87,39,43],"gold":60,"neow_bonus":"RANDOM_COLORLESS_2","is_daily":false,"chose_seed":false,"campfire_upgraded":6,"win_rate":0.0,"timestamp":1613905337,"path_taken":["M","M","?","?","?","R","E","R","T","R","$","E","?","E","R","BOSS","M","?","?","?","M","E","?","?","T","R","M","R","?","?","R","BOSS","M","M","M","?","?","E","R","E","T","E","M","R","M","E","R","BOSS","R","$","E","BOSS"],"items_purchased_type":["Card","Card","Potion","Relic","Relic","Relic","Potion","Potion","Card"],"build_version":"2020-12-18","purchased_purges":1,"victory":true,"max_hp_per_floor":[72,72,72,72,77,77,77,77,77,77,77,77,77,77,77,77,77,77,77,77,77,77,87,87,87,87,87,87,87,87,87,87,87,87,87,87,87,87,87,87,87,87,87,87,87,87,87,87,87,87,87,87,87,87,87],"card_choices":[{"not_picked":["Secret Weapon","Secret Technique"],"picked":"Mayhem","floor":0.0},{"not_picked":["theMarked:TwofoldDefense","theMarked:RepellingDischarge"],"picked":"theMarked:ElectricStrings","floor":1.0},{"not_picked":["theMarked:MuscleMemory","theMarked:TwofoldDefense"],"picked":"theMarked:ResourceFulStrike","floor":2.0},{"not_picked":["theMarked:ParalyzingBlade","theMarked:Parkour"],"picked":"theMarked:ContemptForTheProud","floor":7.0},{"not_picked":["theMarked:Static","theMarked:Improvise"],"picked":"theMarked:Convert","floor":12.0},{"not_picked":["theMarked:TheMission","theMarked:RepellingDischarge"],"picked":"theMarked:SelfDefenseTraining","floor":14.0},{"not_picked":["theMarked:Snap","theMarked:MagusForm"],"picked":"theMarked:EternalStudent","floor":16.0},{"not_picked":["theMarked:SwordAndMagic","theMarked:Maelstrom"],"picked":"theMarked:Improvise+1","floor":18.0},{"not_picked":["theMarked:EmpowerWeapon","theMarked:EternalStudent"],"picked":"theMarked:ChainLightning","floor":20.0},{"not_picked":["theMarked:HeightenedSenses","theMarked:EmpowerWeapon"],"picked":"theMarked:BanishingWave","floor":22.0},{"not_picked":["theMarked:ElectricStrings","theMarked:WardOff"],"picked":"theMarked:RepellingDischarge+1","floor":23.0},{"not_picked":["theMarked:EmpowerWeapon","theMarked:GodGivenPower"],"picked":"theMarked:BanishingStrike+1","floor":25.0},{"not_picked":["theMarked:Improvise","theMarked:Opportunist"],"picked":"theMarked:Seal","floor":28.0},{"not_picked":["theMarked:RepellingDischarge","theMarked:PowerFlow+1"],"picked":"theMarked:RogueSparks+1","floor":30.0},{"not_picked":["theMarked:UnarmedFury","theMarked:Defy"],"picked":"theMarked:Abjuration","floor":33.0},{"not_picked":["theMarked:Memento","theMarked:WardOff"],"picked":"theMarked:Reabsorb+1","floor":35.0},{"not_picked":["theMarked:Parkour","theMarked:BanishingWave"],"picked":"theMarked:ComboAttacks+1","floor":36.0},{"not_picked":["theMarked:Parkour","theMarked:Improvise","theMarked:EmpowerWeapon"],"picked":"SKIP","floor":37.0},{"not_picked":["theMarked:WastefulAttack+1","theMarked:ResourceFulStrike"],"picked":"theMarked:ShockingTouch","floor":40.0},{"not_picked":["theMarked:WardOff+1","theMarked:Frustration"],"picked":"theMarked:FavorableWinds","floor":42.0},{"not_picked":["theMarked:StartUp","theMarked:Frustration"],"picked":"theMarked:BanishingStrike+1","floor":44.0},{"not_picked":["theMarked:Improvise","theMarked:RepellingDischarge"],"picked":"theMarked:SwordAndMagic+1","floor":45.0},{"not_picked":["theMarked:PowerFlow","theMarked:ElectricStrings+1"],"picked":"theMarked:Abjuration","floor":47.0},{"not_picked":["theMarked:TwofoldDefense","theMarked:EnhanceMovement+1"],"picked":"theMarked:Toughness","floor":48.0},{"not_picked":["theMarked:HeightenedSenses+1","theMarked:Reabsorb"],"picked":"theMarked:WardOff+1","floor":54.0}],"player_experience":721055,"relics_obtained":[{"floor":7.0,"key":"Thread and Needle"},{"floor":9.0,"key":"Bottled Flame"},{"floor":12.0,"key":"Bottled Tornado"},{"floor":14.0,"key":"Art of War"},{"floor":21.0,"key":"Enchiridion"},{"floor":23.0,"key":"Pear"},{"floor":26.0,"key":"Eternal Feather"},{"floor":30.0,"key":"Red Mask"},{"floor":40.0,"key":"Meat on the Bone"},{"floor":40.0,"key":"Bottled Lightning"},{"floor":42.0,"key":"Pantograph"},{"floor":42.0,"key":"Bag of Marbles"},{"floor":44.0,"key":"Bronze Scales"},{"floor":44.0,"key":"Ornamental Fan"},{"floor":48.0,"key":"Old Coin"},{"floor":48.0,"key":"Kunai"},{"floor":54.0,"key":"Mercury Hourglass"},{"floor":54.0,"key":"Sundial"}],"event_choices":[{"damage_healed":0.0,"max_hp_gain":0.0,"max_hp_loss":0.0,"gold_gain":0.0,"event_name":"Living Wall","player_choice":"Grow","floor":3.0,"gold_loss":0.0,"damage_taken":0.0,"cards_upgraded":["Mayhem"]},{"damage_healed":0.0,"max_hp_gain":0.0,"max_hp_loss":0.0,"gold_gain":0.0,"event_name":"Scrap Ooze","player_choice":"Success","floor":4.0,"gold_loss":0.0,"damage_taken":18.0,"relics_obtained":["Dead Branch"]},{"damage_healed":0.0,"max_hp_gain":5.0,"max_hp_loss":0.0,"gold_gain":0.0,"event_name":"Big Fish","player_choice":"Donut","floor":5.0,"gold_loss":0.0,"damage_taken":0.0},{"damage_healed":0.0,"max_hp_gain":0.0,"max_hp_loss":0.0,"gold_gain":0.0,"event_name":"Shining Light","player_choice":"Entered Light","floor":13.0,"gold_loss":0.0,"damage_taken":15.0,"cards_upgraded":["theMarked:Defend","theMarked:Strike"]},{"damage_healed":0.0,"max_hp_gain":0.0,"max_hp_loss":0.0,"gold_gain":0.0,"event_name":"WeMeetAgain","player_choice":"Gave Potion","floor":19.0,"gold_loss":0.0,"damage_taken":0.0,"relics_obtained":["Bag of Preparation"]},{"damage_healed":0.0,"max_hp_gain":0.0,"max_hp_loss":0.0,"gold_gain":0.0,"event_name":"Cursed Tome","player_choice":"Obtained Book","floor":21.0,"gold_loss":0.0,"damage_taken":16.0},{"damage_healed":0.0,"max_hp_gain":0.0,"max_hp_loss":0.0,"gold_gain":0.0,"event_name":"Duplicator","player_choice":"Copied","floor":24.0,"gold_loss":0.0,"damage_taken":0.0,"cards_obtained":["theMarked:Improvise"]},{"damage_healed":0.0,"max_hp_gain":0.0,"max_hp_loss":0.0,"gold_gain":0.0,"event_name":"Masked Bandits","player_choice":"Fought Bandits","floor":30.0,"gold_loss":0.0,"damage_taken":0.0},{"damage_healed":0.0,"max_hp_gain":0.0,"max_hp_loss":0.0,"gold_gain":222.0,"event_name":"Tomb of Lord Red Mask","player_choice":"Wore Mask","floor":38.0,"gold_loss":0.0,"damage_taken":0.0},{"damage_healed":32.0,"max_hp_gain":0.0,"max_hp_loss":0.0,"gold_gain":0.0,"event_name":"Wheel of Change","player_choice":"Full Heal","floor":39.0,"gold_loss":0.0,"damage_taken":0.0}],"is_beta":true,"boss_relics":[{"not_picked":["Fusion Hammer","Pandora\u0027s Box"],"picked":"SacredBark"},{"not_picked":["theMarked:SpiritSword","Philosopher\u0027s Stone"],"picked":"Black Star"}],"items_purged_floors":[53],"is_endless":false,"potions_floor_spawned":[2,16,25,28,30,36,40,45,48,54],"ascension_level":3}}