{"host":"ssceekdvsvld625r","time":1613905255,"event":{"mods":["AchievementEnabler","BaseMod","Better Third Choice","Block Reminder","Colored Map","Colored Powertips","Downfall","Minty Spire (QoL Compilation)","Permanent Neow","Quick Restart","Rare Cards Sparkle","Relic Stats","Reliquary","Replay The Spire","Shop Mod","StSLib"],"gold_per_floor":[112,35,35,35,35,60,110,125,152,232,232,253,253,257,257],"floor_reached":14,"language":"ENG","playtime":675,"items_purged":[],"score":110,"play_id":"96f62e32-759f-4fc3-9d58-683de8acaf36","local_time":"20210221040055","is_ascension_mode":true,"campfire_choices":[{"floor":11,"key":"REST"},{"floor":13,"key":"REST"}],"circlet_count":0,"master_deck":["Strike_B","Strike_B","Strike_B","Strike_B","Defend_B","Defend_B","Defend_B","Defend_B","Zap","Dualcast","Storm","Loop+1","White Noise","downfall:Malfunctioning"],"relics":["Cracked Core","Replay:Mystery Machine","Replay:Bottled Snecko","ReplayTheSpireMod:Ring of Challenge","Ring of Greed","Replay:Bandana","Tiny Chest","Lantern","Smiling Mask"],"acts_visited":["Exordium"],"potions_floor_usage":[10],"damage_taken":[{"damage":6,"enemies":"2 Louse","floor":1,"turns":2},{"damage":28,"enemies":"Gremlin Nob","floor":6,"turns":4},{"damage":10,"enemies":"Small Slimes","floor":8,"turns":2},{"damage":26,"enemies":"Lagavulin","floor":10,"turns":6},{"damage":0,"enemies":"Jaw Worm","floor":12,"turns":3},{"damage":60,"enemies":"Gremlin Nob","floor":14,"turns":4}],"seed_played":"8330349887197018914","potions_obtained":[{"floor":8,"key":"Explosive Potion"}],"is_trial":false,"path_per_floor":["M","$","?","$","?","E","?","M","T","E","R","M","R","E"],"character_chosen":"DEFECT","items_purchased":["Loop"],"campfire_rested":2,"item_purchase_floors":[2],"current_hp_per_floor":[69,69,69,69,69,41,41,31,31,5,27,27,49,0,0],"gold":257,"neow_bonus":"RANDOM_COMMON_RELIC","is_daily":false,"chose_seed":false,"campfire_upgraded":0,"win_rate":0.0,"timestamp":1613905255,"path_taken":["M","$","?","$","?","E","?","?","T","E","R","M","R","E"],"items_purchased_type":["Card"],"build_version":"2020-12-22","purchased_purges":0,"victory":false,"max_hp_per_floor":[75,75,75,75,75,75,75,75,75,75,75,75,75,75,75],"relic_stats":{"counters":[6,21],"Tiny Chest":0,"Smiling Mask":0,"obtain_stats":[{"Replay:Bandana":7,"Lantern":9,"Tiny Chest":7,"Replay:Bottled Snecko":6,"Ring of Greed":7,"Replay:Mystery Machine":0,"ReplayTheSpireMod:Ring of Challenge":7,"Cracked Core":0,"Smiling Mask":10},{"Replay:Bandana":2,"Lantern":3,"Tiny Chest":2,"Replay:Bottled Snecko":2,"Ring of Greed":2,"Replay:Mystery Machine":0,"ReplayTheSpireMod:Ring of Challenge":2,"Cracked Core":0,"Smiling Mask":4},{"Replay:Bandana":6,"Lantern":8,"Tiny Chest":6,"Replay:Bottled Snecko":6,"Ring of Greed":6,"Replay:Mystery Machine":0,"ReplayTheSpireMod:Ring of Challenge":6,"Cracked Core":0,"Smiling Mask":14}]},"card_choices":[{"not_picked":["Barrage","Panic Button"],"picked":"Storm","floor":1},{"not_picked":["Crystallizer","ReplayGash","Streamline"],"picked":"SKIP","floor":6},{"not_picked":["Auto Shields","Tempest"],"picked":"White Noise","floor":8},{"not_picked":["BasicCrystalCard","ReplaySort","Go for the Eyes"],"picked":"SKIP","floor":10},{"not_picked":["Hologram","Cold Snap","Sweeping Beam"],"picked":"SKIP","floor":12}],"player_experience":80095,"relics_obtained":[{"floor":6,"key":"Replay:Bottled Snecko"},{"floor":7,"key":"ReplayTheSpireMod:Ring of Challenge"},{"floor":7,"key":"Ring of Greed"},{"floor":7,"key":"Replay:Bandana"},{"floor":7,"key":"Tiny Chest"},{"floor":9,"key":"Lantern"},{"floor":10,"key":"Smiling Mask"}],"event_choices":[{"damage_healed":0,"gold_gain":0,"player_choice":"Leave","damage_taken":0,"max_hp_gain":0,"max_hp_loss":0,"event_name":"The Cleric","floor":5,"gold_loss":0}],"is_beta":false,"boss_relics":[],"items_purged_floors":[],"is_endless":false,"potions_floor_spawned":[8],"killed_by":"Gremlin Nob","ascension_level":3}}