{"host":"goda751pbqw5j0wn","time":1613915289,"event":{"mods":["Act Like it!","Arknights","BaseMod","Highlight Path","Minty Spire (QoL Compilation)","READ ME - Guardian Mod","Shop Mod","StSLib","óô»ðÖ¸ÄÏ"],"gold_per_floor":[9999,8841,8791,7952,7952,7320,7320,7350,7350,7350,6718,5930,5962,5974,5233,5329,5329,5345,5345,5362,4950,4969,5001,4281,4309,4309,4327,4352,4452,4462,4487,4291,4393,4393,4403,4417,3987,4262,4274,4307,4307,4342,4342,3798,3825,3840,3891,3909,3909,3909,3909,3909,3380,3415,3415],"floor_reached":56,"language":"ZHS","playtime":3823,"items_purged":["ats:Strike V","ats:Strike S","ats:Defend","Regret","ats:Defend","ats:Defend+1","ats:Armor Crushing Shot","ats:LN2 Cannon","ats:Roar Of Ursus+1","ats:Emotion Absorption"],"score":1865,"play_id":"c7da99c3-0aa3-4665-b587-e9cfe4ccdabd","local_time":"20210221214809","is_ascension_mode":true,"campfire_choices":[{"data":"ats:Disruption Kick","floor":41.0,"key":"SMITH"},{"floor":49,"key":"RECALL"},{"data":"ats:Phantom","floor":52,"key":"SMITH"}],"circlet_count":0,"master_deck":["ats:Blood Oath","ats:Phantom+1","ats:Chain Hook","Panache","ats:Chain Hook","ats:Thorns","ats:Flexible Camouflage+1","ats:Shell Defense+1","ats:Composite Medical Shells+1","Sadistic Nature+1","Panacea+1","ats:Charging Defense+1","ats:Hook Shot+1","Bandage Up+1","ats:Soul Rend+1","ats:Curse Doll+1","ats:Directed Diagnosis+1","Master of Strategy+1","ats:Closed Bolt Burst Fire","ats:Echo Reverb+1","ats:Leaping Hammer+1","ats:Literary Storm+1","ats:Thorns+1","ats:Part Time Job+1","ats:Rat Pack+1","ats:Revitalization+1","ats:Disruption Kick+1","ats:Wolf Pack","ats:Hook Shot+1","ats:Steam Pump+1","ats:Dogmatic Field+1","Panacea+1","Secret Technique+1","ats:Very Hot Blade+1"],"relics":["ats:Sanity","CaptainsWheel","Sling","Ginger","Pantograph","Mummified Hand","Incense Burner","Toxic Egg 2","ats:Spiritual Recovery","ats:Originium","White Beast Statue","Shuriken","Girya","War Paint","Orichalcum","Medical Kit","Frozen Egg 2","StoneCalendar","Omamori","ats:Support","Empty Cage","FaceOfCleric","Pen Nib","Smiling Mask","Bottled Lightning","Happy Flower","Question Card","Gambling Chip","Dead Branch","Ornamental Fan","Boot","ats:Arts","Black Star","FossilizedHelix","Prayer Wheel","InkBottle","ats:Industrial Water Cannon","Bottled Tornado","ats:Military Tradition","MealTicket","ats:Attack","Bag of Marbles","ats:Hidden Killer","TungstenRod","Strawberry","ats:Remnant Ash","Kunai"],"acts_visited":["Exordium","TheCity","TheBeyond","TheEnding"],"potions_floor_usage":[50,55,55,55,55],"damage_taken":[{"damage":3.0,"enemies":"Jaw Worm","floor":1.0,"turns":5.0},{"damage":0.0,"enemies":"Lagavulin","floor":8.0,"turns":3.0},{"damage":3.0,"enemies":"3 Sentries","floor":13.0,"turns":5.0},{"damage":0.0,"enemies":"2 Louse","floor":14.0,"turns":1.0},{"damage":0.0,"enemies":"Slime Boss","floor":16.0,"turns":5.0},{"damage":22.0,"enemies":"2 Thieves","floor":18.0,"turns":3.0},{"damage":0.0,"enemies":"Chosen","floor":20.0,"turns":4.0},{"damage":0.0,"enemies":"Snake Plant","floor":22.0,"turns":2.0},{"damage":0.0,"enemies":"Book of Stabbing","floor":23.0,"turns":4.0},{"damage":0.0,"enemies":"Gremlin Leader","floor":25.0,"turns":3.0},{"damage":0.0,"enemies":"Chosen and Byrds","floor":27.0,"turns":3.0},{"damage":22.0,"enemies":"Slavers","floor":28.0,"turns":4.0},{"damage":10.0,"enemies":"Colosseum Slavers","floor":29.0,"turns":3.0},{"damage":0.0,"enemies":"Colosseum Nobs","floor":29.0,"turns":2.0},{"damage":0.0,"enemies":"Centurion and Healer","floor":30.0,"turns":2.0},{"damage":0.0,"enemies":"Book of Stabbing","floor":31.0,"turns":2.0},{"damage":0.0,"enemies":"Collector","floor":33.0,"turns":3.0},{"damage":0.0,"enemies":"Orb Walker","floor":35.0,"turns":2.0},{"damage":0.0,"enemies":"3 Darklings","floor":36.0,"turns":2.0},{"damage":0.0,"enemies":"Maw","floor":39.0,"turns":3.0},{"damage":3.0,"enemies":"Reptomancer","floor":40.0,"turns":4.0},{"damage":4.0,"enemies":"Nemesis","floor":42.0,"turns":3.0},{"damage":0.0,"enemies":"Giant Head","floor":45.0,"turns":4.0},{"damage":0.0,"enemies":"Writhing Mass","floor":46.0,"turns":2.0},{"damage":0.0,"enemies":"2 Orb Walkers","floor":47.0,"turns":2.0},{"damage":0,"enemies":"Transient","floor":48,"turns":3},{"damage":0,"enemies":"Awakened One","floor":50,"turns":8},{"damage":0,"enemies":"Shield and Spear","floor":54,"turns":2},{"damage":5,"enemies":"The Heart","floor":55,"turns":3}],"seed_played":"-2461064893810880016","potions_obtained":[{"floor":13.0,"key":"SteroidPotion"},{"floor":18.0,"key":"ats:Top Emergency Sanity Potion"},{"floor":20.0,"key":"Strength Potion"},{"floor":22.0,"key":"EntropicBrew"},{"floor":29.0,"key":"Fruit Juice"},{"floor":30.0,"key":"SmokeBomb"},{"floor":35.0,"key":"DuplicationPotion"},{"floor":42.0,"key":"PowerPotion"},{"floor":45.0,"key":"DistilledChaos"}],"is_trial":false,"path_per_floor":["M","$","?","$","?","R","?","E","T","?","R","$","E","M","R","B",null,"M","?","M","$","M","E","R","E","T","M","E","?","M","E","R","B",null,"M","M","$","?","M","E","R","E","T","$","E","M","?","M","R","B",null,"R","$","E","B",null],"character_chosen":"DOCTOR_CLASS","items_purchased":["Sling","ats:Phantom","Ginger","ats:Chain Hook","Panache","Pantograph","ats:Assault Order","Mummified Hand","Incense Burner","ats:Chain Hook","Weak Potion","Weak Potion","ats:Thorns","Toxic Egg 2","ats:Spiritual Recovery","ats:Flexible Camouflage+1","War Paint","ats:Shell Defense+1","Orichalcum","Medical Kit","Frozen Egg 2","ats:Composite Medical Shells+1","Sadistic Nature+1","Panacea+1","Omamori","ats:Support","Bandage Up+1","ats:Roar Of Ursus+1","Master of Strategy+1","ats:Echo Reverb+1","Smiling Mask","Bottled Lightning","ats:Arts","FossilizedHelix","ats:Disruption Kick","ats:Military Tradition","MealTicket","ats:Attack","Strawberry","Panacea+1","Energy Potion","Secret Technique+1"],"campfire_rested":0,"item_purchase_floors":[2,2,2,2,2,2,2,4,4,4,4,4,6,6,6,6,11,11,11,11,12,12,12,12,15,15,15,15,21,24,24,24,32,37,37,44,44,44,53,53,53,53],"current_hp_per_floor":[48,48,48,48,48,48,48,54,54,54,54,54,54,54,54,72,72,59,59,69,69,74,75,75,76,76,77,74,80,86,87,87,88,88,89,90,90,90,91,92,92,89,89,89,94,95,96,97,97,98,98,98,105,106,103],"gold":3415,"neow_bonus":"ONE_RARE_RELIC","is_daily":false,"chose_seed":false,"campfire_upgraded":2,"win_rate":0.0,"timestamp":1613915289,"path_taken":["M","$","?","$","?","R","?","E","T","?","R","?","E","?","R","BOSS","M","?","?","$","M","E","R","E","T","M","E","?","M","E","R","BOSS","M","M","$","?","?","E","R","E","T","?","E","M","?","M","R","BOSS","R","$","E","BOSS"],"items_purchased_type":["Relic","Card","Relic","Card","Card","Relic","Card","Relic","Relic","Card","Potion","Potion","Card","Relic","Relic","Card","Relic","Card","Relic","Relic","Relic","Card","Card","Card","Relic","Relic","Card","Card","Card","Card","Relic","Relic","Relic","Relic","Card","Relic","Relic","Relic","Relic","Card","Potion","Card"],"build_version":"2020-12-22","purchased_purges":10,"victory":true,"max_hp_per_floor":[72,72,72,72,72,72,72,72,72,72,72,72,72,72,72,72,72,72,72,73,73,74,75,75,76,76,77,78,80,86,87,87,88,88,89,90,90,90,91,92,92,93,93,93,94,95,96,97,97,98,98,98,105,106,107],"card_choices":[{"not_picked":["ats:Absolute Focus","ats:Cat Scratch"],"picked":"ats:Blood Oath","floor":1.0},{"not_picked":["ats:Poison Spread","ats:Spore Proliferation+1","ats:Very Hot Blade"],"picked":"SKIP","floor":8.0},{"not_picked":["ats:Apocalypse+1","ats:Revitalization+1"],"picked":"ats:Charging Defense+1","floor":13.0},{"not_picked":["ats:Literary Storm+1","ats:Revitalization+1"],"picked":"ats:Hook Shot+1","floor":14.0},{"not_picked":["ats:Roar Of Ursus+1","ats:Nebulous Foxfire+1"],"picked":"ats:Soul Rend+1","floor":16.0},{"not_picked":["ats:Hammer On","ats:Absolute Focus+1"],"picked":"ats:Curse Doll+1","floor":18.0},{"not_picked":["ats:Poison Spread+1","ats:Apocalypse+1"],"picked":"ats:Directed Diagnosis+1","floor":20.0},{"not_picked":["ats:Phantom+1","ats:Poison Spread+1"],"picked":"ats:LN2 Cannon","floor":22.0},{"not_picked":["ats:Cat Scratch","ats:Curse Doll+1"],"picked":"ats:Closed Bolt Burst Fire","floor":23.0},{"not_picked":["ats:Curse Doll+1","ats:Flame Of Heaven+1"],"picked":"ats:Leaping Hammer+1","floor":25.0},{"not_picked":["ats:Directed Diagnosis+1","ats:Apocalypse+1","ats:Healing Drone+1"],"picked":"ats:Literary Storm+1","floor":27.0},{"not_picked":["ats:Powerful Strike+1","ats:Neurotoxin+1","ats:Volcano"],"picked":"ats:Thorns+1","floor":28.0},{"not_picked":["ats:Curse Doll+1","ats:Rapid Magazine+1","ats:Cat Scratch","ats:Neurotoxin+1"],"picked":"SKIP","floor":30.0},{"not_picked":["ats:Mental Burst","ats:Durian+1","ats:Flexible Camouflage+1"],"picked":"ats:Part Time Job+1","floor":31.0},{"not_picked":["ats:Echo Reverb+1","ats:Roar Of Ursus+1","ats:Shadow Assault"],"picked":"ats:Rat Pack+1","floor":33.0},{"not_picked":["ats:Shell Defense+1","ats:Powerful Strike+1","ats:Ignite","ats:Consecutive Shot Auto"],"picked":"SKIP","floor":35.0},{"not_picked":["ats:Poison Spread+1","ats:Overload","ats:Composite Medical Shells+1"],"picked":"ats:Revitalization+1","floor":36.0},{"not_picked":["ats:Assault Order+1","ats:Sunburst+1","ats:Charging Defense+1","ats:Absolute Focus+1"],"picked":"SKIP","floor":39.0},{"not_picked":["ats:Powerful Strike+1","ats:Healing Drone+1","ats:Soul Rend+1"],"picked":"ats:Wolf Pack","floor":40.0},{"not_picked":["ats:Part Time Job+1","ats:Durian+1","ats:Flame Of Heaven+1","ats:Hook Shot+1"],"picked":"SKIP","floor":42.0},{"not_picked":["ats:Part Time Job+1","ats:Durian+1","ats:Flame Of Heaven+1"],"picked":"ats:Hook Shot+1","floor":42.0},{"not_picked":["ats:Poison Spread+1","ats:Closed Bolt Burst Fire","ats:Demon Strength+1","ats:Cat Scratch"],"picked":"SKIP","floor":45.0},{"not_picked":["ats:Support Order+1","ats:Rapid Magazine+1","ats:Explosion Area Strengthen+1"],"picked":"ats:Steam Pump+1","floor":46.0},{"not_picked":["ats:Steam Pump+1","ats:Leaping Hammer+1","ats:Automatic Cover+1","ats:Demon Strength+1"],"picked":"SKIP","floor":46.0},{"not_picked":["ats:Curse Doll+1","ats:Closed Bolt Burst Fire+1","ats:Cat Scratch+1"],"picked":"ats:Dogmatic Field+1","floor":48},{"not_picked":["ats:Ignite+1","ats:Healing Strengthening+1","ats:Soul Absorption+1","ats:Steam Pump+1"],"picked":"SKIP","floor":48},{"not_picked":["ats:Poison Spread","ats:Assault Order+1","ats:Explosion Area Strengthen"],"picked":"ats:Very Hot Blade+1","floor":54}],"player_experience":552548,"relics_obtained":[{"floor":8.0,"key":"ats:Originium"},{"floor":8.0,"key":"White Beast Statue"},{"floor":9.0,"key":"Shuriken"},{"floor":13.0,"key":"ats:Originium"},{"floor":13.0,"key":"StoneCalendar"},{"floor":23.0,"key":"ats:Originium"},{"floor":23.0,"key":"Pen Nib"},{"floor":25.0,"key":"ats:Originium"},{"floor":25.0,"key":"Happy Flower"},{"floor":26.0,"key":"Question Card"},{"floor":28.0,"key":"Gambling Chip"},{"floor":29.0,"key":"Dead Branch"},{"floor":29.0,"key":"Ornamental Fan"},{"floor":31.0,"key":"Boot"},{"floor":40.0,"key":"Prayer Wheel"},{"floor":40.0,"key":"InkBottle"},{"floor":42.0,"key":"ats:Industrial Water Cannon"},{"floor":42.0,"key":"Bottled Tornado"},{"floor":45.0,"key":"Bag of Marbles"},{"floor":45.0,"key":"ats:Hidden Killer"},{"floor":47.0,"key":"TungstenRod"},{"floor":54,"key":"ats:Remnant Ash"},{"floor":54,"key":"Kunai"}],"event_choices":[{"cards_removed":["ats:Strike C"],"damage_healed":0.0,"max_hp_gain":0.0,"max_hp_loss":0.0,"gold_gain":0.0,"event_name":"The Cleric","player_choice":"Card Removal","floor":3.0,"gold_loss":50.0,"damage_taken":0.0},{"damage_healed":0.0,"max_hp_gain":0.0,"max_hp_loss":0.0,"gold_gain":0.0,"event_name":"Liars Game","player_choice":"Ignored","floor":5.0,"gold_loss":0.0,"damage_taken":0.0},{"cards_removed":["ats:Assault Order"],"damage_healed":0.0,"max_hp_gain":0.0,"max_hp_loss":0.0,"gold_gain":0.0,"event_name":"Living Wall","player_choice":"Forget","floor":7.0,"gold_loss":0.0,"damage_taken":0.0},{"damage_healed":0.0,"max_hp_gain":0.0,"max_hp_loss":0.0,"gold_gain":0.0,"event_name":"Big Fish","player_choice":"Box","floor":10.0,"gold_loss":0.0,"damage_taken":0.0,"relics_obtained":["Girya"],"cards_obtained":["Regret"]},{"damage_healed":0.0,"max_hp_gain":0.0,"max_hp_loss":0.0,"gold_gain":0.0,"event_name":"FaceTrader","player_choice":"Trade","floor":19.0,"gold_loss":0.0,"damage_taken":0.0,"relics_obtained":["FaceOfCleric"]},{"damage_healed":0.0,"max_hp_gain":0.0,"max_hp_loss":0.0,"gold_gain":0.0,"event_name":"Colosseum","player_choice":"Fight","floor":29.0,"gold_loss":0.0,"damage_taken":0.0},{"damage_healed":0.0,"max_hp_gain":0.0,"max_hp_loss":0.0,"gold_gain":0.0,"event_name":"Colosseum","player_choice":"Fought Nobs","floor":29.0,"gold_loss":0.0,"damage_taken":0.0},{"damage_healed":0.0,"max_hp_gain":0.0,"max_hp_loss":0.0,"gold_gain":275.0,"event_name":"Golden Shrine","player_choice":"Desecrate","floor":38.0,"gold_loss":0.0,"damage_taken":0.0,"cards_obtained":["Regret"]},{"damage_healed":0.0,"max_hp_gain":0.0,"max_hp_loss":0.0,"gold_gain":0.0,"event_name":"Mysterious Sphere","player_choice":"Fight","floor":47.0,"gold_loss":0.0,"damage_taken":0.0}],"is_beta":false,"boss_relics":[{"not_picked":["Busted Crown","Philosopher\u0027s Stone"],"picked":"Empty Cage"},{"not_picked":["Snecko Eye","Velvet Choker"],"picked":"Black Star"}],"items_purged_floors":[2,4,6,11,12,15,21,24,32,53],"is_endless":false,"potions_floor_spawned":[13,14,16,18,20,22,23,25,27,28,29,29,30,31,33,35,36,39,40,42,45,46,47,48,54],"ascension_level":1}}