{"host":"tf5skwcwe0vlu2md","time":1613902998,"event":{"mods":["BaseMod","Downfall","Highlight Path","Minty Spire (QoL Compilation)","Quick Restart","StSLib","The Hierophant"],"gold_per_floor":[112,112,193,193,213,238,238,238,238],"floor_reached":8,"playtime":217,"items_purged":[],"score":87,"play_id":"8f584196-ede2-4f68-8cb8-fb0e95226854","local_time":"20210221212318","is_ascension_mode":true,"campfire_choices":[],"circlet_count":0,"master_deck":["Strike_B","Strike_B","Strike_B","Strike_B","Defend_B","Defend_B","Defend_B","Defend_B","Zap","Dualcast+1","Auto Shields","Fusion","Auto Shields","Injury"],"relics":["Cracked Core","Pear","Bag of Preparation","Golden Idol"],"acts_visited":["Exordium"],"potions_floor_usage":[6],"damage_taken":[{"damage":2,"enemies":"Jaw Worm","floor":1,"turns":3},{"damage":0,"enemies":"2 Louse","floor":5,"turns":1},{"damage":40,"enemies":"Lagavulin","floor":6,"turns":8},{"damage":30,"enemies":"3 Sentries","floor":8,"turns":5}],"seed_played":"-7029861898065614983","potions_obtained":[{"floor":1,"key":"GamblersBrew"},{"floor":5,"key":"DistilledChaos"}],"is_trial":false,"path_per_floor":["M","?","T","?","M","E","?","E"],"character_chosen":"DEFECT","items_purchased":[],"campfire_rested":0,"item_purchase_floors":[],"current_hp_per_floor":[80,80,90,90,90,50,50,20,20],"gold":238,"neow_bonus":"TEN_PERCENT_HP_BONUS","is_daily":false,"chose_seed":false,"campfire_upgraded":0,"win_rate":0.0,"timestamp":1613902998,"path_taken":["M","?","?","?","M","E","?","E"],"items_purchased_type":[],"build_version":"2020-12-13","purchased_purges":0,"victory":false,"max_hp_per_floor":[82,82,92,92,92,92,92,92,92],"card_choices":[{"not_picked":["Force Field","Cold Snap"],"picked":"Auto Shields","floor":1},{"not_picked":["Coolheaded","Redo"],"picked":"Fusion","floor":5},{"not_picked":["Genetic Algorithm","Go for the Eyes"],"picked":"Auto Shields","floor":6}],"player_experience":302232,"relics_obtained":[{"floor":3,"key":"Pear"},{"floor":6,"key":"Bag of Preparation"}],"event_choices":[{"damage_healed":0,"gold_gain":0,"player_choice":"Ignored","damage_taken":0,"max_hp_gain":0,"max_hp_loss":0,"event_name":"Liars Game","floor":2,"gold_loss":0},{"damage_healed":0,"gold_gain":0,"player_choice":"Grow","damage_taken":0,"max_hp_gain":0,"max_hp_loss":0,"event_name":"Living Wall","floor":4,"gold_loss":0,"cards_upgraded":["Dualcast"]},{"damage_healed":0,"gold_gain":0,"player_choice":"Take Wound","damage_taken":0,"relics_obtained":["Golden Idol"],"max_hp_gain":0,"max_hp_loss":0,"event_name":"Golden Idol","floor":7,"gold_loss":0,"cards_obtained":["Injury"]}],"is_beta":false,"boss_relics":[],"items_purged_floors":[],"is_endless":false,"potions_floor_spawned":[1,5],"killed_by":"3 Sentries","ascension_level":3}}