{"host":"4a6fro0of1ie0h2w","time":1613919804,"event":{"mods":["Aspiration","BaseMod","CCEM2","Colored Map","Conspire","Downfall","GifTheSpireLib","Halation","Highlight Path","Hubris","Infinite Spire","Marisa????????","Minty Spire (QoL Compilation)","Permanent Neow","Replay The Spire","StSLib","Stuff the Spire","The Servant 0.9.4"],"gold_per_floor":[99,112,127,127,144,176,176,176,176,41,59,72,247,274,289,289,289],"floor_reached":16,"language":"ENG","playtime":609,"items_purged":["StuffTheSpire:CuriosityCurse"],"score":129,"play_id":"fe56dd56-1b08-4f45-a38d-f01967e73d6d","local_time":"20210221170324","is_ascension_mode":true,"campfire_choices":[{"data":"champ:Taunt","floor":1,"key":"SMITH"},{"data":"Replay:BasicMightCard","floor":9,"key":"SMITH"}],"circlet_count":0,"master_deck":["champ:Strike","champ:Strike","champ:Strike","champ:Strike","champ:Defend","champ:Defend","champ:Defend","champ:Defend","champ:Execute","champ:Taunt+1","Replay:BasicMightCard+1","champ:GutPunch","champ:PreciseThrust","champ:Haymaker","champ:GutPunch","champ:Lariat","champ:Backstep","champ:ShieldSigil","champ:RapidStrikes","Doubt","champ:BerserkersShout","champ:Improvising"],"relics":["champ:ChampionCrown","CCEMRelics:FiftyFTOfRope","CCEMRelics:FryingPan","CCEMRelics:TechnogenicHelmet","CCEMRelics:HeirloomTomato"],"acts_visited":["Exordium"],"potions_floor_usage":[14,16,16],"damage_taken":[{"damage":15,"enemies":"Jaw Worm","floor":2,"turns":4},{"damage":20,"enemies":"Small Slimes","floor":3,"turns":4},{"damage":0,"enemies":"2 Louse","floor":5,"turns":2},{"damage":35,"enemies":"3 Sentries","floor":6,"turns":6},{"damage":0,"enemies":"downfall:FleeingMerchant","floor":10,"turns":4},{"damage":2,"enemies":"Blue Slaver","floor":11,"turns":3},{"damage":0,"enemies":"3 Louse","floor":12,"turns":2},{"damage":32,"enemies":"Lagavulin","floor":14,"turns":6},{"damage":29,"enemies":"2 Fungi Beasts","floor":15,"turns":3},{"damage":56,"enemies":"WA_ARCHETYPE_RETAIN","floor":16,"turns":7}],"seed_played":"-7607404126964719037","potions_obtained":[{"floor":2,"key":"champ:CounterPotion"},{"floor":5,"key":"Strength Potion"},{"floor":12,"key":"Languid Potion"}],"is_trial":false,"path_per_floor":["R","M","M","?","M","E","T","?","R","$","M","M","?","E","M","B"],"character_chosen":"THE_CHAMP","items_purchased":["champ:Backstep"],"campfire_rested":0,"item_purchase_floors":[10],"current_hp_per_floor":[90,85,85,85,85,70,70,70,70,70,68,68,68,46,44,0,0],"gold":289,"neow_bonus":"RANDOM_COLORLESS","is_daily":false,"chose_seed":false,"campfire_upgraded":2,"win_rate":0.0,"timestamp":1613919804,"path_taken":["R","M","M","?","M","E","T","?","R","$","M","M","?","E","M","BOSS"],"items_purchased_type":["Card"],"build_version":"2020-12-22","purchased_purges":1,"victory":false,"max_hp_per_floor":[90,90,90,90,90,90,90,90,90,90,90,90,90,95,95,95,95],"card_choices":[{"not_picked":["StuffTheSpire:PlasmaPunch","Good Instincts"],"picked":"Replay:BasicMightCard","floor":0},{"not_picked":["champ:ShieldSlam","champ:Shatter"],"picked":"champ:GutPunch","floor":2},{"not_picked":["champ:CrookedStrike","champ:Encircle"],"picked":"champ:PreciseThrust","floor":3},{"not_picked":["champ:ViciousMockery","champ:DefensiveShout"],"picked":"champ:Haymaker","floor":5},{"not_picked":["champ:LastStand","champ:PreciseThrust"],"picked":"champ:GutPunch","floor":6},{"not_picked":["champ:CheapShot","champ:RisingSlash"],"picked":"champ:Lariat","floor":10},{"not_picked":["champ:BladeFlurry","champ:Backstep"],"picked":"champ:ShieldSigil","floor":11},{"not_picked":["champ:PreciseThrust","champ:RisingSlash"],"picked":"champ:RapidStrikes","floor":12},{"not_picked":["champ:TornadoPunch","champ:CrownThrow"],"picked":"champ:BerserkersShout","floor":14},{"not_picked":["champ:RisingSlash","champ:BringItOn"],"picked":"champ:Improvising","floor":15}],"player_experience":243040,"relics_obtained":[{"floor":6,"key":"CCEMRelics:FryingPan"},{"floor":8,"key":"CCEMRelics:TechnogenicHelmet"},{"floor":14,"key":"CCEMRelics:HeirloomTomato"}],"event_choices":[],"is_beta":false,"boss_relics":[],"items_purged_floors":[10],"is_endless":false,"potions_floor_spawned":[2,5,12],"killed_by":"WA_ARCHETYPE_RETAIN","ascension_level":3}}