{"host":"hv0j318t350gu4p2","time":1613929263,"event":{"mods":["AchievementEnabler","BaseMod","BetterRewards","Card Forge","Clawfect","Colored Map","Colored Powertips","Colorless Booster Pack","Custom Start","Downfall","Friendly Minions","Googly Eyes","Highlight Path","Hubris","Infinite Spire","Marisa????????","Minty Spire (QoL Compilation)","Quick Restart","Replay The Spire","Shop Mod","StSLib","SuperFastMode","Td1madao Mod","The Necromancer","The Servant 0.9.4","Transform Curses","everything is the same but u backflip on backflip"],"gold_per_floor":[110,110,125,125,1,33,33,45,68,68,68,86,12,28,28,125,125,144,160,180,31,49,49,75,92,92,105,123,157,157,171,171,277,277,305,40,40,63,82,82,82],"floor_reached":40,"language":"ENG","playtime":2846,"items_purged":[],"score":732,"play_id":"365820d6-442c-43e3-81d1-4b3c6213d058","local_time":"20210221124103","is_ascension_mode":false,"campfire_choices":[{"data":"Provocative","floor":7.0,"key":"SMITH"},{"floor":10.0,"key":"REST"},{"floor":15.0,"key":"REST"},{"data":"Pot Of Greed","floor":23.0,"key":"SMITH"},{"data":"Black Contract","floor":32.0,"key":"SMITH"}],"circlet_count":0,"master_deck":["Strike_C","Strike_C","Strike_C+1","Strike_C+1","Defend_C","Defend_C","Defend_C","Defend_C","Knight Kick+1","Chip+1","Pot Of Greed+1","Fire Up+1","Lunge+1","Pot Of Greed+1","Here Defend Chip+5","Fire Up+1","Provocative+1","Twin Teeth+1","infinitespire:Starlight+1","Machining+1","Black Dance+1","Energy Supply+1","Shockwave Tdmadao+1","Black Shadow+1","Light Attack+1","Chip Synthesis","Pot Of Greed+1","Afterwards","Load Balancing","Load Balancing","Black Contract+1","Fire Blade","Memory Alloy","Break Into+1","Transfer Energy","Apotheosis","Provocative","Perfect Defend+1"],"relics":["Apod","Hammer of Thor","Seething Fire","Anvil of the Gods","Grinning Jar","hubris:Icosahedron","Gremlin Food","MealTicket","Painkiller Herb","Orichalcum","Replay:Bottled Flurry","Ornamental Fan","hubris:PeanutButter","hubris:OldNail","infinitespire:EvilPickle","Blue Candle"],"acts_visited":["Exordium","TheCity","TheBeyond"],"potions_floor_usage":[],"damage_taken":[{"damage":0.0,"enemies":"Small Slimes","floor":1.0,"turns":3.0},{"damage":4.0,"enemies":"Jaw Worm","floor":3.0,"turns":5.0},{"damage":9.0,"enemies":"Replay:BlueRogue","floor":6.0,"turns":6.0},{"damage":0.0,"enemies":"Cultist","floor":8.0,"turns":3.0},{"damage":38.0,"enemies":"Lots of Slimes","floor":12.0,"turns":4.0},{"damage":3.0,"enemies":"Red Slaver","floor":14.0,"turns":4.0},{"damage":37.0,"enemies":"Fading Forest","floor":16.0,"turns":11.0},{"damage":3.0,"enemies":"Chosen","floor":18.0,"turns":3.0},{"damage":3.0,"enemies":"Shell Parasite","floor":19.0,"turns":4.0},{"damage":27.0,"enemies":"Snake Plant","floor":20.0,"turns":6.0},{"damage":5.0,"enemies":"Chosen and Byrds","floor":22.0,"turns":5.0},{"damage":0.0,"enemies":"Gremlin Leader","floor":24.0,"turns":5.0},{"damage":0.0,"enemies":"Snecko","floor":25.0,"turns":4.0},{"damage":2.0,"enemies":"Snake Plant","floor":27.0,"turns":4.0},{"damage":6.0,"enemies":"Sentry and Sphere","floor":28.0,"turns":5.0},{"damage":1.0,"enemies":"Replay:Snechameleon","floor":29.0,"turns":5.0},{"damage":0.0,"enemies":"Cultist and Chosen","floor":31.0,"turns":3.0},{"damage":0.0,"enemies":"Pondfish","floor":33.0,"turns":11.0},{"damage":26.0,"enemies":"3 Darklings","floor":35.0,"turns":6.0},{"damage":10.0,"enemies":"Orb Walker","floor":38.0,"turns":5.0},{"damage":67.0,"enemies":"4 Shapes","floor":39.0,"turns":9.0},{"damage":14,"enemies":"Reptomancer","floor":40,"turns":2}],"seed_played":"-7455146223534466707","potions_obtained":[{"floor":6.0,"key":"Block Potion"},{"floor":8.0,"key":"Block Potion"},{"floor":16.0,"key":"Ancient Potion"},{"floor":18.0,"key":"sneckomod:MuddlingPotion"},{"floor":25.0,"key":"Elixir"},{"floor":28.0,"key":"Strength Potion"},{"floor":31.0,"key":"sneckomod:MuddlingPotion"},{"floor":35.0,"key":"Reflective Coating"},{"floor":38.0,"key":"Weak Potion"}],"is_trial":false,"path_per_floor":["M","?","M","?","$","E","R","M","T","R","?","M","$","M","R","B",null,"?","?","?","T","?","T","E","?","T","?","?","E","AVR","?","T","B",null,"?","T","?","?","?","E"],"character_chosen":"TD1MADAO_CLASS","items_purchased":["Here Defend Chip","Fire Up","Provocative","Black Dance","Orichalcum","Transfer Energy","Apotheosis"],"campfire_rested":2,"item_purchase_floors":[5,5,5,13,21,36,36],"current_hp_per_floor":[70,75,71,71,71,62,62,62,62,75,57,29,44,51,73,44,75,72,75,48,63,70,70,75,75,75,73,67,66,66,75,75,75,75,49,64,59,64,8,0,0],"gold":82,"neow_bonus":"RANDOM_COMMON_RELIC","is_daily":false,"chose_seed":false,"campfire_upgraded":3,"win_rate":0.0,"timestamp":1613929263,"path_taken":["M","?","M","?","?","E","R","M","T","R","?","?","$","M","R","BOSS","?","?","?","T","?","T","E","?","T","?","?","E","AVR","?","T","BOSS","?","T","?","?","?","E"],"items_purchased_type":["Card","Card","Card","Card","Relic","Card","Card"],"build_version":"2020-12-22","purchased_purges":0,"victory":false,"max_hp_per_floor":[70,75,75,75,75,75,75,75,75,75,75,75,75,75,75,75,75,75,75,75,75,75,75,75,75,75,75,75,75,75,75,75,75,75,75,75,75,75,75,75,75],"card_choices":[{"not_picked":["Light Attack","Cursed Blade"],"picked":"Fire Up","floor":1.0},{"not_picked":["Preparedness","Trader"],"picked":"Lunge","floor":3.0},{"not_picked":["New Defend Magic","Preloading"],"picked":"Twin Teeth","floor":6.0},{"not_picked":["Winding Magic","Bugfix","Floating Even"],"picked":"SKIP","floor":8.0},{"not_picked":["ReplayTheSpireMod:??????????????????????","hubris:Rewind"],"picked":"infinitespire:Starlight","floor":11.0},{"not_picked":["De Ware Chip","Weapon Shift"],"picked":"Machining","floor":12.0},{"not_picked":["Black Warm Hole","New Defend Magic"],"picked":"Energy Supply","floor":14.0},{"not_picked":["Bursts","Data Freezing"],"picked":"Shockwave Tdmadao","floor":16.0},{"not_picked":["Preloading","Fixing"],"picked":"Black Shadow","floor":18.0},{"not_picked":["Reinforcement Parts+1","Twin Teeth"],"picked":"Light Attack","floor":19.0},{"not_picked":["Paralysis","Recovery Mechanism+1","Resistance+1"],"picked":"SKIP","floor":20.0},{"not_picked":["Bugfix+1","E MP"],"picked":"Chip Synthesis","floor":22.0},{"not_picked":["Preloading","Machining"],"picked":"Afterwards","floor":24.0},{"not_picked":["Floating Swing Kick+1","Reflection Mechanism"],"picked":"Load Balancing","floor":25.0},{"not_picked":["Here Defend Chip","Floating Swing Kick"],"picked":"Load Balancing","floor":27.0},{"not_picked":["White Contract+1","Winding Magic","Floating Swing Kick+1"],"picked":"SKIP","floor":28.0},{"not_picked":["Money Cant Rescue","Afterwards+1"],"picked":"Black Contract","floor":29.0},{"not_picked":["Provocative","Cursed Blade"],"picked":"Fire Blade","floor":31.0},{"not_picked":["Bursts","Optimization"],"picked":"Memory Alloy","floor":33.0},{"not_picked":["Preparedness","Light Attack"],"picked":"Break Into+1","floor":35.0},{"not_picked":["Rupture+1","Cursed Blade+1"],"picked":"Provocative","floor":38.0},{"not_picked":["Machining+1","Sudden Beat+1"],"picked":"Perfect Defend+1","floor":39.0}],"player_experience":71350,"relics_obtained":[{"floor":6.0,"key":"Gremlin Food"},{"floor":9.0,"key":"MealTicket"},{"floor":24.0,"key":"Replay:Bottled Flurry"},{"floor":26.0,"key":"Ornamental Fan"},{"floor":29.0,"key":"hubris:PeanutButter"}],"event_choices":[{"damage_healed":0.0,"max_hp_gain":5.0,"max_hp_loss":0.0,"gold_gain":0.0,"event_name":"Big Fish","player_choice":"Donut","floor":2.0,"gold_loss":0.0,"damage_taken":0.0}],"is_beta":false,"boss_relics":[{"not_picked":["hubris:HollowSoul","hubris:Stopwatch"],"picked":"Painkiller Herb"},{"not_picked":["Replay:Drink Me","Velvet Choker","Snecko Eye"]}],"items_purged_floors":[],"is_endless":false,"potions_floor_spawned":[6,8,12,16,18,22,25,28,31,35,38],"killed_by":"Reptomancer","ascension_level":0}}