{"host":"bpdbi03e31cbjklx","time":1613930043,"event":{"mods":["BaseMod","Colored Map","Colored Powertips","Downfall","Highlight Path","Minty Spire (QoL Compilation)","Replay The Spire","StSLib","The Senshi"],"gold_per_floor":[112,187,202,213,230,230,256,271,295,324,324,53,85,95,95,193,193,213,223,322,333,346,346,346],"floor_reached":23,"language":"ENG","playtime":3606,"items_purged":[],"score":226,"play_id":"683e4e90-9649-4c60-b221-b385c876b805","local_time":"20210221115403","is_ascension_mode":true,"campfire_choices":[{"floor":6.0,"key":"REST"},{"floor":11.0,"key":"REST"},{"data":"Consume","floor":15.0,"key":"SMITH"}],"circlet_count":0,"master_deck":["Strike_B","Defend_B","Defend_B","Defend_B","Defend_B","Zap","Dualcast+1","Crystallizer","Ball Lightning","Ball Lightning","Buffer","Cold Snap","Darkness","Storm","ReplayTheSpireMod:System Scan","Stack","Consume+1","Heatsinks","Electrodynamics","Time Bomb","Biased Cognition","Panic Button+1","Rebound+1","Glacier+1","Loop","Barrage+1","Leap+1"],"relics":["Cracked Core","Ancient Tea Set","Peace Pipe","Strawberry","ReplayTheSpireMod:Lightbulb","DataDisk","Potion Belt","Astrolabe"],"acts_visited":["Exordium","TheCity"],"potions_floor_usage":[23,23],"damage_taken":[{"damage":1.0,"enemies":"Cultist","floor":1.0,"turns":3.0},{"damage":0.0,"enemies":"Small Slimes","floor":3.0,"turns":3.0},{"damage":0.0,"enemies":"2 Louse","floor":4.0,"turns":1.0},{"damage":16.0,"enemies":"Large Slime","floor":5.0,"turns":4.0},{"damage":6.0,"enemies":"Replay:BlueRogue","floor":7.0,"turns":4.0},{"damage":10.0,"enemies":"Looter","floor":8.0,"turns":3.0},{"damage":9.0,"enemies":"Gremlin Nob","floor":10.0,"turns":3.0},{"damage":7.0,"enemies":"3 Sentries","floor":13.0,"turns":6.0},{"damage":0.0,"enemies":"3 Louse","floor":14.0,"turns":1.0},{"damage":15.0,"enemies":"Hexaghost","floor":16.0,"turns":8.0},{"damage":0.0,"enemies":"Shell Parasite","floor":18.0,"turns":4.0},{"damage":0,"enemies":"3 Byrds","floor":19,"turns":2},{"damage":27,"enemies":"Centurion and Healer","floor":21,"turns":3},{"damage":10,"enemies":"Sentry and Sphere","floor":22,"turns":4},{"damage":50,"enemies":"Book of Stabbing","floor":23,"turns":8}],"seed_played":"275293402553795061","potions_obtained":[{"floor":1.0,"key":"Elixir"},{"floor":7.0,"key":"hexamod:SoulburnPotion"},{"floor":8.0,"key":"PotionOfCapacity"},{"floor":13.0,"key":"BlessingOfTheForge"},{"floor":14.0,"key":"PotionOfCapacity"},{"floor":21,"key":"LifebloodPotion"},{"floor":22,"key":"SpeedPotion"}],"is_trial":false,"path_per_floor":["M","?","M","M","M","R","E","M","T","E","R","$","E","M","R","B",null,"M","M","?","M","M","E"],"character_chosen":"DEFECT","items_purchased":["DataDisk","Consume","Heatsinks"],"campfire_rested":2,"item_purchase_floors":[12,12,12],"current_hp_per_floor":[74,44,44,44,28,50,44,34,41,32,56,56,49,49,49,34,82,82,82,82,55,45,0,0],"gold":346,"neow_bonus":"UPGRADE_CARD","is_daily":false,"chose_seed":false,"campfire_upgraded":1,"win_rate":0.0,"timestamp":1613930043,"path_taken":["M","?","M","M","M","R","E","M","T","E","R","$","E","M","R","BOSS","M","M","?","M","M","E"],"items_purchased_type":["Relic","Card","Card"],"build_version":"2020-12-22","purchased_purges":0,"victory":false,"max_hp_per_floor":[75,75,75,75,75,75,75,75,82,82,82,82,82,82,82,82,82,82,82,82,82,82,82,82],"card_choices":[{"not_picked":["Rip and Tear","Redo"],"picked":"Crystallizer","floor":1.0},{"not_picked":["FIFO Queue","ReplayTheSpireMod:Calculation Training"],"picked":"Ball Lightning","floor":2.0},{"not_picked":["BasicCrystalCard","Stack"],"picked":"Ball Lightning","floor":2.0},{"not_picked":["Scrape","Compile Driver"],"picked":"Buffer","floor":3.0},{"not_picked":["Streamline","Leap"],"picked":"Cold Snap","floor":4.0},{"not_picked":["Sweeping Beam","Gash"],"picked":"Darkness","floor":5.0},{"not_picked":["Redo","Rebound"],"picked":"Storm","floor":7.0},{"not_picked":["ReplayTheSpireMod:Repulse","Rebound"],"picked":"ReplayTheSpireMod:System Scan","floor":8.0},{"not_picked":["Crystallizer","Cold Snap"],"picked":"Stack","floor":10.0},{"not_picked":["Blizzard","Meteor Strike"],"picked":"Electrodynamics","floor":13.0},{"not_picked":["Streamline","Coolheaded"],"picked":"Time Bomb","floor":14.0},{"not_picked":["Core Surge","Creative AI"],"picked":"Biased Cognition","floor":16.0},{"not_picked":["Beam Cell","Compile Driver","FTL"],"picked":"SKIP","floor":18},{"not_picked":["Chaos","Panic Button"],"picked":"Loop","floor":19},{"not_picked":["Rebound","ReplayTheSpireMod:Reroute Power"],"picked":"Barrage+1","floor":21},{"not_picked":["Redo","ReplaySort"],"picked":"Leap+1","floor":22}],"player_experience":440799,"relics_obtained":[{"floor":2.0,"key":"Ancient Tea Set"},{"floor":7.0,"key":"Peace Pipe"},{"floor":9.0,"key":"Strawberry"},{"floor":10.0,"key":"ReplayTheSpireMod:Lightbulb"},{"floor":13.0,"key":"Potion Belt"}],"event_choices":[{"damage_healed":0,"gold_gain":99,"player_choice":"Stole From Cult","damage_taken":0,"max_hp_gain":0,"max_hp_loss":0,"event_name":"Nest","floor":20,"gold_loss":0}],"is_beta":false,"boss_relics":[{"not_picked":["FrozenCore","Velvet Choker"],"picked":"Astrolabe"}],"items_purged_floors":[],"is_endless":false,"potions_floor_spawned":[1,7,8,13,14,21,22],"killed_by":"Book of Stabbing","ascension_level":1}}