{"host":"gbbz8f5svnnpwo8d","time":1613910440,"event":{"mods":["AchievementEnabler","AlwaysNeverKeys","BaseMod","Bestiary","Better Altar","Better Match","Better Note","Better Sensory Stone","Better Silent Start","Better Skull","Better Third Choice","Better Vampires","Better-Laid Plans","BetterRewards","Block Reminder","Bossed Relics","Colored Map","Colored Powertips","Curses Come First","Dark Map","Displayed Cursed Tome","GifTheSpireLib","Minty Spire (QoL Compilation)","MonsterHotkey","Permanent Neow","Potion Indicator Mod","Quick Restart","Random Character Button","Rare Cards Sparkle","Relic Stats","Shop Mod","Spicy Shops","Spire Birthday Party","StSLib","Transform Curses"],"gold_per_floor":[119,133,153,4,4,4,23,32,59,59,59,75,50,67,67,172,172,184,184,234,234,246,246,278,278,278,278,278,176,176,193,193,293,293,309,309,309,96,109,137,137,10,92,127,177,177,192,45,45,45,45,45,16,46,46],"floor_reached":56,"language":"ENG","playtime":4936,"items_purged":["Strike_P","Strike_P"],"score":1509,"play_id":"fe1df097-4421-4a88-95f1-c9758affc7d3","local_time":"20210221052720","is_ascension_mode":false,"campfire_choices":[{"data":"1","floor":6.0,"key":"LIFT"},{"data":"2","floor":10.0,"key":"LIFT"},{"data":"3","floor":15.0,"key":"LIFT"},{"data":"MentalFortress","floor":23.0,"key":"SMITH"},{"floor":25.0,"key":"REST"},{"floor":28.0,"key":"REST"},{"data":"MentalFortress","floor":32.0,"key":"SMITH"},{"floor":41,"key":"REST"},{"data":"Omniscience","floor":49,"key":"SMITH"},{"data":"DevaForm","floor":52,"key":"SMITH"}],"circlet_count":0,"master_deck":["Strike_P","Strike_P+1","Defend_P","Defend_P","Defend_P","Eruption+1","Vigilance","Wireheading","ThirdEye","LikeWater+1","InnerPeace","MentalFortress+1","CutThroughFate","MentalFortress+1","FollowUp","FollowUp","Omniscience+1","FollowUp","Collect+1","DevaForm+1","Wish+1","LikeWater+1","Crescendo+1","Crescendo+1","EmptyMind+1","Injury","ForeignInfluence+1","Madness+1","Madness+1","Fasting2+1","Panache+1","Discovery+1","Indignation+1","FearNoEvil","Nirvana"],"relics":["HolyWater","Membership Card","GoldenEye","Vajra","Regal Pillow","Girya","MerchantsRug","Mummified Hand","CultistMask","Centennial Puzzle","Bottled Flame","Bloody Idol","Lizard Tail","Cursed Key","Bag of Marbles","Oddly Smooth Stone","PreservedInsect","Pantograph","Ginger","Bottled Lightning","Boot"],"acts_visited":["Exordium","TheCity","TheBeyond","TheEnding"],"potions_floor_usage":[40,55],"damage_taken":[{"damage":0.0,"enemies":"Jaw Worm","floor":1.0,"turns":3.0},{"damage":0.0,"enemies":"Cultist","floor":2.0,"turns":4.0},{"damage":0.0,"enemies":"Small Slimes","floor":3.0,"turns":5.0},{"damage":0.0,"enemies":"2 Fungi Beasts","floor":7.0,"turns":4.0},{"damage":0.0,"enemies":"3 Louse","floor":12.0,"turns":3.0},{"damage":2.0,"enemies":"Blue Slaver","floor":14.0,"turns":2.0},{"damage":0.0,"enemies":"Slime Boss","floor":16.0,"turns":4.0},{"damage":0.0,"enemies":"Chosen","floor":18.0,"turns":4.0},{"damage":4.0,"enemies":"Shell Parasite","floor":22.0,"turns":3.0},{"damage":27.0,"enemies":"Slavers","floor":24.0,"turns":3.0},{"damage":0.0,"enemies":"Snake Plant","floor":31.0,"turns":3.0},{"damage":30.0,"enemies":"Automaton","floor":33.0,"turns":9.0},{"damage":0.0,"enemies":"Orb Walker","floor":35.0,"turns":4.0},{"damage":0.0,"enemies":"3 Darklings","floor":39.0,"turns":5.0},{"damage":33,"enemies":"Nemesis","floor":40,"turns":7},{"damage":7,"enemies":"Reptomancer","floor":44,"turns":3},{"damage":0,"enemies":"Mind Bloom Boss Battle","floor":45,"turns":3},{"damage":2,"enemies":"4 Shapes","floor":47,"turns":4},{"damage":5,"enemies":"Awakened One","floor":50,"turns":10},{"damage":8,"enemies":"Shield and Spear","floor":54,"turns":4},{"damage":79,"enemies":"The Heart","floor":55,"turns":10}],"seed_played":"-9019814589517005390","potions_obtained":[{"floor":12.0,"key":"BlessingOfTheForge"},{"floor":14.0,"key":"SkillPotion"},{"floor":18.0,"key":"ColorlessPotion"},{"floor":31.0,"key":"DistilledChaos"},{"floor":39.0,"key":"Strength Potion"},{"floor":44,"key":"Dexterity Potion"}],"is_trial":false,"path_per_floor":["M","M","M","$","?","R","M","$","T","R","$","M","$","M","R","B",null,"M","?","?","?","M","R","E","R","T","?","R","$","?","M","R","B",null,"M","?","?","$","M","E","R","$","T","E","?","?","M","$","R","B",null,"R","$","E","B",null],"character_chosen":"WATCHER","items_purchased":["Membership Card","Wireheading","GoldenEye","Vajra","Regal Pillow","MerchantsRug","Mummified Hand","MentalFortress","Whetstone","FollowUp","Lizard Tail","Toxic Egg 2","Crescendo+1","Bag of Marbles","MealTicket","PreservedInsect","EmptyMind+1","Fasting2+1","Panache+1","Bottled Lightning","Discovery+1","Indignation+1","FearNoEvil"],"campfire_rested":3,"item_purchase_floors":[0,0,0,0,0,0,0,4,4,13,29,29,38,38,38,42,42,48,48,48,48,48,53],"current_hp_per_floor":[41,41,41,41,41,41,41,41,41,41,41,41,41,39,39,39,72,72,72,72,72,68,68,41,72,72,36,72,72,58,63,63,38,72,72,72,72,72,72,44,72,72,72,70,72,63,66,72,72,67,72,72,72,69,34],"gold":46,"neow_bonus":"","is_daily":false,"chose_seed":false,"campfire_upgraded":4,"win_rate":0.0,"timestamp":1613910440,"path_taken":["M","M","M","$","?","R","?","?","T","R","?","M","$","M","R","BOSS","M","?","?","?","M","R","E","R","T","?","R","$","?","M","R","BOSS","M","?","?","$","M","E","R","?","T","E","?","?","M","?","R","BOSS","R","$","E","BOSS"],"items_purchased_type":["Relic","Card","Relic","Relic","Relic","Relic","Relic","Card","Relic","Card","Relic","Relic","Card","Relic","Relic","Relic","Card","Card","Card","Relic","Card","Card","Card"],"build_version":"2020-12-22","purchased_purges":2,"victory":true,"max_hp_per_floor":[72,72,72,72,72,72,72,72,72,72,72,72,72,72,72,72,72,72,72,72,72,72,72,72,72,72,72,72,72,72,72,72,72,72,72,72,72,72,72,72,72,72,72,72,72,72,72,72,72,72,72,72,72,72,72],"relic_stats":{"Regal Pillow":68,"counters":[192,793],"PreservedInsect":194,"Ginger":[2],"GoldenEye":[163],"Cursed Key":1,"Boot":[0],"Centennial Puzzle":[54],"Lizard Tail":36,"Mummified Hand":[107],"Bloody Idol":30,"Pantograph":60,"obtain_stats":[{"Ginger":0,"Whetstone":4,"Bottled Tornado":46,"Boot":54,"Old Coin":13,"MealTicket":38,"Kunai":0,"MerchantsRug":0,"Pear":0,"Blue Candle":17,"Eternal Feather":23,"Pen Nib":9,"Akabeko":9,"SlaversCollar":17,"MutagenicStrength":19,"CultistMask":5,"StrikeDummy":6,"Unceasing Top":0,"Regal Pillow":43,"Lantern":7,"Singing Bowl":23,"Bag of Preparation":27,"Cursed Key":17,"Ancient Tea Set":7,"Matryoshka":6,"Shovel":0,"WingedGreaves":23,"Chemical X":31,"InkBottle":46,"Lee\u0027s Waffle":38,"Golden Idol":2,"Damaru":39,"Thread and Needle":0,"betterThird:NestCultRelic":24,"PreservedInsect":26,"The Courier":43,"Frozen Egg 2":40,"GoldenEye":0,"Busted Crown":34,"Ornamental Fan":0,"Bloody Idol":21,"betterThird:SlimedRelic":2,"Ectoplasm":17,"Turnip":0,"Art of War":9,"Bottled Lightning":48,"Toy Ornithopter":53,"Ice Cream":0,"Calipers":0,"Tiny House":34,"Gremlin Horn":43,"Vajra":26,"Sozu":34,"Centennial Puzzle":45,"Lizard Tail":29,"HornCleat":9,"FaceOfCleric":21,"Strawberry":6,"Prayer Wheel":17,"VioletLotus":34,"Toxic Egg 2":29,"Girya":0,"Happy Flower":13,"Dead Branch":39,"Oddly Smooth Stone":38,"War Paint":53,"Question Card":9,"Bottled Flame":31,"Shuriken":0,"Molten Egg 2":14,"Nloth\u0027s Gift":21,"Symbiotic Virus":0,"Meat on the Bone":29,"SacredBark":17,"Melange":0,"Mango":38,"Juzu Bracelet":36,"TeardropLocket":37,"Frozen Eye":0,"Dream Catcher":6,"Nunchaku":46,"TheAbacus":53,"Mummified Hand":43,"Gambling Chip":0,"Pantograph":9,"Red Mask":45,"Cracked Core":0,"Odd Mushroom":7,"Orichalcum":6,"White Beast Statue":54,"Mercury Hourglass":53,"Peace Pipe":0,"Calling Bell":17,"Strange Spoon":53,"Anchor":54,"CaptainsWheel":0,"HolyWater":34,"Bag of Marbles":0,"Membership Card":53,"PureWater":0,"TungstenRod":26,"FossilizedHelix":53},{"Ginger":95,"Whetstone":174,"Bottled Tornado":68,"Boot":170,"Old Coin":51,"MealTicket":184,"Kunai":72,"MerchantsRug":0,"Pear":46,"Blue Candle":155,"Eternal Feather":45,"Pen Nib":99,"Akabeko":48,"SlaversCollar":32,"MutagenicStrength":53,"CultistMask":174,"StrikeDummy":76,"Unceasing Top":146,"Regal Pillow":20,"Lantern":39,"Singing Bowl":106,"Bag of Preparation":58,"Cursed Key":8,"Ancient Tea Set":98,"Matryoshka":48,"Shovel":95,"WingedGreaves":56,"Chemical X":85,"InkBottle":91,"Lee\u0027s Waffle":19,"Golden Idol":36,"Damaru":140,"Thread and Needle":72,"betterThird:NestCultRelic":83,"PreservedInsect":107,"The Courier":114,"Frozen Egg 2":65,"GoldenEye":171,"Busted Crown":86,"Ornamental Fan":117,"Bloody Idol":34,"betterThird:SlimedRelic":47,"Ectoplasm":80,"Turnip":117,"Art of War":4,"Bottled Lightning":189,"Toy Ornithopter":70,"Ice Cream":24,"Calipers":46,"Tiny House":61,"Gremlin Horn":141,"Vajra":57,"Sozu":17,"Centennial Puzzle":142,"Lizard Tail":181,"HornCleat":48,"FaceOfCleric":44,"Strawberry":126,"Prayer Wheel":155,"VioletLotus":138,"Toxic Egg 2":181,"Girya":146,"Happy Flower":6,"Dead Branch":64,"Oddly Smooth Stone":19,"War Paint":169,"Question Card":29,"Bottled Flame":60,"Shuriken":24,"Molten Egg 2":51,"Nloth\u0027s Gift":10,"Symbiotic Virus":0,"Meat on the Bone":108,"SacredBark":130,"Melange":146,"Mango":19,"Juzu Bracelet":18,"TeardropLocket":63,"Frozen Eye":146,"Dream Catcher":97,"Nunchaku":166,"TheAbacus":169,"Mummified Hand":90,"Gambling Chip":72,"Pantograph":77,"Red Mask":21,"Cracked Core":0,"Odd Mushroom":4,"Orichalcum":39,"White Beast Statue":94,"Mercury Hourglass":169,"Peace Pipe":0,"Calling Bell":155,"Strange Spoon":70,"Anchor":71,"CaptainsWheel":122,"HolyWater":163,"Bag of Marbles":146,"Membership Card":70,"PureWater":0,"TungstenRod":45,"FossilizedHelix":115},{"Ginger":389,"Whetstone":708,"Bottled Tornado":268,"Boot":688,"Old Coin":210,"MealTicket":747,"Kunai":290,"MerchantsRug":0,"Pear":191,"Blue Candle":651,"Eternal Feather":182,"Pen Nib":405,"Akabeko":196,"SlaversCollar":123,"MutagenicStrength":225,"CultistMask":708,"StrikeDummy":305,"Unceasing Top":628,"Regal Pillow":74,"Lantern":149,"Singing Bowl":429,"Bag of Preparation":240,"Cursed Key":21,"Ancient Tea Set":403,"Matryoshka":196,"Shovel":389,"WingedGreaves":233,"Chemical X":340,"InkBottle":363,"Lee\u0027s Waffle":68,"Golden Idol":137,"Damaru":585,"Thread and Needle":290,"betterThird:NestCultRelic":335,"PreservedInsect":433,"The Courier":465,"Frozen Egg 2":260,"GoldenEye":696,"Busted Crown":343,"Ornamental Fan":488,"Bloody Idol":130,"betterThird:SlimedRelic":192,"Ectoplasm":324,"Turnip":488,"Art of War":9,"Bottled Lightning":769,"Toy Ornithopter":275,"Ice Cream":91,"Calipers":191,"Tiny House":250,"Gremlin Horn":590,"Vajra":237,"Sozu":60,"Centennial Puzzle":597,"Lizard Tail":731,"HornCleat":196,"FaceOfCleric":177,"Strawberry":522,"Prayer Wheel":651,"VioletLotus":578,"Toxic Egg 2":731,"Girya":628,"Happy Flower":13,"Dead Branch":259,"Oddly Smooth Stone":68,"War Paint":685,"Question Card":104,"Bottled Flame":247,"Shuriken":91,"Molten Egg 2":210,"Nloth\u0027s Gift":29,"Symbiotic Virus":0,"Meat on the Bone":437,"SacredBark":540,"Melange":628,"Mango":68,"Juzu Bracelet":64,"TeardropLocket":255,"Frozen Eye":628,"Dream Catcher":398,"Nunchaku":673,"TheAbacus":685,"Mummified Hand":356,"Gambling Chip":290,"Pantograph":308,"Red Mask":79,"Cracked Core":0,"Odd Mushroom":9,"Orichalcum":149,"White Beast Statue":384,"Mercury Hourglass":685,"Peace Pipe":0,"Calling Bell":651,"Strange Spoon":275,"Anchor":279,"CaptainsWheel":505,"HolyWater":670,"Bag of Marbles":628,"Membership Card":275,"PureWater":0,"TungstenRod":182,"FossilizedHelix":474}]},"card_choices":[{"not_picked":["FlurryOfBlows","Halt"],"picked":"ThirdEye","floor":1.0},{"not_picked":["FollowUp","WreathOfFlame"],"picked":"LikeWater","floor":2.0},{"not_picked":["SignatureMove","Protect"],"picked":"InnerPeace","floor":3.0},{"not_picked":["CrushJoints","EmptyBody"],"picked":"CutThroughFate","floor":7.0},{"not_picked":["SandsOfTime","Swivel"],"picked":"MentalFortress","floor":12.0},{"not_picked":["Vault","PathToVictory"],"picked":"FollowUp","floor":14.0},{"not_picked":["Vault","SpiritShield"],"picked":"Omniscience","floor":16.0},{"not_picked":["InnerPeace","EmptyBody"],"picked":"FollowUp","floor":18.0},{"not_picked":["BowlingBash+1","Consecrate"],"picked":"Collect+1","floor":22.0},{"not_picked":["WaveOfTheHand","DeceiveReality","BowlingBash"],"picked":"SKIP","floor":24.0},{"not_picked":["BowlingBash","Evaluate+1","JustLucky"],"picked":"SKIP","floor":31.0},{"not_picked":["DeusExMachina+1","Alpha+1"],"picked":"Wish+1","floor":33.0},{"not_picked":["Halt+1","Protect+1"],"picked":"LikeWater+1","floor":35.0},{"not_picked":["WaveOfTheHand+1","CrushJoints+1"],"picked":"Crescendo+1","floor":39.0},{"not_picked":["Perseverance+1","PathToVictory+1","DevaForm"],"picked":"SKIP","floor":40},{"not_picked":["InnerPeace+1","FlurryOfBlows","PathToVictory+1"],"picked":"SKIP","floor":44},{"not_picked":["Consecrate","ClearTheMind+1"],"picked":"ForeignInfluence+1","floor":45},{"not_picked":["CutThroughFate","Crescendo+1","FollowUp"],"picked":"SKIP","floor":47},{"not_picked":["FlurryOfBlows","CutThroughFate+1"],"picked":"Nirvana","floor":54}],"player_experience":3792614,"relics_obtained":[{"floor":9.0,"key":"Juzu Bracelet"},{"floor":24.0,"key":"Peace Pipe"},{"floor":26.0,"key":"Bottled Flame"},{"floor":40,"key":"Oddly Smooth Stone"},{"floor":43,"key":"Pantograph"},{"floor":44,"key":"Frozen Egg 2"},{"floor":45,"key":"Ginger"},{"floor":54,"key":"Boot"}],"event_choices":[{"damage_healed":0.0,"max_hp_gain":0.0,"max_hp_loss":0.0,"gold_gain":0.0,"event_name":"FaceTrader","player_choice":"Trade","floor":5.0,"gold_loss":0.0,"damage_taken":0.0,"relics_obtained":["CultistMask"]},{"damage_healed":0.0,"max_hp_gain":0.0,"max_hp_loss":0.0,"gold_gain":0.0,"event_name":"WeMeetAgain","player_choice":"Gave Potion","floor":19.0,"gold_loss":0.0,"damage_taken":0.0,"relics_obtained":["Centennial Puzzle"]},{"damage_healed":0.0,"max_hp_gain":0.0,"max_hp_loss":0.0,"gold_gain":100.0,"event_name":"The Joust","player_choice":"Bet on Murderer","floor":20.0,"gold_loss":50.0,"damage_taken":0.0},{"damage_healed":0.0,"max_hp_gain":0.0,"max_hp_loss":0.0,"gold_gain":0.0,"event_name":"Upgrade Shrine","player_choice":"Upgraded","floor":21.0,"gold_loss":0.0,"damage_taken":0.0,"cards_upgraded":["LikeWater"]},{"damage_healed":0.0,"max_hp_gain":72.0,"max_hp_loss":36.0,"gold_gain":0.0,"event_name":"betterAltar:BetterAltar","player_choice":" Idol ","floor":27.0,"potions_obtained":[],"relics_lost":[],"gold_loss":0.0,"damage_taken":36.0,"relics_obtained":["Bloody Idol"]},{"damage_healed":0.0,"max_hp_gain":0.0,"max_hp_loss":14.0,"gold_gain":2.0,"event_name":"betterStone:BetterStone","player_choice":"2","floor":30.0,"gold_loss":0.0,"damage_taken":0.0},{"cards_removed":["Defend_P"],"damage_healed":0.0,"max_hp_gain":0.0,"max_hp_loss":0.0,"gold_gain":0.0,"event_name":"Falling","player_choice":"Removed Skill","floor":36.0,"gold_loss":0.0,"damage_taken":0.0},{"damage_healed":0.0,"max_hp_gain":0.0,"max_hp_loss":0.0,"gold_gain":0.0,"event_name":"Tomb of Lord Red Mask","player_choice":"Ignored","floor":37.0,"gold_loss":0.0,"damage_taken":0.0},{"damage_healed":0,"gold_gain":0,"player_choice":"Fight","damage_taken":0,"max_hp_gain":0,"max_hp_loss":0,"event_name":"MindBloom","floor":45,"gold_loss":0},{"damage_healed":0,"gold_gain":0,"player_choice":"Embrace Madness","damage_taken":9,"max_hp_gain":0,"max_hp_loss":0,"event_name":"Winding Halls","floor":46,"gold_loss":0,"cards_obtained":["Madness","Madness"]}],"is_beta":false,"boss_relics":[{"not_picked":["SlaversCollar","Runic Dome"],"picked":"HolyWater"},{"not_picked":["Empty Cage","VioletLotus"],"picked":"Cursed Key"}],"items_purged_floors":[0,29],"is_endless":false,"potions_floor_spawned":[12,14,18,31,39,44,47],"ascension_level":0}}