{"host":"21o28mgl9u9ntir2","time":1613908099,"event":{"mods":["BaseMod","BetterRewards","Colored Powertips","Minty Spire (QoL Compilation)","Quick Restart","Remove Card Discount Mod","SOS（斯巴达之子）","Spicy Shops","StSLib","SuperFastMode","[IsaacMod]以撒尖塔","【遗物卡牌】REMEMod","残留之物"],"gold_per_floor":[117,117,134,144,144,144,161,12,86,112,122,122,122,122],"floor_reached":13,"language":"ZHS","playtime":294,"items_purged":["PlaceholderMod:BaseStrike","PlaceholderMod:BaseStrike","PlaceholderMod:BaseDefend"],"score":106,"play_id":"b402b494-e791-4137-939b-7198f9949b89","local_time":"20210221194819","is_ascension_mode":true,"campfire_choices":[{"data":"PlaceholderMod:DirectingGroup","floor":6,"key":"SMITH"},{"floor":12,"key":"REST"}],"circlet_count":0,"master_deck":["PlaceholderMod:BaseStrike","PlaceholderMod:BaseStrike","PlaceholderMod:BaseStrike","PlaceholderMod:BaseDefend","PlaceholderMod:BaseDefend","PlaceholderMod:BaseDefend","PlaceholderMod:BaseDefend","PlaceholderMod:Crystal","PlaceholderMod:PoisonWhip","PlaceholderMod:DirectingGroup+1","PlaceholderMod:Corrosion+1"],"relics":["PlaceholderMod:Tancle","HushsDoor","REME_ComplimentaryCards","GuppysTail","Boot","Pen Nib","PlaceholderMod:FlatBlood","GnawedLeaf","Toxic Egg 2"],"acts_visited":["Exordium"],"potions_floor_usage":[],"damage_taken":[{"damage":7,"enemies":"Jaw Worm","floor":1,"turns":3},{"damage":6,"enemies":"Cultist","floor":3,"turns":5},{"damage":11,"enemies":"Small Slimes","floor":4,"turns":4},{"damage":3,"enemies":"Blue Slaver","floor":7,"turns":4},{"damage":26,"enemies":"Gremlin Nob","floor":10,"turns":4},{"damage":0,"enemies":"Large Slime","floor":11,"turns":5},{"damage":13,"enemies":"3 Sentries","floor":13,"turns":5}],"seed_played":"-7112181059024715493","potions_obtained":[{"floor":1,"key":"Dexterity Potion"},{"floor":7,"key":"Ancient Potion"},{"floor":10,"key":"Energy Potion"}],"is_trial":false,"path_per_floor":["M","?","M","M","?","R","M","$","T","E","M","R","E"],"character_chosen":"THE_PLACEHOLDER","items_purchased":["PlaceholderMod:FlatBlood"],"campfire_rested":1,"item_purchase_floors":[8],"current_hp_per_floor":[71,71,65,54,51,51,48,48,48,22,22,45,32,32],"gold":122,"neow_bonus":"RANDOM_COMMON_RELIC","is_daily":false,"chose_seed":false,"campfire_upgraded":1,"win_rate":0.0,"timestamp":1613908099,"path_taken":["M","?","M","M","?","R","M","$","T","E","M","R","E"],"items_purchased_type":["Relic"],"build_version":"2020-12-22","purchased_purges":3,"victory":false,"max_hp_per_floor":[78,78,78,78,78,78,78,78,78,78,78,78,78,78],"card_choices":[{"not_picked":["PlaceholderMod:SpinBlade","PlaceholderMod:Internalization"],"picked":"PlaceholderMod:DirectingGroup","floor":1},{"not_picked":["PlaceholderMod:StrongAcid","PlaceholderMod:Sweep","PlaceholderMod:QualitativeChange"],"picked":"SKIP","floor":3},{"not_picked":["PlaceholderMod:AttackAsDefend","PlaceholderMod:Polyp","PlaceholderMod:ChainPoly"],"picked":"SKIP","floor":4},{"not_picked":["PlaceholderMod:OHStrongAttack","PlaceholderMod:PoisonExcitation"],"picked":"Bomb","floor":7},{"not_picked":["PlaceholderMod:Colorful","PlaceholderMod:RadicalHit"],"picked":"PlaceholderMod:Corrosion+1","floor":10},{"not_picked":["PlaceholderMod:Crystallization","PlaceholderMod:PoisonExcitation","PlaceholderMod:SpinBlade"],"picked":"SKIP","floor":11}],"player_experience":754870,"relics_obtained":[{"floor":9,"key":"GnawedLeaf"},{"floor":10,"key":"Toxic Egg 2"}],"event_choices":[{"damage_healed":0,"gold_gain":0,"player_choice":"Success","damage_taken":3,"relics_obtained":["Pen Nib"],"max_hp_gain":0,"max_hp_loss":0,"event_name":"Scrap Ooze","floor":5,"gold_loss":0}],"is_beta":false,"boss_relics":[],"items_purged_floors":[8,8,8],"is_endless":false,"potions_floor_spawned":[1,7,10],"killed_by":"3 Sentries","ascension_level":5}}