{"host":"BK","time":1613884760,"event":{"mods":["BaseMod","Highlight Path","Minty Spire (QoL Compilation)","StSLib"],"gold_per_floor":[126,126,153,172,201,201,241,241,291,78,110,110,148,158,158,244,316,343,0,18,18,45,86,86,116,142,154,166,178,220,256,268,360,372,402,427,439,205,231,258,283,312,312,312,327,256,256,272,272,272,272,272,272,141,174,174,174],"floor_reached":56,"language":"ENG","playtime":3815,"items_purged":["Strike_R","Searing Blow"],"score":2037,"play_id":"359172a8-e5f9-452b-aa71-3b2a1b9b64c3","local_time":"20210220221920","is_ascension_mode":true,"campfire_choices":[{"floor":6.0,"key":"REST"},{"data":"Immolate","floor":8.0,"key":"SMITH"},{"data":"Rampage","floor":12.0,"key":"SMITH"},{"floor":15.0,"key":"REST"},{"data":"Corruption","floor":24.0,"key":"SMITH"},{"data":"Ghostly","floor":29,"key":"SMITH"},{"data":"True Grit","floor":32,"key":"SMITH"},{"data":"Feel No Pain","floor":44,"key":"SMITH"},{"floor":47,"key":"RECALL"},{"data":"Ghostly","floor":49,"key":"SMITH"},{"data":"Disarm","floor":53,"key":"SMITH"}],"circlet_count":0,"master_deck":["AscendersBane","Bash+1","Headbutt","Immolate+1","Shrug It Off","Burning Pact","Rampage+1","Flame Barrier","Impervious","Inflame","Disarm+1","Corruption+1","Spot Weakness","Sword Boomerang","Feel No Pain+1","Rampage+1","Juggernaut","Barricade","Sever Soul","Ghostly Armor","Ghostly+1","Ghostly+1","Ghostly","Shrug It Off+1","True Grit+1","Offering","Corruption","Sentinel+1","Disarm"],"relics":["Burning Blood","CeramicFish","Eternal Feather","Omamori","Orrery","Strawberry","Bronze Scales","Pandora\u0027s Box","Charon\u0027s Ashes","Bag of Preparation","Dream Catcher","MawBank","TungstenRod","Snecko Eye","Whetstone","Ginger","Nunchaku","Pantograph","HornCleat"],"acts_visited":["Exordium","TheCity","TheBeyond","TheEnding"],"potions_floor_usage":[25,25,33,39,51,55,56],"damage_taken":[{"damage":9.0,"enemies":"2 Louse","floor":1.0,"turns":3.0},{"damage":5.0,"enemies":"Small Slimes","floor":3.0,"turns":3.0},{"damage":9.0,"enemies":"Jaw Worm","floor":4.0,"turns":3.0},{"damage":11.0,"enemies":"Blue Slaver","floor":5.0,"turns":4.0},{"damage":10.0,"enemies":"3 Sentries","floor":7.0,"turns":4.0},{"damage":40.0,"enemies":"Lagavulin","floor":11.0,"turns":6.0},{"damage":25.0,"enemies":"Gremlin Nob","floor":13.0,"turns":4.0},{"damage":2.0,"enemies":"Gremlin Gang","floor":14.0,"turns":2.0},{"damage":48.0,"enemies":"Slime Boss","floor":16.0,"turns":13.0},{"damage":9.0,"enemies":"3 Byrds","floor":18.0,"turns":3.0},{"damage":22.0,"enemies":"Chosen","floor":20.0,"turns":6.0},{"damage":10.0,"enemies":"Gremlin Leader","floor":23.0,"turns":7.0},{"damage":60,"enemies":"Slavers","floor":25,"turns":6},{"damage":15,"enemies":"Book of Stabbing","floor":30,"turns":5},{"damage":7,"enemies":"Centurion and Healer","floor":31,"turns":6},{"damage":29,"enemies":"Champ","floor":33,"turns":17},{"damage":0,"enemies":"3 Shapes","floor":35,"turns":3},{"damage":5,"enemies":"Orb Walker","floor":36,"turns":3},{"damage":11,"enemies":"Jaw Worm Horde","floor":39,"turns":2},{"damage":5,"enemies":"Giant Head","floor":40,"turns":6},{"damage":0,"enemies":"Mind Bloom Boss Battle","floor":41,"turns":4},{"damage":0,"enemies":"Nemesis","floor":42,"turns":7},{"damage":5,"enemies":"3 Darklings","floor":45,"turns":2},{"damage":0,"enemies":"Transient","floor":48,"turns":6},{"damage":16,"enemies":"Donu and Deca","floor":50,"turns":8},{"damage":37,"enemies":"Time Eater","floor":51,"turns":13},{"damage":15,"enemies":"Shield and Spear","floor":55,"turns":5},{"damage":52,"enemies":"The Heart","floor":56,"turns":9}],"seed_played":"-2640094773991909036","potions_obtained":[{"floor":3.0,"key":"Fruit Juice"},{"floor":4.0,"key":"Fire Potion"},{"floor":7.0,"key":"SteroidPotion"},{"floor":11.0,"key":"EssenceOfSteel"},{"floor":18.0,"key":"Regen Potion"},{"floor":23.0,"key":"Regen Potion"},{"floor":25,"key":"Fruit Juice"},{"floor":30,"key":"HeartOfIron"},{"floor":36,"key":"SpeedPotion"},{"floor":39,"key":"Weak Potion"},{"floor":40,"key":"BloodPotion"}],"is_trial":false,"path_per_floor":["M","?","M","M","M","R","E","R","T","$","E","R","E","M","R","B",null,"M","$","M","?","?","E","R","E","T","?","$","R","E","M","R","B",null,"M","M","?","$","M","E","?","E","T","R","M","?","R","M","R","B","B",null,"R","$","E","B"],"character_chosen":"IRONCLAD","items_purchased":["Orrery","Charon\u0027s Ashes","Corruption","Disarm","Block Potion"],"campfire_rested":2,"item_purchase_floors":[10,19,38,54,54],"current_hp_per_floor":[65,42,43,40,35,57,53,62,62,62,35,44,25,29,62,20,67,64,64,48,48,41,42,46,16,16,16,16,31,22,21,36,13,38,44,45,45,45,45,46,51,51,51,51,51,51,51,51,51,41,30,46,51,51,42,0,0],"gold":174,"neow_bonus":"RANDOM_COMMON_RELIC","is_daily":false,"chose_seed":false,"campfire_upgraded":8,"win_rate":0.0,"timestamp":1613884760,"path_taken":["M","?","M","M","M","R","E","R","T","$","E","R","E","M","R","BOSS","M","$","M","?","?","E","R","E","T","?","$","R","E","?","R","BOSS","M","M","?","$","M","E","?","E","T","R","M","?","R","M","R","BOSS","BOSS","R","$","E","BOSS"],"items_purchased_type":["Relic","Relic","Card","Card","Potion"],"build_version":"2020-12-18","purchased_purges":2,"victory":false,"max_hp_per_floor":[75,75,75,75,75,75,75,75,75,75,82,82,82,82,82,82,82,82,82,82,82,41,46,46,46,46,46,46,46,46,46,46,46,46,46,46,46,46,51,51,51,51,51,51,51,51,51,51,51,51,51,51,51,51,51,51,51],"card_choices":[{"not_picked":["True Grit","Havoc"],"picked":"Headbutt","floor":1.0},{"not_picked":["True Grit","Perfected Strike"],"picked":"Immolate","floor":3.0},{"not_picked":["Fire Breathing","Pummel"],"picked":"Shrug It Off","floor":4.0},{"not_picked":["True Grit","Clash"],"picked":"Burning Pact","floor":5.0},{"not_picked":["Shrug It Off","Power Through"],"picked":"Rampage","floor":7.0},{"not_picked":["Combust","Flex"],"picked":"Flame Barrier","floor":10.0},{"not_picked":["Shrug It Off","Whirlwind"],"picked":"Impervious","floor":10.0},{"not_picked":["Body Slam","Shrug It Off"],"picked":"Inflame","floor":10.0},{"not_picked":["Twin Strike","Clash","Infernal Blade"],"picked":"SKIP","floor":11.0},{"not_picked":["Hemokinesis","Dropkick"],"picked":"Disarm","floor":13.0},{"not_picked":["Second Wind","Clothesline","Havoc"],"picked":"SKIP","floor":14.0},{"not_picked":["Impervious","Fiend Fire"],"picked":"Corruption","floor":16.0},{"not_picked":["Clothesline","Hemokinesis"],"picked":"Ghostly Armor","floor":18.0},{"not_picked":["Pommel Strike","Wild Strike","Anger"],"picked":"SKIP","floor":20.0},{"not_picked":["Anger","Sever Soul"],"picked":"Shrug It Off+1","floor":23.0},{"not_picked":["Twin Strike","Iron Wave","Second Wind"],"picked":"SKIP","floor":25},{"not_picked":["Infernal Blade","Inflame+1","Thunderclap+1"],"picked":"SKIP","floor":30},{"not_picked":["Sword Boomerang+1","Cleave"],"picked":"True Grit","floor":31},{"not_picked":["Brutality","Bludgeon"],"picked":"Offering","floor":33},{"not_picked":["Iron Wave","Havoc+1","Clash+1"],"picked":"SKIP","floor":35},{"not_picked":["Warcry+1","Wild Strike","Bloodletting+1"],"picked":"SKIP","floor":36},{"not_picked":["Thunderclap","Second Wind"],"picked":"Sentinel+1","floor":39},{"not_picked":["Havoc+1","Dual Wield+1","Rage"],"picked":"SKIP","floor":40},{"not_picked":["Pommel Strike","Armaments","Thunderclap"],"picked":"SKIP","floor":42},{"not_picked":["Pommel Strike","Armaments","Thunderclap"],"picked":"SKIP","floor":42},{"not_picked":["Body Slam+1","Pommel Strike+1","Offering"],"picked":"SKIP","floor":45},{"not_picked":["Whirlwind+1","Clothesline","Dual Wield"],"picked":"SKIP","floor":48},{"not_picked":["Bloodletting","Intimidate","Perfected Strike"],"picked":"SKIP","floor":55}],"player_experience":2596949,"relics_obtained":[{"floor":7.0,"key":"Eternal Feather"},{"floor":9.0,"key":"Omamori"},{"floor":11.0,"key":"Strawberry"},{"floor":13.0,"key":"Bronze Scales"},{"floor":23.0,"key":"Bag of Preparation"},{"floor":25,"key":"Dream Catcher"},{"floor":26,"key":"MawBank"},{"floor":30,"key":"TungstenRod"},{"floor":40,"key":"Whetstone"},{"floor":41,"key":"Ginger"},{"floor":42,"key":"Nunchaku"},{"floor":55,"key":"HornCleat"}],"event_choices":[{"damage_healed":0.0,"max_hp_gain":0.0,"max_hp_loss":0.0,"gold_gain":0.0,"event_name":"Shining Light","player_choice":"Entered Light","floor":2.0,"gold_loss":0.0,"damage_taken":23.0,"cards_upgraded":["Strike_R","Strike_R"]},{"damage_healed":0.0,"max_hp_gain":0.0,"max_hp_loss":0.0,"gold_gain":0.0,"event_name":"Vampires","player_choice":"Ignored","floor":21.0,"gold_loss":0.0,"damage_taken":0.0},{"damage_healed":0.0,"max_hp_gain":0.0,"max_hp_loss":41.0,"gold_gain":0.0,"event_name":"Ghosts","player_choice":"Became a Ghost","floor":22.0,"gold_loss":0.0,"damage_taken":0.0,"cards_obtained":["Ghostly","Ghostly","Ghostly"]},{"damage_healed":0,"gold_gain":0,"player_choice":"1 cards matched","damage_taken":0,"max_hp_gain":0,"max_hp_loss":0,"event_name":"Match and Keep!","floor":27,"gold_loss":0,"cards_obtained":["Shame"]},{"damage_healed":0,"gold_gain":0,"player_choice":"Ignored","damage_taken":0,"max_hp_gain":0,"max_hp_loss":0,"event_name":"Tomb of Lord Red Mask","floor":37,"gold_loss":0},{"damage_healed":0,"gold_gain":0,"player_choice":"Fight","damage_taken":0,"max_hp_gain":0,"max_hp_loss":0,"event_name":"MindBloom","floor":41,"gold_loss":0},{"damage_healed":0,"gold_gain":0,"player_choice":"Paid Gold","damage_taken":0,"relics_obtained":["Pantograph"],"max_hp_gain":0,"max_hp_loss":0,"event_name":"WeMeetAgain","floor":46,"gold_loss":71}],"is_beta":true,"boss_relics":[{"not_picked":["SlaversCollar","Ectoplasm"],"picked":"Pandora\u0027s Box"},{"not_picked":["Runic Cube","Philosopher\u0027s Stone"],"picked":"Snecko Eye"}],"items_purged_floors":[10,38],"is_endless":false,"potions_floor_spawned":[3,4,7,11,18,23,25,30,36,39,40,45,48],"killed_by":"The Heart","ascension_level":20}}