{"host":"otnudku6n3tqcmrv","time":1613921676,"event":{"mods":["BaseMod","CapriCore","Colored Map","DeckTracker","KOR Keyword Fix","Keyboard Shortcuts","Minty Spire (QoL Compilation)","Quick Restart","StSLib","SuperFastMode","The Immortal","Waifu the Spire","everything is the same but u backflip on backflip"],"gold_per_floor":[109,109,109,109,134,134,168,16,16,16,16,41,41,64,64,193,193,218,218,231,25,38,74,74,74,74,95,118,157,175,196,196,325,325,338,354,11,35,54,54,74,98,98,98,123,123,156,44,44,44],"floor_reached":51,"language":"KOR","playtime":1739,"items_purged":["MokouMod:Strike","MokouMod:Strike","MokouMod:Strike"],"score":868,"play_id":"7d42c69b-ba2a-4a5e-8d5e-2f9745194fc0","local_time":"20210222003436","is_ascension_mode":false,"campfire_choices":[{"data":"MokouMod:FusionFlare","floor":6,"key":"SMITH"},{"data":"MokouMod:RisingSunBarrier","floor":11,"key":"SMITH"},{"data":"MokouMod:PhoenixFeathers","floor":15,"key":"SMITH"},{"data":"MokouMod:Fireball","floor":24,"key":"SMITH"},{"data":"MokouMod:Overheat","floor":32,"key":"SMITH"},{"data":"MokouMod:Extinguish","floor":40,"key":"SMITH"},{"floor":46,"key":"DIG"},{"floor":49,"key":"DIG"}],"circlet_count":0,"master_deck":["MokouMod:Defend","MokouMod:Defend","MokouMod:Defend","MokouMod:Defend","MokouMod:HeatSpark+1","MokouMod:FusionFlare+1","MokouMod:BurningDraft","MokouMod:RisingSunBarrier+1","MokouMod:PhoenixFeathers+1","MokouMod:Burn+1","MokouMod:BlazingComet","CurseOfTheBell","MokouMod:Fireball+1","MokouMod:BlazingComet+1","MokouMod:RisingSunBarrier+1","MokouMod:Overheat+1","MokouMod:FlareStarter","MokouMod:Extinguish+1","MokouMod:Overheat+1","MokouMod:Firecracker"],"relics":["MokouMod:PhoenixFeather","NeowsBlessing","Golden Idol","Mummified Hand","Singing Bowl","Matryoshka","Regal Pillow","Mercury Hourglass","Calling Bell","Dream Catcher","The Courier","Gambling Chip","Lee\u0027s Waffle","Bag of Marbles","Whetstone","Strawberry","Nunchaku","Sozu","CaptainsWheel","TungstenRod","StoneCalendar","Smiling Mask","Shovel","MawBank","TheAbacus","Pen Nib"],"acts_visited":["Exordium","TheCity","TheBeyond"],"potions_floor_usage":[31,33,50],"damage_taken":[{"damage":0,"enemies":"2 Louse","floor":1,"turns":1},{"damage":0,"enemies":"Jaw Worm","floor":5,"turns":1},{"damage":0,"enemies":"3 Sentries","floor":7,"turns":1},{"damage":0,"enemies":"Cultist","floor":12,"turns":3},{"damage":1,"enemies":"2 Fungi Beasts","floor":14,"turns":3},{"damage":21,"enemies":"The Guardian","floor":16,"turns":12},{"damage":2,"enemies":"Shell Parasite","floor":18,"turns":9},{"damage":21,"enemies":"Chosen","floor":20,"turns":7},{"damage":5,"enemies":"Sentry and Sphere","floor":22,"turns":5},{"damage":9,"enemies":"Book of Stabbing","floor":23,"turns":8},{"damage":0,"enemies":"Centurion and Healer","floor":27,"turns":5},{"damage":0,"enemies":"Snecko","floor":28,"turns":4},{"damage":18,"enemies":"Gremlin Leader","floor":29,"turns":5},{"damage":4,"enemies":"Snake Plant","floor":30,"turns":6},{"damage":2,"enemies":"Cultist and Chosen","floor":31,"turns":4},{"damage":46,"enemies":"Collector","floor":33,"turns":15},{"damage":3,"enemies":"3 Shapes","floor":35,"turns":4},{"damage":18,"enemies":"3 Darklings","floor":36,"turns":10},{"damage":0,"enemies":"Transient","floor":38,"turns":5},{"damage":0,"enemies":"Maw","floor":39,"turns":10},{"damage":0,"enemies":"3 Darklings","floor":41,"turns":7},{"damage":2,"enemies":"4 Shapes","floor":42,"turns":3},{"damage":0,"enemies":"Writhing Mass","floor":45,"turns":7},{"damage":3,"enemies":"Transient","floor":47,"turns":5},{"damage":0,"enemies":"Awakened One","floor":50,"turns":19}],"seed_played":"-6161893919080081574","potions_obtained":[{"floor":1,"key":"Regen Potion"},{"floor":5,"key":"Weak Potion"},{"floor":12,"key":"PowerPotion"},{"floor":22,"key":"DistilledChaos"},{"floor":27,"key":"FearPotion"},{"floor":31,"key":"Explosive Potion"}],"is_trial":false,"path_per_floor":["M","?","T","?","M","R","E","$","T","?","R","M","?","M","R","B",null,"M","?","M","$","M","E","R","?","T","M","M","E","M","M","R","B",null,"M","M","$","M","M","R","M","M","T","?","M","R","M","$","R","B",null],"character_chosen":"MKU","items_purchased":["MokouMod:PhoenixFeathers","Lee\u0027s Waffle","TungstenRod","TheAbacus"],"campfire_rested":0,"item_purchase_floors":[8,21,37,48],"current_hp_per_floor":[75,69,69,62,62,62,62,62,62,67,67,67,67,66,66,45,74,72,72,51,81,76,69,69,93,100,102,102,86,84,82,82,36,106,105,87,87,87,89,89,91,91,91,91,93,93,92,92,92,92],"gold":44,"neow_bonus":"THREE_ENEMY_KILL","is_daily":false,"chose_seed":false,"campfire_upgraded":6,"win_rate":0.0,"timestamp":1613921676,"path_taken":["M","?","?","?","?","R","E","?","T","?","R","M","?","M","R","BOSS","M","?","?","$","M","E","R","?","T","M","M","E","?","M","R","BOSS","M","M","$","M","M","R","M","M","T","?","M","R","M","?","R","BOSS"],"items_purchased_type":["Card","Relic","Relic","Relic"],"build_version":"2020-12-22","purchased_purges":3,"victory":true,"max_hp_per_floor":[75,69,69,69,69,69,69,69,69,74,74,74,74,74,74,74,74,74,74,74,81,81,83,83,93,100,102,102,104,106,106,106,106,106,108,108,108,108,110,110,112,114,114,114,116,116,118,118,118,118],"card_choices":[{"not_picked":["MokouMod:FlickeringFlame","MokouMod:Wildfire"],"picked":"MokouMod:FusionFlare","floor":1},{"not_picked":["MokouMod:HeatFactory","MokouMod:ResonanceReactor"],"picked":"MokouMod:BurningDraft","floor":5},{"not_picked":["MokouMod:Singe","MokouMod:ResoluteFlare"],"picked":"MokouMod:RisingSunBarrier","floor":7},{"not_picked":["MokouMod:ShiftIgnition","MokouMod:ScorchingColumn"],"picked":"MokouMod:Burn","floor":12},{"not_picked":["MokouMod:AdaptivePyromancy","MokouMod:SearingShot"],"picked":"MokouMod:BlazingComet","floor":14},{"not_picked":["MokouMod:HouraiForge","MokouMod:EnchantingBambooForest"],"picked":"MokouMod:ProfanedFlare","floor":16},{"not_picked":["MokouMod:FlareStarter","MokouMod:ControlledCombustion"],"picked":"MokouMod:Fireball","floor":18},{"not_picked":["MokouMod:FujiyamaVolcano+1","MokouMod:BurningDraft"],"picked":"MokouMod:BlazingComet+1","floor":20},{"not_picked":["MokouMod:Firecracker","MokouMod:SubterraneanCore+1"],"picked":"MokouMod:RisingSunBarrier+1","floor":22},{"not_picked":["MokouMod:Overheat","MokouMod:UncontrollableSolarReaction","MokouMod:Ember+1"],"picked":"Singing Bowl","floor":23},{"not_picked":["MokouMod:FusionFlare","MokouMod:HeartofFire","MokouMod:InfernalWave"],"picked":"Singing Bowl","floor":27},{"not_picked":["MokouMod:Wildfire","MokouMod:IndiscriminateIgnition"],"picked":"MokouMod:Overheat","floor":28},{"not_picked":["MokouMod:Scorch","MokouMod:IgneousBlow+1","MokouMod:IcarusDive"],"picked":"Singing Bowl","floor":29},{"not_picked":["MokouMod:SpontaneousHumanCombustion","MokouMod:Ember+1","MokouMod:ShiftIgnition+1"],"picked":"Singing Bowl","floor":30},{"not_picked":["MokouMod:EternalBurstReactor","MokouMod:ResoluteFlare"],"picked":"MokouMod:FlareStarter","floor":31},{"not_picked":["MokouMod:ExplosiveFlame","MokouMod:EnchantingBambooForest"],"picked":"MokouMod:Extinguish","floor":33},{"not_picked":["MokouMod:EternalBurstReactor","MokouMod:GuidingSmoke+1","MokouMod:Sear+1"],"picked":"Singing Bowl","floor":35},{"not_picked":["MokouMod:CrimsonArmoury+1","MokouMod:FlareStarter+1"],"picked":"MokouMod:Overheat+1","floor":36},{"not_picked":["MokouMod:IndiscriminateIgnition+1","MokouMod:FlareStarter+1"],"picked":"MokouMod:Firecracker","floor":38},{"not_picked":["MokouMod:FlareStarter","MokouMod:Fireball","MokouMod:Geothermal"],"picked":"Singing Bowl","floor":39},{"not_picked":["MokouMod:UncontrollableSolarReaction+1","MokouMod:ScorchingColumn","MokouMod:IndiscriminateIgnition"],"picked":"Singing Bowl","floor":41},{"not_picked":["MokouMod:Firecracker","MokouMod:FlickeringFlame+1","MokouMod:WarmUp"],"picked":"Singing Bowl","floor":42},{"not_picked":["MokouMod:Singe+1","MokouMod:IllusoryBattlefield+1","MokouMod:UncontrollableSolarReaction"],"picked":"Singing Bowl","floor":45},{"not_picked":["MokouMod:EternalBurstReactor+1","MokouMod:ScorchingColumn","MokouMod:Firecracker+1"],"picked":"Singing Bowl","floor":47}],"player_experience":1308374,"relics_obtained":[{"floor":3,"key":"Mummified Hand"},{"floor":7,"key":"Matryoshka"},{"floor":9,"key":"Regal Pillow"},{"floor":9,"key":"Mercury Hourglass"},{"floor":17,"key":"Dream Catcher"},{"floor":17,"key":"The Courier"},{"floor":17,"key":"Gambling Chip"},{"floor":23,"key":"Bag of Marbles"},{"floor":26,"key":"Whetstone"},{"floor":26,"key":"Strawberry"},{"floor":29,"key":"Nunchaku"},{"floor":36,"key":"CaptainsWheel"},{"floor":39,"key":"StoneCalendar"},{"floor":43,"key":"Smiling Mask"},{"floor":45,"key":"Shovel"},{"floor":46,"key":"MawBank"},{"floor":49,"key":"Pen Nib"}],"event_choices":[{"damage_healed":0,"gold_gain":0,"player_choice":"Lose Max HP","damage_taken":0,"relics_obtained":["Golden Idol"],"max_hp_gain":0,"max_hp_loss":6,"event_name":"Golden Idol","floor":2,"gold_loss":0},{"damage_healed":0,"gold_gain":0,"player_choice":"Success","damage_taken":7,"relics_obtained":["Singing Bowl"],"max_hp_gain":0,"max_hp_loss":0,"event_name":"Scrap Ooze","floor":4,"gold_loss":0},{"damage_healed":0,"gold_gain":0,"player_choice":"Donut","damage_taken":0,"max_hp_gain":5,"max_hp_loss":0,"event_name":"Big Fish","floor":10,"gold_loss":0},{"damage_healed":0,"gold_gain":0,"player_choice":"Upgraded","damage_taken":0,"max_hp_gain":0,"max_hp_loss":0,"event_name":"Upgrade Shrine","floor":13,"gold_loss":0,"cards_upgraded":["MokouMod:Burn"]},{"cards_removed":["MokouMod:Strike"],"damage_healed":0,"gold_gain":0,"player_choice":"Purged","damage_taken":0,"max_hp_gain":0,"max_hp_loss":0,"event_name":"Purifier","floor":19,"gold_loss":0},{"cards_removed":["MokouMod:ProfanedFlare"],"damage_healed":14,"gold_gain":0,"player_choice":"Offered Rare","damage_taken":0,"max_hp_gain":10,"max_hp_loss":0,"event_name":"Bonfire Elementals","floor":25,"gold_loss":0},{"cards_removed":["MokouMod:Strike"],"damage_healed":0,"gold_gain":0,"player_choice":"Purged","damage_taken":0,"max_hp_gain":0,"max_hp_loss":0,"event_name":"Purifier","floor":44,"gold_loss":0}],"is_beta":false,"boss_relics":[{"not_picked":["Empty Cage","SacredBark"],"picked":"Calling Bell"},{"not_picked":["Tiny House","Snecko Eye"],"picked":"Sozu"}],"items_purged_floors":[8,21,37],"is_endless":false,"potions_floor_spawned":[1,5,12,18,22,27,29,31,36,38,39,45,47],"ascension_level":0}}