{"host":"72n3jwtrlpjobydj","time":1613929830,"event":{"mods":["AchievementEnabler","Act Like it!","Arknights","BaseMod","CapriCore","DeckTracker","Hermit","Koishi","Lobotomy","Marisa£¨Ùöéë¡¡Øª×âÞÞ£©","Minty Spire (QoL Compilation)","Permanent Neow","StSLib","SuperFastMode","The Cursed","The Gatherer","The Hierophant","The Immortal"],"gold_per_floor":[112,112,130,150,206,233,233,264,264,264,275,289,289,289,289,390,390,400,400,412,429,130,130,155,165,188,188,223,235,261,279,279,379,379,391,411,428,428,448,448,476,488,488],"floor_reached":42,"language":"KOR","playtime":1255,"items_purged":[],"score":504,"play_id":"b2fbbec6-5667-4a82-ab04-ee73ab3287f7","local_time":"20210222025030","is_ascension_mode":true,"campfire_choices":[{"floor":7,"key":"REST"},{"floor":10,"key":"REST"},{"floor":15,"key":"REST"},{"floor":23,"key":"RECALL"},{"floor":27,"key":"REST"},{"floor":32,"key":"REST"},{"floor":40,"key":"REST"}],"circlet_count":0,"master_deck":["Survivor","Neutralize","Die Die Die","Underhanded Strike","Bullet Time","Riddle With Holes","Blur","Storm of Steel","Bane","After Image","Backstab+1","All Out Attack","Caltrops","Slice","Tactician","Crippling Poison","Eviscerate","Bullet Time","Eviscerate+1"],"relics":["Snecko Eye","InkBottle","Mercury Hourglass","Shuriken","Orichalcum","Pandora\u0027s Box","Tiny Chest","Vajra","Boot","Red Mask","Frozen Egg 2","Sozu","MawBank"],"acts_visited":["Exordium","TheCity","TheBeyond"],"potions_floor_usage":[6,16,20,20,28,30],"damage_taken":[{"damage":0,"enemies":"Small Slimes","floor":1,"turns":4},{"damage":9,"enemies":"Jaw Worm","floor":3,"turns":6},{"damage":0,"enemies":"2 Louse","floor":4,"turns":1},{"damage":26,"enemies":"3 Sentries","floor":6,"turns":9},{"damage":15,"enemies":"Gremlin Nob","floor":8,"turns":4},{"damage":5,"enemies":"Exordium Thugs","floor":11,"turns":3},{"damage":0,"enemies":"Large Slime","floor":12,"turns":4},{"damage":29,"enemies":"The Guardian","floor":16,"turns":11},{"damage":0,"enemies":"Spheric Guardian","floor":18,"turns":3},{"damage":7,"enemies":"2 Thieves","floor":20,"turns":3},{"damage":10,"enemies":"Snecko","floor":21,"turns":4},{"damage":21,"enemies":"Book of Stabbing","floor":24,"turns":5},{"damage":4,"enemies":"Cultist and Chosen","floor":25,"turns":5},{"damage":0,"enemies":"Masked Bandits","floor":28,"turns":3},{"damage":9,"enemies":"Centurion and Healer","floor":29,"turns":4},{"damage":10,"enemies":"Gremlin Leader","floor":30,"turns":4},{"damage":0,"enemies":"Snecko","floor":31,"turns":3},{"damage":50,"enemies":"Collector","floor":33,"turns":10},{"damage":17,"enemies":"3 Shapes","floor":35,"turns":3},{"damage":2,"enemies":"Orb Walker","floor":36,"turns":2},{"damage":0,"enemies":"Transient","floor":37,"turns":5},{"damage":15,"enemies":"Maw","floor":39,"turns":6},{"damage":58,"enemies":"Reptomancer","floor":41,"turns":5},{"damage":5,"enemies":"4 Shapes","floor":42,"turns":2}],"seed_played":"-228527803345911483","potions_obtained":[{"floor":4,"key":"Poison Potion"},{"floor":6,"key":"SkillPotion"},{"floor":11,"key":"GhostInAJar"},{"floor":16,"key":"Block Potion"},{"floor":18,"key":"PowerPotion"},{"floor":25,"key":"Fire Potion"},{"floor":29,"key":"Regen Potion"},{"floor":30,"key":"SneckoOil"}],"is_trial":false,"path_per_floor":["M","$","M","M","?","E","R","E","T","R","M","M","?","?","R","B",null,"M","?","M","M","$","R","E","M","T","R","?","M","E","M","R","B",null,"M","M","M","?","M","R","E","M"],"character_chosen":"THE_SILENT","items_purchased":["Tiny Chest","Vajra"],"campfire_rested":6,"item_purchase_floors":[22,22],"current_hp_per_floor":[70,70,61,61,61,35,56,41,41,62,57,57,62,44,66,37,75,75,75,68,58,58,58,37,33,33,55,55,46,48,48,70,20,75,58,56,56,56,41,63,5,0,0],"gold":488,"neow_bonus":"BOSS_RELIC","is_daily":false,"chose_seed":false,"campfire_upgraded":0,"win_rate":0.0,"timestamp":1613929830,"path_taken":["M","$","M","M","?","E","R","E","T","R","M","M","?","?","R","BOSS","M","?","M","?","$","R","E","M","T","R","?","M","E","M","R","BOSS","M","M","M","?","?","R","E","M"],"items_purchased_type":["Relic","Relic"],"build_version":"2020-12-22","purchased_purges":0,"victory":false,"max_hp_per_floor":[70,70,70,70,70,70,70,70,70,70,70,70,75,75,75,75,75,75,75,75,75,75,75,75,75,75,75,75,75,75,75,75,75,75,75,75,75,75,75,75,75,75,75],"card_choices":[{"not_picked":["Dodge and Roll","Slice","PiercingWail"],"picked":"SKIP","floor":1},{"not_picked":["Acrobatics","Heel Hook"],"picked":"Die Die Die","floor":3},{"not_picked":["Backflip","Slice","Distraction"],"picked":"SKIP","floor":4},{"not_picked":["Backflip","Sucker Punch"],"picked":"Underhanded Strike","floor":6},{"not_picked":["Prepared","Skewer","Footwork"],"picked":"SKIP","floor":8},{"not_picked":["Backstab","Bane","Flying Knee"],"picked":"SKIP","floor":11},{"not_picked":["Flechettes","Finisher","Blade Dance"],"picked":"SKIP","floor":12},{"not_picked":["Storm of Steel","A Thousand Cuts"],"picked":"Bullet Time","floor":16},{"not_picked":["Flying Knee","Skewer+1","Sucker Punch+1"],"picked":"SKIP","floor":18},{"not_picked":["Acrobatics","Deflect","Cloak And Dagger+1"],"picked":"SKIP","floor":20},{"not_picked":["Grand Finale","Dagger Spray+1","Acrobatics"],"picked":"SKIP","floor":21},{"not_picked":["Flying Knee","Glass Knife","Quick Slash"],"picked":"SKIP","floor":24},{"not_picked":["Dagger Spray","Flying Knee","Deadly Poison+1"],"picked":"SKIP","floor":25},{"not_picked":["Quick Slash","Escape Plan","Dodge and Roll"],"picked":"SKIP","floor":29},{"not_picked":["Concentrate+1","Deflect","Glass Knife"],"picked":"SKIP","floor":30},{"not_picked":["Blur","Slice"],"picked":"Crippling Poison","floor":31},{"not_picked":["Slice","Dash"],"picked":"Eviscerate","floor":35},{"not_picked":["Skewer+1","Masterful Stab+1","Distraction+1"],"picked":"SKIP","floor":36},{"not_picked":["Endless Agony+1","Blade Dance+1","Deflect"],"picked":"SKIP","floor":37},{"not_picked":["Poisoned Stab","Sucker Punch","Quick Slash+1"],"picked":"SKIP","floor":39},{"not_picked":["Unload","Dagger Throw+1"],"picked":"Eviscerate+1","floor":41}],"player_experience":115503,"relics_obtained":[{"floor":6,"key":"InkBottle"},{"floor":8,"key":"Mercury Hourglass"},{"floor":9,"key":"Shuriken"},{"floor":24,"key":"Boot"},{"floor":28,"key":"Red Mask"},{"floor":30,"key":"Frozen Egg 2"},{"floor":41,"key":"MawBank"}],"event_choices":[{"damage_healed":0,"gold_gain":56,"player_choice":"Gained Gold","damage_taken":0,"max_hp_gain":0,"max_hp_loss":0,"event_name":"Golden Wing","floor":5,"gold_loss":0},{"damage_healed":0,"gold_gain":0,"player_choice":"Donut","damage_taken":0,"max_hp_gain":5,"max_hp_loss":0,"event_name":"Big Fish","floor":13,"gold_loss":0},{"damage_healed":0,"gold_gain":0,"player_choice":"Success","damage_taken":18,"relics_obtained":["Orichalcum"],"max_hp_gain":0,"max_hp_loss":0,"event_name":"Scrap Ooze","floor":14,"gold_loss":0},{"damage_healed":0,"gold_gain":0,"player_choice":"Forge","damage_taken":0,"max_hp_gain":0,"max_hp_loss":0,"event_name":"Accursed Blacksmith","floor":19,"gold_loss":0,"cards_upgraded":["Backstab"]},{"damage_healed":0,"gold_gain":0,"player_choice":"Fought Bandits","damage_taken":0,"max_hp_gain":0,"max_hp_loss":0,"event_name":"Masked Bandits","floor":28,"gold_loss":0},{"damage_healed":0,"gold_gain":0,"player_choice":"Copied","damage_taken":0,"max_hp_gain":0,"max_hp_loss":0,"event_name":"Duplicator","floor":38,"gold_loss":0,"cards_obtained":["Bullet Time"]}],"is_beta":false,"boss_relics":[{"not_picked":["SacredBark","Fusion Hammer"],"picked":"Pandora\u0027s Box"},{"not_picked":["Velvet Choker","Astrolabe"],"picked":"Sozu"}],"items_purged_floors":[],"is_endless":false,"potions_floor_spawned":[4,6,11,16,18,25,29,30,39],"killed_by":"4 Shapes","ascension_level":1}}