{"host":"en4narc5947t7k9n","time":1613910368,"event":{"mods":["AchievementEnabler","BaseMod","Colored Map","Minty Spire (QoL Compilation)","SuperFastMode"],"gold_per_floor":[110,110,110,185,208,243,243,258,258,277,300,323,27,27,27,150,150,165,181,181,181,200,218,257,12,83,83,114,51,79,91,103,115,115],"floor_reached":33,"language":"KOR","playtime":1734,"items_purged":["Strike_R"],"score":337,"play_id":"2f36a8be-eefc-446e-ad39-2fd17956f704","local_time":"20210221212608","is_ascension_mode":false,"campfire_choices":[{"floor":15,"key":"RECALL"},{"data":"Limit Break","floor":27,"key":"SMITH"},{"floor":32,"key":"REST"}],"circlet_count":0,"master_deck":["Strike_R","Strike_R","Defend_R","Defend_R","Defend_R","Defend_R","Bash","Sever Soul","Clash","Anger","Rampage","Rage","Demon Form+1","Shockwave","Limit Break+1","Shockwave","Searing Blow","Writhe","RitualDagger","Feel No Pain+1","Warcry","Headbutt","Battle Trance"],"relics":["Burning Blood","Ancient Tea Set","Golden Idol","Gambling Chip","ClockworkSouvenir","Strawberry","Velvet Choker","Potion Belt","Bottled Tornado","Tiny Chest","Singing Bowl","MawBank"],"acts_visited":["Exordium","TheCity"],"potions_floor_usage":[16,16,24,24,28,30,33],"damage_taken":[{"damage":6,"enemies":"Cultist","floor":1,"turns":3},{"damage":11,"enemies":"Jaw Worm","floor":5,"turns":3},{"damage":25,"enemies":"Gremlin Nob","floor":6,"turns":5},{"damage":10,"enemies":"Small Slimes","floor":8,"turns":2},{"damage":3,"enemies":"Red Slaver","floor":10,"turns":3},{"damage":0,"enemies":"3 Louse","floor":11,"turns":3},{"damage":3,"enemies":"Exordium Thugs","floor":12,"turns":5},{"damage":0,"enemies":"Slime Boss","floor":16,"turns":7},{"damage":22,"enemies":"3 Byrds","floor":18,"turns":4},{"damage":3,"enemies":"Chosen","floor":19,"turns":5},{"damage":27,"enemies":"Shelled Parasite and Fungi","floor":22,"turns":5},{"damage":13,"enemies":"Centurion and Healer","floor":23,"turns":5},{"damage":8,"enemies":"Book of Stabbing","floor":24,"turns":5},{"damage":32,"enemies":"Slavers","floor":28,"turns":3},{"damage":4,"enemies":"Cultist and Chosen","floor":30,"turns":6},{"damage":48,"enemies":"Collector","floor":33,"turns":6}],"seed_played":"-7134490154343160211","potions_obtained":[{"floor":11,"key":"FearPotion"},{"floor":12,"key":"ColorlessPotion"},{"floor":16,"key":"DuplicationPotion"},{"floor":18,"key":"HeartOfIron"},{"floor":24,"key":"AttackPotion"},{"floor":28,"key":"DistilledChaos"},{"floor":30,"key":"Fire Potion"}],"is_trial":false,"path_per_floor":["M","?","$","?","M","E","?","M","T","M","M","M","$","?","R","B",null,"M","M","?","?","M","M","E","$","T","R","E","?","M","$","R","B"],"character_chosen":"IRONCLAD","items_purchased":["ClockworkSouvenir","Strawberry","Tiny Chest","Headbutt"],"campfire_rested":1,"item_purchase_floors":[13,13,25,25],"current_hp_per_floor":[80,60,60,49,44,25,25,21,21,24,30,33,40,40,40,46,87,71,74,74,68,47,40,38,38,38,38,12,12,16,16,42,0,0],"gold":115,"neow_bonus":"RANDOM_COMMON_RELIC","is_daily":false,"chose_seed":false,"campfire_upgraded":1,"win_rate":0.0,"timestamp":1613910368,"path_taken":["M","?","$","?","M","E","?","M","T","M","?","M","$","?","R","BOSS","M","M","?","?","M","M","E","$","T","R","E","?","M","$","R","BOSS"],"items_purchased_type":["Relic","Relic","Relic","Card"],"build_version":"2020-12-22","purchased_purges":1,"victory":false,"max_hp_per_floor":[80,80,80,80,80,80,80,80,80,80,80,80,87,87,87,87,87,87,87,87,87,87,87,87,87,87,87,87,87,89,89,89,89,89],"card_choices":[{"not_picked":["True Grit","Iron Wave"],"picked":"Sever Soul","floor":1},{"not_picked":["Havoc","Clothesline"],"picked":"Clash","floor":5},{"not_picked":["Havoc","Hemokinesis"],"picked":"Anger","floor":6},{"not_picked":["Shrug It Off","Clothesline"],"picked":"Rampage","floor":8},{"not_picked":["Cleave","Hemokinesis"],"picked":"Rage","floor":10},{"not_picked":["Warcry","Heavy Blade"],"picked":"Demon Form","floor":11},{"not_picked":["Second Wind","Sword Boomerang"],"picked":"Shockwave","floor":12},{"not_picked":["Double Tap","Offering"],"picked":"Limit Break","floor":16},{"not_picked":["Whirlwind","Metallicize"],"picked":"Shockwave","floor":18},{"not_picked":["Reckless Charge","Headbutt"],"picked":"Searing Blow","floor":19},{"not_picked":["Twin Strike","Wild Strike"],"picked":"Feel No Pain+1","floor":22},{"not_picked":["Metallicize+1","Body Slam","Rampage"],"picked":"SKIP","floor":23},{"not_picked":["Dual Wield","Uppercut"],"picked":"Warcry","floor":24},{"not_picked":["Cleave","Clash"],"picked":"Battle Trance","floor":28},{"not_picked":["Sentinel","Power Through+1","Body Slam"],"picked":"Singing Bowl","floor":30}],"player_experience":125801,"relics_obtained":[{"floor":6,"key":"Gambling Chip"},{"floor":24,"key":"Bottled Tornado"},{"floor":26,"key":"Singing Bowl"},{"floor":28,"key":"MawBank"}],"event_choices":[{"damage_healed":0,"gold_gain":0,"player_choice":"Take Damage","damage_taken":20,"relics_obtained":["Golden Idol"],"max_hp_gain":0,"max_hp_loss":0,"event_name":"Golden Idol","floor":2,"gold_loss":0},{"damage_healed":0,"gold_gain":75,"player_choice":"Gather Gold","damage_taken":11,"max_hp_gain":0,"max_hp_loss":0,"event_name":"World of Goop","floor":4,"gold_loss":0},{"cards_removed":["Strike_R"],"damage_healed":0,"gold_gain":0,"player_choice":"Purged","damage_taken":0,"max_hp_gain":0,"max_hp_loss":0,"event_name":"Purifier","floor":7,"gold_loss":0},{"damage_healed":0,"gold_gain":0,"player_choice":"Forge","damage_taken":0,"max_hp_gain":0,"max_hp_loss":0,"event_name":"Accursed Blacksmith","floor":14,"gold_loss":0,"cards_upgraded":["Demon Form"]},{"damage_healed":0,"gold_gain":0,"player_choice":"Opened","damage_taken":0,"relics_obtained":["Potion Belt"],"max_hp_gain":0,"max_hp_loss":0,"event_name":"The Mausoleum","floor":20,"gold_loss":0,"cards_obtained":["Writhe"]},{"damage_healed":0,"gold_gain":0,"player_choice":"Joined the Cult","damage_taken":6,"max_hp_gain":0,"max_hp_loss":0,"event_name":"Nest","floor":21,"gold_loss":0,"cards_obtained":["RitualDagger"]},{"cards_removed":["Strike_R"],"damage_healed":0,"gold_gain":0,"player_choice":"Gave Gold","damage_taken":0,"max_hp_gain":0,"max_hp_loss":0,"event_name":"Beggar","floor":29,"gold_loss":75}],"is_beta":false,"boss_relics":[{"not_picked":["Cursed Key","Runic Pyramid"],"picked":"Velvet Choker"}],"items_purged_floors":[25],"is_endless":false,"potions_floor_spawned":[11,12,16,18,24,28,30],"killed_by":"Collector","ascension_level":0}}