{"host":"doiloi1z6i9fhho3","time":1613889680,"event":{"mods":["AchievementEnabler","BaseMod","CapriCore","Card Filter","Colored Map","Custom Start","Friendly Minions","Keyboard Shortcuts","Koishi","KomeijiMod","Marisa£¨Ùöéë¡¡Øª×âÞÞ£©","Minty Spire (QoL Compilation)","Permanent Neow","Prisma Mod","StSLib","SuperFastMode"],"gold_per_floor":[118,133,149,149,160,160,180,180,180,180,193,268,294,308,308,403,403,421,421,421],"floor_reached":19,"language":"KOR","playtime":689,"items_purged":[],"score":161,"play_id":"e236cea5-10d1-4deb-8977-94e8e19bb746","local_time":"20210221154120","is_ascension_mode":false,"campfire_choices":[{"data":"Eruption","floor":6,"key":"SMITH"},{"data":"Adaptation","floor":8,"key":"SMITH"},{"data":"BattleHymn","floor":15,"key":"SMITH"}],"circlet_count":0,"master_deck":["Strike_P","Strike_P","Strike_P","Defend_P","Defend_P","Defend_P","Defend_P","Eruption+1","Vigilance","FlyingSleeves","Halt","Adaptation+1","FollowUp","BattleHymn+1","CrushJoints","Pray","LessonLearned","Consecrate"],"relics":["PureWater","Nunchaku","Happy Flower","Coffee Dripper"],"acts_visited":["Exordium","TheCity"],"potions_floor_usage":[16,16],"damage_taken":[{"damage":1,"enemies":"2 Louse","floor":1,"turns":7},{"damage":1,"enemies":"Cultist","floor":2,"turns":3},{"damage":17,"enemies":"Small Slimes","floor":3,"turns":3},{"damage":5,"enemies":"2 Fungi Beasts","floor":5,"turns":4},{"damage":4,"enemies":"Looter","floor":7,"turns":3},{"damage":8,"enemies":"Large Slime","floor":11,"turns":4},{"damage":7,"enemies":"Blue Slaver","floor":14,"turns":2},{"damage":28,"enemies":"Hexaghost","floor":16,"turns":5},{"damage":16,"enemies":"3 Byrds","floor":18,"turns":5},{"damage":70,"enemies":"Masked Bandits","floor":19,"turns":3}],"seed_played":"5823507247077425375","potions_obtained":[{"floor":7,"key":"PowerPotion"},{"floor":11,"key":"StancePotion"}],"is_trial":false,"path_per_floor":["M","M","M","?","M","R","M","R","T","?","M","?","T","M","R","B",null,"M","?"],"character_chosen":"WATCHER","items_purchased":[],"campfire_rested":0,"item_purchase_floors":[],"current_hp_per_floor":[71,70,53,53,48,48,44,44,44,59,51,40,40,33,33,5,72,56,0,0],"gold":421,"neow_bonus":"RANDOM_COMMON_RELIC","is_daily":false,"chose_seed":false,"campfire_upgraded":3,"win_rate":0.0,"timestamp":1613889680,"path_taken":["M","M","M","?","?","R","M","R","T","?","M","?","?","M","R","BOSS","M","?"],"items_purchased_type":[],"build_version":"2020-12-22","purchased_purges":0,"victory":false,"max_hp_per_floor":[72,72,72,72,72,72,72,72,72,72,72,72,72,72,72,72,72,72,72,72],"card_choices":[{"not_picked":["ClearTheMind","Study"],"picked":"FlyingSleeves","floor":1},{"not_picked":["Fasting2","SashWhip"],"picked":"Halt","floor":2},{"not_picked":["LikeWater","EmptyBody"],"picked":"Adaptation","floor":3},{"not_picked":["Halt","Protect"],"picked":"FollowUp","floor":5},{"not_picked":["WaveOfTheHand","Halt"],"picked":"BattleHymn","floor":7},{"not_picked":["SashWhip","Adaptation"],"picked":"CrushJoints","floor":11},{"not_picked":["CrushJoints","Tantrum"],"picked":"Pray","floor":14},{"not_picked":["Omniscience","Vault"],"picked":"LessonLearned","floor":16},{"not_picked":["ReachHeaven","Evaluate"],"picked":"Consecrate","floor":18}],"player_experience":208958,"relics_obtained":[{"floor":13,"key":"Happy Flower"}],"event_choices":[{"cards_removed":["Strike_P"],"damage_healed":0,"gold_gain":0,"player_choice":"Purged","damage_taken":0,"max_hp_gain":0,"max_hp_loss":0,"event_name":"Purifier","floor":4,"gold_loss":0},{"damage_healed":0,"gold_gain":75,"player_choice":"Gather Gold","damage_taken":11,"max_hp_gain":0,"max_hp_loss":0,"event_name":"World of Goop","floor":12,"gold_loss":0},{"damage_healed":0,"gold_gain":0,"player_choice":"Fought Bandits","damage_taken":0,"max_hp_gain":0,"max_hp_loss":0,"event_name":"Masked Bandits","floor":19,"gold_loss":0}],"is_beta":false,"boss_relics":[{"not_picked":["Runic Pyramid","Cursed Key"],"picked":"Coffee Dripper"}],"items_purged_floors":[],"is_endless":false,"potions_floor_spawned":[7,11],"killed_by":"Masked Bandits","ascension_level":0}}