{"host":"g7uq9uzahx9e0kti","time":1613900051,"event":{"mods":["100% Spire Juice","AchievementEnabler","Act Like it!","Arknights","BaseMod","CapriCore","Hermit","Koishi","Minty Spire (QoL Compilation)","Permanent Neow","Quick Restart","StSLib","SuperFastMode","The Bug Knight","The Cursed","The Hierophant","The Poker Player","Together in Spire","WarShipGirlsR/??á´Ò³R mod"],"gold_per_floor":[117,183,199,210,228,261,261,289,289,289,289,37,49,69,69,170,170,181,181,195,206,206,233,245,277,277,288,320,338,338,366,366,464,464,474,524,543,596,596,596,619,619,619,629,629,629],"floor_reached":47,"language":"KOR","playtime":2459,"items_purged":["rmod:fletcher"],"score":912,"play_id":"de3659dc-9661-4967-a2e4-80d8f23c4413","local_time":"20210221183411","is_ascension_mode":true,"campfire_choices":[{"data":"rmod:diamondstrike","floor":7,"key":"SMITH"},{"data":"rmod:maintain","floor":15,"key":"SMITH"},{"floor":32,"key":"REST"},{"data":"rmod:strick","floor":40,"key":"PURGE"},{"data":"rmod:strick","floor":42,"key":"PURGE"}],"circlet_count":0,"master_deck":["rmod:strick","rmod:strick","rmod:defend","rmod:defend","rmod:defend","rmod:basicallowance","rmod:maingunfire","rmod:tearstotiara+1","rmod:tearstotiara+1","rmod:unsinkable","rmod:fuelsupply","rmod:diamondstrike+1","rmod:maintain+1","rmod:firesupport","rmod:diamondstrike","rmod:gendarmerie","rmod:tearstotiara","rmod:openingtorpedo","rmod:wife","rmod:concentratefire+1","rmod:garrisonisland","rmod:tearstotiara+1","rmod:unsinkable","rmod:advancebysurprise","rmod:highspeedmaneuver","rmod:overbreakdown","rmod:lonelyqueen+1"],"relics":["rmod:firstchargereward","TungstenRod","Boot","Omamori","Pear","Thread and Needle","Lee\u0027s Waffle","Black Star","Unceasing Top","Singing Bowl","Nunchaku","Art of War","Matryoshka","Frozen Egg 2","Sundial","FossilizedHelix","Tiny Chest","Whetstone","Runic Pyramid","Mango","Peace Pipe","Bronze Scales","Centennial Puzzle","PreservedInsect"],"acts_visited":["Exordium","TheCity","TheBeyond"],"potions_floor_usage":[28,28,28,33,38,38,46],"damage_taken":[{"damage":0,"enemies":"2 Louse","floor":1,"turns":2},{"damage":0,"enemies":"Small Slimes","floor":3,"turns":3},{"damage":5,"enemies":"Jaw Worm","floor":4,"turns":2},{"damage":0,"enemies":"3 Louse","floor":5,"turns":4},{"damage":18,"enemies":"Gremlin Nob","floor":6,"turns":5},{"damage":12,"enemies":"3 Sentries","floor":8,"turns":7},{"damage":0,"enemies":"Blue Slaver","floor":13,"turns":3},{"damage":2,"enemies":"Gremlin Gang","floor":14,"turns":3},{"damage":13,"enemies":"Slime Boss","floor":16,"turns":7},{"damage":0,"enemies":"Chosen","floor":18,"turns":4},{"damage":4,"enemies":"3 Byrds","floor":20,"turns":5},{"damage":1,"enemies":"Snake Plant","floor":21,"turns":4},{"damage":0,"enemies":"Gremlin Leader","floor":23,"turns":6},{"damage":1,"enemies":"Cultist and Chosen","floor":24,"turns":3},{"damage":17,"enemies":"Book of Stabbing","floor":25,"turns":4},{"damage":5,"enemies":"Chosen and Byrds","floor":27,"turns":3},{"damage":0,"enemies":"Slavers","floor":28,"turns":3},{"damage":6,"enemies":"Centurion and Healer","floor":29,"turns":5},{"damage":46,"enemies":"Gremlin Leader","floor":31,"turns":6},{"damage":1,"enemies":"Champ","floor":33,"turns":11},{"damage":0,"enemies":"3 Shapes","floor":35,"turns":3},{"damage":0,"enemies":"Mind Bloom Boss Battle","floor":36,"turns":6},{"damage":0,"enemies":"Orb Walker","floor":37,"turns":2},{"damage":37,"enemies":"2 Orb Walkers","floor":38,"turns":5},{"damage":0,"enemies":"Spire Growth","floor":44,"turns":3},{"damage":76,"enemies":"Awakened One","floor":46,"turns":16}],"seed_played":"6604566082149367518","potions_obtained":[{"floor":3,"key":"Swift Potion"},{"floor":4,"key":"Ancient Potion"},{"floor":8,"key":"GamblersBrew"},{"floor":13,"key":"Fire Potion"},{"floor":21,"key":"Dexterity Potion"},{"floor":23,"key":"Fire Potion"},{"floor":27,"key":"Fire Potion"},{"floor":29,"key":"SkillPotion"},{"floor":33,"key":"Dexterity Potion"},{"floor":37,"key":"BlessingOfTheForge"},{"floor":38,"key":"LiquidBronze"}],"is_trial":false,"path_per_floor":["M","?","M","M","M","E","R","E","T","?","?","$","M","M","R","B",null,"M","?","M","M","?","E","M","E","T","M","E","M","?","E","R","B",null,"M","?","M","?","?","R","T","R","T","M","?","B",null],"character_chosen":"PRAEFECT","items_purchased":["Lee\u0027s Waffle","rmod:firesupport"],"campfire_rested":1,"item_purchase_floors":[12,12],"current_hp_per_floor":[54,54,54,49,49,31,31,19,29,27,27,92,92,90,90,77,92,92,92,88,87,87,89,88,73,73,68,70,64,64,18,47,46,98,100,116,116,79,79,79,79,79,79,81,81,5],"gold":629,"neow_bonus":"ONE_RARE_RELIC","is_daily":false,"chose_seed":false,"campfire_upgraded":2,"win_rate":0.0,"timestamp":1613900051,"path_taken":["M","?","M","M","M","E","R","E","T","?","?","?","M","M","R","BOSS","M","?","M","M","?","E","M","E","T","M","E","?","?","E","R","BOSS","M","?","M","?","?","R","?","R","T","?","?","BOSS"],"items_purchased_type":["Relic","Card"],"build_version":"2020-12-22","purchased_purges":1,"victory":true,"max_hp_per_floor":[75,75,75,75,75,75,75,75,85,85,85,92,92,92,92,92,92,92,92,92,92,92,94,94,96,96,96,98,98,98,98,98,98,98,100,116,116,116,116,116,116,116,116,118,118,118],"card_choices":[{"not_picked":["rmod:overbreakdown","rmod:steelsupply"],"picked":"rmod:tearstotiara","floor":1},{"not_picked":["rmod:highspeedshooting","rmod:generalist"],"picked":"rmod:tearstotiara","floor":3},{"not_picked":["rmod:luckystar","rmod:firesupport"],"picked":"rmod:unsinkable","floor":4},{"not_picked":["rmod:auspiciousomen","rmod:robin"],"picked":"rmod:fuelsupply","floor":5},{"not_picked":["rmod:goodsister","rmod:highspeedshooting"],"picked":"rmod:diamondstrike","floor":6},{"not_picked":["rmod:steelsupply","rmod:fuelsupply"],"picked":"rmod:maintain","floor":8},{"not_picked":["rmod:expedition","rmod:rockthrower"],"picked":"rmod:diamondstrike","floor":13},{"not_picked":["rmod:aluminumsupply","rmod:supportescort"],"picked":"rmod:gendarmerie","floor":14},{"not_picked":["rmod:combined","rmod:aviationdawn+1"],"picked":"rmod:tearstotiara","floor":18},{"not_picked":["rmod:bulid","rmod:sl+1"],"picked":"rmod:wife","floor":20},{"not_picked":["rmod:ring","rmod:overbreakdown"],"picked":"rmod:concentratefire+1","floor":21},{"not_picked":["rmod:circuitoustactics","rmod:capitalist","rmod:diaomin+1"],"picked":"Singing Bowl","floor":23},{"not_picked":["rmod:ring+1","rmod:unsinkable"],"picked":"rmod:garrisonisland","floor":24},{"not_picked":["rmod:sl+1","rmod:royalracing","rmod:aluminumsupply"],"picked":"Singing Bowl","floor":25},{"not_picked":["rmod:combined","rmod:supportaircraftcarrier"],"picked":"rmod:tearstotiara+1","floor":27},{"not_picked":["rmod:intelligenceanalysis","rmod:unsinkable","rmod:fletcherpendant"],"picked":"Singing Bowl","floor":28},{"not_picked":["rmod:chargemoney+1","rmod:supportescort"],"picked":"rmod:unsinkable","floor":29},{"not_picked":["rmod:auspiciousomen","rmod:salvage+1"],"picked":"rmod:advancebysurprise","floor":31},{"not_picked":["rmod:u235","rmod:expeditionaryescort+1"],"picked":"rmod:highspeedmaneuver","floor":33},{"not_picked":["rmod:ammunitionsupply+1","rmod:diaomin+1","rmod:wolves"],"picked":"Singing Bowl","floor":35},{"not_picked":["rmod:circuitoustactics+1","rmod:advancebysurprise+1","rmod:steelsupply"],"picked":"Singing Bowl","floor":36},{"not_picked":["rmod:supportescort","rmod:intelligenceanalysis"],"picked":"rmod:overbreakdown","floor":37},{"not_picked":["rmod:goodfighter","rmod:intelligenceanalysis+1"],"picked":"rmod:lonelyqueen+1","floor":38},{"not_picked":["rmod:aviationdawn","rmod:luckystar","rmod:fletcher"],"picked":"Singing Bowl","floor":44}],"player_experience":160253,"relics_obtained":[{"floor":6,"key":"Boot"},{"floor":8,"key":"Omamori"},{"floor":9,"key":"Pear"},{"floor":23,"key":"Unceasing Top"},{"floor":23,"key":"Singing Bowl"},{"floor":25,"key":"Nunchaku"},{"floor":25,"key":"Art of War"},{"floor":26,"key":"Matryoshka"},{"floor":28,"key":"Frozen Egg 2"},{"floor":28,"key":"Sundial"},{"floor":31,"key":"Tiny Chest"},{"floor":31,"key":"Whetstone"},{"floor":36,"key":"Mango"},{"floor":38,"key":"Peace Pipe"},{"floor":41,"key":"Bronze Scales"},{"floor":41,"key":"Centennial Puzzle"},{"floor":43,"key":"PreservedInsect"}],"event_choices":[{"damage_healed":0,"gold_gain":66,"player_choice":"Gained Gold","damage_taken":0,"max_hp_gain":0,"max_hp_loss":0,"event_name":"Golden Wing","floor":2,"gold_loss":0},{"damage_healed":0,"gold_gain":0,"player_choice":"Success","damage_taken":3,"relics_obtained":["Thread and Needle"],"max_hp_gain":0,"max_hp_loss":0,"event_name":"Scrap Ooze","floor":10,"gold_loss":0},{"damage_healed":0,"gold_gain":0,"cards_transformed":["rmod:defend"],"player_choice":"Change","damage_taken":0,"max_hp_gain":0,"max_hp_loss":0,"event_name":"Living Wall","floor":11,"gold_loss":0,"cards_obtained":["rmod:fletcher"]},{"damage_healed":0,"gold_gain":0,"player_choice":"Read","damage_taken":0,"max_hp_gain":0,"max_hp_loss":0,"event_name":"The Library","floor":19,"gold_loss":0,"cards_obtained":["rmod:openingtorpedo"]},{"damage_healed":0,"gold_gain":0,"player_choice":"Bought 0 Potions","damage_taken":0,"max_hp_gain":0,"max_hp_loss":0,"event_name":"The Woman in Blue","floor":22,"gold_loss":0},{"damage_healed":0,"gold_gain":0,"player_choice":"Opened","damage_taken":0,"relics_obtained":["FossilizedHelix"],"max_hp_gain":0,"max_hp_loss":0,"event_name":"The Mausoleum","floor":30,"gold_loss":0},{"damage_healed":0,"gold_gain":0,"player_choice":"Fight","damage_taken":0,"max_hp_gain":0,"max_hp_loss":0,"event_name":"MindBloom","floor":36,"gold_loss":0},{"damage_healed":0,"gold_gain":0,"player_choice":"Fight","damage_taken":0,"max_hp_gain":0,"max_hp_loss":0,"event_name":"Mysterious Sphere","floor":38,"gold_loss":0},{"damage_healed":0,"gold_gain":0,"player_choice":"Took Portal","damage_taken":0,"max_hp_gain":0,"max_hp_loss":0,"event_name":"SecretPortal","floor":45,"gold_loss":0}],"is_beta":false,"boss_relics":[{"not_picked":["Cursed Key","Fusion Hammer"],"picked":"Black Star"},{"not_picked":["Velvet Choker","Runic Dome"],"picked":"Runic Pyramid"}],"items_purged_floors":[12],"is_endless":false,"potions_floor_spawned":[3,4,8,13,14,21,23,27,29,33,37,38],"ascension_level":2}}