{"host":"l4bxlkn39ih8kz7u","time":1613913180,"event":{"mods":["AchievementEnabler","Act Like it!","Ascension Unlocker","BaseMod","CapriCore","Custom Start","Gensokyo","GifTheSpireLib","HololiveMod","Lobotomy","LobotomyExtend","Minty Spire (QoL Compilation)","Quick Restart","Random Character Button","Ruina","Shop Mod","StSLib","SuperFastMode","The Alterego","Waifu the Spire"],"gold_per_floor":[220,495,514,529,540,540,551,551,551,568,568,568,568,271,271,369,369,386,401,412,427,441,441,474,436,471,500,512,537,564,576,588,698,710,734,765,796,822,390,415,415,434,434,434,459,459,479,493,493,493,493],"floor_reached":52,"language":"RUS","playtime":1339,"items_purged":[],"score":758,"play_id":"6d168afa-c185-416f-a358-963826ad5683","local_time":"20210221161300","is_ascension_mode":true,"campfire_choices":[{"floor":32,"key":"REST"}],"circlet_count":0,"master_deck":["SpecialBullet","SpecialBullet","SpecialBullet","SpecialBullet","SpecialBullet","SpecialBullet","SpecialBullet","SecurityCode","TrainingCode","ExtractionCode","MHz","SolemnVow","OldLady","Adoration+1","VoidDream","Hornet+1","Pinks+1","Moonlight+1","CENSORED_ego+1","CentralCode","GreenStem+1","Moonlight+1","DaCapo+1","CENSORED_ego+1","ControlCode","TT2Protocol","InformationCode"],"relics":["CogitoBucket","LetterFromLob","Eternal Feather","SkinProphecy","ShedSkin_r","Heaven_r","Prayer Wheel","Sozu","AdjustmentMirror","MawBank","ruina:FalsePresent","PreservedInsect","AtMidnight","Theresia","StoneCalendar","Black Star","Frozen Eye","War Paint","Regal Pillow","Vajra","Smiling Mask","HornCleat","Strawberry","CaptainsWheel"],"acts_visited":["Exordium","ruina:Briah","Gensokyo:Gensokyoest"],"potions_floor_usage":[],"damage_taken":[{"damage":7.0,"enemies":"Small Slimes","floor":1.0,"turns":2.0},{"damage":8.0,"enemies":"Cultist","floor":3.0,"turns":3.0},{"damage":11.0,"enemies":"Jaw Worm","floor":4.0,"turns":2.0},{"damage":8.0,"enemies":"3 Louse","floor":5.0,"turns":3.0},{"damage":1.0,"enemies":"Large Slime","floor":7.0,"turns":2.0},{"damage":18.0,"enemies":"Red Slaver","floor":10.0,"turns":2.0},{"damage":19.0,"enemies":"Looter","floor":11.0,"turns":2.0},{"damage":24.0,"enemies":"Hexaghost","floor":16.0,"turns":6.0},{"damage":6.0,"enemies":"ruina:2_Scarecrows","floor":18.0,"turns":2.0},{"damage":0.0,"enemies":"ruina:3_Bats","floor":19.0,"turns":1.0},{"damage":12.0,"enemies":"ruina:KnightOfDespair","floor":20.0,"turns":2.0},{"damage":20.0,"enemies":"ruina:Woodsman","floor":21.0,"turns":2.0},{"damage":2,"enemies":"ruina:QueenOfHate","floor":22,"turns":4},{"damage":42,"enemies":"ruina:Mountain","floor":24,"turns":5},{"damage":0,"enemies":"ruina:KingOfGreed","floor":27,"turns":1},{"damage":0,"enemies":"ruina:Woodsman","floor":29,"turns":1},{"damage":0,"enemies":"ruina:KnightOfDespair","floor":30,"turns":3},{"damage":0,"enemies":"ruina:Ozma","floor":33,"turns":3},{"damage":0,"enemies":"Gensokyo:3_Bats","floor":35,"turns":1},{"damage":0,"enemies":"Gensokyo:AncientGuardian","floor":36,"turns":1},{"damage":0,"enemies":"Gensokyo:AtlasGolem","floor":37,"turns":2},{"damage":0,"enemies":"Gensokyo:SeedOfUnknown","floor":38,"turns":2},{"damage":0,"enemies":"Gensokyo:Marisa","floor":40,"turns":2},{"damage":0,"enemies":"Gensokyo:4_Bats","floor":42,"turns":1},{"damage":0,"enemies":"Gensokyo:Doremy","floor":45,"turns":4},{"damage":0,"enemies":"Gensokyo:Dusk_and_Dawn","floor":47,"turns":2},{"damage":0,"enemies":"Gensokyo:AtlasGolem","floor":48,"turns":3},{"damage":36,"enemies":"Gensokyo:Scarlet_Devils","floor":50,"turns":8}],"seed_played":"-6409714008796427558","potions_obtained":[{"floor":1.0,"key":"SteroidPotion"},{"floor":4.0,"key":"SpeedPotion"},{"floor":5.0,"key":"SpeedPotion"}],"is_trial":false,"path_per_floor":["M","?","M","M","M","R","M","R","T","M","M","?","R","$","R","B",null,"M","M","M","M","M","R","E","?","T","M","R","M","M","?","R","B",null,"M","M","M","M","$","E","R","M","T","?","E","R","M","M","R","B",null,null],"character_chosen":"Angela","items_purchased":["Prayer Wheel","Frozen Eye","War Paint","Regal Pillow"],"campfire_rested":1,"item_purchase_floors":[14,39,39,39],"current_hp_per_floor":[70,70,70,67,67,67,66,66,66,48,33,33,42,42,51,23,74,64,60,44,16,46,58,12,8,8,4,16,12,4,4,45,41,90,92,88,84,80,80,88,100,96,96,96,111,111,113,115,115,87,87],"gold":493,"neow_bonus":"HUNDRED_GOLD","is_daily":false,"chose_seed":false,"campfire_upgraded":0,"win_rate":0.0,"timestamp":1613913180,"path_taken":["M","?","M","M","M","R","M","R","T","M","M","?","R","$","R","BOSS","M","M","M","M","M","R","E","?","T","M","R","M","M","?","R","BOSS","M","M","M","M","$","E","R","M","T","?","E","R","?","M","R","BOSS"],"items_purchased_type":["Relic","Relic","Relic","Relic"],"build_version":"2020-12-22","purchased_purges":0,"victory":true,"max_hp_per_floor":[70,70,70,70,70,70,70,70,70,70,72,72,72,72,72,74,74,76,78,80,84,83,83,85,80,80,82,82,84,88,88,88,90,90,92,94,96,98,98,100,100,102,102,102,111,111,113,115,115,117,117],"card_choices":[{"not_picked":["Bloodbath","OldLady"],"picked":"MHz","floor":1.0},{"not_picked":["FourthMatchFlame","InTheNameOfLoveAndHate"],"picked":"SKIP","floor":1.0},{"not_picked":["Penitence","Galaxy"],"picked":"SKIP","floor":3.0},{"not_picked":["Tough","Hypocrisy"],"picked":"SKIP","floor":3.0},{"not_picked":["BlackSwan_ego"],"picked":"LifeForTheDareDevil","floor":4.0},{"not_picked":["TodaysExpression"],"picked":"SolemnVow","floor":5.0},{"not_picked":["CrumblingArmor","Wellcheers"],"picked":"OldLady","floor":7.0},{"not_picked":["CUTE","MagicBullet","Harvest"],"picked":"SKIP","floor":7.0},{"not_picked":["UniverseFragment","Wellcheers","CrumblingArmor"],"picked":"Singing Bowl","floor":10.0},{"not_picked":["CUTE+1","Soda+1","TodaysExpression+1"],"picked":"SKIP","floor":10.0},{"not_picked":["Mimicry+1","TheSmile+1"],"picked":"Adoration+1","floor":16.0},{"not_picked":["Bloodbath","Funeral"],"picked":"VoidDream","floor":16.0},{"not_picked":["Wingbeat+1","Beak+1"],"picked":"Hornet+1","floor":18.0},{"not_picked":["SwordSharpenedByTears+1","Horn+1"],"picked":"Pinks+1","floor":18.0},{"not_picked":["Funeral","FairyFestival","PunishingBird"],"picked":"Singing Bowl","floor":18.0},{"not_picked":["QueenBee","CrumblingArmor","BigBadWolf"],"picked":"Singing Bowl","floor":19.0},{"not_picked":["WristCuter+1","Noise+1"],"picked":"Moonlight+1","floor":19.0},{"not_picked":["SwordSharpenedByTears+1","RapturousDream+1","Pleasure+1"],"picked":"SKIP","floor":19.0},{"not_picked":["FairyFestival","SingingMachine","BigBadWolf"],"picked":"Singing Bowl","floor":20.0},{"not_picked":["Christmas+1","FourthMatchFlame+1","TodaysExpression+1"],"picked":"SKIP","floor":20.0},{"not_picked":["Tough+1","Christmas+1","FourthMatchFlame+1"],"picked":"SKIP","floor":20.0},{"not_picked":["BigBird","HeroicMonk","Funeral"],"picked":"Singing Bowl","floor":21.0},{"not_picked":["Spore+1","FourthMatchFlame+1","Soda+1"],"picked":"SKIP","floor":21.0},{"not_picked":["FourthMatchFlame+1","SomewhereSpear+1","Spore+1"],"picked":"SKIP","floor":21.0},{"not_picked":["WallGazer","Scarecrow","DreamingCurrent"],"picked":"Singing Bowl","floor":22},{"not_picked":["WristCuter+1","Noise+1"],"picked":"CENSORED_ego+1","floor":22},{"not_picked":["Loneliness+1","Reverberation+1","Horn+1"],"picked":"SKIP","floor":22},{"not_picked":["Christmas+1","Horn+1","FourthMatchFlame+1"],"picked":"SKIP","floor":22},{"not_picked":["Pinks+1","RedEyes+1"],"picked":"GreenStem+1","floor":24},{"not_picked":["Spore+1","Harmony+1","Galaxy+1"],"picked":"SKIP","floor":27},{"not_picked":["Penitence+1","CherryBlossom+1","Lantern+1"],"picked":"SKIP","floor":27},{"not_picked":["BigBird","MeatLantern","SpiderBud"],"picked":"Singing Bowl","floor":29},{"not_picked":["Beak+1","Soda+1","CherryBlossom+1"],"picked":"SKIP","floor":29},{"not_picked":["BlackSwan_ego+1","BloodyDesire+1","Soda+1"],"picked":"SKIP","floor":29},{"not_picked":["Yin","Alriune","NothingThere"],"picked":"Singing Bowl","floor":30},{"not_picked":["Christmas+1","TodaysExpression+1"],"picked":"Moonlight+1","floor":30},{"not_picked":["Lamp+1","Noise+1","Horn+1"],"picked":"SKIP","floor":30},{"not_picked":["WristCuter+1","Lamp+1","Loneliness+1"],"picked":"SKIP","floor":30},{"not_picked":["LaLuna","SingingMachine","Variant"],"picked":"Singing Bowl","floor":33},{"not_picked":["Mimicry+1","CENSORED_ego+1"],"picked":"DaCapo+1","floor":33},{"not_picked":["TheSmile+1","ParadiseLost+1"],"picked":"CENSORED_ego+1","floor":33},{"not_picked":["HappyTeddy","Porccubus","Bloodbath"],"picked":"Singing Bowl","floor":35},{"not_picked":["CherryBlossom+1","Pleasure+1","TodaysExpression+1"],"picked":"SKIP","floor":35},{"not_picked":["RedEyes+1","Regret_ego+1","Beak+1"],"picked":"SKIP","floor":35},{"not_picked":["Rudolta","PunishingBird","LittleHelper"],"picked":"Singing Bowl","floor":36},{"not_picked":["CENSORED_ego+1","Heaven+1","Horn+1"],"picked":"SKIP","floor":36},{"not_picked":["Regret_ego+1","Lantern+1","Discord+1"],"picked":"SKIP","floor":36},{"not_picked":["QueenBee","Yin","LittlePrince"],"picked":"Singing Bowl","floor":37},{"not_picked":["Reverberation+1","Lantern+1","Moonlight+1"],"picked":"SKIP","floor":37},{"not_picked":["TodaysExpression+1","Beak+1","Pleasure+1"],"picked":"SKIP","floor":37},{"not_picked":["Mercenary","RedShoes","Porccubus"],"picked":"Singing Bowl","floor":38},{"not_picked":["Justitia+1","Diffraction+1","FrostShard+1"],"picked":"SKIP","floor":38},{"not_picked":["Loneliness+1","Wingbeat+1","CherryBlossom+1"],"picked":"SKIP","floor":38},{"not_picked":["RedShoes","FairyFestival","Woodsman"],"picked":"Singing Bowl","floor":40},{"not_picked":["Noise+1","CENSORED_ego+1","Diffraction+1"],"picked":"SKIP","floor":40},{"not_picked":["MeatLantern","WhiteNight","FieryBird"],"picked":"Singing Bowl","floor":42},{"not_picked":["TodaysExpression+1","SomewhereSpear+1","Horn+1"],"picked":"SKIP","floor":42},{"not_picked":["Tough+1","Lantern+1","Beak+1"],"picked":"SKIP","floor":42},{"not_picked":["NothingThere","GreedKing","MeltingLove"],"picked":"Singing Bowl","floor":45},{"not_picked":["SoundOfStar+1","BearPaw+1","Amita+1"],"picked":"SKIP","floor":45},{"not_picked":["Yin","Funeral","WhitesApple"],"picked":"Singing Bowl","floor":47},{"not_picked":["Regret_ego+1","Laetitia_ego+1","Galaxy+1"],"picked":"SKIP","floor":47},{"not_picked":["Soda+1","SwordSharpenedByTears+1","Penitence+1"],"picked":"SKIP","floor":47},{"not_picked":["DreamingCurrent","DespairKnight","BlackArmy"],"picked":"Singing Bowl","floor":48},{"not_picked":["Soda+1","CUTE+1","CherryBlossom+1"],"picked":"SKIP","floor":48},{"not_picked":["RapturousDream+1","Wingbeat+1","Beak+1"],"picked":"SKIP","floor":48}],"player_experience":288300,"relics_obtained":[{"floor":1.0,"key":"LetterFromLob"},{"floor":9.0,"key":"Eternal Feather"},{"floor":24,"key":"MawBank"},{"floor":26,"key":"PreservedInsect"},{"floor":30,"key":"AtMidnight"},{"floor":40,"key":"Vajra"},{"floor":40,"key":"Smiling Mask"},{"floor":43,"key":"HornCleat"},{"floor":45,"key":"Strawberry"},{"floor":45,"key":"CaptainsWheel"}],"event_choices":[{"damage_healed":0.0,"max_hp_gain":0.0,"max_hp_loss":0.0,"gold_gain":275.0,"event_name":"Golden Shrine","player_choice":"Desecrate","floor":2.0,"gold_loss":0.0,"damage_taken":0.0,"cards_obtained":["Regret"]},{"damage_healed":0.0,"max_hp_gain":0.0,"max_hp_loss":0.0,"gold_gain":0.0,"event_name":"Transmorgrifier","player_choice":"Ignored","floor":12.0,"gold_loss":0.0,"damage_taken":0.0}],"is_beta":false,"boss_relics":[{"not_picked":["Runic Dome","Snecko Eye"],"picked":"Sozu"},{"not_picked":["Tiny House","SacredBark"],"picked":"Black Star"}],"items_purged_floors":[],"is_endless":false,"potions_floor_spawned":[1,4,5,16,19,20,24,27,33,37,38,42],"ascension_level":1}}