{"host":"8is2j71l4wmybkoi","time":1613900190,"event":{"mods":["AchievementEnabler","BaseMod","Colored Map","DeckTracker","Minty Spire (QoL Compilation)","Rare Cards Sparkle","Relic Stats","StSLib","SuperFastMode"],"gold_per_floor":[368,443,72,84,95,123,123,123,123,151,166,166,181,197,197,272,272,288,288,40,58,58,58,92,92,139,165,165,165,215,231,231,307,307,325,215,234,247,247,247,281,291,291,291,166,166,166,166,166,166,166],"floor_reached":50,"language":"KOR","playtime":2216,"items_purged":["Strike_G","Strike_G","All Out Attack"],"score":972,"play_id":"a505e2f3-8d22-4ee1-add7-641a3b43f8e9","local_time":"20210221183630","is_ascension_mode":true,"campfire_choices":[{"data":"Blind","floor":7.0,"key":"SMITH"},{"data":"Footwork","floor":15.0,"key":"SMITH"},{"data":"Well Laid Plans","floor":23.0,"key":"SMITH"},{"data":"Noxious Fumes","floor":25.0,"key":"SMITH"},{"data":"Malaise","floor":29.0,"key":"SMITH"},{"data":"Bouncing Flask","floor":32.0,"key":"SMITH"},{"data":"Phantasmal Killer","floor":40.0,"key":"SMITH"},{"floor":46,"key":"RECALL"},{"data":"Tactician","floor":49,"key":"SMITH"}],"circlet_count":0,"master_deck":["AscendersBane","Survivor","Neutralize","Backflip","Poisoned Stab","Blind+1","Flying Knee","Finisher","Dagger Spray+1","Backstab","Footwork+1","Quick Slash","Escape Plan+1","Adrenaline","Well Laid Plans+1","Tactician+1","Prepared+1","Catalyst+1","Noxious Fumes+1","Adrenaline","Deadly Poison","Malaise+1","Cloak And Dagger+1","Bouncing Flask+1","PiercingWail+1","After Image","Eviscerate","Sucker Punch","Glass Knife","Phantasmal Killer+1","Sucker Punch","Dagger Spray","Acrobatics","Reflex","Terror+1"],"relics":["Ring of the Snake","Eternal Feather","Question Card","Whetstone","Ginger","Cursed Key","Orrery","MealTicket","Anchor","Pandora\u0027s Box","The Specimen"],"acts_visited":["Exordium","TheCity","TheBeyond"],"potions_floor_usage":[],"damage_taken":[{"damage":2.0,"enemies":"Cultist","floor":1.0,"turns":5.0},{"damage":0.0,"enemies":"Small Slimes","floor":4.0,"turns":3.0},{"damage":4.0,"enemies":"Jaw Worm","floor":5.0,"turns":4.0},{"damage":15.0,"enemies":"Lagavulin","floor":6.0,"turns":8.0},{"damage":12.0,"enemies":"3 Sentries","floor":10.0,"turns":5.0},{"damage":3.0,"enemies":"Blue Slaver","floor":11.0,"turns":3.0},{"damage":4.0,"enemies":"Exordium Wildlife","floor":13.0,"turns":2.0},{"damage":6.0,"enemies":"Large Slime","floor":14.0,"turns":4.0},{"damage":10.0,"enemies":"Slime Boss","floor":16.0,"turns":9.0},{"damage":5.0,"enemies":"Shell Parasite","floor":18.0,"turns":4.0},{"damage":3.0,"enemies":"2 Thieves","floor":21.0,"turns":2.0},{"damage":16.0,"enemies":"Book of Stabbing","floor":24.0,"turns":6.0},{"damage":28.0,"enemies":"Slavers","floor":27.0,"turns":5.0},{"damage":5.0,"enemies":"Sentry and Sphere","floor":31.0,"turns":3.0},{"damage":20.0,"enemies":"Champ","floor":33.0,"turns":8.0},{"damage":18.0,"enemies":"3 Darklings","floor":35.0,"turns":5.0},{"damage":3.0,"enemies":"Orb Walker","floor":37.0,"turns":4.0},{"damage":4.0,"enemies":"4 Shapes","floor":38.0,"turns":6.0},{"damage":30.0,"enemies":"Nemesis","floor":41.0,"turns":5.0},{"damage":7.0,"enemies":"Writhing Mass","floor":42.0,"turns":6.0},{"damage":64,"enemies":"Awakened One","floor":50,"turns":11}],"seed_played":"-6627522406120562534","potions_obtained":[{"floor":1.0,"key":"CunningPotion"},{"floor":10.0,"key":"Swift Potion"},{"floor":13.0,"key":"EssenceOfSteel"},{"floor":16.0,"key":"Fire Potion"},{"floor":18.0,"key":"Swift Potion"},{"floor":24.0,"key":"DuplicationPotion"},{"floor":31.0,"key":"Regen Potion"},{"floor":38.0,"key":"Regen Potion"},{"floor":41.0,"key":"Dexterity Potion"}],"is_trial":false,"path_per_floor":["M","?","$","M","M","E","R","?","T","E","M","?","M","M","R","B",null,"M","?","$","M","?","R","E","R","T","E","?","R","?","M","R","B",null,"M","?","M","M","?","R","E","M","T","$","$","R","T","?","R","B"],"character_chosen":"THE_SILENT","items_purchased":["Explosive Potion","Poisoned Stab","All Out Attack","Blind","Leg Sweep","Orrery"],"campfire_rested":0,"item_purchase_floors":[3,3,3,3,3,20],"current_hp_per_floor":[57,46,46,46,42,27,39,39,39,27,24,44,40,34,46,36,54,49,49,49,46,46,60,44,60,60,32,16,34,34,29,47,42,59,41,41,38,34,34,55,39,32,32,47,62,62,62,59,59,0,0],"gold":166,"neow_bonus":"TWO_FIFTY_GOLD","is_daily":false,"chose_seed":false,"campfire_upgraded":8,"win_rate":0.0,"timestamp":1613900190,"path_taken":["M","?","$","M","M","E","R","?","T","E","?","?","M","M","R","BOSS","M","?","$","M","?","R","E","R","T","E","?","R","?","M","R","BOSS","M","?","M","?","?","R","E","M","T","?","$","R","?","?","R","BOSS"],"items_purchased_type":["Potion","Card","Card","Card","Card","Relic"],"build_version":"2020-12-22","purchased_purges":3,"victory":false,"max_hp_per_floor":[60,60,60,60,60,60,60,60,60,60,60,60,60,60,60,60,60,60,60,60,60,60,60,60,60,60,60,65,65,65,65,65,65,65,65,62,62,62,62,62,62,62,62,62,62,62,62,59,59,59,59],"relic_stats":{"counters":[21,108],"Eternal Feather":111,"MealTicket":30,"Pandora\u0027s Box":["Eviscerate","Sucker Punch","Glass Knife","Phantasmal Killer","Sucker Punch","Dagger Spray"],"Whetstone":["Strike_G","Dagger Spray"],"Ginger":[5],"Question Card":21,"Cursed Key":1,"obtain_stats":[{"Anchor":27,"The Specimen":41,"Orrery":20,"Eternal Feather":6,"MealTicket":24,"Pandora\u0027s Box":34,"Whetstone":9,"Ginger":10,"Question Card":8,"Cursed Key":17,"Ring of the Snake":0},{"Anchor":13,"The Specimen":19,"Orrery":10,"Eternal Feather":4,"MealTicket":12,"Pandora\u0027s Box":15,"Whetstone":4,"Ginger":5,"Question Card":4,"Cursed Key":9,"Ring of the Snake":0},{"Anchor":60,"The Specimen":91,"Orrery":47,"Eternal Feather":20,"MealTicket":55,"Pandora\u0027s Box":71,"Whetstone":20,"Ginger":25,"Question Card":20,"Cursed Key":43,"Ring of the Snake":0}],"Ring of the Snake":[42]},"card_choices":[{"not_picked":["Bouncing Flask","Deadly Poison"],"picked":"Backflip","floor":1.0},{"not_picked":["Skewer","Flechettes"],"picked":"Flying Knee","floor":4.0},{"not_picked":["Blur","Underhanded Strike"],"picked":"Finisher","floor":5.0},{"not_picked":["Bane","Dagger Throw"],"picked":"Dagger Spray","floor":6.0},{"not_picked":["Dodge and Roll","Dagger Spray","Poisoned Stab"],"picked":"Backstab","floor":10.0},{"not_picked":["Crippling Poison","Outmaneuver","Poisoned Stab"],"picked":"Footwork","floor":11.0},{"not_picked":["Outmaneuver","Flying Knee","Bane"],"picked":"Quick Slash","floor":13.0},{"not_picked":["Dodge and Roll","Reflex","Backstab"],"picked":"Escape Plan","floor":14.0},{"not_picked":["Bullet Time","Envenom","Wraith Form v2"],"picked":"Adrenaline","floor":16.0},{"not_picked":["Underhanded Strike","Bane","Leg Sweep"],"picked":"Well Laid Plans","floor":18.0},{"not_picked":["Prepared+1","Accuracy+1","Backflip"],"picked":"Tactician","floor":20.0},{"not_picked":["Dash","Sucker Punch+1","Backstab"],"picked":"Prepared+1","floor":20.0},{"not_picked":["Flying Knee","Noxious Fumes","Deflect"],"picked":"Catalyst+1","floor":20.0},{"not_picked":["Crippling Poison","Deflect","Quick Slash"],"picked":"Noxious Fumes","floor":20.0},{"not_picked":["Bane","Bouncing Flask","Accuracy"],"picked":"Adrenaline","floor":21.0},{"not_picked":["Masterful Stab","Deadly Poison","Poisoned Stab"],"picked":"Cloak And Dagger+1","floor":24.0},{"not_picked":["Backflip","Slice","Concentrate+1"],"picked":"Bouncing Flask","floor":27.0},{"not_picked":["Blur","Infinite Blades","Deflect"],"picked":"PiercingWail+1","floor":31.0},{"not_picked":["Tools of the Trade","Adrenaline","Wraith Form v2"],"picked":"After Image","floor":33.0},{"not_picked":["Blade Dance","Poisoned Stab","Outmaneuver"],"picked":"Acrobatics","floor":35.0},{"not_picked":["Bane","Acrobatics","Noxious Fumes"],"picked":"Reflex","floor":37.0},{"not_picked":["Skewer+1","All Out Attack","Blade Dance","Prepared"],"picked":"SKIP","floor":38.0},{"not_picked":["Dodge and Roll","Caltrops","Quick Slash","Deadly Poison"],"picked":"SKIP","floor":41.0},{"not_picked":["PiercingWail","Blade Dance","Doppelganger"],"picked":"Terror+1","floor":42.0}],"player_experience":1275911,"relics_obtained":[{"floor":6.0,"key":"Eternal Feather"},{"floor":9.0,"key":"Whetstone"},{"floor":10.0,"key":"Ginger"},{"floor":24.0,"key":"MealTicket"},{"floor":27.0,"key":"Anchor"},{"floor":41.0,"key":"The Specimen"}],"event_choices":[{"damage_healed":0.0,"max_hp_gain":0.0,"max_hp_loss":0.0,"gold_gain":75.0,"event_name":"World of Goop","player_choice":"Gather Gold","floor":2.0,"gold_loss":0.0,"damage_taken":11.0},{"cards_removed":["Leg Sweep"],"damage_healed":0.0,"max_hp_gain":0.0,"max_hp_loss":0.0,"gold_gain":0.0,"event_name":"WeMeetAgain","player_choice":"Gave Card","floor":8.0,"gold_loss":0.0,"damage_taken":0.0,"relics_obtained":["Question Card"]},{"damage_healed":20.0,"max_hp_gain":0.0,"max_hp_loss":0.0,"gold_gain":0.0,"event_name":"Big Fish","player_choice":"Banana","floor":12.0,"gold_loss":0.0,"damage_taken":0.0},{"damage_healed":0.0,"max_hp_gain":0.0,"max_hp_loss":0.0,"gold_gain":0.0,"event_name":"The Mausoleum","player_choice":"Ignored","floor":19.0,"gold_loss":0.0,"damage_taken":0.0},{"damage_healed":0.0,"max_hp_gain":0.0,"max_hp_loss":0.0,"gold_gain":0.0,"cards_transformed":["Strike_G","Defend_G"],"event_name":"Drug Dealer","player_choice":"Became Test Subject","floor":22.0,"gold_loss":0.0,"damage_taken":0.0,"cards_obtained":["Deadly Poison","Malaise"]},{"damage_healed":0.0,"max_hp_gain":5.0,"max_hp_loss":0.0,"gold_gain":0.0,"event_name":"Forgotten Altar","player_choice":"Shed Blood","floor":28.0,"gold_loss":0.0,"damage_taken":21.0},{"damage_healed":0.0,"max_hp_gain":0.0,"max_hp_loss":0.0,"gold_gain":50.0,"event_name":"Nest","player_choice":"Stole From Cult","floor":30.0,"gold_loss":0.0,"damage_taken":0.0},{"cards_removed":["Parasite"],"damage_healed":0.0,"max_hp_gain":0.0,"max_hp_loss":0.0,"gold_gain":0.0,"event_name":"Designer","player_choice":"Upgrade and Remove","floor":36.0,"gold_loss":110.0,"damage_taken":0.0,"cards_upgraded":["Escape Plan"]},{"damage_healed":0.0,"max_hp_gain":0.0,"max_hp_loss":0.0,"gold_gain":0.0,"event_name":"Tomb of Lord Red Mask","player_choice":"Ignored","floor":39.0,"gold_loss":0.0,"damage_taken":0.0},{"damage_healed":0,"gold_gain":0,"player_choice":"Max HP","damage_taken":0,"max_hp_gain":0,"max_hp_loss":3,"event_name":"Winding Halls","floor":48,"gold_loss":0}],"is_beta":false,"boss_relics":[{"not_picked":["Snecko Eye","Ectoplasm"],"picked":"Cursed Key"},{"not_picked":["Velvet Choker","Ring of the Serpent"],"picked":"Pandora\u0027s Box"}],"items_purged_floors":[3,20,45],"is_endless":false,"potions_floor_spawned":[1,10,13,16,18,24,31,38,41],"killed_by":"Awakened One","ascension_level":15}}