{"host":"d52brwsy6af8zvaq","time":1613869188,"event":{"mods":["AchievementEnabler","BaseMod","Bestiary","Highlight Path","Minty Spire (QoL Compilation)","Quick Restart","Relic Stats","ojb\u0027s Better Paths Mod"],"gold_per_floor":[117,117,3,3,14,14,39,51,51,51,64,95,20,20,20,94,94,107,32,46,46,56,98,116,116,143,35,35,51,75,75,75],"floor_reached":31,"language":"ENG","playtime":1250,"items_purged":["Strike_B"],"score":526,"play_id":"f5560963-7bef-400e-890c-14cbff6d04e8","local_time":"20210220175948","is_ascension_mode":true,"campfire_choices":[{"data":"Zap","floor":6.0,"key":"SMITH"},{"data":"Go for the Eyes","floor":10.0,"key":"SMITH"},{"floor":15.0,"key":"REST"},{"floor":25,"key":"REST"},{"data":"Defragment","floor":28,"key":"SMITH"}],"circlet_count":0,"master_deck":["AscendersBane","Defend_B+1","Defend_B+1","Zap+1","Dualcast","Sweeping Beam","FTL","Go for the Eyes+1","Ball Lightning","Go for the Eyes","Coolheaded","Compile Driver","Echo Form","Genetic Algorithm","Buffer","Beam Cell","Defragment+1","Skim","Glacier","Reprogram","Echo Form","BootSequence","Static Discharge","Coolheaded"],"relics":["FrozenCore","Pear","War Paint","Toy Ornithopter","CeramicFish","Oddly Smooth Stone"],"acts_visited":["Exordium","TheCity"],"potions_floor_usage":[16],"damage_taken":[{"damage":2.0,"enemies":"Jaw Worm","floor":1.0,"turns":3.0},{"damage":0.0,"enemies":"Cultist","floor":5.0,"turns":3.0},{"damage":15.0,"enemies":"Lagavulin","floor":7.0,"turns":6.0},{"damage":2.0,"enemies":"Small Slimes","floor":8.0,"turns":3.0},{"damage":0.0,"enemies":"Exordium Wildlife","floor":11.0,"turns":3.0},{"damage":21.0,"enemies":"3 Sentries","floor":12.0,"turns":6.0},{"damage":14,"enemies":"Hexaghost","floor":16,"turns":10},{"damage":0,"enemies":"Chosen","floor":18,"turns":7},{"damage":21,"enemies":"3 Byrds","floor":20,"turns":5},{"damage":1,"enemies":"Snecko","floor":22,"turns":7},{"damage":30,"enemies":"Book of Stabbing","floor":23,"turns":9},{"damage":4,"enemies":"Centurion and Healer","floor":29,"turns":7},{"damage":13,"enemies":"Cultist and Chosen","floor":30,"turns":7},{"damage":24,"enemies":"Gremlin Leader","floor":31,"turns":5}],"seed_played":"-8750527055590965311","potions_obtained":[{"floor":5.0,"key":"FearPotion"},{"floor":7.0,"key":"SpeedPotion"},{"floor":12.0,"key":"DistilledChaos"},{"floor":20,"key":"SmokeBomb"},{"floor":23,"key":"Ancient Potion"}],"is_trial":false,"path_per_floor":["M","?","$","?","M","R","E","M","T","R","M","E","$","?","R","B",null,"M","?","M","$","M","E","?","R","T","$","R","M","M","E"],"character_chosen":"DEFECT","items_purchased":["FTL","Genetic Algorithm","BootSequence","Static Discharge"],"campfire_rested":2,"item_purchase_floors":[3,13,27,27],"current_hp_per_floor":[62,55,55,55,55,55,50,48,48,48,48,27,27,16,40,31,69,69,69,48,48,47,17,17,41,41,41,41,37,24,0,0],"gold":75,"neow_bonus":"TRANSFORM_CARD","is_daily":false,"chose_seed":false,"campfire_upgraded":3,"win_rate":0.0,"timestamp":1613869188,"path_taken":["M","?","$","?","M","R","E","?","T","R","M","E","?","?","R","BOSS","M","?","M","$","M","E","?","R","T","$","R","M","M","E"],"items_purchased_type":["Card","Card","Card","Card"],"build_version":"2020-12-22","purchased_purges":1,"victory":false,"max_hp_per_floor":[71,71,71,71,71,71,81,81,81,81,81,81,81,81,81,81,81,81,81,81,81,81,81,81,81,81,81,81,81,81,81,81],"relic_stats":{"counters":[14,81],"CeramicFish":54,"War Paint":["Defend_B","Defend_B"],"obtain_stats":[{"Pear":7,"CeramicFish":23,"Oddly Smooth Stone":26,"War Paint":12,"Cracked Core":0,"Toy Ornithopter":14,"FrozenCore":17},{"Pear":3,"CeramicFish":11,"Oddly Smooth Stone":11,"War Paint":6,"Cracked Core":0,"Toy Ornithopter":6,"FrozenCore":7},{"Pear":12,"CeramicFish":62,"Oddly Smooth Stone":62,"War Paint":24,"Cracked Core":0,"Toy Ornithopter":24,"FrozenCore":34}],"Toy Ornithopter":5,"FrozenCore":[19]},"card_choices":[{"not_picked":["Go for the Eyes","Redo"],"picked":"Sweeping Beam","floor":1.0},{"not_picked":["Rebound","Heatsinks"],"picked":"Ball Lightning","floor":5.0},{"not_picked":["Undo","Rebound"],"picked":"Go for the Eyes","floor":7.0},{"not_picked":["Steam","Turbo"],"picked":"Coolheaded","floor":8.0},{"not_picked":["Go for the Eyes","Turbo"],"picked":"Compile Driver","floor":11.0},{"not_picked":["Undo","Skim"],"picked":"Echo Form","floor":12.0},{"not_picked":["Echo Form","Machine Learning"],"picked":"Buffer","floor":16},{"not_picked":["Reprogram","Hologram"],"picked":"Beam Cell","floor":18},{"not_picked":["Gash","Redo+1"],"picked":"Defragment","floor":20},{"not_picked":["Sweeping Beam+1","Reprogram"],"picked":"Skim","floor":22},{"not_picked":["Rip and Tear","Blizzard"],"picked":"Glacier","floor":23},{"not_picked":["Coolheaded","Compile Driver","Blizzard"],"picked":"SKIP","floor":29},{"not_picked":["Machine Learning","Gash"],"picked":"Coolheaded","floor":30}],"player_experience":2325802,"relics_obtained":[{"floor":7.0,"key":"Pear"},{"floor":12.0,"key":"War Paint"},{"floor":23,"key":"CeramicFish"},{"floor":26,"key":"Oddly Smooth Stone"}],"event_choices":[{"cards_removed":["Strike_B"],"damage_healed":0.0,"max_hp_gain":0.0,"max_hp_loss":0.0,"gold_gain":0.0,"event_name":"Golden Wing","player_choice":"Card Removal","floor":2.0,"gold_loss":0.0,"damage_taken":7.0},{"damage_healed":0.0,"max_hp_gain":0.0,"max_hp_loss":0.0,"gold_gain":0.0,"cards_transformed":["Strike_B"],"event_name":"Transmorgrifier","player_choice":"Transformed","floor":4.0,"gold_loss":0.0,"damage_taken":0.0,"cards_obtained":["Go for the Eyes"]},{"damage_healed":0.0,"max_hp_gain":0.0,"max_hp_loss":0.0,"gold_gain":0.0,"event_name":"Scrap Ooze","player_choice":"Success","floor":14.0,"gold_loss":0.0,"damage_taken":11.0,"relics_obtained":["Toy Ornithopter"]},{"cards_removed":["Defend_B"],"damage_healed":0,"gold_gain":0,"player_choice":"Gave Gold","damage_taken":0,"max_hp_gain":0,"max_hp_loss":0,"event_name":"Beggar","floor":19,"gold_loss":75},{"damage_healed":0,"gold_gain":0,"cards_transformed":["Heatsinks","Defend_B"],"player_choice":"Became Test Subject","damage_taken":0,"max_hp_gain":0,"max_hp_loss":0,"event_name":"Drug Dealer","floor":24,"gold_loss":0,"cards_obtained":["Reprogram","Echo Form"]}],"is_beta":false,"boss_relics":[{"not_picked":["Astrolabe","Runic Dome"],"picked":"FrozenCore"}],"items_purged_floors":[3],"is_endless":false,"potions_floor_spawned":[5,7,12,20,23,30],"killed_by":"Gremlin Leader","ascension_level":20}}