{"host":"rntvpg2tay0vze4i","time":1613910242,"event":{"mods":["AchievementEnabler","BaseMod","BetterRewards","Downfall","Minty Spire (QoL Compilation)","Permanent Neow","Quick Restart","READ ME - Guardian Mod","Remove Card Discount Mod","Shop Mod","StSLib","The Blackbeard","The Saiyan"],"gold_per_floor":[113,127,49,68,88,115,130,142,165,165,193,3,23,34,34,137,137,156,5,17,32,32,65,65,93,119,146,161,161,171,188,188,293,293,304,318,314,369,388,388,420,438,438,438,450,450,76,86,86,86,86,86,14,44,44,44],"floor_reached":55,"language":"ENG","playtime":3639,"items_purged":["Strike_G","Defend_G","Strike_G","Strike_G","Strike_G","Strike_G","Defend_G","Defend_G","Defend_G","Defend_G","Caltrops","Poisoned Stab+1","Venomology","Blade Dance","Blade Dance"],"score":1215,"play_id":"1c294723-6844-4b6a-a356-71d6aab769b6","local_time":"20210221052402","is_ascension_mode":true,"campfire_choices":[{"data":"Discovery","floor":15,"key":"SMITH"},{"data":"Cloak And Dagger","floor":24,"key":"SMITH"},{"data":"Cloak And Dagger","floor":29,"key":"SMITH"},{"data":"Accuracy","floor":32,"key":"SMITH"},{"floor":40,"key":"RECALL"},{"floor":49,"key":"REST"},{"data":"Footwork","floor":52,"key":"SMITH"}],"circlet_count":0,"master_deck":["Survivor","Neutralize+1","Footwork+1","Escape Plan","Noxious Fumes","Accuracy+1","Discovery+1","Escape Plan","Burst","Cloak And Dagger+1","Cloak And Dagger+1","Footwork+1","Prepared+1","Escape Plan","Malaise","Blade Dance+1","Dodge and Roll+1","Terror","Footwork+1","Magnetism","Infinite Blades","Noxious Fumes","Accuracy","Footwork","Footwork+1","Dodge and Roll+1","Mayhem"],"relics":["Ring of the Serpent","MealTicket","PreservedInsect","Boot","Bronze Scales","Membership Card","HoveringKite","Thread and Needle","Whetstone","Blood Vial","Bag of Preparation","The Courier","Lizard Tail","Ninja Scroll","DollysMirror","Nunchaku","Ornamental Fan"],"acts_visited":["Exordium","TheCity","TheBeyond","TheEnding"],"potions_floor_usage":[6,8,8,11,16,16,16,20,21,23,25,27,30,30,33,38,41,42,50,50,55],"damage_taken":[{"damage":1,"enemies":"Jaw Worm","floor":1,"turns":5},{"damage":1,"enemies":"Cultist","floor":2,"turns":3},{"damage":6,"enemies":"Small Slimes","floor":4,"turns":3},{"damage":0,"enemies":"Blue Slaver","floor":5,"turns":5},{"damage":20,"enemies":"Lagavulin","floor":6,"turns":9},{"damage":5,"enemies":"Large Slime","floor":7,"turns":7},{"damage":0,"enemies":"Exordium Wildlife","floor":8,"turns":5},{"damage":2,"enemies":"3 Sentries","floor":11,"turns":6},{"damage":9,"enemies":"Gremlin Gang","floor":13,"turns":4},{"damage":5,"enemies":"Blue Slaver","floor":14,"turns":4},{"damage":0,"enemies":"The Guardian","floor":16,"turns":9},{"damage":6,"enemies":"2 Thieves","floor":18,"turns":4},{"damage":2,"enemies":"Spheric Guardian","floor":20,"turns":4},{"damage":0,"enemies":"Cultist and Chosen","floor":21,"turns":5},{"damage":0,"enemies":"Book of Stabbing","floor":23,"turns":3},{"damage":0,"enemies":"Gremlin Leader","floor":25,"turns":3},{"damage":6,"enemies":"Slavers","floor":27,"turns":6},{"damage":0,"enemies":"Centurion and Healer","floor":28,"turns":6},{"damage":0,"enemies":"Snecko","floor":30,"turns":5},{"damage":0,"enemies":"Shelled Parasite and Fungi","floor":31,"turns":4},{"damage":41,"enemies":"Champ","floor":33,"turns":9},{"damage":0,"enemies":"3 Shapes","floor":35,"turns":4},{"damage":6,"enemies":"Orb Walker","floor":36,"turns":3},{"damage":20,"enemies":"2 Orb Walkers","floor":38,"turns":4},{"damage":3,"enemies":"Spire Growth","floor":39,"turns":3},{"damage":0,"enemies":"Reptomancer","floor":41,"turns":6},{"damage":0,"enemies":"Sphere and 2 Shapes","floor":42,"turns":4},{"damage":0,"enemies":"Transient","floor":45,"turns":5},{"damage":26,"enemies":"Writhing Mass","floor":48,"turns":5},{"damage":70,"enemies":"Awakened One","floor":50,"turns":9},{"damage":51,"enemies":"Shield and Spear","floor":54,"turns":10},{"damage":22,"enemies":"The Heart","floor":55,"turns":2}],"seed_played":"-1153758374050020557","potions_obtained":[{"floor":2,"key":"Regen Potion"},{"floor":6,"key":"Explosive Potion"},{"floor":11,"key":"Strength Potion"},{"floor":23,"key":"ColorlessPotion"},{"floor":28,"key":"DuplicationPotion"},{"floor":31,"key":"champ:CounterPotion"},{"floor":41,"key":"Explosive Potion"},{"floor":54,"key":"GamblersBrew"}],"is_trial":false,"path_per_floor":["M","M","$","M","M","E","M","M","T","?","E","$","M","M","R","B",null,"M","$","M","M","?","E","R","E","T","E","M","R","M","M","R","B",null,"M","M","$","?","M","R","E","M","T","?","M","?","$","M","R","B",null,"R","$","E","B"],"character_chosen":"THE_SILENT","items_purchased":["Footwork","Membership Card","Discovery","Thread and Needle","Footwork","Magnetism","Infinite Blades","Noxious Fumes","Accuracy","Caltrops","Footwork","DollysMirror","Nunchaku","Mayhem"],"campfire_rested":1,"item_purchase_floors":[3,12,12,19,47,47,47,47,47,47,47,47,47,53],"current_hp_per_floor":[62,61,70,64,64,57,52,52,52,52,50,65,56,51,51,51,65,59,70,68,68,68,68,68,68,68,64,66,66,68,70,70,29,60,62,58,70,50,49,49,51,53,53,53,55,55,70,44,65,35,61,61,70,19,0,0],"gold":44,"neow_bonus":"RANDOM_COMMON_RELIC","is_daily":false,"chose_seed":false,"campfire_upgraded":5,"win_rate":0.0,"timestamp":1613910242,"path_taken":["M","M","$","M","M","E","M","M","T","?","E","$","?","M","R","BOSS","M","$","M","M","?","E","R","E","T","E","M","R","M","M","R","BOSS","M","M","$","?","M","R","E","M","T","?","M","?","$","M","R","BOSS","R","$","E","BOSS"],"items_purchased_type":["Card","Relic","Card","Relic","Card","Card","Card","Card","Card","Card","Card","Relic","Relic","Card"],"build_version":"2020-12-22","purchased_purges":15,"victory":false,"max_hp_per_floor":[70,70,70,70,70,70,70,70,70,70,70,70,70,70,70,70,70,70,70,70,70,70,70,70,70,70,70,70,70,70,70,70,70,70,70,70,70,70,70,70,70,70,70,70,70,70,70,70,70,70,70,70,70,70,70,70],"card_choices":[{"not_picked":["Prepared","Deadly Poison"],"picked":"Blade Dance","floor":1},{"not_picked":["Deflect","Setup"],"picked":"Poisoned Stab","floor":2},{"not_picked":["Flying Knee","Setup","Concentrate"],"picked":"SKIP","floor":4},{"not_picked":["Catalyst","Prepared"],"picked":"Escape Plan","floor":5},{"not_picked":["Acrobatics","Sucker Punch"],"picked":"Noxious Fumes","floor":6},{"not_picked":["Outmaneuver","Quick Slash"],"picked":"Venomology","floor":7},{"not_picked":["Eviscerate","Leg Sweep","Poisoned Stab"],"picked":"SKIP","floor":8},{"not_picked":["PiercingWail","Malaise"],"picked":"Accuracy","floor":11},{"not_picked":["Eviscerate","Acrobatics"],"picked":"Blade Dance","floor":13},{"not_picked":["Poisoned Stab","Slice"],"picked":"Escape Plan","floor":14},{"not_picked":["Storm of Steel","Bullet Time"],"picked":"Burst","floor":16},{"not_picked":["Dagger Throw","Accuracy"],"picked":"Cloak And Dagger","floor":18},{"not_picked":["Caltrops+1","Dagger Throw"],"picked":"Cloak And Dagger","floor":20},{"not_picked":["A Thousand Cuts","Deflect","Flying Knee"],"picked":"SKIP","floor":21},{"not_picked":["Finisher","Flying Knee","Underhanded Strike"],"picked":"SKIP","floor":23},{"not_picked":["Prepared","Underhanded Strike+1"],"picked":"Footwork+1","floor":25},{"not_picked":["Blade Dance","Quick Slash+1","Underhanded Strike"],"picked":"SKIP","floor":27},{"not_picked":["Underhanded Strike","Flechettes"],"picked":"Prepared+1","floor":28},{"not_picked":["Tactician+1","Bane"],"picked":"Escape Plan","floor":30},{"not_picked":["Eviscerate","Concentrate","Phantasmal Killer"],"picked":"SKIP","floor":31},{"not_picked":["Corpse Explosion","Unload"],"picked":"Malaise","floor":33},{"not_picked":["Flying Knee+1","Endless Agony+1","Catalyst+1"],"picked":"SKIP","floor":35},{"not_picked":["Prepared+1","Setup","Riddle With Holes"],"picked":"SKIP","floor":36},{"not_picked":["Prepared","Flechettes+1"],"picked":"Blade Dance+1","floor":38},{"not_picked":["Underhanded Strike+1","Flying Knee+1","Choke"],"picked":"SKIP","floor":39},{"not_picked":["Flying Knee+1","Catalyst+1"],"picked":"Dodge and Roll+1","floor":41},{"not_picked":["Dagger Throw+1","Bane+1"],"picked":"Terror","floor":42},{"not_picked":["Quick Slash+1","Setup","Endless Agony"],"picked":"SKIP","floor":45},{"not_picked":["Quick Slash","Deflect+1"],"picked":"Dodge and Roll+1","floor":48},{"not_picked":["Acrobatics+1","Unload","Catalyst+1"],"picked":"SKIP","floor":54}],"player_experience":662899,"relics_obtained":[{"floor":6,"key":"PreservedInsect"},{"floor":9,"key":"Boot"},{"floor":11,"key":"Bronze Scales"},{"floor":23,"key":"Whetstone"},{"floor":25,"key":"Blood Vial"},{"floor":26,"key":"Bag of Preparation"},{"floor":27,"key":"The Courier"},{"floor":38,"key":"Lizard Tail"},{"floor":41,"key":"Ninja Scroll"},{"floor":54,"key":"Ornamental Fan"}],"event_choices":[{"damage_healed":0,"gold_gain":0,"player_choice":"Upgraded","damage_taken":0,"max_hp_gain":0,"max_hp_loss":0,"event_name":"Upgrade Shrine","floor":10,"gold_loss":0,"cards_upgraded":["Footwork"]},{"damage_healed":0,"gold_gain":0,"player_choice":"Ignored","damage_taken":0,"max_hp_gain":0,"max_hp_loss":0,"event_name":"Transmorgrifier","floor":22,"gold_loss":0},{"damage_healed":0,"gold_gain":0,"player_choice":"Fight","damage_taken":0,"max_hp_gain":0,"max_hp_loss":0,"event_name":"Mysterious Sphere","floor":38,"gold_loss":0},{"damage_healed":0,"gold_gain":0,"player_choice":"Ignored","damage_taken":0,"max_hp_gain":0,"max_hp_loss":0,"event_name":"Tomb of Lord Red Mask","floor":44,"gold_loss":0},{"damage_healed":0,"gold_gain":0,"player_choice":"Memory 1","damage_taken":0,"max_hp_gain":0,"max_hp_loss":0,"event_name":"SensoryStone","floor":46,"gold_loss":0}],"is_beta":false,"boss_relics":[{"not_picked":["Ectoplasm","Runic Dome"],"picked":"HoveringKite"},{"not_picked":["Empty Cage","SlaversCollar"],"picked":"Ring of the Serpent"}],"items_purged_floors":[3,3,12,12,19,19,19,19,37,37,47,47,47,53,53],"is_endless":false,"potions_floor_spawned":[2,6,11,14,16,20,23,28,31,33,39,41,42,54],"killed_by":"The Heart","ascension_level":8}}