{"host":"7qoz5gmva6til3yp","time":1613921698,"event":{"mods":["2.2 Compatiblity","BaseMod","Minty Spire (QoL Compilation)","StSLib","SuperFastMode"],"gold_per_floor":[118,137,151,162,162,162,197,42,42,70,70,98,117,128,128,128,128],"floor_reached":16,"language":"KOR","playtime":540,"items_purged":[],"score":244,"play_id":"089ecaf0-f0ff-45f6-9b39-b31c1039c4a4","local_time":"20210222003458","is_ascension_mode":true,"campfire_choices":[{"data":"Perfected Strike","floor":6.0,"key":"SMITH"},{"floor":15,"key":"REST"}],"circlet_count":0,"master_deck":["AscendersBane","Strike_R","Strike_R","Strike_R","Strike_R","Defend_R","Defend_R","Defend_R","Defend_R","Bash","Double Tap","Headbutt","Shrug It Off","Perfected Strike+1","Shrug It Off","Offering","Blood for Blood"],"relics":["Burning Blood","Peace Pipe","Kunai","Letter Opener","The Courier"],"acts_visited":["Exordium"],"potions_floor_usage":[16],"damage_taken":[{"damage":11.0,"enemies":"Jaw Worm","floor":1.0,"turns":5.0},{"damage":5.0,"enemies":"Small Slimes","floor":2.0,"turns":4.0},{"damage":3.0,"enemies":"Cultist","floor":3.0,"turns":4.0},{"damage":16.0,"enemies":"Gremlin Gang","floor":4.0,"turns":7.0},{"damage":35.0,"enemies":"Lagavulin","floor":7.0,"turns":6.0},{"damage":9.0,"enemies":"3 Sentries","floor":10.0,"turns":6.0},{"damage":19.0,"enemies":"Lagavulin","floor":12.0,"turns":6.0},{"damage":6,"enemies":"Blue Slaver","floor":13,"turns":4},{"damage":6,"enemies":"Exordium Thugs","floor":14,"turns":4},{"damage":69,"enemies":"Hexaghost","floor":16,"turns":10}],"seed_played":"6226918356726611904","potions_obtained":[{"floor":2.0,"key":"EntropicBrew"},{"floor":7.0,"key":"FairyPotion"},{"floor":13,"key":"FearPotion"}],"is_trial":false,"path_per_floor":["M","M","M","M","?","R","E","$","T","E","?","E","M","M","R","B"],"character_chosen":"IRONCLAD","items_purchased":["Offering"],"campfire_rested":1,"item_purchase_floors":[8],"current_hp_per_floor":[63,64,67,57,62,62,33,33,33,30,30,17,17,17,41,0,0],"gold":128,"neow_bonus":"ONE_RANDOM_RARE_CARD","is_daily":false,"chose_seed":false,"campfire_upgraded":1,"win_rate":0.0,"timestamp":1613921698,"path_taken":["M","M","M","M","?","R","E","$","T","E","?","E","?","?","R","BOSS"],"items_purchased_type":["Card"],"build_version":"2020-12-22","purchased_purges":0,"victory":false,"max_hp_per_floor":[75,75,75,75,80,80,80,80,80,80,80,80,80,80,80,80,80],"card_choices":[{"not_picked":["Heavy Blade","Sword Boomerang"],"picked":"Headbutt","floor":1.0},{"not_picked":["Flame Barrier","Dropkick"],"picked":"Shrug It Off","floor":2.0},{"not_picked":["Sword Boomerang","Anger"],"picked":"Perfected Strike","floor":3.0},{"not_picked":["Double Tap","Twin Strike","Shrug It Off"],"picked":"SKIP","floor":4.0},{"not_picked":["Double Tap","Twin Strike"],"picked":"Shrug It Off","floor":4.0},{"not_picked":["Flex","Wild Strike","Cleave"],"picked":"SKIP","floor":7.0},{"not_picked":["Pummel","Metallicize"],"picked":"Blood for Blood","floor":10.0},{"not_picked":["Cleave","Exhume","Rupture"],"picked":"SKIP","floor":12.0},{"not_picked":["Iron Wave","Spot Weakness","Bloodletting"],"picked":"SKIP","floor":13},{"not_picked":["Anger","Havoc","True Grit"],"picked":"SKIP","floor":14}],"player_experience":499932,"relics_obtained":[{"floor":7.0,"key":"Peace Pipe"},{"floor":9.0,"key":"Kunai"},{"floor":10.0,"key":"Letter Opener"},{"floor":12.0,"key":"The Courier"}],"event_choices":[{"damage_healed":0.0,"max_hp_gain":5.0,"max_hp_loss":0.0,"gold_gain":0.0,"event_name":"Big Fish","player_choice":"Donut","floor":5.0,"gold_loss":0.0,"damage_taken":0.0},{"cards_removed":["Strike_R"],"damage_healed":0.0,"max_hp_gain":0.0,"max_hp_loss":0.0,"gold_gain":0.0,"event_name":"Purifier","player_choice":"Purged","floor":11.0,"gold_loss":0.0,"damage_taken":0.0}],"is_beta":false,"boss_relics":[],"items_purged_floors":[],"is_endless":false,"potions_floor_spawned":[2,7,13,14],"killed_by":"Hexaghost","ascension_level":20}}