{"host":"nsc6ozq3atyrdr3m","time":1613930990,"event":{"mods":["BaseMod","Colored Map","Minty Spire (QoL Compilation)"],"gold_per_floor":[117,117,131,96,22,48,65,20,20,37,47,47,47,47,47,143,143,160,259,17,92,107,107,127,127,127,127,50,63,63,63],"floor_reached":30,"language":"FRA","playtime":529,"items_purged":["Storm"],"score":367,"play_id":"7279d7b8-7055-4010-b7d8-8a41743eb0f9","local_time":"20210221190950","is_ascension_mode":true,"campfire_choices":[{"data":"Hologram","floor":12,"key":"SMITH"},{"data":"Beam Cell","floor":15,"key":"SMITH"},{"floor":23,"key":"REST"},{"floor":25,"key":"REST"},{"floor":27,"key":"REST"}],"circlet_count":0,"master_deck":["Strike_B","Strike_B","Strike_B","Strike_B","Defend_B","Defend_B","Defend_B","Defend_B","Zap","Dualcast","Rip and Tear","Hologram+1","Gash","Gash","Go for the Eyes","Hologram+1","Beam Cell+1","All For One","Gash","Gash","Auto Shields","Undo"],"relics":["Cracked Core","NeowsBlessing","Sundial","Singing Bowl","Mercury Hourglass","SacredBark","Meat on the Bone"],"acts_visited":["Exordium","TheCity"],"potions_floor_usage":[16,16,16,22,29],"damage_taken":[{"damage":0,"enemies":"2 Louse","floor":1,"turns":1},{"damage":0,"enemies":"Small Slimes","floor":3,"turns":1},{"damage":0,"enemies":"Gremlin Nob","floor":6,"turns":1},{"damage":4,"enemies":"Jaw Worm","floor":7,"turns":3},{"damage":2,"enemies":"Gremlin Gang","floor":10,"turns":3},{"damage":6,"enemies":"Blue Slaver","floor":11,"turns":4},{"damage":23,"enemies":"Hexaghost","floor":16,"turns":8},{"damage":27,"enemies":"Shell Parasite","floor":18,"turns":5},{"damage":6,"enemies":"2 Thieves","floor":22,"turns":2},{"damage":27,"enemies":"Snake Plant","floor":24,"turns":3},{"damage":36,"enemies":"Shelled Parasite and Fungi","floor":29,"turns":5},{"damage":47,"enemies":"Gremlin Leader","floor":30,"turns":2}],"seed_played":"-4611697147299029075","potions_obtained":[{"floor":1,"key":"Swift Potion"},{"floor":7,"key":"GamblersBrew"},{"floor":10,"key":"LiquidMemories"},{"floor":16,"key":"FearPotion"},{"floor":22,"key":"BlessingOfTheForge"},{"floor":29,"key":"Dexterity Potion"}],"is_trial":false,"path_per_floor":["M","?","M","?","$","E","M","$","T","M","M","R","?","$","R","B",null,"M","?","$","?","M","R","M","R","T","R","$","M","E"],"character_chosen":"DEFECT","items_purchased":["Storm","Go for the Eyes","Gash","Auto Shields","Fire Potion","Undo"],"campfire_rested":3,"item_purchase_floors":[5,8,20,20,20,28],"current_hp_per_floor":[68,35,35,53,53,53,49,49,49,47,41,41,41,41,41,18,61,34,34,34,27,23,46,21,44,44,67,67,45,0,0],"gold":63,"neow_bonus":"THREE_ENEMY_KILL","is_daily":false,"chose_seed":false,"campfire_upgraded":2,"win_rate":0.0,"timestamp":1613930990,"path_taken":["M","?","M","?","?","E","M","$","T","M","?","R","?","$","R","BOSS","M","?","$","?","M","R","M","R","T","R","$","?","E"],"items_purchased_type":["Card","Card","Card","Card","Potion","Card"],"build_version":"2020-12-22","purchased_purges":1,"victory":false,"max_hp_per_floor":[75,75,75,75,75,75,75,75,75,75,75,75,75,75,75,75,75,75,75,75,75,77,77,79,79,79,79,79,81,81,81],"card_choices":[{"not_picked":["Barrage","Coolheaded"],"picked":"Rip and Tear","floor":1},{"not_picked":["Go for the Eyes","Reboot"],"picked":"Hologram","floor":3},{"not_picked":["Reboot","Lockon"],"picked":"Gash","floor":6},{"not_picked":["Chaos","Consume"],"picked":"Gash","floor":7},{"not_picked":["Sweeping Beam","Beam Cell"],"picked":"Hologram","floor":10},{"not_picked":["Skim","Stack"],"picked":"Beam Cell","floor":11},{"not_picked":["Rainbow","Fission"],"picked":"All For One","floor":16},{"not_picked":["Barrage","Sweeping Beam"],"picked":"Gash","floor":18},{"not_picked":["Loop+1","Coolheaded","Capacitor"],"picked":"Singing Bowl","floor":22},{"not_picked":["Stack","Steam Power","Heatsinks"],"picked":"Singing Bowl","floor":24},{"not_picked":["Lockon+1","Redo","Chill+1"],"picked":"Singing Bowl","floor":29}],"player_experience":440644,"relics_obtained":[{"floor":6,"key":"Singing Bowl"},{"floor":9,"key":"Mercury Hourglass"},{"floor":26,"key":"Meat on the Bone"}],"event_choices":[{"damage_healed":0,"gold_gain":0,"player_choice":"Success","damage_taken":33,"relics_obtained":["Sundial"],"max_hp_gain":0,"max_hp_loss":0,"event_name":"Scrap Ooze","floor":2,"gold_loss":0},{"damage_healed":18,"gold_gain":0,"player_choice":"Healed","damage_taken":0,"max_hp_gain":0,"max_hp_loss":0,"event_name":"The Cleric","floor":4,"gold_loss":35},{"damage_healed":0,"gold_gain":0,"player_choice":"Grow","damage_taken":0,"max_hp_gain":0,"max_hp_loss":0,"event_name":"Living Wall","floor":13,"gold_loss":0,"cards_upgraded":["Hologram"]},{"damage_healed":0,"gold_gain":99,"player_choice":"Stole From Cult","damage_taken":0,"max_hp_gain":0,"max_hp_loss":0,"event_name":"Nest","floor":19,"gold_loss":0},{"damage_healed":0,"gold_gain":75,"player_choice":"Touch","damage_taken":7,"max_hp_gain":0,"max_hp_loss":0,"event_name":"FaceTrader","floor":21,"gold_loss":0}],"is_beta":false,"boss_relics":[{"not_picked":["FrozenCore","Runic Dome"],"picked":"SacredBark"}],"items_purged_floors":[20],"is_endless":false,"potions_floor_spawned":[1,7,10,16,22,29],"killed_by":"Gremlin Leader","ascension_level":7}}