{"host":"40f49r155zsx8eqk","time":1613869888,"event":{"mods":["AchievementEnabler","Act Like it!","Aspiration","BaseMod","Better Note","Better Sensory Stone","Better Skull","Better Third Choice","Better Vampires","Colored Powertips","Curses Come First","Dota2Spire","Evolution","GifTheSpireLib","Googly Eyes","Gremlin Skip","Halation","Hubris","Minty Spire (QoL Compilation)","Relic Sorter","Reliquary","Replay The Spire","Ruina","Spikes Relics","StSLib","Stuff the Spire","The Gatherer","Uncapped","Unceasing Turn Reminder"],"gold_per_floor":[119,138,24,24,44,44,57,57,128,128,128,147,175,194,194,294,294,310,327,327,343,343,343,8,38,64,64,79,79,94,94,94,198,198,208,208,17,76,76,111,111,127,127,146,160,160,160],"floor_reached":46,"language":"RUS","playtime":2727,"items_purged":["hubris:Strike_Merchant","Strike_B"],"score":538,"play_id":"793a98c6-3202-4747-b1e7-b3d994454cbc","local_time":"20210221041128","is_ascension_mode":true,"campfire_choices":[{"data":"White Noise","floor":6.0,"key":"SMITH"},{"data":"ReplayTheSpireMod:Calculation Training","floor":8.0,"key":"SMITH"},{"data":"Crow Ritual","floor":11.0,"key":"SMITH"},{"floor":23.0,"key":"REST"},{"floor":29.0,"key":"REST"},{"floor":32.0,"key":"REST"},{"floor":41,"key":"REST"}],"circlet_count":0,"master_deck":["Strike_B","Strike_B","Strike_B","Defend_B+1","Defend_B","Defend_B","Zap","Dualcast+1","hubris:Defend_Merchant","Strike_B","hubris:Ukulele","Coolheaded+1","White Noise+1","Ball Lightning","ReplayTheSpireMod:Calculation Training+1","Crow Ritual+1","Rebound","Echo Form","Hologram","hubris:DoWhile","Leap","Loop","ruina:Lumber","Hologram+1","Glacier","Seek","StuffTheSpire:BrainWave","StuffTheSpire:Plugnplay","hubris:SpecializedCircuitry","Hologram"],"relics":["Cracked Core","EVO:Axolotl","halation:QuantumPhysicsTextbook","hubris:Towel","Garlic","Fusion Hammer","StuffTheSpire:SapphireSignet","reliquary:PartyBalloon","Busted Crown","reliquary:RoseTintedGlasses","reliquary:TridentHead","RoseTintedShades","aspiration:EnhancedActuators"],"acts_visited":["Exordium","Exordium","TheBeyond"],"potions_floor_usage":[33,33,44,46],"damage_taken":[{"damage":1.0,"enemies":"Cultist","floor":1.0,"turns":4.0},{"damage":2.0,"enemies":"Jaw Worm","floor":2.0,"turns":2.0},{"damage":3.0,"enemies":"2 Louse","floor":5.0,"turns":2.0},{"damage":25.0,"enemies":"Exordium Thugs","floor":7.0,"turns":4.0},{"damage":3.0,"enemies":"3 Louse","floor":12.0,"turns":3.0},{"damage":5.0,"enemies":"3 Sentries","floor":13.0,"turns":6.0},{"damage":5.0,"enemies":"Looter","floor":14.0,"turns":4.0},{"damage":21.0,"enemies":"Hexaghost","floor":16.0,"turns":9.0},{"damage":18.0,"enemies":"ruina:Nosferatu","floor":18.0,"turns":5.0},{"damage":2.0,"enemies":"ruina:2_Scarecrows","floor":19.0,"turns":5.0},{"damage":17.0,"enemies":"ruina:Woodsman","floor":21.0,"turns":4.0},{"damage":22.0,"enemies":"ruina:ServantOfWrath","floor":25.0,"turns":5.0},{"damage":23.0,"enemies":"ruina:KnightOfDespair","floor":28.0,"turns":6.0},{"damage":31.0,"enemies":"ruina:Nos_and_Bat","floor":30.0,"turns":7.0},{"damage":37,"enemies":"ruina:Red_and_Wolf","floor":33,"turns":14},{"damage":1,"enemies":"3 Darklings","floor":35,"turns":7},{"damage":32,"enemies":"Nemesis","floor":40,"turns":11},{"damage":1,"enemies":"Orb Walker","floor":42,"turns":7},{"damage":25,"enemies":"Jaw Worm Horde","floor":44,"turns":6},{"damage":1,"enemies":"4 Shapes","floor":45,"turns":7},{"damage":14,"enemies":"Reptomancer","floor":46,"turns":2}],"seed_played":"-6617030876695982328","potions_obtained":[{"floor":1.0,"key":"SteroidPotion"},{"floor":5.0,"key":"Swift Potion"},{"floor":14.0,"key":"FearPotion"},{"floor":19.0,"key":"DuplicationPotion"},{"floor":42,"key":"Dexterity Potion"},{"floor":45,"key":"DistilledChaos"}],"is_trial":false,"path_per_floor":["M","M","$","?","M","R","M","R","T","?","R","M","E","M","R","B",null,"M","M","?","M","?","R","$","E","T","$","M","R","M","$","R","B",null,"M","?","$","?","?","E","R","M","T","M","M","E"],"character_chosen":"DEFECT","items_purchased":["White Noise","PowerPotion","ruina:Lumber","StuffTheSpire:Plugnplay","reliquary:RoseTintedGlasses"],"campfire_rested":4,"item_purchase_floors":[3,24,24,37,37],"current_hp_per_floor":[74,72,72,72,69,69,44,44,44,44,44,41,36,31,53,32,75,57,55,59,42,50,72,72,50,50,50,27,49,18,18,40,3,75,74,74,74,44,44,12,34,33,33,8,7,0,0],"gold":160,"neow_bonus":"ONE_RARE_RELIC","is_daily":false,"chose_seed":false,"campfire_upgraded":3,"win_rate":0.0,"timestamp":1613869888,"path_taken":["M","M","$","?","M","R","M","R","T","?","R","M","E","M","R","BOSS","M","M","?","?","?","R","?","E","T","$","M","R","M","$","R","BOSS","M","?","$","?","?","E","R","M","T","M","M","E"],"items_purchased_type":["Card","Potion","Card","Card","Relic"],"build_version":"2020-12-22","purchased_purges":2,"victory":false,"max_hp_per_floor":[75,75,75,75,75,75,75,75,75,75,75,75,75,75,75,75,75,75,75,75,75,75,75,75,75,75,75,75,75,75,75,75,75,75,75,75,75,75,75,75,75,75,75,75,75,75,75],"card_choices":[{"not_picked":["Aggregate","Gash"],"picked":"hubris:Ukulele","floor":1.0},{"not_picked":["Conserve Battery","Stack"],"picked":"Coolheaded","floor":2.0},{"not_picked":["ReplayTheSpireMod:System Scan","Scrape"],"picked":"Ball Lightning","floor":5.0},{"not_picked":["BasicCrystalCard","Leap"],"picked":"ReplayTheSpireMod:Calculation Training","floor":7.0},{"not_picked":["StuffTheSpire:PlasmaPunch","Feint"],"picked":"Crow Ritual","floor":10.0},{"not_picked":["Steam","Turbo"],"picked":"Rebound","floor":12.0},{"not_picked":["Compile Driver","StuffTheSpire:LoadUp"],"picked":"Echo Form","floor":13.0},{"not_picked":["Undo","Conserve Battery"],"picked":"Hologram","floor":14.0},{"not_picked":["StuffTheSpire:LaunchingStrike","Mirror Shield"],"picked":"hubris:DoWhile","floor":16.0},{"not_picked":["Hologram","Doom and Gloom"],"picked":"Leap","floor":18.0},{"not_picked":["Streamline+1","Tempest+1","StuffTheSpire:GlassShard"],"picked":"SKIP","floor":19.0},{"not_picked":["StuffTheSpire:Plugnplay","Gash+1"],"picked":"Loop","floor":21.0},{"not_picked":["Heatsinks","Core Surge"],"picked":"Hologram+1","floor":25.0},{"not_picked":["Darkness","ReplayTheSpireMod:Reroute Power"],"picked":"Glacier","floor":28.0},{"not_picked":["Go for the Eyes","Sweeping Beam","Ball Lightning"],"picked":"SKIP","floor":30.0},{"not_picked":["hubris:DoWhile","StuffTheSpire:LaunchingStrike"],"picked":"Seek","floor":33},{"not_picked":["Undo"],"picked":"SKIP","floor":35},{"not_picked":["StuffTheSpire:Vigor","StuffTheSpire:Rapture"],"picked":"StuffTheSpire:BrainWave","floor":36},{"not_picked":[],"picked":"Hologram","floor":40},{"not_picked":["Conserve Battery+1"],"picked":"SKIP","floor":42},{"not_picked":["Sweeping Beam+1"],"picked":"SKIP","floor":44},{"not_picked":["StuffTheSpire:Plugnplay"],"picked":"SKIP","floor":45}],"player_experience":187060,"relics_obtained":[{"floor":9.0,"key":"Garlic"},{"floor":13.0,"key":"reliquary:Buckler"},{"floor":25.0,"key":"StuffTheSpire:SapphireSignet"},{"floor":26.0,"key":"reliquary:PartyBalloon"},{"floor":38,"key":"reliquary:TridentHead"},{"floor":40,"key":"RoseTintedShades"},{"floor":43,"key":"aspiration:EnhancedActuators"}],"event_choices":[{"damage_healed":0.0,"max_hp_gain":0.0,"max_hp_loss":0.0,"gold_gain":1.0,"event_name":"betterStone:BetterStone","player_choice":"1","floor":10.0,"gold_loss":0.0,"damage_taken":0.0},{"damage_healed":4.0,"max_hp_gain":0.0,"max_hp_loss":0.0,"gold_gain":0.0,"event_name":"betterSkull:BetterSkull","player_choice":"LEAVE ","floor":20.0,"gold_loss":0.0,"damage_taken":0.0,"cards_upgraded":[],"relics_obtained":[]},{"damage_healed":0,"gold_gain":0,"cards_transformed":["Defend_B"],"player_choice":"Transformed","damage_taken":0,"max_hp_gain":0,"max_hp_loss":0,"event_name":"Transmorgrifier","floor":39,"gold_loss":0,"cards_obtained":["hubris:SpecializedCircuitry"]}],"is_beta":false,"boss_relics":[{"not_picked":["hubris:HollowSoul","CosmicIsotope"],"picked":"Fusion Hammer"},{"not_picked":["aspiration:SilentSkillbook","Abe\u0027s Treasure"],"picked":"Busted Crown"}],"items_purged_floors":[3,24],"is_endless":false,"potions_floor_spawned":[1,5,14,18,19,21,42,45],"killed_by":"Reptomancer","ascension_level":3}}