{"host":"xltl1aroowo69o4n","time":1613870243,"event":{"mods":["BaseMod","Colored Map","Colored Powertips","Downfall","Koishi","Marisa????????","Minty Spire (QoL Compilation)","Replay The Spire","StSLib","The Cursed","The Hierophant","The Mystic","The Necromancer","The Servant 0.9.4"],"gold_per_floor":[99,113,127,41,41,41,41,69,82,97,30,40,190,190,210,210,210],"floor_reached":16,"language":"ENG","playtime":734,"items_purged":[],"score":107,"play_id":"6eee24ec-a7e9-4015-8b01-23101aa7c653","local_time":"20210220201723","is_ascension_mode":true,"campfire_choices":[{"floor":1,"key":"DIG"}],"circlet_count":0,"master_deck":["Koishi:BasicStrike","Koishi:BasicStrike","Koishi:BasicStrike","Koishi:BasicStrike","Koishi:BasicDefend","Koishi:BasicDefend","Koishi:BasicDefend","Koishi:BasicDefend","Koishi:Provoke","Koishi:HauntingSlash","Pot Of Greed","Koishi:HeartAttack","Koishi:UnseenTerror","Pot Of Greed","Koishi:UnansweredLove","Koishi:ApparitionsStalkTheNight","Delirium","Normality","mysticmod:Riposte","Body Slam","Scare","Reprogram","Koishi:ApparitionsStalkTheNight","Koishi:ApparitionsStalkTheNight","Poisoned Stab","downfall:Icky","Embodiment"],"relics":["Koishi:ImaginaryFriend","Grinning Jar","Lantern","PrismaticShard","Ring of Peace","Ring of Fangs","Centennial Puzzle","Kunai"],"acts_visited":["Exordium"],"potions_floor_usage":[8,8,16,16],"damage_taken":[{"damage":0,"enemies":"Small Slimes","floor":2,"turns":4},{"damage":0,"enemies":"2 Louse","floor":3,"turns":2},{"damage":2,"enemies":"downfall:FleeingMerchant","floor":4,"turns":4},{"damage":24,"enemies":"Gremlin Nob","floor":8,"turns":5},{"damage":2,"enemies":"Jaw Worm","floor":9,"turns":4},{"damage":10,"enemies":"Exordium Thugs","floor":10,"turns":4},{"damage":8,"enemies":"downfall:FleeingMerchant","floor":11,"turns":4},{"damage":10,"enemies":"Blue Slaver","floor":12,"turns":5},{"damage":0,"enemies":"2 Fungi Beasts","floor":15,"turns":4},{"damage":28,"enemies":"DF_ARCHETYPE_STREAMLINE","floor":16,"turns":6}],"seed_played":"3641507609839784457","potions_obtained":[{"floor":2,"key":"ColorlessPotion"},{"floor":3,"key":"AttackPotion"},{"floor":10,"key":"LiquidMemories"},{"floor":15,"key":"Toxic Potion"}],"is_trial":false,"path_per_floor":["R_BF","M","M","$","?","?","T","E","M","M","$","M","?","?","M","B"],"character_chosen":"KOISHI","items_purchased":["Koishi:ApparitionsStalkTheNight","Koishi:ApparitionsStalkTheNight"],"campfire_rested":0,"item_purchase_floors":[4,11],"current_hp_per_floor":[60,60,60,58,58,58,58,39,38,31,23,14,14,14,15,0,0],"gold":210,"neow_bonus":"RANDOM_COMMON_RELIC","is_daily":false,"chose_seed":false,"campfire_upgraded":0,"win_rate":0.0,"timestamp":1613870243,"path_taken":["R_BF","M","M","$","?","?","T","E","M","M","?","?","?","?","M","BOSS"],"items_purchased_type":["Card","Card"],"build_version":"2020-12-13","purchased_purges":0,"victory":false,"max_hp_per_floor":[60,60,60,60,60,60,60,60,60,60,60,60,60,60,60,60,60],"card_choices":[{"not_picked":["Koishi:UnconsciousUrges","Koishi:MassHysteria"],"picked":"Koishi:HeartAttack","floor":2},{"not_picked":["Koishi:PhilosophyOfTheDespised","Koishi:IdleWhim"],"picked":"Koishi:UnseenTerror","floor":3},{"not_picked":["Koishi:BloodcurdlingScream","Koishi:DanmakuParanoia"],"picked":"Koishi:UnansweredLove","floor":4},{"not_picked":["TheCursedMod:Obscuration","bronze:ChildClass"],"picked":"mysticmod:Riposte","floor":8},{"not_picked":["Chill_Blood","hexamod:HeatMetal"],"picked":"Body Slam","floor":9},{"not_picked":["sneckomod:Nope","Uncharnel"],"picked":"Scare","floor":10},{"not_picked":["hexamod:AdvancingGuard","champ:Backstep"],"picked":"Reprogram","floor":11},{"not_picked":["Guardian:PolyBeam","Slimebound:Schlurp"],"picked":"Poisoned Stab","floor":12},{"not_picked":["DualDimension","TheCursedMod:WearCloak"],"picked":"Embodiment","floor":15}],"player_experience":246616,"relics_obtained":[{"floor":1,"key":"Lantern"},{"floor":6,"key":"Ring of Peace"},{"floor":6,"key":"Ring of Fangs"},{"floor":7,"key":"Centennial Puzzle"},{"floor":8,"key":"Kunai"}],"event_choices":[],"is_beta":false,"boss_relics":[],"items_purged_floors":[],"is_endless":false,"potions_floor_spawned":[2,3,10,15],"killed_by":"DF_ARCHETYPE_STREAMLINE","ascension_level":1}}