{"host":"o88u0awh8mkwl1l8","time":1613874788,"event":{"mods":["BaseMod","Colored Map","Highlight Path","Minty Spire (QoL Compilation)","Relic Sorter"],"gold_per_floor":[110,160,174,185,27,27,62,62,62,89,89,89,116,130,130,207,207,207,122,122,22,22,22,22,22,22,22,22,22,22,22,22,22,22,22,22,22,22,22,22,22,22,22,22,22,22,22,22,22,22,22,22,22,22,22,22,22],"floor_reached":56,"language":"JPN","playtime":3653,"items_purged":["Strike_P","Strike_P"],"score":2122,"play_id":"167f0006-8dfb-4d24-9833-dcdef80525ae","local_time":"20210221113308","is_ascension_mode":true,"campfire_choices":[{"data":"Alpha","floor":6.0,"key":"SMITH"},{"data":"Vault","floor":8.0,"key":"SMITH"},{"data":"Protect","floor":12.0,"key":"SMITH"},{"data":"Protect","floor":15.0,"key":"SMITH"},{"data":"Evaluate","floor":24.0,"key":"SMITH"},{"floor":27.0,"key":"REST"},{"data":"ThirdEye","floor":32.0,"key":"SMITH"},{"data":"Protect","floor":40.0,"key":"SMITH"},{"floor":44.0,"key":"RECALL"},{"data":"Establishment","floor":49.0,"key":"SMITH"},{"data":"Wireheading","floor":53.0,"key":"SMITH"}],"circlet_count":0,"master_deck":["AscendersBane","Defend_P","Defend_P","Defend_P","Defend_P","Vigilance","Alpha+1","ThirdEye+1","Protect+1","Wireheading+1","Vault+1","Protect+1","Evaluate+1","Establishment+1","Protect+1","DeusExMachina","SignatureMove+1","Blind","Bandage Up","Wireheading","SandsOfTime+1"],"relics":["PureWater","Velvet Choker","InkBottle","Shuriken","Kunai","Gambling Chip","Molten Egg 2","Ectoplasm","PreservedInsect","Potion Belt","Eternal Feather","Old Coin","TeardropLocket","Question Card","Thread and Needle","Toy Ornithopter"],"acts_visited":["Exordium","TheCity","TheBeyond","TheEnding"],"potions_floor_usage":[56,56],"damage_taken":[{"damage":1.0,"enemies":"Cultist","floor":1.0,"turns":3.0},{"damage":0.0,"enemies":"Jaw Worm","floor":3.0,"turns":4.0},{"damage":4.0,"enemies":"2 Louse","floor":4.0,"turns":5.0},{"damage":13.0,"enemies":"3 Sentries","floor":7.0,"turns":3.0},{"damage":0.0,"enemies":"Lagavulin","floor":10.0,"turns":6.0},{"damage":29.0,"enemies":"Gremlin Nob","floor":13.0,"turns":5.0},{"damage":2.0,"enemies":"Red Slaver","floor":14.0,"turns":5.0},{"damage":0.0,"enemies":"Slime Boss","floor":16.0,"turns":5.0},{"damage":0.0,"enemies":"Spheric Guardian","floor":18.0,"turns":4.0},{"damage":0.0,"enemies":"3 Byrds","floor":20.0,"turns":3.0},{"damage":0.0,"enemies":"Snecko","floor":22.0,"turns":5.0},{"damage":24.0,"enemies":"Book of Stabbing","floor":23.0,"turns":7.0},{"damage":14.0,"enemies":"Sentry and Sphere","floor":25.0,"turns":7.0},{"damage":8.0,"enemies":"Cultist and Chosen","floor":30.0,"turns":5.0},{"damage":0.0,"enemies":"Slavers","floor":31.0,"turns":4.0},{"damage":1.0,"enemies":"Automaton","floor":33.0,"turns":11.0},{"damage":4.0,"enemies":"Orb Walker","floor":35.0,"turns":4.0},{"damage":0.0,"enemies":"Mind Bloom Boss Battle","floor":36.0,"turns":9.0},{"damage":0.0,"enemies":"3 Shapes","floor":41.0,"turns":5.0},{"damage":0.0,"enemies":"Reptomancer","floor":42.0,"turns":5.0},{"damage":4.0,"enemies":"Writhing Mass","floor":45.0,"turns":5.0},{"damage":4.0,"enemies":"Nemesis","floor":46.0,"turns":6.0},{"damage":0.0,"enemies":"2 Orb Walkers","floor":47.0,"turns":4.0},{"damage":7.0,"enemies":"Maw","floor":48.0,"turns":7.0},{"damage":31.0,"enemies":"Awakened One","floor":50.0,"turns":13.0},{"damage":23.0,"enemies":"Time Eater","floor":51.0,"turns":11.0},{"damage":52.0,"enemies":"Shield and Spear","floor":55.0,"turns":6.0},{"damage":1,"enemies":"The Heart","floor":56,"turns":3}],"seed_played":"-6045321070191298180","potions_obtained":[{"floor":3.0,"key":"AttackPotion"},{"floor":7.0,"key":"Weak Potion"},{"floor":14.0,"key":"SpeedPotion"},{"floor":18.0,"key":"Energy Potion"},{"floor":30.0,"key":"DistilledChaos"},{"floor":33.0,"key":"LiquidBronze"},{"floor":35.0,"key":"BottledMiracle"},{"floor":41.0,"key":"ColorlessPotion"},{"floor":48.0,"key":"SkillPotion"}],"is_trial":false,"path_per_floor":["M","?","M","M","$","R","E","R","T","E","$","R","E","M","R","B",null,"M","?","M","$","M","E","R","M","T","R","?","?","M","E","R","B",null,"M","?","?","?","?","R","M","E","T","R","M","E","?","M","R","B","B",null,"R","$","E","B"],"character_chosen":"WATCHER","items_purchased":["Wireheading"],"campfire_rested":1,"item_purchase_floors":[5],"current_hp_per_floor":[60,54,54,50,50,50,37,37,37,37,37,37,8,6,6,6,48,48,48,48,48,48,24,24,10,10,28,28,28,20,20,29,28,54,50,50,50,40,40,49,53,57,57,59,55,55,59,56,59,32,13,48,59,59,11,15,15],"gold":22,"neow_bonus":"THREE_RARE_CARDS","is_daily":false,"chose_seed":false,"campfire_upgraded":9,"win_rate":0.0,"timestamp":1613874788,"path_taken":["M","?","M","M","$","R","E","R","T","E","$","R","E","?","R","BOSS","M","?","M","$","M","E","R","M","T","R","?","?","?","E","R","BOSS","M","?","?","?","?","R","M","E","T","R","M","E","?","M","R","BOSS","BOSS","R","$","E","BOSS"],"items_purchased_type":["Card"],"build_version":"2020-12-22","purchased_purges":2,"victory":false,"max_hp_per_floor":[62,62,62,62,62,62,62,62,62,62,62,62,62,62,62,62,62,62,62,62,62,62,62,62,62,62,62,62,62,62,62,62,62,62,62,62,62,62,59,59,59,59,59,59,59,59,59,59,59,59,59,59,59,59,59,59,59],"card_choices":[{"not_picked":["Devotion","SpiritShield"],"picked":"Alpha","floor":0.0},{"not_picked":["Evaluate","Prostrate"],"picked":"ThirdEye","floor":1.0},{"not_picked":["FollowUp","Crescendo","Perseverance"],"picked":"SKIP","floor":3.0},{"not_picked":["BowlingBash","Crescendo"],"picked":"Protect","floor":4.0},{"not_picked":["LikeWater","JustLucky"],"picked":"Vault","floor":7.0},{"not_picked":["Prostrate","EmptyFist","Worship"],"picked":"SKIP","floor":10.0},{"not_picked":["FlurryOfBlows+1","WreathOfFlame","Vengeance"],"picked":"SKIP","floor":13.0},{"not_picked":["CrushJoints+1","Halt"],"picked":"Protect","floor":14.0},{"not_picked":["JustLucky+1","CrushJoints+1"],"picked":"Evaluate","floor":18.0},{"not_picked":["JustLucky+1","Vengeance","Protect"],"picked":"SKIP","floor":20.0},{"not_picked":["JustLucky+1","Vengeance","Protect"],"picked":"SKIP","floor":20.0},{"not_picked":["BowlingBash+1","ForeignInfluence","Consecrate+1"],"picked":"SKIP","floor":22.0},{"not_picked":["Crescendo","Evaluate"],"picked":"Establishment","floor":23.0},{"not_picked":["FlyingSleeves+1","FollowUp+1","Consecrate+1"],"picked":"SKIP","floor":25.0},{"not_picked":["EmptyBody","Prostrate","MentalFortress"],"picked":"SKIP","floor":30.0},{"not_picked":["FlyingSleeves+1","ThirdEye"],"picked":"Protect","floor":31.0},{"not_picked":["Establishment","Devotion"],"picked":"DeusExMachina","floor":33.0},{"not_picked":["Prostrate+1","DeceiveReality","Tantrum+1"],"picked":"SKIP","floor":35.0},{"not_picked":["ClearTheMind","FollowUp+1"],"picked":"SignatureMove+1","floor":36.0},{"not_picked":["Dramatic Entrance+1","Finesse"],"picked":"Blind","floor":38.0},{"not_picked":["Panacea","Mind Blast+1"],"picked":"Bandage Up","floor":38.0},{"not_picked":["FlurryOfBlows+1","CutThroughFate+1","Wireheading"],"picked":"SKIP","floor":41.0},{"not_picked":["ClearTheMind","CutThroughFate+1"],"picked":"Wireheading","floor":42.0},{"not_picked":["Halt+1","FlyingSleeves+1","Vengeance"],"picked":"SKIP","floor":45.0},{"not_picked":["Blasphemy","EmptyFist+1","PathToVictory"],"picked":"SKIP","floor":46.0},{"not_picked":["SashWhip+1","BowlingBash+1","PathToVictory+1"],"picked":"SandsOfTime+1","floor":48.0},{"not_picked":["SashWhip+1","Consecrate+1","Evaluate","LessonLearned+1"],"picked":"SKIP","floor":55.0}],"player_experience":1316745,"relics_obtained":[{"floor":7.0,"key":"Shuriken"},{"floor":9.0,"key":"Kunai"},{"floor":10.0,"key":"Gambling Chip"},{"floor":13.0,"key":"Molten Egg 2"},{"floor":23.0,"key":"InkBottle"},{"floor":26.0,"key":"Potion Belt"},{"floor":31.0,"key":"Eternal Feather"},{"floor":36.0,"key":"Old Coin"},{"floor":42.0,"key":"TeardropLocket"},{"floor":46.0,"key":"Question Card"},{"floor":47.0,"key":"Thread and Needle"},{"floor":55.0,"key":"Toy Ornithopter"}],"event_choices":[{"damage_healed":0.0,"max_hp_gain":0.0,"max_hp_loss":0.0,"gold_gain":50.0,"event_name":"FaceTrader","player_choice":"Touch","floor":2.0,"gold_loss":0.0,"damage_taken":6.0},{"damage_healed":0.0,"max_hp_gain":0.0,"max_hp_loss":0.0,"gold_gain":0.0,"event_name":"Addict","player_choice":"Obtained Relic","floor":19.0,"gold_loss":85.0,"damage_taken":0.0,"relics_obtained":["PreservedInsect"]},{"cards_removed":["Strike_P"],"damage_healed":0.0,"max_hp_gain":0.0,"max_hp_loss":0.0,"gold_gain":0.0,"event_name":"Back to Basics","player_choice":"Elegance","floor":28.0,"gold_loss":0.0,"damage_taken":0.0},{"cards_removed":["Strike_P"],"damage_healed":0.0,"max_hp_gain":0.0,"max_hp_loss":0.0,"gold_gain":0.0,"event_name":"Bonfire Elementals","player_choice":"Offered Basic","floor":29.0,"gold_loss":0.0,"damage_taken":0.0},{"damage_healed":0.0,"max_hp_gain":0.0,"max_hp_loss":0.0,"gold_gain":0.0,"event_name":"MindBloom","player_choice":"Fight","floor":36.0,"gold_loss":0.0,"damage_taken":0.0},{"cards_removed":["Eruption"],"damage_healed":0.0,"max_hp_gain":0.0,"max_hp_loss":0.0,"gold_gain":0.0,"event_name":"Falling","player_choice":"Removed Attack","floor":37.0,"gold_loss":0.0,"damage_taken":0.0},{"damage_healed":0.0,"max_hp_gain":0.0,"max_hp_loss":0.0,"gold_gain":0.0,"event_name":"SensoryStone","player_choice":"Memory 3","floor":38.0,"gold_loss":0.0,"damage_taken":10.0},{"damage_healed":0.0,"max_hp_gain":0.0,"max_hp_loss":3.0,"gold_gain":0.0,"event_name":"Winding Halls","player_choice":"Max HP","floor":39.0,"gold_loss":0.0,"damage_taken":0.0},{"damage_healed":0.0,"max_hp_gain":0.0,"max_hp_loss":0.0,"gold_gain":0.0,"event_name":"Mysterious Sphere","player_choice":"Fight","floor":47.0,"gold_loss":0.0,"damage_taken":0.0}],"is_beta":false,"boss_relics":[{"not_picked":["Philosopher\u0027s Stone","Coffee Dripper"],"picked":"Ectoplasm"},{"not_picked":["VioletLotus","Pandora\u0027s Box"],"picked":"Velvet Choker"}],"items_purged_floors":[5,21],"is_endless":false,"potions_floor_spawned":[3,7,14,18,30,33,35,41,48],"killed_by":"The Heart","ascension_level":20}}