{"host":"4gkev1dtxxhiue3x","time":1613911512,"event":{"mods":["AchievementEnabler","BaseMod","Better Altar","Better Match","Better Note","Better Sensory Stone","Better Skull","Better Third Choice","Colored Powertips","Friendly Minions","Hermit","Minty Spire (QoL Compilation)","Relic Stats","Robot Space Explorer","Shop Mod","StSLib","The Disciple","The Hierophant"],"gold_per_floor":[19,294,312,322,340,370,382,151,151,169,169,202,217,250,250,355,355,368,386,386,311,25,25,53,53,107,23,35,35,61,74,74,174,174,192,210,317,220,236,236,263,280,303,303,336,352,367,367,367,367,367],"floor_reached":50,"language":"ENG","playtime":4165,"items_purged":["Regret","Strike_G","Strike_G","Catalyst+1"],"score":732,"play_id":"0c885444-3002-403c-ab5b-b4e0d0bd2cd2","local_time":"20210221134512","is_ascension_mode":true,"campfire_choices":[{"data":"Accuracy","floor":15,"key":"SMITH"},{"data":"Infinite Blades","floor":23,"key":"SMITH"},{"floor":25,"key":"REST"},{"floor":29,"key":"REST"},{"data":"Night Terror","floor":32,"key":"SMITH"},{"floor":40,"key":"REST"},{"data":"Venomology","floor":49,"key":"SMITH"}],"circlet_count":0,"master_deck":["Defend_G","Defend_G","Defend_G+1","Defend_G","Defend_G","Survivor","Neutralize","Blade Dance+1","Blur","Leg Sweep","Terror","Cloak And Dagger","Accuracy+1","Cloak And Dagger","Blur","Prepared","Night Terror+1","Grand Finale+1","Calculated Gamble+1","Prepared","Infinite Blades+1","Infinite Blades","Venomology+1","Prepared","Bullet Time","Finisher+1","Blade Dance","Blade Dance+1","Doubt","Glass Knife"],"relics":["Ring of the Snake","Torii","Smiling Mask","Letter Opener","Ornamental Fan","Pen Nib","Regal Pillow","MerchantsRug","Bronze Scales","Ancient Tea Set","Bag of Marbles","Runic Pyramid","Toy Ornithopter","Lantern","Juzu Bracelet","Paper Crane"],"acts_visited":["Exordium","TheCity","TheBeyond"],"potions_floor_usage":[6,12,14,24,31,31,33,33,35,35,39,41,41,41,42,45,45,46,46,50],"damage_taken":[{"damage":1,"enemies":"Small Slimes","floor":1,"turns":4},{"damage":5,"enemies":"Cultist","floor":3,"turns":4},{"damage":0,"enemies":"Jaw Worm","floor":4,"turns":4},{"damage":5,"enemies":"Exordium Thugs","floor":5,"turns":7},{"damage":3,"enemies":"Gremlin Nob","floor":6,"turns":5},{"damage":1,"enemies":"Exordium Wildlife","floor":7,"turns":6},{"damage":7,"enemies":"3 Louse","floor":10,"turns":3},{"damage":0,"enemies":"3 Sentries","floor":12,"turns":7},{"damage":0,"enemies":"2 Fungi Beasts","floor":13,"turns":4},{"damage":1,"enemies":"Gremlin Nob","floor":14,"turns":4},{"damage":1,"enemies":"The Guardian","floor":16,"turns":9},{"damage":19,"enemies":"Spheric Guardian","floor":18,"turns":4},{"damage":1,"enemies":"Chosen","floor":19,"turns":6},{"damage":43,"enemies":"Slavers","floor":24,"turns":5},{"damage":8,"enemies":"Snecko","floor":28,"turns":4},{"damage":3,"enemies":"Book of Stabbing","floor":30,"turns":5},{"damage":1,"enemies":"3 Cultists","floor":31,"turns":6},{"damage":20,"enemies":"Champ","floor":33,"turns":6},{"damage":19,"enemies":"3 Darklings","floor":35,"turns":4},{"damage":0,"enemies":"Orb Walker","floor":36,"turns":3},{"damage":0,"enemies":"Writhing Mass","floor":39,"turns":2},{"damage":40,"enemies":"Nemesis","floor":41,"turns":5},{"damage":27,"enemies":"Jaw Worm Horde","floor":42,"turns":4},{"damage":12,"enemies":"Giant Head","floor":45,"turns":6},{"damage":17,"enemies":"Sphere and 2 Shapes","floor":46,"turns":3},{"damage":49,"enemies":"4 Shapes","floor":47,"turns":5},{"damage":69,"enemies":"Donu and Deca","floor":50,"turns":5}],"seed_played":"2080353581704161778","potions_obtained":[{"floor":3,"key":"ColorlessPotion"},{"floor":4,"key":"Ancient Potion"},{"floor":6,"key":"FearPotion"},{"floor":10,"key":"Energy Potion"},{"floor":12,"key":"ColorlessPotion"},{"floor":24,"key":"Energy Potion"},{"floor":30,"key":"Poison Potion"},{"floor":33,"key":"GamblersBrew"},{"floor":35,"key":"DistilledChaos"},{"floor":41,"key":"SkillPotion"},{"floor":47,"key":"SmokeBomb"}],"is_trial":false,"path_per_floor":["M","?","M","M","M","E","M","$","T","M","?","E","M","E","R","B",null,"M","M","?","?","$","R","E","R","T","$","M","R","E","M","R","B",null,"M","M","?","$","M","R","E","M","T","?","E","M","M","?","R","B"],"character_chosen":"THE_SILENT","items_purchased":["Accuracy","War Paint","Infinite Blades","MerchantsRug","Infinite Blades","Blade Dance"],"campfire_rested":3,"item_purchase_floors":[8,8,22,22,27,38],"current_hp_per_floor":[69,69,64,64,59,56,55,55,55,48,70,70,70,69,69,68,70,51,50,50,50,50,50,7,43,43,43,35,70,67,66,66,46,70,51,51,29,29,34,70,39,17,17,70,58,51,2,61,61,0,0],"gold":367,"neow_bonus":"ONE_RARE_RELIC","is_daily":false,"chose_seed":false,"campfire_upgraded":4,"win_rate":0.0,"timestamp":1613911512,"path_taken":["M","?","M","M","M","E","?","$","T","M","?","E","?","E","R","BOSS","M","?","?","?","$","R","E","R","T","$","M","R","E","M","R","BOSS","M","M","?","$","?","R","E","M","T","?","E","M","M","?","R","BOSS"],"items_purchased_type":["Card","Relic","Card","Relic","Card","Card"],"build_version":"2020-12-22","purchased_purges":4,"victory":false,"max_hp_per_floor":[70,70,70,70,70,70,70,70,70,70,70,70,70,70,70,70,70,70,70,70,70,70,70,70,70,70,70,70,70,70,70,70,70,70,70,70,70,70,70,70,70,70,70,70,70,70,70,61,61,61,61],"relic_stats":{"Regal Pillow":44,"Torii":56,"counters":[27,130],"Ornamental Fan":[224],"Bronze Scales":[168],"Pen Nib":[24],"Juzu Bracelet":0,"Letter Opener":[395],"Smiling Mask":250,"obtain_stats":[{"MerchantsRug":22,"Regal Pillow":20,"Lantern":41,"Torii":0,"Astrolabe":17,"Pen Nib":14,"Juzu Bracelet":43,"Letter Opener":9,"War Paint":8,"Paper Crane":45,"Smiling Mask":6,"Ancient Tea Set":26,"Ornamental Fan":12,"Bronze Scales":24,"Bag of Marbles":30,"Toy Ornithopter":37,"Ring of the Snake":0,"Runic Pyramid":34},{"MerchantsRug":13,"Regal Pillow":13,"Lantern":22,"Torii":0,"Astrolabe":11,"Pen Nib":10,"Juzu Bracelet":23,"Letter Opener":6,"War Paint":6,"Paper Crane":24,"Smiling Mask":5,"Ancient Tea Set":14,"Ornamental Fan":8,"Bronze Scales":14,"Bag of Marbles":16,"Toy Ornithopter":20,"Ring of the Snake":0,"Runic Pyramid":18},{"MerchantsRug":67,"Regal Pillow":67,"Lantern":107,"Torii":0,"Astrolabe":57,"Pen Nib":48,"Juzu Bracelet":111,"Letter Opener":30,"War Paint":30,"Paper Crane":117,"Smiling Mask":24,"Ancient Tea Set":72,"Ornamental Fan":40,"Bronze Scales":72,"Bag of Marbles":81,"Toy Ornithopter":100,"Ring of the Snake":0,"Runic Pyramid":93}],"Toy Ornithopter":34,"Ring of the Snake":[54]},"card_choices":[{"not_picked":["Underhanded Strike","All Out Attack"],"picked":"Blade Dance","floor":1},{"not_picked":["Slice","Concentrate"],"picked":"Well Laid Plans","floor":3},{"not_picked":["Endless Agony","Slice"],"picked":"Blur","floor":4},{"not_picked":["Eviscerate","Heel Hook"],"picked":"Leg Sweep","floor":5},{"not_picked":["Acrobatics","Outmaneuver"],"picked":"Terror","floor":6},{"not_picked":["Bane","Acrobatics"],"picked":"Cloak And Dagger","floor":7},{"not_picked":["Poisoned Stab","Deadly Poison"],"picked":"Cloak And Dagger","floor":10},{"not_picked":["Quick Slash","Noxious Fumes"],"picked":"Blur","floor":12},{"not_picked":["Deflect","PiercingWail"],"picked":"Prepared","floor":13},{"not_picked":["Bouncing Flask","Distraction","Backstab"],"picked":"SKIP","floor":14},{"not_picked":["Wraith Form v2","Bullet Time"],"picked":"Night Terror","floor":16},{"not_picked":["Sucker Punch","Underhanded Strike+1"],"picked":"Prepared","floor":18},{"not_picked":["Leg Sweep","Deflect","Quick Slash"],"picked":"SKIP","floor":19},{"not_picked":["Heel Hook+1","Flechettes","Malaise"],"picked":"SKIP","floor":24},{"not_picked":["Masterful Stab+1","Acrobatics","Dagger Throw"],"picked":"SKIP","floor":28},{"not_picked":["Dagger Spray","Deadly Poison"],"picked":"Venomology","floor":30},{"not_picked":["Acrobatics","Skewer+1"],"picked":"Prepared","floor":31},{"not_picked":["Tools of the Trade","Die Die Die"],"picked":"Bullet Time","floor":33},{"not_picked":["Predator+1","Deadly Poison","Dagger Throw"],"picked":"SKIP","floor":35},{"not_picked":["Acrobatics+1","PiercingWail"],"picked":"Finisher+1","floor":36},{"not_picked":["Prepared+1","Poisoned Stab","Setup"],"picked":"SKIP","floor":39},{"not_picked":["Terror+1","Slice","Finisher+1"],"picked":"SKIP","floor":41},{"not_picked":["Flechettes","Quick Slash"],"picked":"Blade Dance+1","floor":42},{"not_picked":["Quick Slash+1","Flechettes+1"],"picked":"Glass Knife","floor":45},{"not_picked":["Calculated Gamble+1","Poisoned Stab","Slice+1"],"picked":"SKIP","floor":46},{"not_picked":["Dodge and Roll","Prepared","Flying Knee+1"],"picked":"SKIP","floor":47}],"player_experience":230809,"relics_obtained":[{"floor":6,"key":"Smiling Mask"},{"floor":9,"key":"Letter Opener"},{"floor":12,"key":"Ornamental Fan"},{"floor":14,"key":"Pen Nib"},{"floor":24,"key":"Bronze Scales"},{"floor":26,"key":"Ancient Tea Set"},{"floor":30,"key":"Bag of Marbles"},{"floor":41,"key":"Lantern"},{"floor":43,"key":"Juzu Bracelet"},{"floor":45,"key":"Paper Crane"}],"event_choices":[{"damage_healed":0,"gold_gain":275,"player_choice":"Desecrate","damage_taken":0,"max_hp_gain":0,"max_hp_loss":0,"event_name":"Golden Shrine","floor":2,"gold_loss":0,"cards_obtained":["Regret"]},{"cards_removed":["Well Laid Plans"],"damage_healed":22,"gold_gain":0,"player_choice":"Offered Uncommon","damage_taken":0,"max_hp_gain":0,"max_hp_loss":0,"event_name":"Bonfire Elementals","floor":11,"gold_loss":0},{"damage_healed":0,"gold_gain":0,"player_choice":"Opened","damage_taken":0,"relics_obtained":["Regal Pillow"],"max_hp_gain":0,"max_hp_loss":0,"event_name":"The Mausoleum","floor":20,"gold_loss":0,"cards_obtained":["Writhe"]},{"cards_removed":["Writhe"],"damage_healed":0,"gold_gain":0,"player_choice":"Gave Gold","damage_taken":0,"max_hp_gain":0,"max_hp_loss":0,"event_name":"Beggar","floor":21,"gold_loss":75},{"damage_healed":0,"gold_gain":107,"player_choice":"GO RE ","damage_taken":25,"relics_obtained":["Toy Ornithopter"],"max_hp_gain":0,"max_hp_loss":0,"event_name":"betterSkull:BetterSkull","floor":37,"gold_loss":0,"cards_upgraded":[]},{"damage_healed":53,"gold_gain":0,"player_choice":"Heal","damage_taken":0,"max_hp_gain":0,"max_hp_loss":0,"event_name":"MindBloom","floor":44,"gold_loss":0,"cards_obtained":["Doubt"]},{"damage_healed":61,"gold_gain":0,"player_choice":"Heal","damage_taken":0,"max_hp_gain":0,"max_hp_loss":9,"event_name":"The Moai Head","floor":48,"gold_loss":0}],"is_beta":false,"boss_relics":[{"not_picked":["Tiny House","HoveringKite"],"picked":"Astrolabe"},{"not_picked":["Fusion Hammer","Cursed Key"],"picked":"Runic Pyramid"}],"items_purged_floors":[8,22,27,38],"is_endless":false,"potions_floor_spawned":[3,4,6,10,12,24,30,33,35,36,41,47],"killed_by":"Donu and Deca","ascension_level":4}}