{"host":"2d69zsihwnsihkt1","time":1613927949,"event":{"mods":["AchievementEnabler","Act Like it!","BaseMod","Better Altar","Better Note","Better Skull","Bossed Relics","Colored Map","Colored Powertips","Curses Come First","Displayed Cursed Tome","Googly Eyes","Hermit","Minty Spire (QoL Compilation)","Rare Cards Sparkle","Relic Stats","Replay The Spire","Robot Space Explorer","Shapeshifter Mod","Shop Mod","StSLib","The Forsaken","The Hayseed","The Runesmith"],"gold_per_floor":[115,133,147,147,159,193,11,46,119,40,40,80,108,108,108,205,205,244,275,315,353,385,385,385,410,410,350,402,421,421,473,473,625,625,639,684,699,533,551,551,583,583,663,691,710,205,205,205,205,230],"floor_reached":51,"language":"ENG","playtime":144465,"items_purged":["Parasite"],"score":1145,"play_id":"d18feda5-9d86-4edb-856a-111efd69d5bd","local_time":"20210221111909","is_ascension_mode":true,"campfire_choices":[{"floor":11.0,"key":"REST"},{"floor":15.0,"key":"REST"},{"floor":23.0,"key":"DIG"},{"data":"theForsaken:Prudence","floor":30.0,"key":"SMITH"},{"floor":32.0,"key":"REST"},{"data":"theForsaken:Confusion","floor":40,"key":"SMITH"},{"data":"theForsaken:FountainOfLife","floor":42,"key":"SMITH"},{"floor":47,"key":"DIG"},{"floor":49,"key":"DIG"}],"circlet_count":0,"master_deck":["theForsaken:TheForsaken_Strike","theForsaken:TheForsaken_Strike","theForsaken:TheForsaken_Strike+1","theForsaken:TheForsaken_Strike","theForsaken:TheForsaken_Defend","theForsaken:TheForsaken_Defend","theForsaken:TheForsaken_Defend","theForsaken:TheForsaken_Defend","theForsaken:Smite","theForsaken:Penitence","Flash of Steel","theForsaken:MagicWeapon","HandOfGreed+1","theForsaken:Prudence+1","theForsaken:Bolster","theForsaken:DarkBarrier","theForsaken:FountainOfLife+1","theForsaken:SiphonStrike+1","theForsaken:DefensiveStance+1","theForsaken:DarkBarrier+1","theForsaken:Confusion+1","theForsaken:DarkBarrier+1","The Bomb","theForsaken:DefensiveStance+1","Pot Of Greed","Pot Of Greed","Pot Of Greed"],"relics":["theForsaken:ScalesOfTruth","Darkstone Periapt","Art of War","Bag of Preparation","Snack Pack","Shovel","Incense Burner","Replay:Wax Seal","StoneCalendar","Whetstone","Painkiller Herb","ReplayTheSpireMod:Ninjato","Meat on the Bone","theForsaken:Kindling","Replay:Bottled Eggs","Sling","Grinning Jar","theForsaken:ScaryMask"],"acts_visited":["Exordium","TheCity","TheBeyond"],"potions_floor_usage":[50],"damage_taken":[{"damage":0.0,"enemies":"Cultist","floor":1.0,"turns":3.0},{"damage":0.0,"enemies":"Small Slimes","floor":2.0,"turns":3.0},{"damage":1.0,"enemies":"Jaw Worm","floor":3.0,"turns":4.0},{"damage":5.0,"enemies":"Looter","floor":5.0,"turns":4.0},{"damage":23.0,"enemies":"Gremlin Nob","floor":6.0,"turns":5.0},{"damage":24.0,"enemies":"3 Sentries","floor":8.0,"turns":8.0},{"damage":5.0,"enemies":"3 Louse","floor":12.0,"turns":4.0},{"damage":10.0,"enemies":"Gremlin Nob","floor":13.0,"turns":6.0},{"damage":41.0,"enemies":"Fading Forest","floor":16.0,"turns":11.0},{"damage":9.0,"enemies":"Spheric Guardian","floor":18.0,"turns":9.0},{"damage":0.0,"enemies":"Chosen","floor":19.0,"turns":8.0},{"damage":21.0,"enemies":"Snake Plant","floor":20.0,"turns":6.0},{"damage":5.0,"enemies":"Cultist and Chosen","floor":21.0,"turns":9.0},{"damage":4.0,"enemies":"Snecko","floor":22.0,"turns":8.0},{"damage":32.0,"enemies":"Gremlin Leader","floor":25.0,"turns":10.0},{"damage":9.0,"enemies":"Sentry and Sphere","floor":28.0,"turns":12.0},{"damage":0.0,"enemies":"Cultist and Chosen","floor":29.0,"turns":10.0},{"damage":31.0,"enemies":"Slavers","floor":31.0,"turns":7.0},{"damage":47.0,"enemies":"Pondfish","floor":33.0,"turns":20.0},{"damage":16.0,"enemies":"3 Darklings","floor":35.0,"turns":7.0},{"damage":0.0,"enemies":"Orb Walker","floor":36.0,"turns":5.0},{"damage":0.0,"enemies":"Transient","floor":37.0,"turns":5.0},{"damage":0,"enemies":"4 Shapes","floor":39,"turns":6},{"damage":0,"enemies":"Giant Head","floor":41,"turns":10},{"damage":0,"enemies":"R_Hoarder","floor":44,"turns":12},{"damage":0,"enemies":"Writhing Mass","floor":45,"turns":7},{"damage":0,"enemies":"Donu and Deca","floor":50,"turns":14}],"seed_played":"5831303912300444169","potions_obtained":[{"floor":5.0,"key":"Flashbang"},{"floor":14.0,"key":"Fruit Juice"},{"floor":14.0,"key":"Fruit Juice"},{"floor":14.0,"key":"Elixir"},{"floor":16.0,"key":"ColorlessPotion"},{"floor":19.0,"key":"Cursed Concoction"},{"floor":20.0,"key":"BlessingOfTheForge"},{"floor":22.0,"key":"BlessingOfTheForge"},{"floor":33.0,"key":"Swift Potion"},{"floor":35.0,"key":"SpeedPotion"},{"floor":37.0,"key":"Cursed Concoction"},{"floor":39,"key":"SkillPotion"},{"floor":45,"key":"DuplicationPotion"}],"is_trial":false,"path_per_floor":["M","M","M","T","M","E","$","E","T","$","R","M","E","?","R","B",null,"M","M","M","M","M","R","?","E","T","?","M","M","R","E","R","B",null,"?","?","?","T","?","T","E","T","T","E","?","T","T","?","T","B",null],"character_chosen":"THE_FORSAKEN","items_purchased":["HandOfGreed","theForsaken:Bolster","The Bomb","theForsaken:DefensiveStance","Replay:Bottled Eggs","Sling"],"campfire_rested":3,"item_purchase_floors":[7,10,38,46,46,46],"current_hp_per_floor":[65,65,64,64,63,47,47,31,31,31,50,47,42,52,74,51,75,72,78,59,64,62,62,62,58,58,58,61,83,83,55,82,55,93,88,88,95,95,99,99,101,101,101,104,110,107,107,107,107,107],"gold":230,"neow_bonus":"RANDOM_COLORLESS","is_daily":false,"chose_seed":false,"campfire_upgraded":3,"win_rate":0.0,"timestamp":1613927949,"path_taken":["M","M","M","?","M","E","$","E","T","$","R","M","E","?","R","BOSS","M","M","?","M","M","R","?","E","T","?","M","M","R","E","R","BOSS","?","?","?","T","?","T","E","T","T","E","?","T","T","?","T","BOSS"],"items_purchased_type":["Card","Card","Card","Card","Relic","Relic"],"build_version":"2020-12-22","purchased_purges":1,"victory":true,"max_hp_per_floor":[65,65,65,65,65,65,65,65,65,65,65,65,65,75,75,75,75,77,79,79,82,84,84,84,87,87,87,89,91,91,91,91,93,93,95,95,97,97,99,99,101,101,101,104,110,107,107,107,107,107],"relic_stats":{"Darkstone Periapt":6,"Shovel":3,"counters":[27,213],"StoneCalendar":[459],"Art of War":[39],"Bag of Preparation":[42],"Whetstone":["theForsaken:TheForsaken_Strike","HandOfGreed"],"obtain_stats":[{"Darkstone Periapt":4,"theForsaken:ScaryMask":49,"ReplayTheSpireMod:Ninjato":41,"theForsaken:ScalesOfTruth":17,"StoneCalendar":26,"Painkiller Herb":34,"Bag of Preparation":8,"Incense Burner":23,"Whetstone":31,"Sling":46,"Shovel":13,"theForsaken:Kindling":44,"Art of War":6,"Snack Pack":9,"Replay:Wax Seal":25,"Replay:Bottled Eggs":46,"Grinning Jar":47,"theForsaken:JudgementScales":0,"Meat on the Bone":43},{"Darkstone Periapt":3,"theForsaken:ScaryMask":26,"ReplayTheSpireMod:Ninjato":24,"theForsaken:ScalesOfTruth":9,"StoneCalendar":15,"Painkiller Herb":19,"Bag of Preparation":6,"Incense Burner":14,"Whetstone":18,"Sling":26,"Shovel":8,"theForsaken:Kindling":25,"Art of War":5,"Snack Pack":6,"Replay:Wax Seal":15,"Replay:Bottled Eggs":26,"Grinning Jar":26,"theForsaken:JudgementScales":0,"Meat on the Bone":24},{"Darkstone Periapt":10,"theForsaken:ScaryMask":199,"ReplayTheSpireMod:Ninjato":180,"theForsaken:ScalesOfTruth":48,"StoneCalendar":98,"Painkiller Herb":147,"Bag of Preparation":27,"Incense Burner":88,"Whetstone":127,"Sling":199,"Shovel":37,"theForsaken:Kindling":192,"Art of War":19,"Snack Pack":27,"Replay:Wax Seal":98,"Replay:Bottled Eggs":199,"Grinning Jar":199,"theForsaken:JudgementScales":0,"Meat on the Bone":180}],"Meat on the Bone":0},"card_choices":[{"not_picked":["Purity","Forethought"],"picked":"Flash of Steel","floor":0.0},{"not_picked":["theForsaken:FatRoll","theForsaken:RainingSunlight","theForsaken:ShieldCharge"],"picked":"SKIP","floor":1.0},{"not_picked":["theForsaken:ShieldCharge","theForsaken:FuryStrikes","theForsaken:CreepingInfection"],"picked":"SKIP","floor":2.0},{"not_picked":["theForsaken:HymnOfRest","theForsaken:BlightOfFamine","theForsaken:CreepingInfection"],"picked":"SKIP","floor":3.0},{"not_picked":["theForsaken:Backlash","theForsaken:Riposte"],"picked":"theForsaken:MagicWeapon","floor":5.0},{"not_picked":["theForsaken:PowerUp","theForsaken:CowardsBrand","theForsaken:FuryStrikes"],"picked":"SKIP","floor":6.0},{"not_picked":["theForsaken:CowardsBrand","theForsaken:HymnOfRest"],"picked":"theForsaken:Prudence","floor":8.0},{"not_picked":["theForsaken:QuickAttack","theForsaken:ChargeAttack","theForsaken:ShieldBash"],"picked":"SKIP","floor":12.0},{"not_picked":["theForsaken:BountifulSunlight","theForsaken:Devotion"],"picked":"theForsaken:DarkBarrier","floor":13.0},{"not_picked":["theForsaken:CorruptedForm","theForsaken:SacredOath"],"picked":"theForsaken:FountainOfLife","floor":16.0},{"not_picked":["theForsaken:Bolster","theForsaken:FatRoll","theForsaken:FuryStrikes"],"picked":"SKIP","floor":18.0},{"not_picked":["theForsaken:FuryStrikes","theForsaken:SolarFlare"],"picked":"theForsaken:SiphonStrike+1","floor":19.0},{"not_picked":["theForsaken:PowerUp+1","theForsaken:BlessedWeapon"],"picked":"theForsaken:DefensiveStance","floor":20.0},{"not_picked":["theForsaken:QuickAttack","theForsaken:CorruptedForm","theForsaken:BindingThorns"],"picked":"SKIP","floor":21.0},{"not_picked":["theForsaken:ShieldBash+1","theForsaken:QuickAttack","theForsaken:Parry"],"picked":"SKIP","floor":22.0},{"not_picked":["theForsaken:ScorchingSunlight","theForsaken:BindingThorns"],"picked":"theForsaken:DarkBarrier+1","floor":25.0},{"not_picked":["theForsaken:Backlash","theForsaken:StoreUp","theForsaken:WardingHymn"],"picked":"SKIP","floor":28.0},{"not_picked":["theForsaken:QuickAttack+1","theForsaken:Preservation","theForsaken:Parry"],"picked":"SKIP","floor":29.0},{"not_picked":["theForsaken:RainingSunlight+1","theForsaken:ChargeAttack","theForsaken:SpinAttack"],"picked":"SKIP","floor":31.0},{"not_picked":["theForsaken:DarkRift","theForsaken:Temperance"],"picked":"theForsaken:Confusion","floor":33.0},{"not_picked":["theForsaken:ScorchingSunlight","theForsaken:BlindFaith","theForsaken:Preservation"],"picked":"SKIP","floor":35.0},{"not_picked":["theForsaken:HymnOfPatience+1","theForsaken:Bolster+1","theForsaken:HymnOfRest+1"],"picked":"SKIP","floor":36.0},{"not_picked":["theForsaken:Riposte","theForsaken:PowerUp+1"],"picked":"theForsaken:DarkBarrier+1","floor":37.0},{"not_picked":["theForsaken:ScorchingSunlight","theForsaken:SpinAttack","theForsaken:HymnOfPatience+1"],"picked":"SKIP","floor":39},{"not_picked":["theForsaken:ShieldBash+1","theForsaken:QuickAttack","theForsaken:HymnOfPatience"],"picked":"SKIP","floor":41},{"not_picked":["theForsaken:PowerUp+1","theForsaken:Enfeeble","theForsaken:BottledPlague"],"picked":"SKIP","floor":44},{"not_picked":["theForsaken:StoreUp+1","theForsaken:BattleHymn","theForsaken:CreepingInfection"],"picked":"SKIP","floor":45}],"player_experience":1688605,"relics_obtained":[{"floor":4.0,"key":"Darkstone Periapt"},{"floor":6.0,"key":"Art of War"},{"floor":8.0,"key":"Bag of Preparation"},{"floor":9.0,"key":"Snack Pack"},{"floor":13.0,"key":"Shovel"},{"floor":23.0,"key":"Incense Burner"},{"floor":25.0,"key":"Replay:Wax Seal"},{"floor":26.0,"key":"StoneCalendar"},{"floor":31.0,"key":"Whetstone"},{"floor":41,"key":"ReplayTheSpireMod:Ninjato"},{"floor":43,"key":"Meat on the Bone"},{"floor":44,"key":"theForsaken:Kindling"},{"floor":47,"key":"Grinning Jar"},{"floor":49,"key":"theForsaken:ScaryMask"}],"event_choices":[{"damage_healed":0.0,"max_hp_gain":0.0,"max_hp_loss":0.0,"gold_gain":0.0,"event_name":"Lab","player_choice":"Got Potions","floor":14.0,"gold_loss":0.0,"damage_taken":0.0},{"damage_healed":0.0,"max_hp_gain":0.0,"max_hp_loss":0.0,"gold_gain":0.0,"event_name":"Ghosts","player_choice":"Ignored","floor":24.0,"gold_loss":0.0,"damage_taken":0.0},{"damage_healed":0,"gold_gain":0,"player_choice":"Ignored","damage_taken":0,"max_hp_gain":0,"max_hp_loss":0,"event_name":"Tomb of Lord Red Mask","floor":48,"gold_loss":0}],"is_beta":false,"boss_relics":[{"not_picked":["Philosopher\u0027s Stone","Velvet Choker"],"picked":"theForsaken:ScalesOfTruth"},{"not_picked":["Honey Jar","SacredBark"],"picked":"Painkiller Herb"}],"items_purged_floors":[46],"is_endless":false,"potions_floor_spawned":[5,16,19,20,22,33,35,37,39,45],"ascension_level":1}}