{"host":"spd19cimorv47raq","time":1613868743,"event":{"mods":["AchievementEnabler","BaseMod","Colored Map","DeckTracker","Keyboard Shortcuts","Minty Spire (QoL Compilation)","Quick Restart","StSLib","SuperFastMode"],"gold_per_floor":[361,381,1,1,11,11,31,48,48,381,456,483,483,501,501,602,602,621,621,637,452,468,487,487,487,513,116,116,26,36,53,53,151,151,165,165,184,194,18,28,41,41,122,172,132,142,159,159,159,159],"floor_reached":51,"language":"KOR","playtime":1990,"items_purged":["Strike_R"],"score":765,"play_id":"4648dc02-02ea-4b17-9933-8bd07a325cd8","local_time":"20210221095223","is_ascension_mode":false,"campfire_choices":[{"data":"Body Slam","floor":6.0,"key":"SMITH"},{"data":"Perfected Strike","floor":13.0,"key":"SMITH"},{"data":"Perfected Strike","floor":15.0,"key":"SMITH"},{"floor":28.0,"key":"REST"},{"data":"Corruption","floor":32.0,"key":"SMITH"},{"data":"Perfected Strike","floor":49,"key":"SMITH"}],"circlet_count":0,"master_deck":["Defend_R","Defend_R","Defend_R+1","Bash","Headbutt+1","Body Slam+1","Perfected Strike+1","Metallicize","Perfected Strike+1","Perfected Strike+1","Pommel Strike","Clash","Thunderclap","Immolate","Disarm+1","Barricade+1","Perfected Strike+1","Wild Strike","Dual Wield+1","Flame Barrier","Battle Trance","Bludgeon","Corruption+1","Perfected Strike+1","Shrug It Off","Perfected Strike+1","Brutality","Feel No Pain","Shockwave","Intimidate","Perfected Strike","True Grit+1","Offering","Dark Embrace+1","Battle Trance+1","Clothesline+1","Feel No Pain","Dual Wield+1"],"relics":["Burning Blood","Membership Card","Gremlin Horn","Bird Faced Urn","Old Coin","Torii","Astrolabe","Mango","Centennial Puzzle","Ancient Tea Set","Orrery","Meat on the Bone","ClockworkSouvenir","Snecko Eye","Mummified Hand","Question Card","TungstenRod"],"acts_visited":["Exordium","TheCity","TheBeyond"],"potions_floor_usage":[33,33,33,48,50,50],"damage_taken":[{"damage":9.0,"enemies":"2 Louse","floor":1.0,"turns":3.0},{"damage":3.0,"enemies":"Jaw Worm","floor":2.0,"turns":4.0},{"damage":0.0,"enemies":"Small Slimes","floor":5.0,"turns":2.0},{"damage":2.0,"enemies":"Red Slaver","floor":7.0,"turns":3.0},{"damage":5.0,"enemies":"Exordium Thugs","floor":8.0,"turns":2.0},{"damage":10.0,"enemies":"Lagavulin","floor":10.0,"turns":4.0},{"damage":6.0,"enemies":"Gremlin Nob","floor":12.0,"turns":3.0},{"damage":8.0,"enemies":"Large Slime","floor":14.0,"turns":3.0},{"damage":8.0,"enemies":"Slime Boss","floor":16.0,"turns":8.0},{"damage":1.0,"enemies":"Chosen","floor":18.0,"turns":4.0},{"damage":17.0,"enemies":"2 Thieves","floor":20.0,"turns":3.0},{"damage":7.0,"enemies":"3 Cultists","floor":22.0,"turns":3.0},{"damage":42.0,"enemies":"Snake Plant","floor":23.0,"turns":4.0},{"damage":0.0,"enemies":"Centurion and Healer","floor":30.0,"turns":3.0},{"damage":1.0,"enemies":"Snecko","floor":31.0,"turns":3.0},{"damage":20,"enemies":"Champ","floor":33,"turns":8},{"damage":0,"enemies":"Orb Walker","floor":35,"turns":2},{"damage":0,"enemies":"3 Shapes","floor":37,"turns":3},{"damage":10,"enemies":"Sphere and 2 Shapes","floor":38,"turns":2},{"damage":6,"enemies":"3 Darklings","floor":40,"turns":2},{"damage":11,"enemies":"4 Shapes","floor":41,"turns":2},{"damage":7,"enemies":"Mind Bloom Boss Battle","floor":44,"turns":4},{"damage":0,"enemies":"Transient","floor":46,"turns":5},{"damage":0,"enemies":"3 Darklings","floor":47,"turns":2},{"damage":0,"enemies":"Writhing Mass","floor":48,"turns":1},{"damage":12,"enemies":"Donu and Deca","floor":50,"turns":5}],"seed_played":"-7668802214570409263","potions_obtained":[{"floor":2.0,"key":"Dexterity Potion"},{"floor":7.0,"key":"CultistPotion"},{"floor":8.0,"key":"AttackPotion"},{"floor":10.0,"key":"Dexterity Potion"},{"floor":20.0,"key":"Energy Potion"},{"floor":37,"key":"Energy Potion"},{"floor":40,"key":"Energy Potion"}],"is_trial":false,"path_per_floor":["M","M","$","?","M","R","M","M","T","E","?","E","R","M","R","B",null,"M","?","M","$","M","M","?","?","T","$","R","$","M","M","R","B",null,"M","?","M","M","$","M","M","$","T","?","?","M","M","M","R","B",null],"character_chosen":"IRONCLAD","items_purchased":["Membership Card","Gremlin Horn","Fruit Juice","Fruit Juice","Perfected Strike","Mango","Corruption","Perfected Strike","Shrug It Off","Ancient Tea Set","Orrery","Meat on the Bone","ClockworkSouvenir","Intimidate","Mummified Hand","SmokeBomb"],"campfire_rested":1,"item_purchase_floors":[3,3,3,3,3,21,27,27,27,27,27,27,29,29,39,39],"current_hp_per_floor":[53,56,66,48,54,54,58,59,59,55,44,44,44,44,44,44,90,90,72,61,75,74,38,38,38,38,38,70,70,78,83,83,77,109,109,109,109,109,109,109,105,105,105,106,106,109,109,109,109,109],"gold":159,"neow_bonus":"TWO_FIFTY_GOLD","is_daily":false,"chose_seed":false,"campfire_upgraded":5,"win_rate":0.0,"timestamp":1613868743,"path_taken":["M","M","$","?","M","R","M","M","T","E","?","E","R","M","R","BOSS","M","?","M","$","M","M","?","?","T","?","R","$","M","M","R","BOSS","M","?","M","?","$","M","M","?","T","?","?","M","?","M","R","BOSS"],"items_purchased_type":["Relic","Relic","Potion","Potion","Card","Relic","Card","Card","Card","Relic","Relic","Relic","Relic","Card","Relic","Potion"],"build_version":"2020-12-22","purchased_purges":1,"victory":true,"max_hp_per_floor":[80,80,90,90,90,90,90,90,90,90,90,90,90,90,90,90,90,90,95,95,109,109,109,109,109,109,109,109,109,109,109,109,109,109,109,109,109,109,109,109,109,109,109,109,109,109,109,109,109,109],"card_choices":[{"not_picked":["Clash","Sword Boomerang"],"picked":"Headbutt","floor":1.0},{"not_picked":["Clash","Intimidate"],"picked":"Body Slam","floor":2.0},{"not_picked":["Infernal Blade","True Grit"],"picked":"Metallicize","floor":5.0},{"not_picked":["Flex","Heavy Blade"],"picked":"Perfected Strike","floor":7.0},{"not_picked":["Battle Trance","Headbutt"],"picked":"Perfected Strike","floor":8.0},{"not_picked":["Sever Soul","Headbutt"],"picked":"Pommel Strike","floor":10.0},{"not_picked":["Juggernaut","Heavy Blade"],"picked":"Clash","floor":12.0},{"not_picked":["True Grit","Heavy Blade"],"picked":"Thunderclap","floor":14.0},{"not_picked":["Barricade","Brutality"],"picked":"Immolate","floor":16.0},{"not_picked":["True Grit","Uppercut"],"picked":"Wild Strike","floor":18.0},{"not_picked":["Twin Strike","Thunderclap"],"picked":"Dual Wield+1","floor":20.0},{"not_picked":["True Grit","Inflame+1"],"picked":"Flame Barrier","floor":22.0},{"not_picked":["Dropkick","Clash"],"picked":"Battle Trance","floor":23.0},{"not_picked":["Shockwave+1","Heavy Blade+1"],"picked":"Perfected Strike","floor":27.0},{"not_picked":["Anger","Havoc"],"picked":"Brutality","floor":27.0},{"not_picked":["Clash","Clothesline"],"picked":"Feel No Pain","floor":27.0},{"not_picked":["Sever Soul","Body Slam"],"picked":"Shockwave","floor":27.0},{"not_picked":["Pommel Strike","Iron Wave"],"picked":"Perfected Strike","floor":30.0},{"not_picked":["Reckless Charge","Armaments"],"picked":"True Grit+1","floor":31.0},{"not_picked":["Brutality","Corruption"],"picked":"Offering","floor":33},{"not_picked":["Warcry","Flame Barrier+1"],"picked":"Dark Embrace+1","floor":35},{"not_picked":["Havoc+1","Anger+1"],"picked":"Battle Trance+1","floor":37},{"not_picked":["Uppercut","Rampage","Clash+1"],"picked":"SKIP","floor":38},{"not_picked":["Seeing Red","Pommel Strike"],"picked":"Clothesline+1","floor":40},{"not_picked":["Warcry","True Grit","Body Slam+1"],"picked":"SKIP","floor":41},{"not_picked":["Metallicize","Dropkick","Havoc"],"picked":"Feel No Pain","floor":44},{"not_picked":["Headbutt+1","Rampage+1","Thunderclap","Havoc+1"],"picked":"SKIP","floor":46},{"not_picked":["Pummel+1","Clothesline+1","Dropkick+1"],"picked":"Dual Wield+1","floor":47}],"player_experience":894129,"relics_obtained":[{"floor":9.0,"key":"Bird Faced Urn"},{"floor":10.0,"key":"Old Coin"},{"floor":12.0,"key":"Torii"},{"floor":26.0,"key":"Centennial Puzzle"},{"floor":43,"key":"Question Card"},{"floor":44,"key":"TungstenRod"}],"event_choices":[{"damage_healed":0.0,"max_hp_gain":0.0,"max_hp_loss":0.0,"gold_gain":0.0,"event_name":"Shining Light","player_choice":"Entered Light","floor":4.0,"gold_loss":0.0,"damage_taken":18.0,"cards_upgraded":["Defend_R","Perfected Strike"]},{"damage_healed":0.0,"max_hp_gain":0.0,"max_hp_loss":0.0,"gold_gain":75.0,"event_name":"World of Goop","player_choice":"Gather Gold","floor":11.0,"gold_loss":0.0,"damage_taken":11.0},{"damage_healed":0.0,"max_hp_gain":5.0,"max_hp_loss":0.0,"gold_gain":0.0,"event_name":"Forgotten Altar","player_choice":"Shed Blood","floor":19.0,"gold_loss":0.0,"damage_taken":23.0},{"damage_healed":0.0,"max_hp_gain":0.0,"max_hp_loss":0.0,"gold_gain":0.0,"cards_transformed":["Defend_R","Strike_R"],"event_name":"Drug Dealer","player_choice":"Became Test Subject","floor":24.0,"gold_loss":0.0,"damage_taken":0.0,"cards_obtained":["Bludgeon","True Grit"]},{"damage_healed":0.0,"max_hp_gain":0.0,"max_hp_loss":0.0,"gold_gain":0.0,"event_name":"Vampires","player_choice":"Ignored","floor":25.0,"gold_loss":0.0,"damage_taken":0.0},{"cards_removed":["True Grit"],"damage_healed":0,"gold_gain":0,"player_choice":"Purged","damage_taken":0,"max_hp_gain":0,"max_hp_loss":0,"event_name":"Purifier","floor":36,"gold_loss":0},{"damage_healed":0,"gold_gain":0,"player_choice":"Fight","damage_taken":0,"max_hp_gain":0,"max_hp_loss":0,"event_name":"MindBloom","floor":44,"gold_loss":0},{"damage_healed":0,"gold_gain":0,"player_choice":"Upgraded Two","damage_taken":0,"max_hp_gain":0,"max_hp_loss":0,"event_name":"Designer","floor":45,"gold_loss":40,"cards_upgraded":["Perfected Strike","Headbutt"]}],"is_beta":false,"boss_relics":[{"not_picked":["Velvet Choker","Black Blood"],"picked":"Astrolabe"},{"not_picked":["Runic Cube","Runic Dome"],"picked":"Snecko Eye"}],"items_purged_floors":[21],"is_endless":false,"potions_floor_spawned":[2,7,8,10,18,20,31,37,40,41],"ascension_level":0}}