{"host":"x12v7kw7hhljdyq8","time":1613876862,"event":{"mods":["BaseMod","BetterRewards","Downfall","Minty Spire (QoL Compilation)","Quick Restart","Replay The Spire","Shop Mod","StSLib","The Cursed","The Jungle","The Necromancer"],"gold_per_floor":[99,118,134,151,167,167,167,167,179,279,279,38,38,58,72,72,72,72],"floor_reached":16,"language":"ENG","playtime":849,"items_purged":[],"score":94,"play_id":"24386ef7-1d98-46f7-8d24-46bb55ef449e","local_time":"20210221000742","is_ascension_mode":false,"campfire_choices":[{"data":"bronze:Replicate","floor":1,"key":"SMITH"},{"floor":11,"key":"REST"},{"floor":13,"key":"REST"}],"circlet_count":0,"master_deck":["bronze:Strike","bronze:Strike","bronze:Strike","bronze:Defend","bronze:Defend","bronze:Defend","bronze:Replicate+1","bronze:Goto","bronze:WhirlingStrike","bronze:ClassDefault","bronze:WhirlingStrike","bronze:WildBeam","bronze:AlphaBuild","bronze:FineTuning","bronze:Flail","bronze:Repulsor","bronze:Repair","bronze:FineTuning"],"relics":["bronze:BronzeCore","Pantograph","Potion Belt"],"acts_visited":["Exordium"],"potions_floor_usage":[10,10,10,12,12,14,16],"damage_taken":[{"damage":1,"enemies":"Cultist","floor":2,"turns":4},{"damage":0,"enemies":"Small Slimes","floor":3,"turns":2},{"damage":1,"enemies":"2 Louse","floor":4,"turns":2},{"damage":10,"enemies":"Gremlin Gang","floor":5,"turns":5},{"damage":2,"enemies":"Blue Slaver","floor":9,"turns":2},{"damage":52,"enemies":"downfall:LadyInBlue","floor":10,"turns":11},{"damage":0,"enemies":"downfall:FleeingMerchant","floor":12,"turns":4},{"damage":8,"enemies":"Red Slaver","floor":14,"turns":3},{"damage":1,"enemies":"downfall:LooterAlt","floor":15,"turns":3},{"damage":84,"enemies":"WA_ARCHETYPE_RETAIN","floor":16,"turns":7}],"seed_played":"227313887943267432","potions_obtained":[{"floor":2,"key":"SteroidPotion"},{"floor":3,"key":"BlessingOfTheForge"},{"floor":9,"key":"Energy Potion"},{"floor":10,"key":"Block Potion"},{"floor":10,"key":"Death Potion"},{"floor":10,"key":"Fire Potion"},{"floor":15,"key":"FearPotion"}],"is_trial":false,"path_per_floor":["R","M","M","M","M","?","T","?","M","?","R","$","R","M","M","B"],"character_chosen":"THE_AUTOMATON","items_purchased":["Regen Potion","bronze:Repulsor","bronze:Repair"],"campfire_rested":2,"item_purchase_floors":[12,12,12],"current_hp_per_floor":[77,76,76,75,65,65,65,65,63,11,34,34,57,65,71,0,0,0],"gold":72,"neow_bonus":"TEN_PERCENT_HP_BONUS","is_daily":false,"chose_seed":false,"campfire_upgraded":1,"win_rate":0.0,"timestamp":1613876862,"path_taken":["R","M","M","?","M","?","T","?","M","?","R","$","R","M","M","BOSS"],"items_purchased_type":["Potion","Card","Card"],"build_version":"2020-12-22","purchased_purges":0,"victory":false,"max_hp_per_floor":[77,77,77,77,77,77,77,77,77,77,77,77,77,77,77,77,77,77],"card_choices":[{"not_picked":["bronze:Return","bronze:ChildClass"],"picked":"bronze:WhirlingStrike","floor":2},{"not_picked":["bronze:CutThrough","bronze:OilSpill","bronze:BitShift"],"picked":"SKIP","floor":3},{"not_picked":["bronze:Backtrace","bronze:ForceShield"],"picked":"bronze:ClassDefault","floor":4},{"not_picked":["bronze:ClassDefault","bronze:BugBarrage"],"picked":"bronze:WhirlingStrike","floor":5},{"not_picked":["bronze:ForceShield","bronze:Shield"],"picked":"bronze:AlphaBuild","floor":9},{"not_picked":["bronze:DelayedGuard","bronze:DigitalCarnage"],"picked":"bronze:FineTuning","floor":10},{"not_picked":["bronze:Shell","bronze:ForLoop"],"picked":"bronze:Flail","floor":12},{"not_picked":["bronze:Frontload","bronze:Backtrace","bronze:OilSpill"],"picked":"SKIP","floor":14},{"not_picked":["bronze:BronzeArmor","bronze:BugBarrage"],"picked":"bronze:FineTuning","floor":15}],"player_experience":296399,"relics_obtained":[{"floor":7,"key":"Pantograph"},{"floor":10,"key":"Potion Belt"}],"event_choices":[{"cards_removed":["bronze:Defend"],"damage_healed":0,"gold_gain":0,"player_choice":"Card Removal","damage_taken":0,"max_hp_gain":0,"max_hp_loss":0,"event_name":"The Cleric","floor":8,"gold_loss":0}],"is_beta":false,"boss_relics":[],"items_purged_floors":[],"is_endless":false,"potions_floor_spawned":[2,3,9,15],"killed_by":"WA_ARCHETYPE_RETAIN","ascension_level":0}}