{"host":"pjjzz70vl4t83ifx","time":1613929333,"event":{"mods":["AchievementEnabler","BaseMod","Card Forge","Colored Map","Colored Powertips","Highlight Path","Infinite Spire","Minty Spire (QoL Compilation)","Permanent Neow","Practice Mode","Rare Cards Sparkle","Relic Stats","StSLib","Synergy Search"],"gold_per_floor":[115,115,128,143,162,162,192,192,192,192,216,216,234,2,2,75,75,85,96,96,21,38,72,72,101,126,167,182,182,182],"floor_reached":29,"language":"ENG","playtime":1326,"items_purged":[],"score":524,"play_id":"76660a78-16fb-4b2f-aa5c-ce62c5b24001","local_time":"20210221094213","is_ascension_mode":true,"campfire_choices":[{"data":"Havoc","floor":6,"key":"SMITH"},{"data":"Flex","floor":8,"key":"SMITH"},{"data":"Seeing Red","floor":10,"key":"SMITH"},{"data":"Pommel Strike","floor":12,"key":"SMITH"},{"floor":15,"key":"REST"}],"circlet_count":0,"master_deck":["AscendersBane","Strike_R","Strike_R","Strike_R","Strike_R+1","Strike_R","Defend_R","Defend_R","Defend_R","Bash+1","Seeing Red+1","Thunderclap","Dropkick","Havoc+1","Flex+1","Pommel Strike+1","Whirlwind","Armaments","Inflame","Berserk","Rage","Heavy Blade+1","Bloodletting","Bludgeon"],"relics":["Burning Blood","Hammer of Thor","Seething Fire","Anvil of the Gods","Blood Vial","Gambling Chip","infinitespire:CheckeredPen","Odd Mushroom","Red Skull","Black Star","Akabeko","infinitespire:Beetle Shell","Kunai","Pantograph","Orichalcum","Whetstone","CeramicFish"],"acts_visited":["Exordium","TheCity"],"potions_floor_usage":[7,16,16,19,28,29],"damage_taken":[{"damage":6,"enemies":"Cultist","floor":1,"turns":3},{"damage":0,"enemies":"Small Slimes","floor":3,"turns":3},{"damage":0,"enemies":"2 Louse","floor":4,"turns":2},{"damage":14,"enemies":"2 Fungi Beasts","floor":5,"turns":4},{"damage":45,"enemies":"3 Sentries","floor":7,"turns":9},{"damage":22,"enemies":"The Mushroom Lair","floor":11,"turns":3},{"damage":2,"enemies":"3 Louse","floor":13,"turns":3},{"damage":8,"enemies":"Hexaghost","floor":16,"turns":6},{"damage":1,"enemies":"3 Byrds","floor":18,"turns":3},{"damage":22,"enemies":"Shell Parasite","floor":19,"turns":3},{"damage":8,"enemies":"Snecko","floor":22,"turns":4},{"damage":33,"enemies":"Slavers","floor":23,"turns":3},{"damage":0,"enemies":"Gremlin Leader","floor":25,"turns":3},{"damage":27,"enemies":"Slavers","floor":27,"turns":3},{"damage":5,"enemies":"Centurion and Healer","floor":28,"turns":3},{"damage":20,"enemies":"Book of Stabbing","floor":29,"turns":2}],"seed_played":"5495319143589021748","potions_obtained":[{"floor":5,"key":"Strength Potion"},{"floor":11,"key":"SteroidPotion"},{"floor":13,"key":"BlessingOfTheForge"},{"floor":16,"key":"DuplicationPotion"},{"floor":19,"key":"Dexterity Potion"},{"floor":23,"key":"Energy Potion"},{"floor":27,"key":"Strength Potion"}],"is_trial":false,"path_per_floor":["M","?","M","M","M","R","E","R","T","R","?","R","M","$","R","B",null,"M","M","?","?","M","E","?","E","T","E","M","E"],"character_chosen":"IRONCLAD","items_purchased":["Red Skull","Armaments","Inflame"],"campfire_rested":1,"item_purchase_floors":[14,14,14],"current_hp_per_floor":[68,50,58,66,60,60,23,23,23,23,9,9,15,15,37,37,66,73,59,59,59,59,34,20,28,28,9,12,0,0],"gold":182,"neow_bonus":"UPGRADE_CARD","is_daily":false,"chose_seed":false,"campfire_upgraded":4,"win_rate":0.0,"timestamp":1613929333,"path_taken":["M","?","M","M","M","R","E","R","T","R","?","R","M","$","R","BOSS","M","M","?","?","M","E","?","E","T","E","M","E"],"items_purchased_type":["Relic","Card","Card"],"build_version":"2020-12-22","purchased_purges":0,"victory":false,"max_hp_per_floor":[75,75,75,75,75,75,75,75,75,75,75,75,75,75,75,75,75,75,75,75,75,75,75,80,80,80,80,80,80,80],"relic_stats":{"Blood Vial":30,"counters":[16,57],"Gambling Chip":[22],"Pantograph":0,"CeramicFish":9,"Black Star":3,"Kunai":[2],"Whetstone":["Strike_R","Heavy Blade"],"Orichalcum":[6],"obtain_stats":[{"CeramicFish":27,"Hammer of Thor":0,"infinitespire:Beetle Shell":23,"Seething Fire":0,"infinitespire:CheckeredPen":9,"Whetstone":27,"Odd Mushroom":11,"Orichalcum":26,"Burning Blood":0,"Akabeko":23,"Blood Vial":2,"Anvil of the Gods":0,"Gambling Chip":7,"Pantograph":25,"Black Star":17,"Kunai":25,"Red Skull":14},{"CeramicFish":14,"Hammer of Thor":0,"infinitespire:Beetle Shell":12,"Seething Fire":0,"infinitespire:CheckeredPen":5,"Whetstone":14,"Odd Mushroom":6,"Orichalcum":13,"Burning Blood":0,"Akabeko":12,"Blood Vial":1,"Anvil of the Gods":0,"Gambling Chip":5,"Pantograph":13,"Black Star":8,"Kunai":13,"Red Skull":7},{"CeramicFish":52,"Hammer of Thor":0,"infinitespire:Beetle Shell":46,"Seething Fire":0,"infinitespire:CheckeredPen":21,"Whetstone":52,"Odd Mushroom":24,"Orichalcum":49,"Burning Blood":0,"Akabeko":46,"Blood Vial":3,"Anvil of the Gods":0,"Gambling Chip":21,"Pantograph":49,"Black Star":33,"Kunai":49,"Red Skull":27}],"Burning Blood":90},"card_choices":[{"not_picked":["Dual Wield","Clothesline"],"picked":"Seeing Red","floor":1},{"not_picked":["Anger","Pummel"],"picked":"Thunderclap","floor":3},{"not_picked":["Anger","Perfected Strike"],"picked":"Dropkick","floor":4},{"not_picked":["Searing Blow","Ghostly Armor"],"picked":"Havoc","floor":5},{"not_picked":["Thunderclap","Shrug It Off"],"picked":"Flex","floor":7},{"not_picked":["Seeing Red","Twin Strike"],"picked":"Pommel Strike","floor":11},{"not_picked":["Flame Barrier","Cleave"],"picked":"Whirlwind","floor":13},{"not_picked":["Barricade","Impervious"],"picked":"Berserk","floor":16},{"not_picked":["Pommel Strike","Pummel","Sentinel"],"picked":"SKIP","floor":18},{"not_picked":["Anger","Hemokinesis"],"picked":"Rage","floor":19},{"not_picked":["Second Wind","Wild Strike"],"picked":"Bloodletting","floor":22},{"not_picked":["Juggernaut","Iron Wave","Body Slam"],"picked":"SKIP","floor":23},{"not_picked":["Thunderclap","Dual Wield","Intimidate"],"picked":"SKIP","floor":25},{"not_picked":["Wild Strike","Carnage"],"picked":"Bludgeon","floor":27},{"not_picked":["Entrench","Headbutt","Flex"],"picked":"SKIP","floor":28}],"player_experience":251966,"relics_obtained":[{"floor":7,"key":"Gambling Chip"},{"floor":9,"key":"infinitespire:CheckeredPen"},{"floor":11,"key":"Odd Mushroom"},{"floor":23,"key":"Akabeko"},{"floor":23,"key":"infinitespire:Beetle Shell"},{"floor":25,"key":"Kunai"},{"floor":25,"key":"Pantograph"},{"floor":26,"key":"Orichalcum"},{"floor":27,"key":"Whetstone"},{"floor":27,"key":"CeramicFish"}],"event_choices":[{"damage_healed":0,"gold_gain":0,"player_choice":"Success","damage_taken":18,"relics_obtained":["Blood Vial"],"max_hp_gain":0,"max_hp_loss":0,"event_name":"Scrap Ooze","floor":2,"gold_loss":0},{"damage_healed":0,"gold_gain":0,"player_choice":"Fought Mushrooms","damage_taken":0,"max_hp_gain":0,"max_hp_loss":0,"event_name":"Mushrooms","floor":11,"gold_loss":0},{"damage_healed":0,"gold_gain":0,"player_choice":"Read","damage_taken":0,"max_hp_gain":0,"max_hp_loss":0,"event_name":"The Library","floor":20,"gold_loss":0,"cards_obtained":["Heavy Blade"]},{"cards_removed":["Defend_R"],"damage_healed":0,"gold_gain":0,"player_choice":"Gave Gold","damage_taken":0,"max_hp_gain":0,"max_hp_loss":0,"event_name":"Beggar","floor":21,"gold_loss":75},{"damage_healed":0,"gold_gain":0,"player_choice":"Shed Blood","damage_taken":19,"max_hp_gain":5,"max_hp_loss":0,"event_name":"Forgotten Altar","floor":24,"gold_loss":0}],"is_beta":false,"boss_relics":[{"not_picked":["Tiny House","Velvet Choker"],"picked":"Black Star"}],"items_purged_floors":[],"is_endless":false,"potions_floor_spawned":[5,11,13,16,19,23,27],"killed_by":"Book of Stabbing","ascension_level":14}}