{"host":"lrlpjk0euiz9m2wl","time":1613921999,"event":{"mods":["AchievementEnabler","BaseMod","BetterRewards","Minty Spire (QoL Compilation)","StSLib"],"gold_per_floor":[112,125,145,92,92,108,108,140,140,155,155,330,45,64,64,166,166,185,185,195,206,60,91,91,91,91,104,116,151,151,183,183,280,280,290,306,306,306,306],"floor_reached":38,"language":"ENG","playtime":2741,"items_purged":["Defend_G","Doubt"],"score":611,"play_id":"7d4a6129-2797-46ee-b4f3-c4a7195abbed","local_time":"20210221163959","is_ascension_mode":false,"campfire_choices":[{"data":"Catalyst","floor":7,"key":"SMITH"},{"data":"Noxious Fumes","floor":11,"key":"SMITH"},{"floor":15,"key":"RECALL"},{"data":"Poisoned Stab","floor":25,"key":"SMITH"},{"floor":30,"key":"REST"},{"floor":32,"key":"REST"}],"circlet_count":0,"master_deck":["Survivor","Neutralize","Noxious Fumes+1","Poisoned Stab","Backflip","Escape Plan","Deadly Poison","Catalyst+1","Poisoned Stab+1","Mayhem+1","PiercingWail","Envenom+1","Night Terror+1","Dash","Tools of the Trade+1","All Out Attack","Blade Dance","Outmaneuver","Blade Dance","Dagger Throw","Noxious Fumes+1","Poisoned Stab+1","Flying Knee+1","Bouncing Flask","Corpse Explosion","CurseOfTheBell","Noxious Fumes+1","Madness","Madness"],"relics":["Ring of the Snake","Turnip","Eternal Feather","Mummified Hand","TungstenRod","Frozen Egg 2","Pandora\u0027s Box","Lee\u0027s Waffle","Ninja Scroll","Ancient Tea Set","Pantograph","Dead Branch","Calling Bell","Dream Catcher","Meat on the Bone","Pocketwatch"],"acts_visited":["Exordium","TheCity","TheBeyond"],"potions_floor_usage":[23,29,38,38],"damage_taken":[{"damage":0,"enemies":"Jaw Worm","floor":1,"turns":4},{"damage":0,"enemies":"Small Slimes","floor":2,"turns":4},{"damage":0,"enemies":"2 Louse","floor":3,"turns":3},{"damage":9,"enemies":"Lots of Slimes","floor":6,"turns":4},{"damage":24,"enemies":"3 Sentries","floor":8,"turns":9},{"damage":0,"enemies":"Large Slime","floor":10,"turns":4},{"damage":0,"enemies":"Red Slaver","floor":14,"turns":3},{"damage":15,"enemies":"Slime Boss","floor":16,"turns":8},{"damage":18,"enemies":"Spheric Guardian","floor":18,"turns":5},{"damage":6,"enemies":"3 Byrds","floor":20,"turns":4},{"damage":13,"enemies":"Centurion and Healer","floor":21,"turns":4},{"damage":52,"enemies":"Slavers","floor":23,"turns":4},{"damage":0,"enemies":"Snake Plant","floor":27,"turns":2},{"damage":14,"enemies":"Snecko","floor":28,"turns":3},{"damage":21,"enemies":"Gremlin Leader","floor":29,"turns":6},{"damage":20,"enemies":"Slavers","floor":31,"turns":4},{"damage":11,"enemies":"Champ","floor":33,"turns":4},{"damage":3,"enemies":"3 Darklings","floor":35,"turns":3},{"damage":4,"enemies":"3 Shapes","floor":36,"turns":3},{"damage":71,"enemies":"2 Orb Walkers","floor":38,"turns":4}],"seed_played":"-1442433754967478411","potions_obtained":[{"floor":3,"key":"DuplicationPotion"},{"floor":6,"key":"SneckoOil"},{"floor":8,"key":"Regen Potion"},{"floor":16,"key":"AttackPotion"},{"floor":23,"key":"SteroidPotion"},{"floor":27,"key":"Energy Potion"},{"floor":33,"key":"Regen Potion"}],"is_trial":false,"path_per_floor":["M","M","M","$","?","M","R","E","T","M","R","?","$","M","R","B",null,"M","?","M","M","$","E","?","R","T","M","M","E","R","E","R","B",null,"M","M","?","?"],"character_chosen":"THE_SILENT","items_purchased":["Noxious Fumes","Eternal Feather","Mummified Hand","Poisoned Stab","Deadly Poison","Mayhem+1","Lee\u0027s Waffle"],"campfire_rested":2,"item_purchase_floors":[0,0,0,0,4,13,22],"current_hp_per_floor":[70,70,70,70,63,54,63,39,39,39,48,48,48,48,57,42,70,52,52,46,33,77,25,25,37,37,37,23,2,37,17,52,66,77,74,70,61,0,0],"gold":306,"neow_bonus":"","is_daily":false,"chose_seed":false,"campfire_upgraded":3,"win_rate":0.0,"timestamp":1613921999,"path_taken":["M","M","M","$","?","M","R","E","T","M","R","?","$","M","R","BOSS","M","?","?","?","$","E","?","R","T","M","?","E","R","E","R","BOSS","M","?","?","?"],"items_purchased_type":["Card","Relic","Relic","Card","Card","Card","Relic"],"build_version":"2020-12-22","purchased_purges":2,"victory":false,"max_hp_per_floor":[70,70,70,70,70,70,70,70,70,70,70,70,70,70,70,70,70,70,70,70,70,77,77,77,77,77,77,77,77,77,77,77,77,77,77,77,77,77,77],"card_choices":[{"not_picked":["Blade Dance","PiercingWail"],"picked":"Backflip","floor":1},{"not_picked":["Flechettes","Dagger Throw","Sucker Punch"],"picked":"SKIP","floor":2},{"not_picked":["Flechettes","Deflect"],"picked":"Escape Plan","floor":3},{"not_picked":["Dagger Spray","Outmaneuver"],"picked":"Catalyst","floor":6},{"not_picked":["Cloak And Dagger","Prepared"],"picked":"Poisoned Stab","floor":8},{"not_picked":["Flechettes","Underhanded Strike","Terror"],"picked":"SKIP","floor":10},{"not_picked":["Dagger Spray","Setup"],"picked":"PiercingWail","floor":14},{"not_picked":["Die Die Die","Tools of the Trade+1"],"picked":"Envenom+1","floor":16},{"not_picked":["Blade Dance+1","Riddle With Holes"],"picked":"Noxious Fumes+1","floor":18},{"not_picked":["Choke","Dodge and Roll"],"picked":"Poisoned Stab+1","floor":20},{"not_picked":["Cloak And Dagger","Dodge and Roll","Quick Slash"],"picked":"SKIP","floor":21},{"not_picked":["Poisoned Stab","All Out Attack"],"picked":"Flying Knee+1","floor":23},{"not_picked":["Skewer","Sucker Punch+1","Deadly Poison"],"picked":"SKIP","floor":27},{"not_picked":["Cloak And Dagger","Outmaneuver","Quick Slash"],"picked":"SKIP","floor":28},{"not_picked":["Caltrops+1","Accuracy+1"],"picked":"Bouncing Flask","floor":29},{"not_picked":["Backstab","Slice","Glass Knife"],"picked":"SKIP","floor":31},{"not_picked":["Glass Knife","Unload"],"picked":"Corpse Explosion","floor":33},{"not_picked":["Prepared","Predator+1"],"picked":"Noxious Fumes+1","floor":35},{"not_picked":["Calculated Gamble","Tactician","Leg Sweep"],"picked":"SKIP","floor":36}],"player_experience":114426,"relics_obtained":[{"floor":8,"key":"TungstenRod"},{"floor":9,"key":"Frozen Egg 2"},{"floor":23,"key":"Ninja Scroll"},{"floor":29,"key":"Pantograph"},{"floor":31,"key":"Dead Branch"},{"floor":34,"key":"Dream Catcher"},{"floor":34,"key":"Meat on the Bone"},{"floor":34,"key":"Pocketwatch"}],"event_choices":[{"cards_removed":["Strike_G"],"damage_healed":0,"gold_gain":0,"player_choice":"Card Removal","damage_taken":7,"max_hp_gain":0,"max_hp_loss":0,"event_name":"Golden Wing","floor":5,"gold_loss":0},{"damage_healed":0,"gold_gain":175,"player_choice":"AGREE","damage_taken":0,"max_hp_gain":0,"max_hp_loss":0,"event_name":"Liars Game","floor":12,"gold_loss":0,"cards_obtained":["Doubt"]},{"damage_healed":0,"gold_gain":0,"player_choice":"Upgraded","damage_taken":0,"max_hp_gain":0,"max_hp_loss":0,"event_name":"Upgrade Shrine","floor":19,"gold_loss":0,"cards_upgraded":["Night Terror"]},{"damage_healed":0,"gold_gain":0,"player_choice":"Gave Potion","damage_taken":0,"relics_obtained":["Ancient Tea Set"],"max_hp_gain":0,"max_hp_loss":0,"event_name":"WeMeetAgain","floor":24,"gold_loss":0},{"damage_healed":0,"gold_gain":0,"player_choice":"Embrace Madness","damage_taken":10,"max_hp_gain":0,"max_hp_loss":0,"event_name":"Winding Halls","floor":37,"gold_loss":0,"cards_obtained":["Madness","Madness"]},{"damage_healed":0,"gold_gain":0,"player_choice":"Fight","damage_taken":0,"max_hp_gain":0,"max_hp_loss":0,"event_name":"Mysterious Sphere","floor":38,"gold_loss":0}],"is_beta":false,"boss_relics":[{"not_picked":["Cursed Key","Tiny House"],"picked":"Pandora\u0027s Box"},{"not_picked":["SacredBark","Snecko Eye"],"picked":"Calling Bell"}],"items_purged_floors":[0,13],"is_endless":false,"potions_floor_spawned":[3,6,8,16,18,23,27,33],"killed_by":"2 Orb Walkers","ascension_level":0}}