{"host":"7j96kgp47d19w6vo","time":1613926783,"event":{"mods":["BaseMod","BetterRewards","Custom Start","Friendly Minions","Gold Saver","Minty Spire (QoL Compilation)","Remove Card Discount Mod","StSLib","UnlockEverythingMod"],"gold_per_floor":[153,176,251,263,293,305,503,515,554,566,653,685,855,911,923,1205,1217,1342,1415,1533,1545,1750,1762,1869,1900,1912,1939,1951,2057,2069,2081,2093,2236,2311,2339,2573,2633,2645,2703,2786,2852,2864,2876,2949,3294,3378,3515,3584,3596,3788],"floor_reached":51,"language":"JPN","playtime":5516,"items_purged":[],"score":1540,"play_id":"063eb1da-b6ba-40a6-8a05-a7ef03ee177b","local_time":"20210222015943","is_ascension_mode":false,"campfire_choices":[{"data":"Apotheosis","floor":6,"key":"SMITH"},{"data":"Heel Hook","floor":8,"key":"SMITH"},{"data":"Flash of Steel","floor":15,"key":"SMITH"},{"data":"Flash of Steel","floor":23,"key":"SMITH"},{"data":"FameAndFortune","floor":30,"key":"SMITH"},{"data":"FameAndFortune","floor":32,"key":"SMITH"},{"data":"Panacea","floor":49,"key":"SMITH"}],"circlet_count":0,"master_deck":["Flash of Steel","Flash of Steel+1","Flash of Steel+1","FameAndFortune+1","FameAndFortune+1","FameAndFortune","FameAndFortune+1","FameAndFortune","FameAndFortune","Enlightenment","Enlightenment","Panacea","Panacea+1","Panacea","Panacea","Panacea","Panacea","Good Instincts+1","Bandage Up","Bandage Up","Bandage Up","Forethought","Forethought","Madness","Apotheosis+1","LiveForever","Mayhem","Adrenaline","Catalyst+1","Leg Sweep","Leg Sweep","Dodge and Roll","Poisoned Stab","Quick Slash","Flying Knee","Flying Knee","Flying Knee","Flying Knee","Flying Knee","Sucker Punch","Slice","Neutralize","Neutralize","Neutralize","Neutralize","Heel Hook","Heel Hook+1","Dash","Dash","Dodge and Roll","Dodge and Roll","Dodge and Roll","Dodge and Roll","Dodge and Roll","Outmaneuver","Blade Dance","Blade Dance","Backflip","Backflip","Backflip","Blade Dance","Deadly Poison","Deadly Poison","Deadly Poison","Cloak And Dagger","Tactician","Reflex","Expertise","Blur","Blur","Blur","Blur","Blur","Terror","Setup","Envenom","After Image","Tools of the Trade","Well Laid Plans","Caltrops","Accuracy","Infinite Blades","Noxious Fumes","Bullet Time","Bullet Time","Corpse Explosion","Adrenaline","Adrenaline","Adrenaline","Footwork","Footwork","Footwork","Footwork","Footwork","Dark Embrace","Berserk","Juggernaut","Demon Form","Barricade","Metallicize","Feel No Pain","Spot Weakness","Headbutt","Armaments","Self Repair","Self Repair","Machine Learning","Echo Form","Zap+1","Conserve Battery","Conserve Battery","Conserve Battery","Hologram","Hologram","Scrape","Scrape","Streamline","Gash","Gash","Gash","Gash","Gash","Gash","Deflect","Tactician","Setup","A Thousand Cuts","Deflect","Blade Dance","Leg Sweep","Envenom","Dash+1","Prepared+1","Noxious Fumes","Sucker Punch","Calculated Gamble","Predator","Catalyst","Poisoned Stab","Phantasmal Killer+1","PiercingWail+1","Tactician+1","Noxious Fumes+1","Madness+1","Madness+1","Underhanded Strike+1","Bullet Time+1","Heel Hook","Sucker Punch","Cloak And Dagger+1","Deflect+1","Caltrops+1"],"relics":["Ring of the Snake","MealTicket","Oddly Smooth Stone","Ice Cream","Strawberry","Orichalcum","Eternal Feather","OrangePellets","Kunai","Gremlin Horn","TungstenRod","SlaversCollar","Snake Skull","Lizard Tail","Mango","Black Star","Potion Belt","HornCleat","Lee\u0027s Waffle","Membership Card","Ring of the Serpent","Ring of the Snake","Bottled Lightning","Pear","Incense Burner","Mummified Hand","MawBank","Pantograph","ClockworkSouvenir","War Paint","WingedGreaves","Blood Vial","White Beast Statue","Meat on the Bone","Red Mask","Bag of Marbles","Juzu Bracelet","InkBottle","MutagenicStrength","Toxic Egg 2","Regal Pillow","Tiny House","Omamori","Smiling Mask","Darkstone Periapt","Du-Vu Doll","Mercury Hourglass","Lantern","Bag of Preparation","Ninja Scroll","Molten Egg 2"],"acts_visited":["Exordium","TheCity","TheBeyond"],"potions_floor_usage":[35],"damage_taken":[{"damage":0,"enemies":"Small Slimes","floor":1,"turns":2},{"damage":0,"enemies":"2 Louse","floor":2,"turns":2},{"damage":0,"enemies":"Jaw Worm","floor":5,"turns":3},{"damage":0,"enemies":"3 Sentries","floor":7,"turns":4},{"damage":0,"enemies":"Blue Slaver","floor":12,"turns":2},{"damage":0,"enemies":"Lagavulin","floor":13,"turns":4},{"damage":0,"enemies":"Looter","floor":14,"turns":2},{"damage":24,"enemies":"Hexaghost","floor":16,"turns":5},{"damage":0,"enemies":"3 Byrds","floor":18,"turns":4},{"damage":0,"enemies":"Masked Bandits","floor":19,"turns":4},{"damage":2,"enemies":"Chosen","floor":20,"turns":4},{"damage":9,"enemies":"Sentry and Sphere","floor":22,"turns":8},{"damage":0,"enemies":"Book of Stabbing","floor":24,"turns":5},{"damage":0,"enemies":"Cultist and Chosen","floor":25,"turns":4},{"damage":0,"enemies":"Shelled Parasite and Fungi","floor":27,"turns":2},{"damage":0,"enemies":"Gremlin Leader","floor":29,"turns":3},{"damage":0,"enemies":"Collector","floor":33,"turns":3},{"damage":0,"enemies":"3 Shapes","floor":35,"turns":2},{"damage":0,"enemies":"3 Darklings","floor":37,"turns":3},{"damage":0,"enemies":"Spire Growth","floor":39,"turns":2},{"damage":14,"enemies":"Nemesis","floor":40,"turns":3},{"damage":0,"enemies":"Sphere and 2 Shapes","floor":41,"turns":2},{"damage":0,"enemies":"Giant Head","floor":44,"turns":5},{"damage":0,"enemies":"4 Shapes","floor":46,"turns":2},{"damage":0,"enemies":"Nemesis","floor":47,"turns":5},{"damage":0,"enemies":"Giant Head","floor":48,"turns":4},{"damage":0,"enemies":"Awakened One","floor":50,"turns":12}],"seed_played":"-8217016113725794191","potions_obtained":[{"floor":2,"key":"GhostInAJar"},{"floor":5,"key":"LiquidMemories"},{"floor":13,"key":"EssenceOfSteel"},{"floor":14,"key":"Regen Potion"},{"floor":16,"key":"Ancient Potion"},{"floor":29,"key":"FairyPotion"},{"floor":35,"key":"Fruit Juice"},{"floor":37,"key":"ColorlessPotion"}],"is_trial":true,"path_per_floor":["M","M","?","?","M","R","E","R","T","?","?","M","E","M","R","B",null,"M","?","M","?","M","R","E","M","T","M","?","E","R","$","R","B",null,"M","?","M","?","M","E","M","?","T","E","?","M","E","E","R","B",null],"character_chosen":"THE_SILENT","items_purchased":[],"campfire_rested":0,"item_purchase_floors":[],"current_hp_per_floor":[108,108,108,82,92,108,108,108,108,108,98,100,108,108,108,84,108,108,108,106,106,105,108,108,108,108,108,108,108,108,108,108,108,113,118,118,118,104,116,104,106,106,106,114,114,118,118,118,118,118],"gold":3800,"neow_bonus":"","is_daily":false,"chose_seed":false,"campfire_upgraded":7,"win_rate":0.0,"timestamp":1613926783,"path_taken":["M","M","?","?","M","R","E","R","T","?","?","M","E","M","R","BOSS","M","?","M","?","M","R","E","M","T","M","?","E","R","?","R","BOSS","M","?","M","?","M","E","M","?","T","E","?","M","E","E","R","BOSS"],"items_purchased_type":[],"build_version":"2020-12-22","purchased_purges":0,"victory":true,"max_hp_per_floor":[108,108,108,108,108,108,108,108,108,108,108,108,108,108,108,108,108,108,108,108,108,108,108,108,108,108,108,108,108,108,108,108,108,113,118,118,118,118,118,118,118,118,118,118,118,118,118,118,118,118],"card_choices":[{"not_picked":["Outmaneuver","Sucker Punch"],"picked":"Deflect","floor":1},{"not_picked":["Finisher","Dodge and Roll"],"picked":"Tactician","floor":2},{"not_picked":["Poisoned Stab","Quick Slash"],"picked":"Setup","floor":5},{"not_picked":["Dodge and Roll","Deflect"],"picked":"A Thousand Cuts","floor":7},{"not_picked":["Dodge and Roll","Backflip"],"picked":"Deflect","floor":12},{"not_picked":["Flechettes","Cloak And Dagger"],"picked":"Blade Dance","floor":13},{"not_picked":["Acrobatics","Catalyst"],"picked":"Leg Sweep","floor":14},{"not_picked":["Unload","Doppelganger"],"picked":"Envenom","floor":16},{"not_picked":["Blade Dance","Backstab"],"picked":"Dash+1","floor":18},{"not_picked":["Flechettes","Finisher"],"picked":"Prepared+1","floor":19},{"not_picked":["Backstab","Deadly Poison+1"],"picked":"Noxious Fumes","floor":20},{"not_picked":["Predator","All Out Attack"],"picked":"Sucker Punch","floor":22},{"not_picked":["Outmaneuver","Bane"],"picked":"Calculated Gamble","floor":24},{"not_picked":["Outmaneuver","Underhanded Strike"],"picked":"Predator","floor":25},{"not_picked":["Outmaneuver","Cloak And Dagger"],"picked":"Catalyst","floor":27},{"not_picked":["Acrobatics+1","Dagger Spray+1"],"picked":"Poisoned Stab","floor":29},{"not_picked":["Grand Finale","Wraith Form v2"],"picked":"Phantasmal Killer+1","floor":33},{"not_picked":["Backflip+1","Heel Hook"],"picked":"PiercingWail+1","floor":34},{"not_picked":["Dagger Spray","Sucker Punch+1"],"picked":"Tactician+1","floor":35},{"not_picked":["Deadly Poison+1","Finisher"],"picked":"Noxious Fumes+1","floor":37},{"not_picked":["Blade Dance+1","Outmaneuver+1"],"picked":"Underhanded Strike+1","floor":39},{"not_picked":["Skewer","Dodge and Roll+1"],"picked":"Bullet Time+1","floor":40},{"not_picked":["Flying Knee+1","Predator"],"picked":"Heel Hook","floor":41},{"not_picked":["Outmaneuver+1","Skewer"],"picked":"Sucker Punch","floor":44},{"not_picked":["Poisoned Stab","Blade Dance+1"],"picked":"Cloak And Dagger+1","floor":46},{"not_picked":["Outmaneuver+1","Sucker Punch+1"],"picked":"Deflect+1","floor":47},{"not_picked":["Backflip+1","Acrobatics+1"],"picked":"Caltrops+1","floor":48}],"player_experience":878587,"relics_obtained":[{"floor":7,"key":"War Paint"},{"floor":7,"key":"WingedGreaves"},{"floor":9,"key":"Blood Vial"},{"floor":13,"key":"White Beast Statue"},{"floor":13,"key":"Meat on the Bone"},{"floor":19,"key":"Red Mask"},{"floor":24,"key":"Bag of Marbles"},{"floor":24,"key":"Juzu Bracelet"},{"floor":26,"key":"InkBottle"},{"floor":29,"key":"Toxic Egg 2"},{"floor":29,"key":"Regal Pillow"},{"floor":40,"key":"Omamori"},{"floor":40,"key":"Smiling Mask"},{"floor":43,"key":"Darkstone Periapt"},{"floor":44,"key":"Du-Vu Doll"},{"floor":44,"key":"Mercury Hourglass"},{"floor":47,"key":"Lantern"},{"floor":47,"key":"Bag of Preparation"},{"floor":48,"key":"Ninja Scroll"},{"floor":48,"key":"Molten Egg 2"}],"event_choices":[{"damage_healed":0,"gold_gain":63,"player_choice":"Gained Gold","damage_taken":0,"max_hp_gain":0,"max_hp_loss":0,"event_name":"Golden Wing","floor":3,"gold_loss":0},{"damage_healed":0,"gold_gain":0,"player_choice":"Take Damage","damage_taken":27,"relics_obtained":["Golden Idol"],"max_hp_gain":0,"max_hp_loss":0,"event_name":"Golden Idol","floor":4,"gold_loss":0},{"damage_healed":0,"gold_gain":0,"player_choice":"Grow","damage_taken":0,"max_hp_gain":0,"max_hp_loss":0,"event_name":"Living Wall","floor":10,"gold_loss":0,"cards_upgraded":["FameAndFortune"]},{"damage_healed":0,"gold_gain":75,"player_choice":"Gather Gold","damage_taken":11,"max_hp_gain":0,"max_hp_loss":0,"event_name":"World of Goop","floor":11,"gold_loss":0},{"damage_healed":0,"gold_gain":0,"player_choice":"Fought Bandits","damage_taken":0,"max_hp_gain":0,"max_hp_loss":0,"event_name":"Masked Bandits","floor":19,"gold_loss":0},{"damage_healed":0,"gold_gain":0,"player_choice":"Ignored","damage_taken":0,"max_hp_gain":0,"max_hp_loss":0,"event_name":"Ghosts","floor":21,"gold_loss":0},{"damage_healed":0,"gold_gain":0,"player_choice":"Inject Mutagens","damage_taken":0,"relics_obtained":["MutagenicStrength"],"max_hp_gain":0,"max_hp_loss":0,"event_name":"Drug Dealer","floor":28,"gold_loss":0},{"damage_healed":0,"gold_gain":222,"player_choice":"Wore Mask","damage_taken":0,"max_hp_gain":0,"max_hp_loss":0,"event_name":"Tomb of Lord Red Mask","floor":36,"gold_loss":0},{"damage_healed":0,"gold_gain":0,"player_choice":"Embrace Madness","damage_taken":15,"max_hp_gain":0,"max_hp_loss":0,"event_name":"Winding Halls","floor":38,"gold_loss":0,"cards_obtained":["Madness","Madness"]},{"cards_removed":["Neutralize"],"damage_healed":0,"gold_gain":0,"player_choice":"Removed Attack","damage_taken":0,"max_hp_gain":0,"max_hp_loss":0,"event_name":"Falling","floor":42,"gold_loss":0},{"damage_healed":0,"gold_gain":333,"player_choice":"Gave Idol","damage_taken":0,"max_hp_gain":0,"max_hp_loss":0,"event_name":"The Moai Head","floor":45,"relics_lost":["Golden Idol"],"gold_loss":0}],"is_beta":false,"boss_relics":[{"not_picked":["Ectoplasm","Coffee Dripper","Empty Cage"]},{"not_picked":["Astrolabe","Snecko Eye"],"picked":"Tiny House"}],"items_purged_floors":[],"is_endless":false,"potions_floor_spawned":[2,5,13,14,16,18,19,20,22,24,25,27,29,33,35,37,39,40,41,44,46,47,48],"ascension_level":0}}