{"host":"2uq4yl5bzsf2ox6r","time":1613948274,"event":{"mods":["AchievementEnabler","BaseMod","Colored Map","Highlight Path","Minty Spire (QoL Compilation)","Relic Stats","StSLib"],"gold_per_floor":[113,124,135,135,150,150,184,202,202,221,221,255,37,76,76,76,76],"floor_reached":16,"language":"ENG","playtime":909,"items_purged":["Strike_G"],"score":153,"play_id":"8db0e571-d79c-4c66-b4f9-3e0f746d09fb","local_time":"20210221175754","is_ascension_mode":true,"campfire_choices":[{"data":"Neutralize","floor":6,"key":"SMITH"},{"data":"Backstab","floor":15,"key":"SMITH"}],"circlet_count":0,"master_deck":["Strike_G","Strike_G","Defend_G","Defend_G","Defend_G","Defend_G","Defend_G","Survivor","Neutralize+1","Backstab","Prepared","Backstab+1","Acrobatics","Dagger Spray","Die Die Die"],"relics":["Ring of the Snake","HornCleat","Singing Bowl","Golden Idol","Shuriken","Frozen Eye","Blue Candle"],"acts_visited":["Exordium"],"potions_floor_usage":[16,16],"damage_taken":[{"damage":1,"enemies":"2 Louse","floor":1,"turns":4},{"damage":2,"enemies":"Jaw Worm","floor":2,"turns":3},{"damage":0,"enemies":"Cultist","floor":3,"turns":3},{"damage":1,"enemies":"3 Louse","floor":5,"turns":3},{"damage":14,"enemies":"3 Sentries","floor":7,"turns":15},{"damage":0,"enemies":"Blue Slaver","floor":8,"turns":3},{"damage":0,"enemies":"2 Fungi Beasts","floor":10,"turns":1},{"damage":7,"enemies":"Gremlin Nob","floor":12,"turns":4},{"damage":2,"enemies":"3 Sentries","floor":14,"turns":5},{"damage":43,"enemies":"Slime Boss","floor":16,"turns":11}],"seed_played":"5428803981633290615","potions_obtained":[{"floor":1,"key":"Ancient Potion"},{"floor":8,"key":"LiquidMemories"}],"is_trial":false,"path_per_floor":["M","M","M","?","M","R","E","M","T","M","?","E","$","E","R","B"],"character_chosen":"THE_SILENT","items_purchased":["Frozen Eye"],"campfire_rested":0,"item_purchase_floors":[13],"current_hp_per_floor":[69,67,67,60,59,59,45,45,45,47,47,42,42,42,42,0,0],"gold":76,"neow_bonus":"REMOVE_CARD","is_daily":false,"chose_seed":false,"campfire_upgraded":2,"win_rate":0.0,"timestamp":1613948274,"path_taken":["M","M","M","?","M","R","E","M","T","M","?","E","$","E","R","BOSS"],"items_purchased_type":["Relic"],"build_version":"2020-12-22","purchased_purges":1,"victory":false,"max_hp_per_floor":[70,70,70,70,70,70,70,70,70,72,67,69,69,71,71,71,71],"relic_stats":{"Singing Bowl":6,"counters":[10,52],"Golden Idol":15,"Shuriken":[5],"Blue Candle":[0],"obtain_stats":[{"Frozen Eye":13,"HornCleat":7,"Singing Bowl":9,"Golden Idol":11,"Shuriken":12,"Blue Candle":14,"Ring of the Snake":0},{"Frozen Eye":8,"HornCleat":5,"Singing Bowl":6,"Golden Idol":7,"Shuriken":8,"Blue Candle":9,"Ring of the Snake":0},{"Frozen Eye":36,"HornCleat":28,"Singing Bowl":31,"Golden Idol":32,"Shuriken":36,"Blue Candle":41,"Ring of the Snake":0}],"Ring of the Snake":[20]},"card_choices":[{"not_picked":["Dodge and Roll","Quick Slash"],"picked":"Backstab","floor":1},{"not_picked":["Caltrops","Dodge and Roll"],"picked":"Prepared","floor":2},{"not_picked":["Prepared","Cloak And Dagger"],"picked":"Backstab","floor":3},{"not_picked":["Underhanded Strike","Sucker Punch"],"picked":"Acrobatics","floor":5},{"not_picked":["Bane","Skewer"],"picked":"Dagger Spray","floor":7},{"not_picked":["Riddle With Holes","Dagger Throw"],"picked":"Die Die Die","floor":8},{"not_picked":["Masterful Stab","All Out Attack","Choke"],"picked":"Singing Bowl","floor":10},{"not_picked":["Unload","Flying Knee","Setup"],"picked":"Singing Bowl","floor":12},{"not_picked":["Flechettes","Dagger Throw","Dodge and Roll"],"picked":"Singing Bowl","floor":14}],"player_experience":174835,"relics_obtained":[{"floor":7,"key":"HornCleat"},{"floor":9,"key":"Singing Bowl"},{"floor":12,"key":"Shuriken"},{"floor":14,"key":"Blue Candle"}],"event_choices":[{"cards_removed":["Strike_G"],"damage_healed":0,"gold_gain":0,"player_choice":"Card Removal","damage_taken":7,"max_hp_gain":0,"max_hp_loss":0,"event_name":"Golden Wing","floor":4,"gold_loss":0},{"damage_healed":0,"gold_gain":0,"player_choice":"Lose Max HP","damage_taken":0,"relics_obtained":["Golden Idol"],"max_hp_gain":0,"max_hp_loss":5,"event_name":"Golden Idol","floor":11,"gold_loss":0}],"is_beta":false,"boss_relics":[],"items_purged_floors":[13],"is_endless":false,"potions_floor_spawned":[1,8],"killed_by":"Slime Boss","ascension_level":5}}