{"host":"yml0ux6c8lqydjlc","time":1613879929,"event":{"mods":["Aspiration","BaseMod","Conspire","Downfall","Hermit","Jedi Mod","Minty Spire (QoL Compilation)","Robot Space Explorer","StSLib"],"gold_per_floor":[113,13,25,37,57,57,68,86,86,97,97,97,108,8,8,111,161,179,54,54,54],"floor_reached":20,"language":"ENG","playtime":1523,"items_purged":["Strike_R","Strike_R","Defend_R"],"score":168,"play_id":"89ffd87b-72c3-4dee-af19-b405569bc344","local_time":"20210220225849","is_ascension_mode":false,"campfire_choices":[{"data":"Iron Wave","floor":6.0,"key":"SMITH"},{"data":"Shrug It Off","floor":12.0,"key":"SMITH"},{"floor":15.0,"key":"REST"}],"circlet_count":0,"master_deck":["Strike_R","Strike_R","Strike_R","Defend_R","Defend_R","Defend_R","Bash","Thunderclap","Shrug It Off+1","Iron Wave+1","Clash","Reaper+1","Bloodletting","Juggernaut","Flex+1"],"relics":["Burning Blood","Ornamental Fan","Tiny House"],"acts_visited":["Exordium","TheCity"],"potions_floor_usage":[],"damage_taken":[{"damage":2.0,"enemies":"conspire:RoseBush","floor":1.0,"turns":4.0},{"damage":15.0,"enemies":"Jaw Worm","floor":3.0,"turns":7.0},{"damage":5.0,"enemies":"Cultist","floor":4.0,"turns":5.0},{"damage":9.0,"enemies":"Large Slime","floor":5.0,"turns":7.0},{"damage":0.0,"enemies":"conspire:2 RoseBushes","floor":7.0,"turns":5.0},{"damage":0.0,"enemies":"Looter","floor":8.0,"turns":3.0},{"damage":3.0,"enemies":"Lots of Slimes","floor":10.0,"turns":4.0},{"damage":39.0,"enemies":"Gremlin Gang","floor":13.0,"turns":6.0},{"damage":64.0,"enemies":"Hexaghost","floor":16.0,"turns":10.0},{"damage":17.0,"enemies":"Shell Parasite","floor":18.0,"turns":6.0},{"damage":0,"enemies":"Spheric Guardian","floor":20,"turns":1}],"seed_played":"-5996447164892761528","potions_obtained":[{"floor":1.0,"key":"Explosive Potion"},{"floor":3.0,"key":"hexamod:SoulburnPotion"},{"floor":13.0,"key":"ColorlessPotion"},{"floor":16.0,"key":"FearPotion"},{"floor":17.0,"key":"Swift Potion"}],"is_trial":false,"path_per_floor":["M","$","M","M","M","R","M","M","T","M","$","R","M","$","R","B",null,"M","$","M"],"character_chosen":"IRONCLAD","items_purchased":["Shrug It Off"],"campfire_rested":1,"item_purchase_floors":[2],"current_hp_per_floor":[88,88,79,80,77,77,83,88,88,88,88,88,59,59,85,32,93,85,85,85,85],"gold":54,"neow_bonus":"TEN_PERCENT_HP_BONUS","is_daily":false,"chose_seed":false,"campfire_upgraded":2,"win_rate":0.0,"timestamp":1613879929,"path_taken":["M","$","M","M","M","R","M","M","T","M","$","R","M","$","R","BOSS","M","$","?"],"items_purchased_type":["Card"],"build_version":"2020-12-22","purchased_purges":3,"victory":false,"max_hp_per_floor":[88,88,88,88,88,88,88,88,88,88,88,88,88,88,88,88,93,93,93,93,93],"card_choices":[{"not_picked":["Heavy Blade","Shockwave"],"picked":"Thunderclap","floor":1.0},{"not_picked":["Thunderclap","Havoc"],"picked":"Iron Wave","floor":3.0},{"not_picked":["Cleave","Power Through","jedi:hate"],"picked":"SKIP","floor":4.0},{"not_picked":["Battle Trance","Warcry"],"picked":"Clash","floor":5.0},{"not_picked":["Disarm","Cleave"],"picked":"Reaper","floor":7.0},{"not_picked":["Clash","Feel No Pain","Cleave"],"picked":"SKIP","floor":8.0},{"not_picked":["Blood for Blood","Heavy Blade"],"picked":"Bloodletting","floor":10.0},{"not_picked":["Sword Boomerang","Wild Strike","Second Wind"],"picked":"SKIP","floor":13.0},{"not_picked":["Immolate","Reaper"],"picked":"Juggernaut","floor":16.0},{"not_picked":["Body Slam+1","jedi:MakeshiftSword+1"],"picked":"Flex+1","floor":18.0}],"player_experience":133766,"relics_obtained":[{"floor":9.0,"key":"Ornamental Fan"}],"event_choices":[],"is_beta":false,"boss_relics":[{"not_picked":["jedi:hotpepper","jedi:battlestandard"],"picked":"Tiny House"}],"items_purged_floors":[2,14,19],"is_endless":false,"potions_floor_spawned":[1,3,13,16,18],"killed_by":"Spheric Guardian","ascension_level":0}}