{"host":"9ndbo4kgsfoemf7y","time":1613917729,"event":{"mods":["AchievementEnabler","BaseMod","Colored Map","DeckTracker","Keyboard Shortcuts","Minty Spire (QoL Compilation)","Permanent Neow","Quick Restart","Relic Stats","StSLib","SuperFastMode"],"gold_per_floor":[116,116,41,51,64,64,82,108,108,108,137,137,137,154,154,154,154],"floor_reached":16,"language":"KOR","playtime":356,"items_purged":["Strike_R"],"score":220,"play_id":"39308ff5-f57d-4d0e-b460-d815b56f3da2","local_time":"20210221232849","is_ascension_mode":true,"campfire_choices":[{"data":"Pommel Strike","floor":6,"key":"SMITH"},{"floor":10,"key":"REST"},{"floor":15,"key":"REST"}],"circlet_count":0,"master_deck":["AscendersBane","Strike_R","Strike_R","Strike_R","Defend_R","Defend_R","Defend_R","Bash","Pommel Strike+1","Pommel Strike","Offering","Cleave","Barricade+1","Inflame","Body Slam"],"relics":["Burning Blood","Self Forming Clay","Toxic Egg 2","FossilizedHelix"],"acts_visited":["Exordium"],"potions_floor_usage":[8],"damage_taken":[{"damage":2,"enemies":"Cultist","floor":1,"turns":4},{"damage":9,"enemies":"2 Louse","floor":4,"turns":4},{"damage":18,"enemies":"Small Slimes","floor":5,"turns":3},{"damage":14,"enemies":"Blue Slaver","floor":7,"turns":3},{"damage":22,"enemies":"3 Sentries","floor":8,"turns":6},{"damage":32,"enemies":"Gremlin Nob","floor":11,"turns":4},{"damage":1,"enemies":"2 Fungi Beasts","floor":14,"turns":2},{"damage":48,"enemies":"Hexaghost","floor":16,"turns":9}],"seed_played":"8752341143212664434","potions_obtained":[{"floor":4,"key":"Dexterity Potion"},{"floor":5,"key":"Swift Potion"},{"floor":11,"key":"Fire Potion"}],"is_trial":false,"path_per_floor":["M","?","$","M","M","R","M","E","T","R","E","?","?","M","R","B"],"character_chosen":"IRONCLAD","items_purchased":[],"campfire_rested":2,"item_purchase_floors":[],"current_hp_per_floor":[54,59,59,56,44,44,36,20,20,44,18,18,18,23,47,0,0],"gold":154,"neow_bonus":"REMOVE_TWO","is_daily":false,"chose_seed":false,"campfire_upgraded":1,"win_rate":0.0,"timestamp":1613917729,"path_taken":["M","?","$","M","M","R","M","E","T","R","E","?","?","M","R","BOSS"],"items_purchased_type":[],"build_version":"2020-12-22","purchased_purges":1,"victory":false,"max_hp_per_floor":[75,80,80,80,80,80,80,80,80,80,80,80,80,80,80,80,80],"relic_stats":{"counters":[8,35],"Self Forming Clay":[45],"obtain_stats":[{"Self Forming Clay":8,"Toxic Egg 2":9,"Burning Blood":0,"FossilizedHelix":11},{"Self Forming Clay":5,"Toxic Egg 2":5,"Burning Blood":0,"FossilizedHelix":6},{"Self Forming Clay":20,"Toxic Egg 2":20,"Burning Blood":0,"FossilizedHelix":24}],"Burning Blood":42},"card_choices":[{"not_picked":["Wild Strike","Sword Boomerang"],"picked":"Pommel Strike","floor":1},{"not_picked":["Iron Wave","Burning Pact"],"picked":"Pommel Strike","floor":4},{"not_picked":["Whirlwind","Body Slam"],"picked":"Offering","floor":5},{"not_picked":["Spot Weakness","Rupture"],"picked":"Cleave","floor":7},{"not_picked":["Uppercut","Wild Strike"],"picked":"Barricade","floor":8},{"not_picked":["Wild Strike","Entrench+1"],"picked":"Inflame","floor":11},{"not_picked":["Pommel Strike","Body Slam","Sword Boomerang"],"picked":"SKIP","floor":14},{"not_picked":["Pommel Strike","Sword Boomerang"],"picked":"Body Slam","floor":14}],"player_experience":880175,"relics_obtained":[{"floor":8,"key":"Self Forming Clay"},{"floor":9,"key":"Toxic Egg 2"},{"floor":11,"key":"FossilizedHelix"}],"event_choices":[{"damage_healed":0,"gold_gain":0,"player_choice":"Donut","damage_taken":0,"max_hp_gain":5,"max_hp_loss":0,"event_name":"Big Fish","floor":2,"gold_loss":0},{"damage_healed":0,"gold_gain":0,"player_choice":"Grow","damage_taken":0,"max_hp_gain":0,"max_hp_loss":0,"event_name":"Living Wall","floor":12,"gold_loss":0,"cards_upgraded":["Barricade"]},{"damage_healed":0,"gold_gain":0,"player_choice":"Ignored","damage_taken":0,"max_hp_gain":0,"max_hp_loss":0,"event_name":"Shining Light","floor":13,"gold_loss":0}],"is_beta":false,"boss_relics":[],"items_purged_floors":[3],"is_endless":false,"potions_floor_spawned":[4,5,11,14],"killed_by":"Hexaghost","ascension_level":20}}