{"host":"s41rn2jhghpwfrvz","time":1613883776,"event":{"mods":["BaseMod","Minty Spire (QoL Compilation)","Quick Restart","Relic Stats","SuperFastMode"],"gold_per_floor":[109,125,200,350,63,95,107,7,61,91,106,136,136,163,163,235,235,254,254,267,282,302,327,30,30,30,105,121,152,152,152],"floor_reached":30,"language":"ENG","playtime":877,"items_purged":["Doubt","Hologram","ReachHeaven"],"score":646,"play_id":"cc644a57-8b8b-48d0-8304-28069261f506","local_time":"20210221070256","daily_mods":["SealedDeck","Diverse","DeadlyEvents"],"is_ascension_mode":true,"campfire_choices":[{"data":"Apotheosis","floor":13,"key":"SMITH"},{"data":"Body Slam","floor":15,"key":"SMITH"}],"circlet_count":0,"master_deck":["AscendersBane","Coolheaded","Sweeping Beam","InnerPeace","Fire Breathing","Undo","Blur","Body Slam+1","Apotheosis+1","Blood for Blood","Writhe","Backflip"],"relics":["Burning Blood","Red Skull","Toy Ornithopter","Self Forming Clay","Shuriken","Runic Pyramid","Prayer Wheel","Medical Kit","Strawberry","Matryoshka","Mercury Hourglass"],"acts_visited":["Exordium","TheCity"],"potions_floor_usage":[10,23,23],"damage_taken":[{"damage":7,"enemies":"2 Louse","floor":1,"turns":2},{"damage":0,"enemies":"Jaw Worm","floor":2,"turns":4},{"damage":2,"enemies":"Lagavulin","floor":6,"turns":6},{"damage":0,"enemies":"Cultist","floor":7,"turns":3},{"damage":23,"enemies":"Gremlin Nob","floor":10,"turns":4},{"damage":7,"enemies":"2 Fungi Beasts","floor":11,"turns":3},{"damage":3,"enemies":"3 Sentries","floor":12,"turns":4},{"damage":0,"enemies":"Lagavulin","floor":14,"turns":4},{"damage":26,"enemies":"Hexaghost","floor":16,"turns":5},{"damage":0,"enemies":"Spheric Guardian","floor":18,"turns":3},{"damage":22,"enemies":"Shell Parasite","floor":20,"turns":5},{"damage":13,"enemies":"Centurion and Healer","floor":21,"turns":6},{"damage":4,"enemies":"Snecko","floor":22,"turns":15},{"damage":25,"enemies":"Gremlin Leader","floor":23,"turns":5},{"damage":11,"enemies":"Sentry and Sphere","floor":28,"turns":6},{"damage":41,"enemies":"Slavers","floor":29,"turns":4},{"damage":13,"enemies":"Book of Stabbing","floor":30,"turns":4}],"seed_played":"2559229204848092098","potions_obtained":[{"floor":1,"key":"DuplicationPotion"},{"floor":7,"key":"FearPotion"},{"floor":10,"key":"AttackPotion"},{"floor":18,"key":"DuplicationPotion"},{"floor":21,"key":"Explosive Potion"},{"floor":29,"key":"BlessingOfTheForge"}],"is_trial":true,"path_per_floor":["M","M","?","?","$","E","M","$","T","E","M","E","R","E","R","B",null,"M","?","M","M","M","E","$","?","T","T","M","E","E"],"character_chosen":"IRONCLAD","items_purchased":["Apotheosis","Medical Kit"],"campfire_rested":0,"item_purchase_floors":[5,24],"current_hp_per_floor":[67,73,62,62,62,66,72,72,72,60,59,62,62,68,68,48,68,74,74,58,51,53,44,44,51,51,51,46,11,0,0],"gold":152,"neow_bonus":"","is_daily":false,"chose_seed":false,"campfire_upgraded":2,"win_rate":0.0,"timestamp":1613883776,"path_taken":["M","M","?","?","$","E","?","$","T","?","?","E","R","E","R","BOSS","M","?","M","M","M","E","$","?","T","?","M","?","E"],"items_purchased_type":["Card","Relic"],"build_version":"2020-12-22","purchased_purges":3,"victory":false,"max_hp_per_floor":[75,75,75,75,75,75,75,75,75,75,75,75,75,75,75,75,75,75,75,75,75,75,75,75,82,82,82,82,82,82,82],"relic_stats":{"counters":[17,83],"Self Forming Clay":[69],"Shuriken":[5],"Prayer Wheel":1,"Medical Kit":[7],"obtain_stats":[{"Matryoshka":27,"Self Forming Clay":10,"Shuriken":14,"Strawberry":25,"Prayer Wheel":23,"Medical Kit":24,"Burning Blood":0,"Red Skull":6,"Toy Ornithopter":9,"Runic Pyramid":17,"Mercury Hourglass":29},{"Matryoshka":14,"Self Forming Clay":5,"Shuriken":8,"Strawberry":14,"Prayer Wheel":14,"Medical Kit":14,"Burning Blood":0,"Red Skull":3,"Toy Ornithopter":4,"Runic Pyramid":9,"Mercury Hourglass":16},{"Matryoshka":69,"Self Forming Clay":19,"Shuriken":30,"Strawberry":69,"Prayer Wheel":69,"Medical Kit":69,"Burning Blood":0,"Red Skull":12,"Toy Ornithopter":15,"Runic Pyramid":35,"Mercury Hourglass":79}],"Burning Blood":96,"Toy Ornithopter":15,"Mercury Hourglass":[12]},"card_choices":[{"not_picked":["Defragment","Prepared","Blizzard"],"picked":"SKIP","floor":1},{"not_picked":["Anger","Masterful Stab","Clothesline"],"picked":"SKIP","floor":2},{"not_picked":["Tactician","Compile Driver","Perfected Strike"],"picked":"SKIP","floor":6},{"not_picked":["Barrage","Outmaneuver","MentalFortress"],"picked":"SKIP","floor":7},{"not_picked":["MentalFortress","Iron Wave","Immolate"],"picked":"SKIP","floor":10},{"not_picked":["Searing Blow","Deadly Poison","Headbutt"],"picked":"SKIP","floor":11},{"not_picked":["Compile Driver","Defragment","Outmaneuver"],"picked":"SKIP","floor":12},{"not_picked":["Undo","Headbutt","Reaper"],"picked":"SKIP","floor":14},{"not_picked":["FlurryOfBlows","Hello World+1","Beam Cell"],"picked":"SKIP","floor":18},{"not_picked":["Clash","Tactician","Acrobatics"],"picked":"SKIP","floor":20},{"not_picked":["EmptyFist","Skewer","Hello World"],"picked":"SKIP","floor":21},{"not_picked":["SandsOfTime","Flex","Headbutt"],"picked":"SKIP","floor":22},{"not_picked":["Consecrate+1","Perfected Strike","Flame Barrier+1"],"picked":"SKIP","floor":23},{"not_picked":["Hyperbeam","Clash"],"picked":"Backflip","floor":28},{"not_picked":["Rebound","Tactician","Steam"],"picked":"SKIP","floor":28},{"not_picked":["Unload","White Noise","Disarm"],"picked":"SKIP","floor":29}],"player_experience":1976340,"relics_obtained":[{"floor":6,"key":"Red Skull"},{"floor":9,"key":"Toy Ornithopter"},{"floor":10,"key":"Self Forming Clay"},{"floor":14,"key":"Shuriken"},{"floor":23,"key":"Prayer Wheel"},{"floor":27,"key":"Matryoshka"},{"floor":29,"key":"Mercury Hourglass"}],"event_choices":[{"damage_healed":0,"gold_gain":75,"player_choice":"Gather Gold","damage_taken":11,"max_hp_gain":0,"max_hp_loss":0,"event_name":"World of Goop","floor":3,"gold_loss":0},{"damage_healed":0,"gold_gain":150,"player_choice":"AGREE","damage_taken":0,"max_hp_gain":0,"max_hp_loss":0,"event_name":"Liars Game","floor":4,"gold_loss":0,"cards_obtained":["Doubt"]},{"damage_healed":0,"gold_gain":0,"cards_transformed":["Gash","Consecrate"],"player_choice":"Became Test Subject","damage_taken":0,"max_hp_gain":0,"max_hp_loss":0,"event_name":"Drug Dealer","floor":19,"gold_loss":0,"cards_obtained":["ReachHeaven","Blood for Blood"]},{"damage_healed":0,"gold_gain":0,"player_choice":"Opened","damage_taken":0,"relics_obtained":["Strawberry"],"max_hp_gain":0,"max_hp_loss":0,"event_name":"The Mausoleum","floor":25,"gold_loss":0,"cards_obtained":["Writhe"]}],"is_beta":false,"boss_relics":[{"not_picked":["Black Blood","Empty Cage"],"picked":"Runic Pyramid"}],"items_purged_floors":[5,8,24],"is_endless":false,"potions_floor_spawned":[1,7,10,14,18,21,29],"killed_by":"Book of Stabbing","ascension_level":20}}