{"host":"6vtgmkkqqeew181q","time":1613869580,"event":{"mods":["AlwaysNeverKeys","BaseMod","Better Skull","Better Third Choice","BetterRewards","Colored Powertips","Downfall","Faster Ascension Climbing","Highlight Path","Minty Spire (QoL Compilation)","Reliquary","Replay The Spire","Spire Birthday Party","StSLib","The Cursed","The Edgeheg","The IronCluck","The Jungle","The Servant 0.9.4"],"gold_per_floor":[84,84,101,116,116,132,132,167,194,208,208,242,217,251,251,379,379,379,379],"floor_reached":18,"language":"ENG","playtime":1617,"items_purged":[],"score":205,"play_id":"9128cbb5-2608-4d2f-a63f-a3bc69a27bda","local_time":"20210220170620","is_ascension_mode":false,"campfire_choices":[{"data":"theEdgeheg:PlayRandomCard","floor":7,"key":"SMITH"},{"data":"theEdgeheg:Grr","floor":11,"key":"SMITH"},{"data":"theEdgeheg:BadassArsenal","floor":15,"key":"SMITH"}],"circlet_count":0,"master_deck":["theEdgeheg:StarterShootAttack","theEdgeheg:StarterShootAttack","theEdgeheg:StarterShootAttack","theEdgeheg:StarterShootAttack","theEdgeheg:StarterDodgeSkill","theEdgeheg:StarterDodgeSkill","theEdgeheg:StarterDodgeSkill","theEdgeheg:BloodyKatana","theEdgeheg:ChaosControlSkill","theEdgeheg:GatherChaos","theEdgeheg:Grr+1","theEdgeheg:DieDieDie","theEdgeheg:PlayRandomCard+1","theEdgeheg:BadassArsenal+1","theEdgeheg:CSGun","theEdgeheg:Disrobe","theEdgeheg:MachineGun","theEdgeheg:Fastness","theEdgeheg:RegularGun","theEdgeheg:PerfectAim"],"relics":["theEdgeheg:UltimateLifeformRelic","theEdgeheg:GreenEmeraldRelic","Golden Idol","Slimebound:StickyStick","Blood Vial","Tiny Chest","Pet Ghost","expansioncontent:StudyCardRelic"],"acts_visited":["Exordium","TheCity"],"potions_floor_usage":[18,18,18],"damage_taken":[{"damage":0,"enemies":"Small Slimes","floor":1,"turns":6},{"damage":0,"enemies":"Jaw Worm","floor":3,"turns":5},{"damage":0,"enemies":"2 Louse","floor":4,"turns":2},{"damage":0,"enemies":"Looter","floor":6,"turns":5},{"damage":1,"enemies":"Gremlin Nob","floor":8,"turns":7},{"damage":2,"enemies":"2 Fungi Beasts","floor":10,"turns":3},{"damage":2,"enemies":"3 Sentries","floor":12,"turns":4},{"damage":1,"enemies":"Lagavulin","floor":14,"turns":6},{"damage":4,"enemies":"The Guardian","floor":16,"turns":15},{"damage":4,"enemies":"3 Byrds","floor":18,"turns":2}],"seed_played":"-4489308435087063534","potions_obtained":[{"floor":6,"key":"PowerPotion"},{"floor":8,"key":"Regen Potion"},{"floor":10,"key":"Weak Potion"}],"is_trial":false,"path_per_floor":["M","?","M","M","?","M","R","E","T","M","R","E","$","E","R","B",null,"M"],"character_chosen":"THE_DEFAULT","items_purchased":["theEdgeheg:Fastness"],"campfire_rested":0,"item_purchase_floors":[13],"current_hp_per_floor":[5,6,6,6,5,6,6,5,5,4,4,4,4,4,4,1,2,0,0],"gold":379,"neow_bonus":"TEN_PERCENT_HP_BONUS","is_daily":false,"chose_seed":false,"campfire_upgraded":3,"win_rate":0.0,"timestamp":1613869580,"path_taken":["M","?","M","M","?","M","R","E","T","M","R","E","$","E","R","BOSS","M"],"items_purchased_type":["Card"],"build_version":"2020-12-22","purchased_purges":0,"victory":false,"max_hp_per_floor":[5,6,6,6,6,6,6,6,6,6,6,6,6,6,6,6,6,6,6],"card_choices":[{"not_picked":["theEdgeheg:BloodyKatana","theEdgeheg:HappiestTimmy"],"picked":"theEdgeheg:Grr","floor":1},{"not_picked":["theEdgeheg:TimmyBackflip","theEdgeheg:BloodyKatana"],"picked":"theEdgeheg:DieDieDie","floor":3},{"not_picked":["theEdgeheg:QuickKatana","theEdgeheg:DashKatana"],"picked":"theEdgeheg:PlayRandomCard","floor":4},{"not_picked":["theEdgeheg:TimmyBackflip","theEdgeheg:Grr"],"picked":"theEdgeheg:BadassArsenal","floor":6},{"not_picked":["theEdgeheg:Grr","theEdgeheg:Butt"],"picked":"theEdgeheg:CSGun","floor":8},{"not_picked":["theEdgeheg:PlayRandomCard","theEdgeheg:Shotgun"],"picked":"theEdgeheg:Disrobe","floor":10},{"not_picked":["theEdgeheg:Butt","theEdgeheg:ChaosControlSkill"],"picked":"theEdgeheg:MachineGun","floor":12},{"not_picked":["theEdgeheg:Knives","theEdgeheg:BlowCover"],"picked":"theEdgeheg:RegularGun","floor":14},{"not_picked":["theEdgeheg:UnplayableBomb","theEdgeheg:ArtOfTheBlade"],"picked":"theEdgeheg:PerfectAim","floor":16}],"player_experience":700951,"relics_obtained":[{"floor":8,"key":"Slimebound:StickyStick"},{"floor":9,"key":"Blood Vial"},{"floor":12,"key":"Tiny Chest"},{"floor":14,"key":"Pet Ghost"}],"event_choices":[{"damage_healed":0,"gold_gain":0,"player_choice":"Take Damage","damage_taken":1,"relics_obtained":["Golden Idol"],"max_hp_gain":0,"max_hp_loss":0,"event_name":"Golden Idol","floor":5,"gold_loss":0}],"is_beta":false,"boss_relics":[{"not_picked":["reliquary:KinkedSpring","Painkiller Herb"],"picked":"expansioncontent:StudyCardRelic"}],"items_purged_floors":[],"is_endless":false,"potions_floor_spawned":[6,8,10],"killed_by":"3 Byrds","ascension_level":0}}