{"host":"cr9rpoy6dx9riis3","time":1613931259,"event":{"mods":["AchievementEnabler","BaseMod","Better Altar","Better Note","Better Sensory Stone","Better Skull","Better Third Choice","Better-Laid Plans","BetterRewards","Block Reminder","Curses Come First","Displayed Cursed Tome","Emptier Cage","Marked Mod","Minty Spire (QoL Compilation)","Permanent Neow","Relic Sorter","StSLib","The Blue Laboratory","Transform Curses"],"gold_per_floor":[115,129,129,146,146,172,172,187,257,257,326,326,340,117,117,117,117],"floor_reached":16,"language":"ENG","playtime":623,"items_purged":["Defend_G"],"score":125,"play_id":"07adb8d3-c0ac-47f7-a193-bbe7c75e6b29","local_time":"20210221191419","is_ascension_mode":true,"campfire_choices":[{"data":"Neutralize","floor":7,"key":"SMITH"},{"data":"Grand Finale","floor":10,"key":"SMITH"},{"floor":12,"key":"REST"},{"data":"Backflip","floor":15,"key":"SMITH"}],"circlet_count":0,"master_deck":["Strike_G","Strike_G","Strike_G","Strike_G+1","Strike_G","Defend_G","Defend_G","Defend_G","Defend_G","Survivor+1","Neutralize+1","Backflip+1","Grand Finale+1","Quick Slash+1","Grand Finale+1"],"relics":["Sozu","Molten Egg 2","StoneCalendar"],"acts_visited":["Exordium"],"potions_floor_usage":[],"damage_taken":[{"damage":0,"enemies":"Jaw Worm","floor":1,"turns":4},{"damage":5,"enemies":"Cultist","floor":2,"turns":4},{"damage":0,"enemies":"2 Louse","floor":4,"turns":3},{"damage":34,"enemies":"3 Sentries","floor":6,"turns":13},{"damage":0,"enemies":"Red Slaver","floor":8,"turns":6},{"damage":0,"enemies":"Exordium Wildlife","floor":13,"turns":7},{"damage":46,"enemies":"The Guardian","floor":16,"turns":12}],"seed_played":"-4508068484471506074","potions_obtained":[],"is_trial":false,"path_per_floor":["M","M","?","M","?","E","R","M","T","R","T","R","M","$","R","B"],"character_chosen":"THE_SILENT","items_purchased":["DollysMirror"],"campfire_rested":1,"item_purchase_floors":[14],"current_hp_per_floor":[70,65,51,51,56,22,22,22,22,22,22,44,44,44,44,0,0],"gold":117,"neow_bonus":"BOSS_RELIC","is_daily":false,"chose_seed":false,"campfire_upgraded":3,"win_rate":0.0,"timestamp":1613931259,"path_taken":["M","M","?","M","?","E","R","M","T","R","?","R","?","$","R","BOSS"],"items_purchased_type":["Relic"],"build_version":"2020-12-22","purchased_purges":1,"victory":false,"max_hp_per_floor":[70,70,70,70,75,75,75,75,75,75,75,75,75,75,75,75,75],"card_choices":[{"not_picked":["Expertise","Bane","Poisoned Stab"],"picked":"SKIP","floor":1},{"not_picked":["Expertise","Blade Dance"],"picked":"Backflip","floor":2},{"not_picked":["Poisoned Stab","Bane","Underhanded Strike"],"picked":"SKIP","floor":4},{"not_picked":["Deadly Poison","Underhanded Strike"],"picked":"Infinite Blades","floor":6},{"not_picked":["Underhanded Strike","Bane"],"picked":"Grand Finale","floor":8},{"not_picked":["Prepared","Flying Knee+1"],"picked":"Quick Slash+1","floor":13}],"player_experience":764329,"relics_obtained":[{"floor":6,"key":"StoneCalendar"},{"floor":9,"key":"Molten Egg 2"}],"event_choices":[{"damage_healed":65,"gold_gain":0,"player_choice":"Upgrade","damage_taken":14,"max_hp_gain":0,"max_hp_loss":70,"event_name":"betterThird:BetterShining","floor":3,"gold_loss":0,"cards_upgraded":["Strike_G","Survivor"]},{"damage_healed":0,"gold_gain":0,"player_choice":"Donut","damage_taken":0,"max_hp_gain":5,"max_hp_loss":0,"event_name":"Big Fish","floor":5,"gold_loss":0}],"is_beta":false,"boss_relics":[],"items_purged_floors":[14],"is_endless":false,"potions_floor_spawned":[1,4,8],"killed_by":"The Guardian","ascension_level":5}}