{"host":"bvp2uifzy1c463d9","time":1613878264,"event":{"mods":["AchievementEnabler","BaseMod","Better Note","Block Reminder","Bossed Relics","Colored Map","Colored Powertips","Highlight Path","Minty Spire (QoL Compilation)","Relic Sorter","Relic Stats","Replay The Spire","StSLib","The Blue Laboratory"],"gold_per_floor":[117,131,131,151,161,161,7,7,7],"floor_reached":8,"language":"ENG","playtime":405,"items_purged":[],"score":55,"play_id":"88b8e261-1ab2-417f-a053-4130d032a1ea","local_time":"20210220213104","is_ascension_mode":true,"campfire_choices":[{"data":"Redo","floor":6,"key":"SMITH"}],"circlet_count":0,"master_deck":["Strike_B","Strike_B","Defend_B","Defend_B","Defend_B","Zap","Dualcast","Cold Snap","Rebound","Redo+1","Seek"],"relics":["Replay:Drink Me","Membership Card"],"acts_visited":["Exordium"],"potions_floor_usage":[],"damage_taken":[{"damage":0,"enemies":"Jaw Worm","floor":1,"turns":6},{"damage":0,"enemies":"2 Louse","floor":2,"turns":6},{"damage":16,"enemies":"Cultist","floor":4,"turns":4},{"damage":38,"enemies":"Lots of Slimes","floor":5,"turns":13},{"damage":11,"enemies":"Lagavulin","floor":8,"turns":2}],"seed_played":"-2875108782421367195","potions_obtained":[{"floor":2,"key":"SteroidPotion"},{"floor":5,"key":"Weak Potion"}],"is_trial":false,"path_per_floor":["M","M","?","M","M","R","$","E"],"character_chosen":"DEFECT","items_purchased":["Membership Card"],"campfire_rested":0,"item_purchase_floors":[7],"current_hp_per_floor":[57,57,62,46,8,8,8,0,0],"gold":7,"neow_bonus":"BOSS_RELIC","is_daily":false,"chose_seed":false,"campfire_upgraded":1,"win_rate":0.0,"timestamp":1613878264,"path_taken":["M","M","?","M","M","R","$","E"],"items_purchased_type":["Relic"],"build_version":"2020-12-22","purchased_purges":0,"victory":false,"max_hp_per_floor":[57,57,62,62,62,62,62,62,62],"relic_stats":{"counters":[5,31],"obtain_stats":[{"Membership Card":7,"Cracked Core":0,"Replay:Drink Me":0},{"Membership Card":4,"Cracked Core":0,"Replay:Drink Me":0},{"Membership Card":29,"Cracked Core":0,"Replay:Drink Me":0}]},"card_choices":[{"not_picked":["Recycle","Stack"],"picked":"Cold Snap","floor":1},{"not_picked":["Aggregate","Chill"],"picked":"Rebound","floor":2},{"not_picked":["Stack","Coolheaded"],"picked":"Redo","floor":4},{"not_picked":["Sunder","Steam Power"],"picked":"Seek","floor":5}],"player_experience":266682,"relics_obtained":[],"event_choices":[{"damage_healed":0,"gold_gain":0,"player_choice":"Donut","damage_taken":0,"max_hp_gain":5,"max_hp_loss":0,"event_name":"Big Fish","floor":3,"gold_loss":0}],"is_beta":false,"boss_relics":[],"items_purged_floors":[],"is_endless":false,"potions_floor_spawned":[2,5],"killed_by":"Lagavulin","ascension_level":3}}