{"host":"jyt72nbfoih0mxuq","time":1613943868,"event":{"mods":["BaseMod","Minty Spire (QoL Compilation)","Relic Stats"],"gold_per_floor":[114,134,145,164,6,6,6,6,29,29,69,69,104,104,104,234,234,259,259,259,186,200,200,238,251,251,287,287,312,331,352,352,481,481,496,340,300,314,333,372,372,411,411,411,204,204,223,286,286,286,286],"floor_reached":50,"language":"ENG","playtime":2824,"items_purged":["Strike_P","Strike_P","Defend_P","Defend_P"],"score":738,"play_id":"1db565b7-2abf-4407-bdc8-46a82a7ceb87","local_time":"20210221224428","is_ascension_mode":true,"campfire_choices":[{"data":"ForeignInfluence","floor":6,"key":"SMITH"},{"data":"Prostrate","floor":10,"key":"SMITH"},{"data":"Prostrate","floor":12,"key":"SMITH"},{"floor":15,"key":"REST"},{"data":"Flash of Steel","floor":23,"key":"SMITH"},{"floor":28,"key":"REST"},{"floor":32,"key":"REST"},{"floor":41,"key":"REST"},{"data":"Devotion","floor":46,"key":"SMITH"},{"floor":49,"key":"RECALL"}],"circlet_count":0,"master_deck":["Eruption+1","Vigilance","ForeignInfluence+1","FlurryOfBlows","Prostrate+1","ClearTheMind","CutThroughFate+1","Prostrate+1","Flash of Steel+1","ReachHeaven","Evaluate","Brilliance","Wallop+1","Evaluate","Swivel","Tantrum","WheelKick+1","DeusExMachina","TalkToTheHand","Study","Devotion+1","SandsOfTime+1"],"relics":["HolyWater","Smiling Mask","Anchor","Golden Idol","Sozu","Happy Flower","PreservedInsect","Bottled Flame","TungstenRod","Pantograph","ClockworkSouvenir","Gambling Chip"],"acts_visited":["Exordium","TheCity","TheBeyond"],"potions_floor_usage":[13,29],"damage_taken":[{"damage":4,"enemies":"Small Slimes","floor":1,"turns":2},{"damage":2,"enemies":"2 Louse","floor":2,"turns":3},{"damage":0,"enemies":"Cultist","floor":3,"turns":2},{"damage":9,"enemies":"Red Slaver","floor":4,"turns":3},{"damage":1,"enemies":"Gremlin Gang","floor":11,"turns":3},{"damage":30,"enemies":"Gremlin Nob","floor":13,"turns":5},{"damage":0,"enemies":"Slime Boss","floor":16,"turns":5},{"damage":0,"enemies":"Spheric Guardian","floor":18,"turns":3},{"damage":0,"enemies":"3 Byrds","floor":22,"turns":5},{"damage":23,"enemies":"Slavers","floor":24,"turns":8},{"damage":7,"enemies":"Snake Plant","floor":25,"turns":4},{"damage":5,"enemies":"Gremlin Leader","floor":27,"turns":6},{"damage":0,"enemies":"Centurion and Healer","floor":29,"turns":4},{"damage":0,"enemies":"Chosen and Byrds","floor":30,"turns":3},{"damage":15,"enemies":"Snake Plant","floor":31,"turns":4},{"damage":25,"enemies":"Champ","floor":33,"turns":5},{"damage":4,"enemies":"Orb Walker","floor":35,"turns":3},{"damage":0,"enemies":"3 Shapes","floor":38,"turns":6},{"damage":17,"enemies":"Maw","floor":39,"turns":5},{"damage":7,"enemies":"Giant Head","floor":40,"turns":4},{"damage":45,"enemies":"Reptomancer","floor":42,"turns":5},{"damage":12,"enemies":"Spire Growth","floor":47,"turns":4},{"damage":5,"enemies":"Mind Bloom Boss Battle","floor":48,"turns":4},{"damage":68,"enemies":"Awakened One","floor":50,"turns":8}],"seed_played":"-8914744087010670418","potions_obtained":[{"floor":1,"key":"StancePotion"},{"floor":3,"key":"Block Potion"},{"floor":13,"key":"SkillPotion"},{"floor":16,"key":"SpeedPotion"}],"is_trial":false,"path_per_floor":["M","M","M","M","$","R","?","?","T","R","M","R","E","?","R","B",null,"M","?","?","$","M","R","E","M","T","E","R","M","M","M","R","B",null,"M","$","?","M","M","E","R","E","T","?","$","R","M","?","R","B"],"character_chosen":"WATCHER","items_purchased":["Flash of Steel","Evaluate","TalkToTheHand","Study","ClockworkSouvenir"],"campfire_rested":4,"item_purchase_floors":[5,21,36,36,45],"current_hp_per_floor":[61,59,59,50,50,50,50,50,50,50,49,49,19,19,37,37,60,60,50,50,50,50,50,27,20,20,15,34,34,34,19,38,13,65,61,61,61,61,44,37,56,11,11,57,57,57,45,52,52,0,0],"gold":286,"neow_bonus":"TRANSFORM_TWO_CARDS","is_daily":false,"chose_seed":false,"campfire_upgraded":5,"win_rate":0.0,"timestamp":1613943868,"path_taken":["M","M","M","M","$","R","?","?","T","R","M","R","E","?","R","BOSS","M","?","?","$","M","R","E","M","T","E","R","M","M","M","R","BOSS","M","$","?","?","?","E","R","E","T","?","$","R","M","?","R","BOSS"],"items_purchased_type":["Card","Card","Card","Card","Relic"],"build_version":"2020-12-22","purchased_purges":4,"victory":false,"max_hp_per_floor":[65,65,65,65,65,65,65,65,65,65,65,65,65,60,60,60,60,60,65,65,65,65,65,65,65,65,65,65,65,65,65,65,65,65,65,65,65,65,65,65,65,65,65,57,57,57,57,57,57,57,57],"relic_stats":{"Sozu":5,"Happy Flower":[21],"counters":[24,104],"Golden Idol":134,"Pantograph":17,"Gambling Chip":[1],"PreservedInsect":230,"Smiling Mask":225,"obtain_stats":[{"Happy Flower":24,"Golden Idol":14,"PreservedInsect":26,"Smiling Mask":9,"ClockworkSouvenir":45,"Sozu":17,"Anchor":13,"Bottled Flame":27,"Pantograph":42,"Gambling Chip":48,"HolyWater":34,"PureWater":0,"TungstenRod":40},{"Happy Flower":10,"Golden Idol":6,"PreservedInsect":11,"Smiling Mask":4,"ClockworkSouvenir":21,"Sozu":7,"Anchor":6,"Bottled Flame":12,"Pantograph":21,"Gambling Chip":23,"HolyWater":16,"PureWater":0,"TungstenRod":20},{"Happy Flower":39,"Golden Idol":18,"PreservedInsect":43,"Smiling Mask":10,"ClockworkSouvenir":88,"Sozu":23,"Anchor":18,"Bottled Flame":49,"Pantograph":88,"Gambling Chip":96,"HolyWater":65,"PureWater":0,"TungstenRod":83}],"TungstenRod":15},"card_choices":[{"not_picked":["Consecrate","BattleHymn"],"picked":"Prostrate","floor":1},{"not_picked":["JustLucky","Weave"],"picked":"ClearTheMind","floor":2},{"not_picked":["CrushJoints","PathToVictory"],"picked":"CutThroughFate","floor":3},{"not_picked":["Halt","JustLucky"],"picked":"Prostrate","floor":4},{"not_picked":["Crescendo","CrushJoints"],"picked":"Evaluate","floor":11},{"not_picked":["Nirvana","Collect","Sanctity"],"picked":"SKIP","floor":13},{"not_picked":["LessonLearned","Alpha"],"picked":"Brilliance","floor":16},{"not_picked":["Consecrate+1","Prostrate"],"picked":"Wallop+1","floor":18},{"not_picked":["ClearTheMind+1","Consecrate","EmptyBody"],"picked":"SKIP","floor":22},{"not_picked":["ClearTheMind+1","Consecrate","EmptyBody"],"picked":"SKIP","floor":22},{"not_picked":["ThirdEye","PathToVictory+1","Swivel"],"picked":"SKIP","floor":24},{"not_picked":["ThirdEye","PathToVictory+1"],"picked":"Swivel","floor":24},{"not_picked":["Nirvana","PathToVictory","JustLucky+1"],"picked":"SKIP","floor":25},{"not_picked":["Consecrate","PathToVictory"],"picked":"Tantrum","floor":27},{"not_picked":["PathToVictory","FlurryOfBlows","InnerPeace"],"picked":"SKIP","floor":29},{"not_picked":["Weave","Swivel+1"],"picked":"WheelKick+1","floor":30},{"not_picked":["Protect+1","Vengeance","Fasting2+1"],"picked":"SKIP","floor":31},{"not_picked":["Omniscience","Alpha"],"picked":"DeusExMachina","floor":33},{"not_picked":["Protect+1","ThirdEye","Crescendo"],"picked":"SKIP","floor":35},{"not_picked":["Consecrate","FlurryOfBlows+1","CrushJoints"],"picked":"SKIP","floor":38},{"not_picked":["FlurryOfBlows","Study"],"picked":"Devotion","floor":39},{"not_picked":["JustLucky","Conclude","EmptyBody+1"],"picked":"SKIP","floor":40},{"not_picked":["EmptyMind","JustLucky+1"],"picked":"SandsOfTime+1","floor":42},{"not_picked":["InnerPeace+1","EmptyMind","SashWhip"],"picked":"SKIP","floor":47}],"player_experience":220561,"relics_obtained":[{"floor":9,"key":"Smiling Mask"},{"floor":13,"key":"Anchor"},{"floor":24,"key":"Happy Flower"},{"floor":26,"key":"PreservedInsect"},{"floor":27,"key":"Bottled Flame"},{"floor":40,"key":"TungstenRod"},{"floor":42,"key":"Pantograph"},{"floor":48,"key":"Gambling Chip"}],"event_choices":[{"damage_healed":0,"gold_gain":0,"cards_transformed":["Strike_P"],"player_choice":"Change","damage_taken":0,"max_hp_gain":0,"max_hp_loss":0,"event_name":"Living Wall","floor":7,"gold_loss":0,"cards_obtained":["ReachHeaven"]},{"damage_healed":0,"gold_gain":0,"player_choice":"Ignored","damage_taken":0,"max_hp_gain":0,"max_hp_loss":0,"event_name":"Liars Game","floor":8,"gold_loss":0},{"damage_healed":0,"gold_gain":0,"player_choice":"Lose Max HP","damage_taken":0,"relics_obtained":["Golden Idol"],"max_hp_gain":0,"max_hp_loss":5,"event_name":"Golden Idol","floor":14,"gold_loss":0},{"damage_healed":0,"gold_gain":0,"player_choice":"Shed Blood","damage_taken":15,"max_hp_gain":5,"max_hp_loss":0,"event_name":"Forgotten Altar","floor":19,"gold_loss":0},{"cards_removed":["Defend_P"],"damage_healed":0,"gold_gain":0,"player_choice":"Purged","damage_taken":0,"max_hp_gain":0,"max_hp_loss":0,"event_name":"Purifier","floor":20,"gold_loss":0},{"damage_healed":0,"gold_gain":0,"player_choice":"Upgraded Two","damage_taken":0,"max_hp_gain":0,"max_hp_loss":0,"event_name":"Designer","floor":37,"gold_loss":40,"cards_upgraded":["Eruption","CutThroughFate"]},{"damage_healed":57,"gold_gain":0,"player_choice":"Heal","damage_taken":0,"max_hp_gain":0,"max_hp_loss":8,"event_name":"The Moai Head","floor":44,"gold_loss":0},{"damage_healed":0,"gold_gain":0,"player_choice":"Fight","damage_taken":0,"max_hp_gain":0,"max_hp_loss":0,"event_name":"MindBloom","floor":48,"gold_loss":0}],"is_beta":false,"boss_relics":[{"not_picked":["SlaversCollar","Velvet Choker"],"picked":"Sozu"},{"not_picked":["SacredBark","Black Star"],"picked":"HolyWater"}],"items_purged_floors":[5,21,36,45],"is_endless":false,"potions_floor_spawned":[1,3,13,16,18,27,30,40,48],"killed_by":"Awakened One","ascension_level":4}}