{"host":"w7luwlzeuqu3cdo6","time":1613927436,"event":{"mods":["BaseMod","Minty Spire (QoL Compilation)","StSLib","Together in Spire"],"gold_per_floor":[119,130,144,94,94,118,118,43,67,66,109,134,167,167,167,286,286,306,306,306,206,206,244,269,282,308,308,223,223,254,279,279,404,404,424,424,757,757,228,262,262,262,262,282,311,324,338,364,364,364],"floor_reached":51,"language":"ENG","playtime":2508,"items_purged":["Defend_B","Darkness","Coolheaded"],"score":783,"play_id":"fade5151-3bfd-426e-a6f3-1e1ed787f336","local_time":"20210221181036","is_ascension_mode":false,"campfire_choices":[{"data":"White Noise","floor":7,"key":"SMITH"},{"floor":15,"key":"REST"},{"data":"Machine Learning","floor":29,"key":"SMITH"},{"data":"Undo","floor":32,"key":"SMITH"},{"data":"1","floor":42,"key":"LIFT"},{"floor":49,"key":"REST"}],"circlet_count":0,"master_deck":["Strike_B","Strike_B","Strike_B","Defend_B","Defend_B","Defend_B","White Noise+1","Hyperbeam+1","Machine Learning+1","Skim","Rebound","Undo+1","Sunder","Beam Cell","Leap+1","Meteor Strike","Violence","Leap+1","Madness","Madness","Echo Form","White Noise+1","Undo+1","FTL+1","Hello World+1","Turbo+1","Auto Shields+1"],"relics":["Cracked Core","NeowsBlessing","Orichalcum","Juzu Bracelet","Prayer Wheel","Empty Cage","Happy Flower","Girya","Pen Nib","Letter Opener","Strawberry","Fusion Hammer","Membership Card","Art of War","Incense Burner","Bottled Lightning","Mercury Hourglass","Toxic Egg 2","Blood Vial"],"acts_visited":["Exordium","TheCity","TheBeyond"],"potions_floor_usage":[23,30,40,46,50,50],"damage_taken":[{"damage":0,"enemies":"Cultist","floor":1,"turns":1},{"damage":0,"enemies":"Jaw Worm","floor":2,"turns":1},{"damage":0,"enemies":"2 Louse","floor":3,"turns":1},{"damage":0,"enemies":"Large Slime","floor":6,"turns":2},{"damage":0,"enemies":"Looter","floor":10,"turns":2},{"damage":2,"enemies":"3 Sentries","floor":11,"turns":4},{"damage":0,"enemies":"Exordium Wildlife","floor":12,"turns":2},{"damage":23,"enemies":"Lagavulin","floor":13,"turns":3},{"damage":0,"enemies":"Hexaghost","floor":16,"turns":4},{"damage":8,"enemies":"3 Byrds","floor":18,"turns":3},{"damage":0,"enemies":"Slavers","floor":23,"turns":1},{"damage":5,"enemies":"Spheric Guardian","floor":24,"turns":3},{"damage":0,"enemies":"Centurion and Healer","floor":25,"turns":3},{"damage":31,"enemies":"Gremlin Leader","floor":30,"turns":3},{"damage":0,"enemies":"Shelled Parasite and Fungi","floor":31,"turns":2},{"damage":0,"enemies":"Collector","floor":33,"turns":4},{"damage":4,"enemies":"3 Darklings","floor":35,"turns":2},{"damage":0,"enemies":"Nemesis","floor":40,"turns":4},{"damage":0,"enemies":"Orb Walker","floor":44,"turns":1},{"damage":0,"enemies":"Giant Head","floor":45,"turns":4},{"damage":4,"enemies":"Sphere and 2 Shapes","floor":46,"turns":3},{"damage":0,"enemies":"3 Darklings","floor":47,"turns":2},{"damage":6,"enemies":"Nemesis","floor":48,"turns":4},{"damage":14,"enemies":"Donu and Deca","floor":50,"turns":4}],"seed_played":"-5346704823205082202","potions_obtained":[{"floor":2,"key":"Energy Potion"},{"floor":6,"key":"GamblersBrew"},{"floor":11,"key":"AttackPotion"},{"floor":16,"key":"LiquidMemories"},{"floor":24,"key":"FairyPotion"},{"floor":30,"key":"Block Potion"},{"floor":35,"key":"ColorlessPotion"},{"floor":40,"key":"Dexterity Potion"},{"floor":46,"key":"BlessingOfTheForge"},{"floor":47,"key":"Swift Potion"},{"floor":48,"key":"Energy Potion"}],"is_trial":false,"path_per_floor":["M","M","M","?","?","M","R","$","T","M","E","M","E","?","R","B",null,"M","?","?","$","?","E","M","M","T","?","?","R","E","M","R","B",null,"M","?","?","?","$","E","?","R","T","M","E","M","M","E","R","B",null],"character_chosen":"DEFECT","items_purchased":["Membership Card","Art of War","Incense Burner","Violence"],"campfire_rested":2,"item_purchase_floors":[39,39,39,39],"current_hp_per_floor":[75,75,75,75,57,57,57,57,57,57,55,55,32,32,54,54,75,67,67,67,67,72,72,67,67,67,67,67,67,43,43,43,43,82,78,78,78,78,78,78,68,68,68,68,68,64,64,58,82,68],"gold":364,"neow_bonus":"THREE_ENEMY_KILL","is_daily":false,"chose_seed":false,"campfire_upgraded":3,"win_rate":0.0,"timestamp":1613927436,"path_taken":["M","?","M","?","?","M","R","$","T","M","E","M","E","?","R","BOSS","M","?","?","$","?","E","M","M","T","?","?","R","E","M","R","BOSS","M","?","?","?","$","E","?","R","T","M","E","M","M","E","R","BOSS"],"items_purchased_type":["Relic","Relic","Relic","Card"],"build_version":"2020-12-22","purchased_purges":3,"victory":true,"max_hp_per_floor":[75,75,75,75,75,75,75,75,75,75,75,75,75,75,75,75,75,75,75,75,75,75,75,75,75,75,75,75,75,82,82,82,82,82,82,82,82,82,82,82,82,82,82,82,82,82,82,82,82,82],"card_choices":[{"not_picked":["Coolheaded","Lockon"],"picked":"Darkness","floor":1},{"not_picked":["Go for the Eyes","Rebound","Hologram"],"picked":"SKIP","floor":2},{"not_picked":["Compile Driver","Stack"],"picked":"Coolheaded","floor":3},{"not_picked":["Stack","Coolheaded"],"picked":"White Noise","floor":6},{"not_picked":["Chill","Rainbow"],"picked":"Storm","floor":10},{"not_picked":["Sweeping Beam","Force Field","Ball Lightning"],"picked":"SKIP","floor":11},{"not_picked":["Genetic Algorithm","Streamline"],"picked":"Darkness","floor":12},{"not_picked":["Heatsinks","Leap"],"picked":"Hyperbeam","floor":13},{"not_picked":["Electrodynamics","Core Surge"],"picked":"Machine Learning","floor":16},{"not_picked":["Conserve Battery","Steam"],"picked":"Ball Lightning","floor":18},{"not_picked":["Aggregate","Stack"],"picked":"Skim","floor":18},{"not_picked":["Steam","Ball Lightning+1"],"picked":"Rebound","floor":23},{"not_picked":["Blizzard","Darkness"],"picked":"Undo","floor":24},{"not_picked":["Doom and Gloom","Glacier","Aggregate"],"picked":"SKIP","floor":24},{"not_picked":["Darkness","Redo"],"picked":"Sunder","floor":25},{"not_picked":["Sweeping Beam+1","Fusion","Barrage"],"picked":"SKIP","floor":25},{"not_picked":["Static Discharge","Sunder","Loop"],"picked":"SKIP","floor":30},{"not_picked":["Steam","Stack"],"picked":"Beam Cell","floor":31},{"not_picked":["Leap+1","Streamline","Cold Snap+1"],"picked":"SKIP","floor":31},{"not_picked":["Streamline","Cold Snap+1"],"picked":"Leap+1","floor":31},{"not_picked":["Core Surge","Multi-Cast"],"picked":"Meteor Strike","floor":33},{"not_picked":["Sunder+1","Sweeping Beam","Rebound"],"picked":"SKIP","floor":35},{"not_picked":["Ball Lightning","Compile Driver+1","Loop"],"picked":"SKIP","floor":35},{"not_picked":["Beam Cell","BootSequence+1"],"picked":"Leap+1","floor":40},{"not_picked":["Static Discharge+1","BootSequence+1"],"picked":"Echo Form","floor":44},{"not_picked":["Capacitor","Gash","Tempest+1"],"picked":"SKIP","floor":44},{"not_picked":["Tempest+1","Compile Driver"],"picked":"White Noise+1","floor":45},{"not_picked":["Rebound+1","Static Discharge"],"picked":"Undo+1","floor":46},{"not_picked":["FTL+1","Tempest+1","BootSequence+1"],"picked":"SKIP","floor":46},{"not_picked":["Tempest+1","BootSequence+1"],"picked":"FTL+1","floor":46},{"not_picked":["Sunder+1","Rebound"],"picked":"Hello World+1","floor":47},{"not_picked":["Gash","Cold Snap"],"picked":"Turbo+1","floor":47},{"not_picked":["Sunder+1","Gash+1"],"picked":"Auto Shields+1","floor":48}],"player_experience":228178,"relics_obtained":[{"floor":9,"key":"Orichalcum"},{"floor":11,"key":"Juzu Bracelet"},{"floor":13,"key":"Prayer Wheel"},{"floor":23,"key":"Girya"},{"floor":26,"key":"Pen Nib"},{"floor":30,"key":"Strawberry"},{"floor":40,"key":"Bottled Lightning"},{"floor":43,"key":"Mercury Hourglass"},{"floor":45,"key":"Toxic Egg 2"},{"floor":48,"key":"Blood Vial"}],"event_choices":[{"cards_removed":["Strike_B"],"damage_healed":0,"gold_gain":0,"player_choice":"Card Removal","damage_taken":0,"max_hp_gain":0,"max_hp_loss":0,"event_name":"The Cleric","floor":4,"gold_loss":50},{"damage_healed":0,"gold_gain":0,"player_choice":"Take Damage","damage_taken":18,"relics_obtained":["Golden Idol"],"max_hp_gain":0,"max_hp_loss":0,"event_name":"Golden Idol","floor":5,"gold_loss":0},{"damage_healed":0,"gold_gain":0,"player_choice":"Grow","damage_taken":0,"max_hp_gain":0,"max_hp_loss":0,"event_name":"Living Wall","floor":14,"gold_loss":0,"cards_upgraded":["Hyperbeam"]},{"damage_healed":0,"gold_gain":0,"player_choice":"Opened","damage_taken":0,"relics_obtained":["Happy Flower"],"max_hp_gain":0,"max_hp_loss":0,"event_name":"The Mausoleum","floor":19,"gold_loss":0},{"cards_removed":["Storm"],"damage_healed":0,"gold_gain":0,"player_choice":"Elegance","damage_taken":0,"max_hp_gain":0,"max_hp_loss":0,"event_name":"Back to Basics","floor":20,"gold_loss":0},{"cards_removed":["Ball Lightning"],"damage_healed":5,"gold_gain":0,"player_choice":"Offered Common","damage_taken":0,"max_hp_gain":0,"max_hp_loss":0,"event_name":"Bonfire Elementals","floor":22,"gold_loss":0},{"cards_removed":["Ball Lightning"],"damage_healed":5,"gold_gain":0,"player_choice":"Offered Special","damage_taken":0,"max_hp_gain":0,"max_hp_loss":0,"event_name":"Bonfire Elementals","floor":22,"gold_loss":0},{"damage_healed":0,"gold_gain":0,"player_choice":"Ignored","damage_taken":0,"max_hp_gain":0,"max_hp_loss":0,"event_name":"Vampires","floor":27,"gold_loss":0},{"damage_healed":0,"gold_gain":0,"player_choice":"Obtained Relic","damage_taken":0,"relics_obtained":["Letter Opener"],"max_hp_gain":0,"max_hp_loss":0,"event_name":"Addict","floor":28,"gold_loss":85},{"cards_removed":["Dualcast"],"damage_healed":0,"gold_gain":0,"player_choice":"Removed Skill","damage_taken":0,"max_hp_gain":0,"max_hp_loss":0,"event_name":"Falling","floor":36,"gold_loss":0},{"damage_healed":0,"gold_gain":333,"player_choice":"Gave Idol","damage_taken":0,"max_hp_gain":0,"max_hp_loss":0,"event_name":"The Moai Head","floor":37,"relics_lost":["Golden Idol"],"gold_loss":0},{"damage_healed":0,"gold_gain":0,"player_choice":"Ignored","damage_taken":0,"max_hp_gain":0,"max_hp_loss":0,"event_name":"Mysterious Sphere","floor":38,"gold_loss":0},{"damage_healed":0,"gold_gain":0,"player_choice":"Embrace Madness","damage_taken":10,"max_hp_gain":0,"max_hp_loss":0,"event_name":"Winding Halls","floor":41,"gold_loss":0,"cards_obtained":["Madness","Madness"]}],"is_beta":false,"boss_relics":[{"not_picked":["Tiny House","Snecko Eye"],"picked":"Empty Cage"},{"not_picked":["Cursed Key","Black Star"],"picked":"Fusion Hammer"}],"items_purged_floors":[8,21,39],"is_endless":false,"potions_floor_spawned":[2,6,11,16,24,25,30,33,35,40,46,47,48],"ascension_level":0}}