{"host":"vx9g5eyuglzorf3u","time":1613879528,"event":{"mods":["2.2 Compatiblity","BaseMod","DeckTracker","Keyboard Shortcuts","Minty Spire (QoL Compilation)","Relic Stats","StSLib","SuperFastMode","everything is the same but u backflip on backflip"],"gold_per_floor":[114,114,134,134,147,147,163,438,438,454,473,473,49,14,14,89,89,105,105,105,105,116,116,16,29,29,29,29,229,247,276,276,354,354,373,30,47,47,47],"floor_reached":38,"language":"KOR","playtime":814,"items_purged":["Regret","Strike_B+1"],"score":772,"play_id":"e78b2779-f984-4aa3-8ef0-836a7ab7c4d3","local_time":"20210221125208","is_ascension_mode":true,"campfire_choices":[{"data":"Zap","floor":6.0,"key":"SMITH"},{"data":"Defragment","floor":15.0,"key":"SMITH"},{"data":"Capacitor","floor":23.0,"key":"SMITH"},{"floor":27.0,"key":"REST"},{"floor":32.0,"key":"REST"}],"circlet_count":0,"master_deck":["AscendersBane","Defend_B+1","Defend_B+1","Defend_B+1","Zap+1","Dualcast","Sweeping Beam","Beam Cell","Coolheaded","Conserve Battery","Ball Lightning","Defragment+1","Electrodynamics","Storm","Capacitor+1","Defragment+1","White Noise","BootSequence","Creative AI+1","Barrage+1","Gash+1","Skim+1","Force Field+1","Storm+1"],"relics":["Cracked Core","Mummified Hand","Pantograph","SacredBark","Meat on the Bone","Frozen Egg 2","Nilry\u0027s Codex","Matryoshka","Astrolabe","Incense Burner"],"acts_visited":["Exordium","TheCity","TheBeyond"],"potions_floor_usage":[37],"damage_taken":[{"damage":1.0,"enemies":"Cultist","floor":1.0,"turns":3.0},{"damage":5.0,"enemies":"Small Slimes","floor":3.0,"turns":3.0},{"damage":7.0,"enemies":"2 Louse","floor":5.0,"turns":3.0},{"damage":19.0,"enemies":"Exordium Thugs","floor":7.0,"turns":6.0},{"damage":4.0,"enemies":"2 Fungi Beasts","floor":10.0,"turns":3.0},{"damage":10.0,"enemies":"Blue Slaver","floor":11.0,"turns":4.0},{"damage":0.0,"enemies":"Gremlin Gang","floor":12.0,"turns":1.0},{"damage":11.0,"enemies":"Slime Boss","floor":16.0,"turns":9.0},{"damage":23.0,"enemies":"2 Thieves","floor":18.0,"turns":3.0},{"damage":27.0,"enemies":"Shell Parasite","floor":22.0,"turns":5.0},{"damage":3.0,"enemies":"3 Cultists","floor":25.0,"turns":3.0},{"damage":0.0,"enemies":"Snecko","floor":30.0,"turns":3.0},{"damage":25.0,"enemies":"Gremlin Leader","floor":31.0,"turns":5.0},{"damage":66.0,"enemies":"Champ","floor":33.0,"turns":8.0},{"damage":9.0,"enemies":"Orb Walker","floor":35.0,"turns":3.0},{"damage":39,"enemies":"3 Darklings","floor":37,"turns":4},{"damage":34,"enemies":"Jaw Worm Horde","floor":38,"turns":3}],"seed_played":"-4816438720671431375","potions_obtained":[{"floor":3.0,"key":"SmokeBomb"},{"floor":16.0,"key":"Strength Potion"},{"floor":25.0,"key":"Strength Potion"},{"floor":31.0,"key":"PotionOfCapacity"},{"floor":33.0,"key":"Energy Potion"}],"is_trial":false,"path_per_floor":["M","?","M","?","M","R","M","?","T","M","M","M","$","?","R","B",null,"M","?","?","T","M","R","$","M","T","R","?","?","M","E","R","B",null,"M","$","M","M"],"character_chosen":"DEFECT","items_purchased":["Pantograph","Defragment","Incense Burner"],"campfire_rested":2,"item_purchase_floors":[13,13,36],"current_hp_per_floor":[63,68,63,56,49,49,30,30,30,26,16,16,16,35,35,49,69,46,46,46,46,31,31,31,40,40,62,41,41,41,28,50,21,62,53,53,26,0,0],"gold":47,"neow_bonus":"THREE_CARDS","is_daily":false,"chose_seed":false,"campfire_upgraded":3,"win_rate":0.0,"timestamp":1613879528,"path_taken":["M","?","M","?","M","R","M","?","T","M","M","?","$","?","R","BOSS","M","?","?","?","M","R","$","?","T","R","?","?","M","E","R","BOSS","M","$","M","M"],"items_purchased_type":["Relic","Card","Relic"],"build_version":"2020-12-22","purchased_purges":2,"victory":false,"max_hp_per_floor":[71,76,76,76,76,76,76,76,76,76,76,76,76,76,76,76,76,76,76,76,76,76,76,76,76,76,76,76,76,76,76,76,76,76,76,76,76,76,76],"relic_stats":{"counters":[17,68],"Mummified Hand":[57],"Pantograph":50,"Astrolabe":["Barrage","Gash","Skim"],"obtain_stats":[{"Matryoshka":31,"Mummified Hand":9,"Nilry\u0027s Codex":28,"Pantograph":13,"SacredBark":17,"Astrolabe":34,"Incense Burner":36,"Frozen Egg 2":26,"Cracked Core":0,"Meat on the Bone":21},{"Matryoshka":13,"Mummified Hand":4,"Nilry\u0027s Codex":11,"Pantograph":7,"SacredBark":8,"Astrolabe":14,"Incense Burner":15,"Frozen Egg 2":11,"Cracked Core":0,"Meat on the Bone":9},{"Matryoshka":51,"Mummified Hand":15,"Nilry\u0027s Codex":43,"Pantograph":23,"SacredBark":32,"Astrolabe":58,"Incense Burner":61,"Frozen Egg 2":43,"Cracked Core":0,"Meat on the Bone":35}],"Meat on the Bone":60},"card_choices":[{"not_picked":["Coolheaded","Compile Driver"],"picked":"Sweeping Beam","floor":0.0},{"not_picked":["Compile Driver","Go for the Eyes"],"picked":"Beam Cell","floor":1.0},{"not_picked":["Sweeping Beam","Rebound"],"picked":"Coolheaded","floor":3.0},{"not_picked":["Turbo","Consume","Redo"],"picked":"SKIP","floor":5.0},{"not_picked":["Compile Driver","Hyperbeam"],"picked":"Conserve Battery","floor":7.0},{"not_picked":["Steam","Hologram","Aggregate"],"picked":"SKIP","floor":10.0},{"not_picked":["Scrape","Steam"],"picked":"Ball Lightning","floor":11.0},{"not_picked":["Core Surge","Multi-Cast"],"picked":"Electrodynamics","floor":16.0},{"not_picked":["Coolheaded","Streamline"],"picked":"Storm","floor":18.0},{"not_picked":["Conserve Battery+1","Fusion"],"picked":"Capacitor","floor":22.0},{"not_picked":["Conserve Battery","Rebound"],"picked":"Defragment+1","floor":25.0},{"not_picked":["Turbo","Hologram"],"picked":"White Noise","floor":30.0},{"not_picked":["Melter","Sweeping Beam"],"picked":"BootSequence","floor":31.0},{"not_picked":["Hyperbeam","Rainbow"],"picked":"Creative AI+1","floor":33.0},{"not_picked":["Go for the Eyes","Conserve Battery"],"picked":"Force Field+1","floor":35.0},{"not_picked":["Reinforced Body","Consume+1"],"picked":"Storm+1","floor":37}],"player_experience":1549464,"relics_obtained":[{"floor":9.0,"key":"Mummified Hand"},{"floor":21.0,"key":"Meat on the Bone"},{"floor":26.0,"key":"Frozen Egg 2"},{"floor":28.0,"key":"Nilry\u0027s Codex"},{"floor":31.0,"key":"Matryoshka"}],"event_choices":[{"damage_healed":0.0,"max_hp_gain":5.0,"max_hp_loss":0.0,"gold_gain":0.0,"event_name":"Big Fish","player_choice":"Donut","floor":2.0,"gold_loss":0.0,"damage_taken":0.0},{"cards_removed":["Strike_B"],"damage_healed":0.0,"max_hp_gain":0.0,"max_hp_loss":0.0,"gold_gain":0.0,"event_name":"Golden Wing","player_choice":"Card Removal","floor":4.0,"gold_loss":0.0,"damage_taken":7.0},{"damage_healed":0.0,"max_hp_gain":0.0,"max_hp_loss":0.0,"gold_gain":275.0,"event_name":"Golden Shrine","player_choice":"Desecrate","floor":8.0,"gold_loss":0.0,"damage_taken":0.0,"cards_obtained":["Regret"]},{"damage_healed":19.0,"max_hp_gain":0.0,"max_hp_loss":0.0,"gold_gain":0.0,"event_name":"The Cleric","player_choice":"Healed","floor":14.0,"gold_loss":35.0,"damage_taken":0.0},{"damage_healed":0.0,"max_hp_gain":0.0,"max_hp_loss":0.0,"gold_gain":0.0,"event_name":"Back to Basics","player_choice":"Simplicity","floor":19.0,"gold_loss":0.0,"damage_taken":0.0,"cards_upgraded":["Strike_B","Strike_B","Strike_B","Defend_B","Defend_B","Defend_B","Defend_B"]},{"damage_healed":0.0,"max_hp_gain":0.0,"max_hp_loss":0.0,"gold_gain":0.0,"event_name":"The Mausoleum","player_choice":"Ignored","floor":20.0,"gold_loss":0.0,"damage_taken":0.0},{"damage_healed":0.0,"max_hp_gain":0.0,"max_hp_loss":0.0,"gold_gain":0.0,"event_name":"Cursed Tome","player_choice":"Obtained Book","floor":28.0,"gold_loss":0.0,"damage_taken":21.0},{"damage_healed":0.0,"max_hp_gain":0.0,"max_hp_loss":0.0,"gold_gain":200.0,"event_name":"Wheel of Change","player_choice":"Gold","floor":29.0,"gold_loss":0.0,"damage_taken":0.0}],"is_beta":false,"boss_relics":[{"not_picked":["Runic Dome","Snecko Eye"],"picked":"SacredBark"},{"not_picked":["Velvet Choker","Black Star"],"picked":"Astrolabe"}],"items_purged_floors":[13,24],"is_endless":false,"potions_floor_spawned":[3,12,16,25,31,33,35],"killed_by":"Jaw Worm Horde","ascension_level":20}}