{"host":"x12v7kw7hhljdyq8","time":1613875970,"event":{"mods":["BaseMod","BetterRewards","Downfall","Minty Spire (QoL Compilation)","Quick Restart","Replay The Spire","Shop Mod","StSLib","The Cursed","The Jungle","The Necromancer"],"gold_per_floor":[99,109,109,121,132,132,179,179,35,51,62,80,100,100,116,211,211,211,223,237,237,21,38,65,65,83,8,8,31,31,47,65,170,170,170,224,224,239,256,282,282,104,120,120,467,493,88,88,100,100,100,100],"floor_reached":50,"language":"ENG","playtime":3323,"items_purged":["downfall:Malfunctioning","Pain","Voices","Overencumbered"],"score":548,"play_id":"182113fd-7aff-4d4e-954b-eb5a51fee62a","local_time":"20210220235250","is_ascension_mode":false,"campfire_choices":[{"data":"champ:Taunt","floor":1,"key":"SMITH"},{"data":"champ:StanceDance","floor":8,"key":"SMITH"},{"data":"champ:StanceDance","floor":18,"key":"SMITH"},{"data":"champ:PerfectedStrike","floor":25,"key":"SMITH"},{"floor":30,"key":"REST"},{"data":"champ:UltimateStance","floor":35,"key":"SMITH"},{"floor":44,"key":"REST"}],"circlet_count":0,"master_deck":["champ:Strike","champ:Strike","champ:Strike","champ:Strike+1","champ:Defend+1","champ:Defend+1","champ:Defend","champ:Execute","champ:Taunt+1","champ:RisingSlash","champ:StanceDance+1","champ:AdrenalArmor","champ:StanceDance+1","champ:ArenaPreparation","champ:PerfectedStrike+1","champ:Shatter","champ:DefensiveShout","champ:SkillfulDodge","champ:HoldFirm","champ:AdrenalArmor","champ:BerserkersShout","champ:Circumvent+1","champ:ArenaPreparation","champ:Duel","champ:CrookedStrike+1","champ:Endure+1","champ:UltimateStance+1","champ:PreciseThrust+1","champ:EndlessRage","champ:FlashCut+1","champ:ShieldWall+1","champ:EndlessRage","champ:CrookedStrike"],"relics":["champ:ChampionCrown","Bronze Scales","Cursed Key","downfall:KnowingSkull","Pear","Regal Pillow","Busted Crown","Pen Nib","Quantum Egg","Dead Branch","Old Coin","Boot"],"acts_visited":["Exordium","TheCity","TheBeyond"],"potions_floor_usage":[16,16,16,26,27,33,33,33,40,43,46,46,50,50,50],"damage_taken":[{"damage":16,"enemies":"Small Slimes","floor":2,"turns":3},{"damage":9,"enemies":"2 Louse","floor":4,"turns":3},{"damage":10,"enemies":"Cultist","floor":5,"turns":4},{"damage":10,"enemies":"downfall:FleeingMerchant","floor":9,"turns":4},{"damage":20,"enemies":"downfall:LooterAlt","floor":10,"turns":3},{"damage":40,"enemies":"Exordium Thugs","floor":11,"turns":3},{"damage":25,"enemies":"Gremlin Gang","floor":12,"turns":4},{"damage":20,"enemies":"Exordium Wildlife","floor":13,"turns":3},{"damage":25,"enemies":"Large Slime","floor":15,"turns":5},{"damage":47,"enemies":"WA_ARCHETYPE_RETAIN","floor":16,"turns":6},{"damage":25,"enemies":"Shell Parasite","floor":19,"turns":3},{"damage":54,"enemies":"Spheric Guardian","floor":20,"turns":4},{"damage":33,"enemies":"downfall:FleeingMerchant","floor":22,"turns":4},{"damage":21,"enemies":"Snake Plant","floor":23,"turns":2},{"damage":51,"enemies":"Chosen and Byrds","floor":26,"turns":4},{"damage":53,"enemies":"downfall:FleeingMerchant","floor":27,"turns":4},{"damage":51,"enemies":"Centurion and Healer","floor":31,"turns":6},{"damage":66,"enemies":"3 Cultists","floor":32,"turns":5},{"damage":45,"enemies":"DF_ARCHETYPE_CLAW","floor":33,"turns":9},{"damage":31,"enemies":"3 Shapes","floor":36,"turns":4},{"damage":23,"enemies":"Orb Walker","floor":38,"turns":3},{"damage":57,"enemies":"Sphere and 2 Shapes","floor":39,"turns":4},{"damage":90,"enemies":"Nemesis","floor":40,"turns":9},{"damage":32,"enemies":"downfall:FleeingMerchant","floor":42,"turns":2},{"damage":41,"enemies":"Jaw Worm Horde","floor":43,"turns":2},{"damage":26,"enemies":"2 Orb Walkers","floor":45,"turns":4},{"damage":62,"enemies":"Reptomancer","floor":46,"turns":4},{"damage":81,"enemies":"Transient","floor":49,"turns":5},{"damage":91,"enemies":"IC_BLOCK_ARCHETYPE","floor":50,"turns":3}],"seed_played":"8847543507625826129","potions_obtained":[{"floor":5,"key":"champ:CounterPotion"},{"floor":10,"key":"Toxic Potion"},{"floor":11,"key":"Ancient Potion"},{"floor":12,"key":"EssenceOfSteel"},{"floor":16,"key":"Strength Potion"},{"floor":23,"key":"Block Potion"},{"floor":26,"key":"Swift Potion"},{"floor":31,"key":"Energy Potion"},{"floor":32,"key":"Elixir"},{"floor":38,"key":"Venom Potion"},{"floor":43,"key":"Milkshake"},{"floor":45,"key":"Swift Potion"},{"floor":46,"key":"CultistPotion"}],"is_trial":false,"path_per_floor":["R","M","?","M","M","?","T","R","$","M","M","M","M","?","M","B",null,"R","M","M","?","$","M","T","R","M","$","?","T","R","M","M","B",null,"R","M","?","M","M","E","T","$","M","R","?","E","$","?","M","B"],"character_chosen":"THE_CHAMP","items_purchased":["champ:StanceDance","Pear","Dead Branch","ColorlessPotion","ColorlessPotion","champ:UltimateStancePotion","champ:EndlessRage","champ:CrookedStrike"],"campfire_rested":2,"item_purchase_floors":[9,22,42,42,42,47,47,47],"current_hp_per_floor":[99,93,93,84,79,79,79,79,79,79,69,69,69,69,69,57,99,99,99,90,81,88,87,87,87,86,78,78,78,109,108,92,82,109,109,103,103,100,83,58,58,56,55,102,101,84,84,84,53,0,0,0],"gold":100,"neow_bonus":"TEN_PERCENT_HP_BONUS","is_daily":false,"chose_seed":false,"campfire_upgraded":5,"win_rate":0.0,"timestamp":1613875970,"path_taken":["R","M","?","M","M","?","T","R","$","M","M","M","?","?","M","BOSS","R","M","M","?","?","M","T","R","?","$","?","?","R","M","M","BOSS","R","M","?","M","M","E","T","$","?","R","?","E","$","?","M","BOSS"],"items_purchased_type":["Card","Relic","Relic","Potion","Potion","Potion","Card","Card"],"build_version":"2020-12-22","purchased_purges":4,"victory":false,"max_hp_per_floor":[99,99,99,99,99,99,99,99,99,99,99,99,99,99,99,99,99,99,99,99,99,109,109,109,109,109,109,109,109,109,109,109,109,109,109,109,109,109,109,109,109,109,109,109,109,109,109,109,109,109,109,109],"card_choices":[{"not_picked":["champ:CrownThrow","champ:IronFortress"],"picked":"champ:PreciseThrust","floor":2},{"not_picked":["champ:TornadoPunch","champ:ShieldSlam"],"picked":"champ:RisingSlash","floor":4},{"not_picked":["champ:Endure","champ:SteelEdge"],"picked":"champ:StanceDance","floor":5},{"not_picked":["champ:FanOfKnives","champ:Backstep"],"picked":"champ:AdrenalArmor","floor":9},{"not_picked":["champ:PreemptiveStrike","champ:FlashCut"],"picked":"champ:ArenaPreparation","floor":10},{"not_picked":["champ:Duel","champ:Circumvent"],"picked":"champ:PerfectedStrike","floor":11},{"not_picked":["champ:IgnorePain","champ:EndlessRage"],"picked":"champ:Shatter","floor":12},{"not_picked":["champ:HeartStrike","champ:Parry"],"picked":"champ:DefensiveShout","floor":13},{"not_picked":["champ:HeartStrike","champ:EnGarde"],"picked":"champ:SkillfulDodge","floor":15},{"not_picked":["champ:TripleStrike","champ:LastStand"],"picked":"champ:HoldFirm","floor":16},{"not_picked":["champ:GutPunch","champ:DefensiveShout"],"picked":"champ:AdrenalArmor","floor":19},{"not_picked":["champ:Parry+1","champ:PreemptiveStrike"],"picked":"champ:BerserkersShout","floor":20},{"not_picked":["champ:PerfectedStrike","champ:Shatter"],"picked":"champ:Circumvent+1","floor":22},{"not_picked":["champ:GladiatorStyle","champ:TornadoPunch"],"picked":"champ:ArenaPreparation","floor":23},{"not_picked":["champ:EnGarde","champ:HeartStrike","champ:Duel+1"],"picked":"SKIP","floor":26},{"not_picked":["champ:HeavySlash","champ:StanceDance"],"picked":"champ:Duel","floor":27},{"not_picked":["champ:GutPunch","champ:FlashCut+1"],"picked":"champ:CrookedStrike+1","floor":31},{"not_picked":["champ:Shatter","champ:FanOfKnives"],"picked":"champ:Endure+1","floor":32},{"not_picked":["champ:TripleStrike","champ:IgnorePain"],"picked":"champ:UltimateStance","floor":33},{"not_picked":[],"picked":"champ:PreciseThrust+1","floor":36},{"not_picked":[],"picked":"champ:FlashCut+1","floor":38},{"not_picked":["champ:FalseCounter+1"],"picked":"SKIP","floor":39},{"not_picked":[],"picked":"champ:ShieldWall+1","floor":40},{"not_picked":["champ:Haymaker"],"picked":"SKIP","floor":42},{"not_picked":["champ:PreciseThrust"],"picked":"SKIP","floor":43},{"not_picked":["champ:EnGarde+1"],"picked":"SKIP","floor":46},{"not_picked":["champ:BringItOn"],"picked":"SKIP","floor":49}],"player_experience":293076,"relics_obtained":[{"floor":7,"key":"Bronze Scales"},{"floor":29,"key":"Regal Pillow"},{"floor":40,"key":"Pen Nib"},{"floor":41,"key":"Quantum Egg"},{"floor":45,"key":"Old Coin"},{"floor":46,"key":"Boot"}],"event_choices":[{"damage_healed":0,"gold_gain":0,"player_choice":"Ignored","damage_taken":0,"max_hp_gain":0,"max_hp_loss":0,"event_name":"NoteForYourself","floor":6,"gold_loss":0},{"damage_healed":0,"gold_gain":0,"player_choice":"Fight","damage_taken":0,"max_hp_gain":0,"max_hp_loss":0,"event_name":"Mysterious Sphere","floor":45,"gold_loss":0}],"is_beta":false,"boss_relics":[{"not_picked":["Coffee Dripper","Replay:Ancient Bell"],"picked":"Cursed Key"},{"not_picked":["Snecko Eye","Replay:Grab Bag"],"picked":"Busted Crown"}],"items_purged_floors":[9,27,42,47],"is_endless":false,"potions_floor_spawned":[5,10,11,12,16,23,26,31,32,38,43,45,46],"killed_by":"IC_BLOCK_ARCHETYPE","ascension_level":0}}