{"host":"z1zal7c5ufd23ok6","time":1613880624,"event":{"mods":["Act Like it!","Aspiration","Bard","BaseMod","Best Route Mod","Conspire","Downfall","Energized Spire","Halation","Hubris","Infinite Spire","Lobotomy","Minty Spire (QoL Compilation)","Replay The Spire","Robot Space Explorer","Ruina","Shop Mod","Spikes Relics","StSLib","The Animator","The Bug Knight","The Clintock","The Cursed","The Disciple","The Exalted","The Forsaken","The Hierophant","The Judge","The Jungle","The Kombatant","The Problem Sleuth","Trackpad","Wandering Minibosses"],"gold_per_floor":[117,117,135,135,60,60,93,113,113,113,127,147,163,181,181,181,181],"floor_reached":16,"language":"ENG","playtime":360,"items_purged":["Regret"],"score":104,"play_id":"28892cd5-51a3-4dea-b3a8-6ab2111115a2","local_time":"20210220231024","is_ascension_mode":false,"campfire_choices":[{"data":"Flex","floor":6,"key":"SMITH"},{"floor":15,"key":"REST"},{"data":"Perfected Strike","floor":15,"key":"SMITH"}],"circlet_count":0,"master_deck":["Strike_R","Strike_R","Strike_R","Strike_R","Strike_R","Defend_R","Defend_R","Defend_R","Defend_R","Bash","Flex+1","Flex+1","Perfected Strike+1","Twin Strike"],"relics":["Burning Blood","Oddly Smooth Stone","Golden Idol","Toxic Egg 2","infinitespire:Magic Flask","trackpad:WritersBlock"],"acts_visited":["Exordium"],"potions_floor_usage":[],"damage_taken":[{"damage":4,"enemies":"Small Slimes","floor":1,"turns":3},{"damage":5,"enemies":"Jaw Worm","floor":3,"turns":3},{"damage":21,"enemies":"Gremlin Nob","floor":7,"turns":5},{"damage":2,"enemies":"conspire:RoseBush","floor":8,"turns":3},{"damage":10,"enemies":"Lots of Slimes","floor":11,"turns":5},{"damage":6,"enemies":"2 Fungi Beasts","floor":12,"turns":2},{"damage":6,"enemies":"Exordium Thugs","floor":13,"turns":4},{"damage":7,"enemies":"Blue Slaver","floor":14,"turns":3},{"damage":70,"enemies":"Hexaghost","floor":16,"turns":9}],"seed_played":"-4533995012143772441","potions_obtained":[{"floor":7,"key":"Death Potion"},{"floor":8,"key":"AttackPotion"},{"floor":13,"key":"Dexterity Potion"}],"is_trial":false,"path_per_floor":["M","?","M","T","$","R","E","M","T","$","M","M","M","M","R","B"],"character_chosen":"IRONCLAD","items_purchased":[],"campfire_rested":1,"item_purchase_floors":[],"current_hp_per_floor":[80,60,61,61,61,61,46,50,50,50,46,46,46,45,69,0,0],"gold":181,"neow_bonus":"RANDOM_EVENT","is_daily":false,"chose_seed":false,"campfire_upgraded":2,"win_rate":0.0,"timestamp":1613880624,"path_taken":["M","?","M","?","$","R","E","M","T","?","M","?","M","M","R","BOSS"],"items_purchased_type":[],"build_version":"2020-12-22","purchased_purges":1,"victory":false,"max_hp_per_floor":[80,80,80,80,80,80,80,80,80,80,80,80,80,80,80,80,80],"card_choices":[{"not_picked":["Headbutt","Metallicize"],"picked":"Flex","floor":1},{"not_picked":["Abandon","infinitespire:OneForAll","Havoc"],"picked":"SKIP","floor":3},{"not_picked":["Pummel","conspire:ExplosiveBarrier+1"],"picked":"Flex+1","floor":7},{"not_picked":["Headbutt","Heavy Blade","Warcry+1"],"picked":"SKIP","floor":8},{"not_picked":["Armaments+1","Sever Soul","Headbutt"],"picked":"SKIP","floor":11},{"not_picked":["Heavy Blade","Offering+1"],"picked":"Perfected Strike","floor":12},{"not_picked":["Reckless Charge","Rampage","Body Slam"],"picked":"SKIP","floor":13},{"not_picked":["Blood for Blood","Warcry+1"],"picked":"Twin Strike","floor":14}],"player_experience":290928,"relics_obtained":[{"floor":4,"key":"Toxic Egg 2"},{"floor":7,"key":"infinitespire:Magic Flask"},{"floor":9,"key":"trackpad:WritersBlock"}],"event_choices":[{"damage_healed":0,"gold_gain":0,"player_choice":"Box","damage_taken":0,"relics_obtained":["Oddly Smooth Stone"],"max_hp_gain":0,"max_hp_loss":0,"event_name":"Big Fish","floor":0,"gold_loss":0,"cards_obtained":["Regret"]},{"damage_healed":0,"gold_gain":0,"player_choice":"Take Damage","damage_taken":20,"relics_obtained":["Golden Idol"],"max_hp_gain":0,"max_hp_loss":0,"event_name":"Golden Idol","floor":2,"gold_loss":0}],"is_beta":false,"boss_relics":[],"items_purged_floors":[5],"is_endless":false,"potions_floor_spawned":[7,8,13],"killed_by":"Hexaghost","ascension_level":0}}