{"host":"l4lyu1jo6nvtq6u8","time":1613893468,"event":{"mods":["Act Like it!","Aspiration","BaseMod","Better Sensory Stone","Better Third Choice","CapriCore","Conspire","Curses Come First","Energized Spire","FetchMod","Gensokyo","Halation","Hubris","Infinite Spire","Jedi Mod","Marisa????????","Minty Spire (QoL Compilation)","Pale of the Ancients","Poor People Problems","Quick Restart","Random Character Button","RatMod","Relic Sorter","Replay The Spire","StSLib","The Immortal","slay the spire mod where everything is the same but ironclad has a cowboy hat"],"gold_per_floor":[114,114,129,129,129,129,145,173,198,198,198,208,15,30,30,127,127,145,4,17,17,30,30,30,30,80,80,109,128,145,158,158,158,158,158],"floor_reached":33,"language":"ENG","playtime":1317,"items_purged":[],"score":247,"play_id":"2749c0c0-dd0f-4323-a4d8-fbb1c8151da7","local_time":"20210221014428","is_ascension_mode":false,"campfire_choices":[{"data":"MokouMod:HeatSpark","floor":6,"key":"SMITH"},{"data":"MokouMod:SearingShot","floor":15,"key":"SMITH"},{"data":"MokouMod:SacredFire","floor":23,"key":"SMITH"},{"data":"MokouMod:PhoenixForm","floor":25,"key":"SMITH"},{"data":"MokouMod:Sear","floor":27,"key":"SMITH"},{"data":"MokouMod:FlareStarter","floor":32,"key":"SMITH"}],"circlet_count":0,"master_deck":["MokouMod:Strike","MokouMod:Strike","MokouMod:Strike","MokouMod:Strike","MokouMod:Strike","MokouMod:Defend","MokouMod:Defend","MokouMod:Defend","MokouMod:Defend","MokouMod:HeatSpark+1","Clumsy","MokouMod:SearingShot+1","MokouMod:FlareStarter+1","MokouMod:ResoluteFlare","MokouMod:Geothermal+1","MokouMod:FlareStarter","MokouMod:PhoenixForm+1","MokouMod:Sear+1","MokouMod:SacredFire+1"],"relics":["MokouMod:PhoenixFeather","rat:SoulRing","NeowsBlessing","Gensokyo:NagashiBinaDoll","Happy Flower","Meat on the Bone","Boot","Toolbox","hubris:VirtuousBlindfold","aspiration:Lifesprig","Replay:Rubber Ducky"],"acts_visited":["Gensokyo:Gensokyo","Gensokyo:Gensokyoer"],"potions_floor_usage":[16,33,33,33],"damage_taken":[{"damage":0,"enemies":"Gensokyo:3_Fairies","floor":1,"turns":2},{"damage":0,"enemies":"Gensokyo:2_Kodama","floor":3,"turns":1},{"damage":0,"enemies":"Gensokyo:Gryphon","floor":7,"turns":1},{"damage":32,"enemies":"Gensokyo:Mamizou","floor":8,"turns":8},{"damage":7,"enemies":"Gensokyo:2_Rabbits","floor":12,"turns":4},{"damage":0,"enemies":"Gensokyo:VengefulSpirit","floor":14,"turns":5},{"damage":83,"enemies":"Gensokyo:Yukari","floor":16,"turns":13},{"damage":0,"enemies":"Gensokyo:2_Gloops","floor":18,"turns":3},{"damage":17,"enemies":"Gensokyo:AngelMirror","floor":20,"turns":4},{"damage":3,"enemies":"Gensokyo:Wraith","floor":22,"turns":4},{"damage":0,"enemies":"conspire:MimicChest","floor":28,"turns":7},{"damage":4,"enemies":"Gensokyo:Swordslinger","floor":29,"turns":3},{"damage":18,"enemies":"Gensokyo:Slime_Group","floor":30,"turns":4},{"damage":0,"enemies":"Gensokyo:Monolith_and_Dog","floor":31,"turns":4},{"damage":104,"enemies":"Gensokyo:Eternal_Rivals","floor":33,"turns":9}],"seed_played":"-2355242167713987815","potions_obtained":[{"floor":1,"key":"SkillPotion"},{"floor":12,"key":"BlessingOfTheForge"},{"floor":14,"key":"Energy Potion"},{"floor":30,"key":"Explosive Potion"}],"is_trial":false,"path_per_floor":["M","?","M","?","?","R","M","E","T","?","$","M","COS","M","R","B",null,"M","COS","M","$","M","R","?","R","T","R","?","M","M","M","R","B"],"character_chosen":"MKU","items_purchased":[],"campfire_rested":0,"item_purchase_floors":[],"current_hp_per_floor":[75,75,75,75,75,75,75,43,43,43,43,48,48,48,48,21,75,75,75,58,58,55,55,55,55,55,55,55,51,45,45,45,0,0,0],"gold":158,"neow_bonus":"THREE_ENEMY_KILL","is_daily":false,"chose_seed":false,"campfire_upgraded":6,"win_rate":0.0,"timestamp":1613893468,"path_taken":["M","?","M","?","?","R","?","E","T","?","$","M","COS","M","R","BOSS","M","COS","M","$","M","R","?","R","T","R","?","M","M","?","R","BOSS"],"items_purchased_type":[],"build_version":"2020-12-22","purchased_purges":0,"victory":false,"max_hp_per_floor":[75,75,75,75,75,75,75,75,75,75,75,75,75,75,75,75,75,75,75,75,75,75,75,75,75,75,75,75,75,75,75,75,75,75,75],"card_choices":[{"not_picked":["MokouMod:IcarusDive","MokouMod:ResoluteFlare"],"picked":"MokouMod:SearingShot","floor":1},{"not_picked":["MokouMod:EternalBurstReactor","MokouMod:ImperishableFlame","MokouMod:UncontrollableSolarReaction"],"picked":"SKIP","floor":3},{"not_picked":["MokouMod:HeartofFire","MokouMod:Meltdown"],"picked":"MokouMod:SearingShot","floor":7},{"not_picked":["MokouMod:Overheat","MokouMod:IgnitionBlast"],"picked":"MokouMod:FlareStarter","floor":8},{"not_picked":["MokouMod:Firecracker","MokouMod:ResonanceReactor"],"picked":"MokouMod:ResoluteFlare","floor":12},{"not_picked":["MokouMod:Ember+1","MokouMod:IllusoryBattlefield+1"],"picked":"MokouMod:Geothermal+1","floor":14},{"not_picked":["MokouMod:WarmUp","MokouMod:Overheat"],"picked":"MokouMod:FlareStarter","floor":14},{"not_picked":["MokouMod:ProfanedFlare","MokouMod:Extinguish"],"picked":"MokouMod:PhoenixForm","floor":16},{"not_picked":["MokouMod:ScorchingColumn","MokouMod:FlickeringFlame"],"picked":"MokouMod:Sear","floor":18},{"not_picked":["MokouMod:FusionFlare","MokouMod:BurningDraft","MokouMod:InfernalWave"],"picked":"SKIP","floor":20},{"not_picked":["MokouMod:DanceofFlames","MokouMod:IcarusDive+1"],"picked":"MokouMod:SacredFire","floor":22},{"not_picked":["MokouMod:AdaptivePyromancy","MokouMod:UncontrollableSolarReaction+1","MokouMod:Combust+1"],"picked":"SKIP","floor":29},{"not_picked":["MokouMod:AdaptivePyromancy+1","MokouMod:InfernalWave","MokouMod:CrimsonArmoury"],"picked":"SKIP","floor":30},{"not_picked":["MokouMod:AdaptivePyromancy","MokouMod:Scorch+1","MokouMod:CrimsonArmoury"],"picked":"SKIP","floor":31}],"player_experience":502445,"relics_obtained":[{"floor":8,"key":"Meat on the Bone"},{"floor":9,"key":"Boot"},{"floor":26,"key":"aspiration:Lifesprig"},{"floor":28,"key":"Replay:Rubber Ducky"}],"event_choices":[{"damage_healed":0,"gold_gain":0,"player_choice":"Leave","damage_taken":0,"max_hp_gain":0,"max_hp_loss":0,"event_name":"conspire:Investor","floor":10,"gold_loss":0}],"is_beta":false,"boss_relics":[{"not_picked":["aspiration:FutureDiary","hubris:BlackHole"],"picked":"hubris:VirtuousBlindfold"}],"items_purged_floors":[],"is_endless":false,"potions_floor_spawned":[1,12,14,30],"killed_by":"Gensokyo:Eternal_Rivals","ascension_level":0}}