{"host":"Yun Zhang","time":1613928477,"event":{"mods":["BaseMod","Hermit","Minty Spire (QoL Compilation)","StSLib"],"gold_per_floor":[118,118,62,82,94,128,128,194,194,229,261,80,97,97,97,195,195,213,0,0,33,33,60,60,80,80,100,116,145,173,190,190,290,290,309,269,282,120,131,131,157,157,157,182,196,221,253,253,253,253,253],"floor_reached":50,"language":"ZHS","playtime":3729,"items_purged":[],"score":611,"play_id":"42da9b05-8bb2-4a6f-9c85-619fab57fe82","local_time":"20210222012757","is_ascension_mode":false,"campfire_choices":[{"data":"hermit:DeadOrAlive","floor":7.0,"key":"SMITH"},{"floor":15.0,"key":"REST"},{"data":"hermit:Brawl","floor":24.0,"key":"SMITH"},{"floor":32.0,"key":"REST"},{"data":"hermit:EternalForm","floor":40.0,"key":"SMITH"},{"floor":42.0,"key":"REST"},{"floor":49.0,"key":"RECALL"}],"circlet_count":0,"master_deck":["hermit:Strike_Hermit+1","hermit:Strike_Hermit","hermit:Strike_Hermit+1","hermit:Strike_Hermit","hermit:Defend_Hermit","hermit:Defend_Hermit","hermit:Defend_Hermit","hermit:Defend_Hermit","hermit:Snapshot","hermit:Covet","hermit:CursedWeapon+1","hermit:GhostlyPresence","hermit:GoldenBullet","hermit:Determination","hermit:DeadOrAlive+1","hermit:Gestalt","hermit:Ricochet","hermit:Quickdraw","hermit:Brawl+1","hermit:Purgatory","hermit:Coalescence+1","hermit:Dive+1","hermit:TakeCover","hermit:Headshot+1","hermit:BigShot+1","hermit:Snipe+1","hermit:Maintenance","hermit:EternalForm+1","hermit:Glare","hermit:NoHoldsBarred+1","hermit:TakeAim","Parasite","hermit:EternalForm"],"relics":["hermit:Momento","Bronze Scales","The Courier","hermit:RyeStalk","Toy Ornithopter","Sling","hermit:BartenderGlass","Membership Card","hermit:Spyglass","Bottled Lightning","Boot","Blood Vial","SacredBark","Chemical X","HornCleat","Whetstone","Eternal Feather","Bag of Preparation","Singing Bowl"],"acts_visited":["Exordium","TheCity","TheBeyond"],"potions_floor_usage":[50,50],"damage_taken":[{"damage":2.0,"enemies":"Cultist","floor":1.0,"turns":4.0},{"damage":2.0,"enemies":"Small Slimes","floor":4.0,"turns":3.0},{"damage":7.0,"enemies":"2 Louse","floor":5.0,"turns":2.0},{"damage":17.0,"enemies":"Gremlin Nob","floor":6.0,"turns":4.0},{"damage":9.0,"enemies":"3 Sentries","floor":8.0,"turns":6.0},{"damage":2.0,"enemies":"Exordium Thugs","floor":10.0,"turns":3.0},{"damage":14.0,"enemies":"Large Slime","floor":11.0,"turns":4.0},{"damage":2.0,"enemies":"Exordium Wildlife","floor":13.0,"turns":1.0},{"damage":16.0,"enemies":"The Guardian","floor":16.0,"turns":10.0},{"damage":2.0,"enemies":"3 Byrds","floor":18.0,"turns":1.0},{"damage":4.0,"enemies":"Shell Parasite","floor":21.0,"turns":3.0},{"damage":12.0,"enemies":"Gremlin Leader","floor":23.0,"turns":6.0},{"damage":4.0,"enemies":"Snake Plant","floor":25.0,"turns":4.0},{"damage":6.0,"enemies":"Snecko","floor":27.0,"turns":5.0},{"damage":8.0,"enemies":"Centurion and Healer","floor":28.0,"turns":5.0},{"damage":9.0,"enemies":"3 Cultists","floor":29.0,"turns":5.0},{"damage":27.0,"enemies":"Book of Stabbing","floor":30.0,"turns":3.0},{"damage":4.0,"enemies":"Shelled Parasite and Fungi","floor":31.0,"turns":4.0},{"damage":24.0,"enemies":"Champ","floor":33.0,"turns":10.0},{"damage":25.0,"enemies":"3 Darklings","floor":35.0,"turns":5.0},{"damage":21.0,"enemies":"Orb Walker","floor":37.0,"turns":4.0},{"damage":3.0,"enemies":"Jaw Worm Horde","floor":39.0,"turns":3.0},{"damage":29.0,"enemies":"Reptomancer","floor":41.0,"turns":4.0},{"damage":4.0,"enemies":"Nemesis","floor":44.0,"turns":3.0},{"damage":4.0,"enemies":"Transient","floor":45.0,"turns":5.0},{"damage":10.0,"enemies":"Writhing Mass","floor":46.0,"turns":5.0},{"damage":8.0,"enemies":"Giant Head","floor":47.0,"turns":5.0},{"damage":91,"enemies":"Time Eater","floor":50,"turns":7}],"seed_played":"-3985564565468930314","potions_obtained":[{"floor":4.0,"key":"SpeedPotion"},{"floor":6.0,"key":"Weak Potion"},{"floor":8.0,"key":"BlessingOfTheForge"},{"floor":27.0,"key":"SteroidPotion"},{"floor":28.0,"key":"PowerPotion"},{"floor":35.0,"key":"LiquidMemories"},{"floor":44.0,"key":"Strength Potion"}],"is_trial":false,"path_per_floor":["M","?","?","M","M","E","R","E","T","M","M","$","M","$","R","B",null,"M","$","T","M","?","E","R","M","T","M","M","M","E","M","R","B",null,"M","?","M","$","M","R","E","R","T","E","M","M","E","?","R","B"],"character_chosen":"HERMIT","items_purchased":["Sling","DuplicationPotion","Membership Card","hermit:Spyglass","Chemical X","HornCleat"],"campfire_rested":3,"item_purchase_floors":[12,12,19,19,38,38],"current_hp_per_floor":[73,73,73,71,64,47,47,38,38,41,27,27,25,25,47,31,75,73,73,73,69,62,60,60,66,66,60,52,43,21,19,41,29,75,60,60,41,41,50,50,33,55,55,58,56,53,64,64,77,0,0],"gold":253,"neow_bonus":"THREE_CARDS","is_daily":false,"chose_seed":false,"campfire_upgraded":3,"win_rate":0.0,"timestamp":1613928477,"path_taken":["M","?","?","M","M","E","R","E","T","M","M","$","?","?","R","BOSS","M","$","?","M","?","E","R","M","T","M","?","M","E","M","R","BOSS","M","?","?","$","M","R","E","R","T","E","M","M","E","?","R","BOSS"],"items_purchased_type":["Relic","Potion","Relic","Relic","Relic","Relic"],"build_version":"2020-12-18","purchased_purges":0,"victory":false,"max_hp_per_floor":[75,75,75,75,75,75,75,75,75,75,75,75,75,75,75,75,75,75,75,75,75,75,75,75,75,75,75,75,75,75,75,75,75,75,75,75,75,75,75,75,75,75,75,75,75,75,77,77,77,77,77],"card_choices":[{"not_picked":["hermit:Misfire","hermit:CalledShot"],"picked":"hermit:CursedWeapon","floor":0.0},{"not_picked":["hermit:WideOpen","hermit:EyeOfTheStorm"],"picked":"hermit:GhostlyPresence","floor":1.0},{"not_picked":["hermit:Glare","hermit:HighCaliber"],"picked":"hermit:GoldenBullet","floor":4.0},{"not_picked":["hermit:Coalescence","hermit:ItchyTrigger"],"picked":"hermit:Determination","floor":5.0},{"not_picked":["hermit:Glare","hermit:FatalDesire"],"picked":"hermit:DeadOrAlive","floor":6.0},{"not_picked":["hermit:Dive","hermit:Snipe"],"picked":"hermit:Gestalt","floor":8.0},{"not_picked":["hermit:Snipe","hermit:Headshot"],"picked":"hermit:Ricochet","floor":10.0},{"not_picked":["hermit:LowProfile","hermit:HighCaliber"],"picked":"hermit:Quickdraw","floor":11.0},{"not_picked":["hermit:DeadMansHand","hermit:Glare"],"picked":"hermit:Brawl","floor":13.0},{"not_picked":["hermit:Magnum","hermit:Reprieve"],"picked":"hermit:Purgatory","floor":16.0},{"not_picked":["hermit:LowProfile+1","hermit:Headshot","hermit:Snipe+1"],"picked":"SKIP","floor":18.0},{"not_picked":["hermit:DeadMansHand","hermit:Headshot"],"picked":"hermit:Coalescence+1","floor":21.0},{"not_picked":["hermit:NoHoldsBarred","hermit:Desperado"],"picked":"hermit:Dive+1","floor":23.0},{"not_picked":["hermit:SprayPray","hermit:Dive","hermit:Desperado"],"picked":"SKIP","floor":25.0},{"not_picked":["hermit:Feint","hermit:Roulette"],"picked":"hermit:TakeCover","floor":27.0},{"not_picked":["hermit:Horror","hermit:LowProfile"],"picked":"hermit:Headshot+1","floor":28.0},{"not_picked":["hermit:Gestalt","hermit:Magnum"],"picked":"hermit:BigShot","floor":29.0},{"not_picked":["hermit:TrackingShot","hermit:WideOpen+1"],"picked":"hermit:Snipe+1","floor":30.0},{"not_picked":["hermit:GoldenBullet","hermit:ShadowCloak+1"],"picked":"hermit:Maintenance","floor":31.0},{"not_picked":["hermit:Adapt","hermit:Purgatory"],"picked":"hermit:EternalForm","floor":33.0},{"not_picked":["hermit:FlashPowder+1","hermit:Manifest+1","hermit:TrackingShot+1"],"picked":"SKIP","floor":35.0},{"not_picked":["hermit:Malice","hermit:ItchyTrigger","hermit:FlashPowder+1"],"picked":"SKIP","floor":37.0},{"not_picked":["hermit:Headshot+1","hermit:Snipe","hermit:ShadowCloak"],"picked":"SKIP","floor":39.0},{"not_picked":["hermit:WideOpen","hermit:HighCaliber+1"],"picked":"hermit:Glare","floor":41.0},{"not_picked":["hermit:ItchyTrigger","hermit:Scavenge+1"],"picked":"hermit:NoHoldsBarred+1","floor":44.0},{"not_picked":["hermit:Coalescence","hermit:Combo"],"picked":"hermit:TakeAim","floor":45.0},{"not_picked":["hermit:LowProfile+1","hermit:Coalescence+1"],"picked":"hermit:EternalForm","floor":46.0},{"not_picked":["hermit:BigShot","hermit:Determination","hermit:PistolWhip+1"],"picked":"Singing Bowl","floor":47.0}],"player_experience":299710,"relics_obtained":[{"floor":6.0,"key":"The Courier"},{"floor":8.0,"key":"hermit:RyeStalk"},{"floor":9.0,"key":"Toy Ornithopter"},{"floor":20.0,"key":"Bottled Lightning"},{"floor":23.0,"key":"Boot"},{"floor":30.0,"key":"Blood Vial"},{"floor":41.0,"key":"Whetstone"},{"floor":43.0,"key":"Eternal Feather"},{"floor":44.0,"key":"Bag of Preparation"},{"floor":47.0,"key":"Singing Bowl"}],"event_choices":[{"damage_healed":0.0,"max_hp_gain":0.0,"max_hp_loss":0.0,"gold_gain":0.0,"event_name":"The Cleric","player_choice":"Leave","floor":2.0,"gold_loss":0.0,"damage_taken":0.0},{"damage_healed":0.0,"max_hp_gain":0.0,"max_hp_loss":0.0,"gold_gain":0.0,"event_name":"WeMeetAgain","player_choice":"Paid Gold","floor":3.0,"gold_loss":56.0,"damage_taken":0.0,"relics_obtained":["Bronze Scales"]},{"damage_healed":0.0,"max_hp_gain":0.0,"max_hp_loss":0.0,"gold_gain":0.0,"event_name":"Wheel of Change","player_choice":"Damaged","floor":22.0,"gold_loss":0.0,"damage_taken":7.0},{"damage_healed":0.0,"max_hp_gain":0.0,"max_hp_loss":0.0,"gold_gain":0.0,"event_name":"Designer","player_choice":"Upgraded Two","floor":36.0,"gold_loss":40.0,"damage_taken":0.0,"cards_upgraded":["hermit:Strike_Hermit","hermit:BigShot"]},{"damage_healed":0.0,"max_hp_gain":0.0,"max_hp_loss":0.0,"gold_gain":0.0,"event_name":"Tomb of Lord Red Mask","player_choice":"Ignored","floor":48.0,"gold_loss":0.0,"damage_taken":0.0}],"is_beta":true,"boss_relics":[{"not_picked":["Tiny House","Velvet Choker"],"picked":"hermit:BartenderGlass"},{"not_picked":["Empty Cage","Snecko Eye"],"picked":"SacredBark"}],"items_purged_floors":[],"is_endless":false,"potions_floor_spawned":[4,6,8,13,21,23,27,28,30,35,44,45,46],"killed_by":"Time Eater","ascension_level":0}}