{"host":"qy1e0kd24tpj3i2m","time":1613889513,"event":{"mods":["Act Like it!","BaseMod","Better Skull","Better Vampires","Bossed Relics","Colored Map","Colored Powertips","Curses Come First","Custom Start","Extra Virgin Snecko Oil","Faster Ascension Climbing","Friendly Minions","GifTheSpireLib","Gremlin Skip","Highlight Path","Minty Spire (QoL Compilation)","Permanent Neow","Poor People Problems","Quick Restart","Red Circlet Mod","Relic Filter Mod","Relic Sorter","Reorder Act Four","SacredBarkPlus","Shop Mod","StSLib","SuperFastMode","Transform Curses"],"gold_per_floor":[115,40,40,40,40,78,78,103,103,137,137,59,82,232,232,232,232],"floor_reached":16,"language":"ZHS","playtime":498,"items_purged":["Dualcast"],"score":262,"play_id":"74a2e9fe-dbb7-4124-a8aa-30b2d095138c","local_time":"20210221153833","is_ascension_mode":true,"campfire_choices":[{"data":"Zap","floor":7.0,"key":"SMITH"},{"data":"Genetic Algorithm","floor":11,"key":"SMITH"},{"data":"Self Repair","floor":15,"key":"SMITH"}],"circlet_count":0,"master_deck":["AscendersBane","Strike_B","Strike_B","Strike_B","Strike_B","Defend_B","Defend_B","Defend_B","Zap+1","Loop","Blizzard","Conserve Battery","Genetic Algorithm+1","Self Repair+1","Conserve Battery","Doubt"],"relics":["Cracked Core","NeowsBlessing","Golden Idol","Lizard Tail","Pantograph","Nunchaku"],"acts_visited":["Exordium"],"potions_floor_usage":[10,10,16],"damage_taken":[{"damage":0.0,"enemies":"2 Louse","floor":1.0,"turns":1.0},{"damage":0.0,"enemies":"Gremlin Nob","floor":6.0,"turns":1.0},{"damage":0.0,"enemies":"Jaw Worm","floor":8.0,"turns":1.0},{"damage":27,"enemies":"3 Sentries","floor":10,"turns":9},{"damage":11,"enemies":"Cultist","floor":13,"turns":4},{"damage":76,"enemies":"Hexaghost","floor":16,"turns":11}],"seed_played":"-8760890786676549329","potions_obtained":[{"floor":5.0,"key":"PotionOfCapacity"},{"floor":5.0,"key":"BlessingOfTheForge"},{"floor":8.0,"key":"PowerPotion"},{"floor":13,"key":"Swift Potion"}],"is_trial":false,"path_per_floor":["M","$","?","?","?","E","R","M","T","E","R","$","M","?","R","B"],"character_chosen":"DEFECT","items_purchased":["Self Repair"],"campfire_rested":0,"item_purchase_floors":[12],"current_hp_per_floor":[64,64,64,64,64,64,64,64,64,37,37,37,33,33,33,15,15],"gold":232,"neow_bonus":"THREE_ENEMY_KILL","is_daily":false,"chose_seed":false,"campfire_upgraded":3,"win_rate":0.0,"timestamp":1613889513,"path_taken":["M","$","?","?","?","E","R","?","T","E","R","$","M","?","R","BOSS"],"items_purchased_type":["Card"],"build_version":"2020-12-22","purchased_purges":1,"victory":false,"max_hp_per_floor":[71,71,64,64,64,64,64,64,64,64,64,64,64,64,64,64,64],"card_choices":[{"not_picked":["Ball Lightning","Redo"],"picked":"Loop","floor":1.0},{"not_picked":["Steam","Barrage","Rebound"],"picked":"SKIP","floor":6.0},{"not_picked":["Stack","Cold Snap"],"picked":"Conserve Battery","floor":8.0},{"not_picked":["Hyperbeam","Leap"],"picked":"Genetic Algorithm","floor":10},{"not_picked":["Ball Lightning","Tempest"],"picked":"Conserve Battery","floor":13}],"player_experience":912466,"relics_obtained":[{"floor":6.0,"key":"Lizard Tail"},{"floor":9.0,"key":"Pantograph"},{"floor":10,"key":"Nunchaku"}],"event_choices":[{"damage_healed":0.0,"max_hp_gain":0.0,"max_hp_loss":7.0,"gold_gain":0.0,"event_name":"Golden Idol","player_choice":"Lose Max HP","floor":3.0,"gold_loss":0.0,"damage_taken":0.0,"relics_obtained":["Golden Idol"]},{"damage_healed":0.0,"max_hp_gain":0.0,"max_hp_loss":0.0,"gold_gain":0.0,"cards_transformed":["Defend_B"],"event_name":"Living Wall","player_choice":"Change","floor":4.0,"gold_loss":0.0,"damage_taken":0.0,"cards_obtained":["Blizzard"]},{"damage_healed":0.0,"max_hp_gain":0.0,"max_hp_loss":0.0,"gold_gain":0.0,"event_name":"Lab","player_choice":"Got Potions","floor":5.0,"gold_loss":0.0,"damage_taken":0.0},{"damage_healed":0,"gold_gain":150,"player_choice":"AGREE","damage_taken":0,"max_hp_gain":0,"max_hp_loss":0,"event_name":"Liars Game","floor":14,"gold_loss":0,"cards_obtained":["Doubt"]}],"is_beta":false,"boss_relics":[],"items_purged_floors":[2],"is_endless":false,"potions_floor_spawned":[8,13],"killed_by":"Hexaghost","ascension_level":20}}