{"host":"p4yrwepmrl4g8pul","time":1613877950,"event":{"mods":["Act Like it!","BaseMod","BetterRewards","Colored Map","Custom Start","Gensokyo","Marisa£®ÏF”Í°°ƒß¿Ì…≥£©","Minty Spire (QoL Compilation)","Quick Restart","Rare Cards Sparkle","Reimu£®≤©¿ˆ¡È√Œ£©","Remilia£®¿Ÿ√◊¿Ú—«£©","Shop Mod","StSLib","The Jungle","Thieving Mod"],"gold_per_floor":[115,115,133,147,222,253,253,285,308,322,322,353,628,640,640,717,717,727,747,761,776,157,192,204,244,256,268,311,323,355,402,414,497,509,533,110,110,110,110,110,140,158,208,208,234,234,72,101,101,101,101,101,101,19,47,47,47],"floor_reached":56,"language":"ZHS","playtime":2509,"items_purged":["Strike_RM","Strike_RM","Strike_RM","Strike_RM","Defend_RM","ScarletShoot","Stigmanizer","Defend_RM","RedMoon"],"score":3093,"play_id":"aa088a7a-97e9-48ff-842f-e1ab850850d7","local_time":"20210221112550","is_ascension_mode":true,"campfire_choices":[{"floor":7.0,"key":"REST"},{"data":"EternalNight","floor":15.0,"key":"SMITH"},{"data":"QueenOfMidnight","floor":24.0,"key":"SMITH"},{"data":"LeisurelyOfLord","floor":27.0,"key":"SMITH"},{"data":"UnstableMagic","floor":29.0,"key":"SMITH"},{"data":"Sword Boomerang","floor":32.0,"key":"SMITH"},{"floor":40.0,"key":"RECALL"},{"data":"SuperhumanBloodyKnife","floor":44.0,"key":"SMITH"},{"data":"Calculated Gamble","floor":49.0,"key":"SMITH"},{"data":"BloodHunter","floor":53.0,"key":"SMITH"}],"circlet_count":0,"master_deck":["AscendersBane","SuperhumanBloodyKnife+1","AfternoonTea","BloodHunter+1","NightLord+1","Finesse+1","UnstableMagic+1","LeisurelyOfLord+1","UnstableMagic+1","EternalNight+1","VampireFantasy+1","QueenOfMidnight+1","Master of Strategy+1","Singularity+1","Sword Boomerang+1","LessonLearned+1","Calculated Gamble+1","Gensokyo:EverlastingLife+1","Inflame+1","ChaoticDestiny+1","PowerUp"],"relics":["ScarletHat","Bag of Preparation","Juzu Bracelet","PreservedInsect","Shuriken","CrazyTorch:ReiMu","TheAbacus","Omamori","Gremlin Horn","Anchor","Boot","Oddly Smooth Stone","Mummified Hand","ScarletEmblem","PrismaticShard","MawBank","Sundial","Toy Ornithopter","Happy Flower","Sozu","Bronze Scales","Pear","Strawberry","Whetstone","Membership Card","Prayer Wheel","TypeBBloodRedTea"],"acts_visited":["Exordium","Exordium","Gensokyo:Gensokyoest","TheEnding"],"potions_floor_usage":[],"damage_taken":[{"damage":0.0,"enemies":"Jaw Worm","floor":1.0,"turns":2.0},{"damage":0.0,"enemies":"Cultist","floor":3.0,"turns":2.0},{"damage":0.0,"enemies":"Small Slimes","floor":4.0,"turns":1.0},{"damage":0.0,"enemies":"3 Sentries","floor":6.0,"turns":3.0},{"damage":0.0,"enemies":"Lagavulin","floor":8.0,"turns":6.0},{"damage":0.0,"enemies":"2 Fungi Beasts","floor":10.0,"turns":2.0},{"damage":0.0,"enemies":"3 Sentries","floor":12.0,"turns":3.0},{"damage":0.0,"enemies":"Exordium Thugs","floor":14.0,"turns":2.0},{"damage":0.0,"enemies":"The Guardian","floor":16.0,"turns":7.0},{"damage":3.0,"enemies":"theJungle:Flameango_and_Byrd","floor":18.0,"turns":8.0},{"damage":3.0,"enemies":"theJungle:MUSHROOMGANG","floor":19.0,"turns":2.0},{"damage":11.0,"enemies":"theJungle:Lyon","floor":20.0,"turns":9.0},{"damage":0.0,"enemies":"theJungle:2_Snecko_Cultists","floor":21.0,"turns":4.0},{"damage":7.0,"enemies":"theJungle:MamaSnecko","floor":23.0,"turns":5.0},{"damage":0.0,"enemies":"theJungle:Cassacara","floor":25.0,"turns":4.0},{"damage":0.0,"enemies":"theJungle:MamaSnecko","floor":28.0,"turns":3.0},{"damage":0.0,"enemies":"theJungle:SlimyTreeVines","floor":30.0,"turns":4.0},{"damage":0.0,"enemies":"theJungle:Cassacara","floor":31.0,"turns":3.0},{"damage":52.0,"enemies":"theJungle:TotemBoss","floor":33.0,"turns":4.0},{"damage":0.0,"enemies":"Gensokyo:3_Boulders","floor":35.0,"turns":2.0},{"damage":14.0,"enemies":"Gensokyo:Kasen","floor":41.0,"turns":5.0},{"damage":0.0,"enemies":"Gensokyo:3_Bats","floor":42.0,"turns":1.0},{"damage":1.0,"enemies":"Gensokyo:Doremy","floor":45.0,"turns":4.0},{"damage":0.0,"enemies":"Gensokyo:Kasen","floor":48.0,"turns":2.0},{"damage":0.0,"enemies":"Gensokyo:Yuyuko","floor":50.0,"turns":3.0},{"damage":31.0,"enemies":"Gensokyo:Scarlet_Devils","floor":51.0,"turns":7.0},{"damage":0.0,"enemies":"Shield and Spear","floor":55.0,"turns":2.0},{"damage":105,"enemies":"The Heart","floor":56,"turns":6}],"seed_played":"3578794237261870299","potions_obtained":[{"floor":1.0,"key":"Ancient Potion"},{"floor":3.0,"key":"BlessingOfTheForge"},{"floor":10.0,"key":"PowerPotion"},{"floor":12.0,"key":"ColorlessPotion"},{"floor":18.0,"key":"Explosive Potion"},{"floor":19.0,"key":"SpeedPotion"},{"floor":21.0,"key":"ColorlessPotion"},{"floor":25.0,"key":"Fire Potion"}],"is_trial":false,"path_per_floor":["M","?","M","M","?","E","R","E","T","M","?","E","?","M","R","B",null,"M","M","M","M","$","E","R","E","T","R","E","R","M","E","R","B",null,"M","$","?","?","COS","R","E","M","T","R","E","?","$","E","R","B","B",null,"R","$","E","B"],"character_chosen":"REMILIA","items_purchased":["Bag of Preparation","SuperhumanBloodyKnife","Juzu Bracelet","AfternoonTea","Stigmanizer","BloodHunter","NightLord","Finesse","UnstableMagic","PreservedInsect","Shuriken","CrazyTorch:ReiMu","TheAbacus","LeisurelyOfLord","Omamori","Gremlin Horn","PrismaticShard","Master of Strategy","Bronze Scales","Membership Card","ChaoticDestiny"],"campfire_rested":1,"item_purchase_floors":[0,0,0,0,0,0,0,0,0,0,0,0,0,0,0,0,22,22,36,47,54],"current_hp_per_floor":[23,16,17,18,7,7,28,31,31,31,31,31,31,35,35,60,68,67,67,57,62,62,60,60,60,60,60,60,60,62,66,66,35,61,63,63,63,63,63,63,65,65,72,72,77,77,77,82,82,82,59,80,80,80,83,0,0],"gold":47,"neow_bonus":"","is_daily":false,"chose_seed":false,"campfire_upgraded":8,"win_rate":0.0,"timestamp":1613877950,"path_taken":["M","?","M","M","?","E","R","E","T","M","?","E","?","M","R","BOSS","M","M","M","M","$","E","R","E","T","R","E","R","M","E","R","BOSS","M","$","?","?","COS","R","E","M","T","R","E","?","$","E","R","BOSS","BOSS","R","$","E","BOSS"],"items_purchased_type":["Relic","Card","Relic","Card","Card","Card","Card","Card","Card","Relic","Relic","Relic","Relic","Card","Relic","Relic","Relic","Card","Relic","Relic","Card"],"build_version":"2020-12-22","purchased_purges":9,"victory":false,"max_hp_per_floor":[70,70,70,70,70,70,70,70,70,70,70,70,70,70,70,70,70,70,70,70,70,70,70,70,70,70,70,70,70,70,70,70,70,70,70,70,70,70,70,70,80,80,87,87,87,87,87,87,87,87,87,87,87,87,87,87,87],"card_choices":[{"not_picked":["StarOfDavid","MastersStateliness","VampireSweep"],"picked":"SKIP","floor":1.0},{"not_picked":["StarOfDavid","VampireKiss","EndlessAdversity"],"picked":"SKIP","floor":3.0},{"not_picked":["ScarletDevil","UnderTheZenith","BloodyTrap"],"picked":"SKIP","floor":4.0},{"not_picked":["UltimateOffering","MillenniumVampire"],"picked":"UnstableMagic","floor":6.0},{"not_picked":["ScarletDevil","MastersStateliness"],"picked":"EternalNight","floor":8.0},{"not_picked":["BombardNight","ChainGang"],"picked":"VampireFantasy","floor":10.0},{"not_picked":["NightDance","HellCatastrophe","EndlessAdversity"],"picked":"SKIP","floor":12.0},{"not_picked":["ScarletDevil","BombardNight","EternalNight"],"picked":"SKIP","floor":14.0},{"not_picked":["TransientEternity","EquivalentExchange"],"picked":"QueenOfMidnight","floor":16.0},{"not_picked":["BloodHunter","StarOfDavid","MastersStateliness+1"],"picked":"SKIP","floor":18.0},{"not_picked":["Maim","AfternoonTea","Ultimatum"],"picked":"SKIP","floor":19.0},{"not_picked":["EndlessAdversity+1","CharismaGuard","GlobalNightmare"],"picked":"SKIP","floor":20.0},{"not_picked":["VampireClaw","EndlessAdversity","DiffusionOfMisfortune"],"picked":"SKIP","floor":21.0},{"not_picked":["Blur","Meditation:ReiMu"],"picked":"Singularity+1","floor":23.0},{"not_picked":["ShootTheMoon","Expertise","Anger"],"picked":"SKIP","floor":25.0},{"not_picked":["ScarletGensokyo","Perseverance"],"picked":"Sword Boomerang","floor":28.0},{"not_picked":["Perseverance","CutThroughFate","Chill"],"picked":"SKIP","floor":30.0},{"not_picked":["Bandage Up","Scrape","Second Wind"],"picked":"SKIP","floor":31.0},{"not_picked":["Shading:ReiMu","Envenom"],"picked":"LessonLearned","floor":33.0},{"not_picked":["Dagger Spray","Riddle With Holes","Tantrum"],"picked":"SKIP","floor":35.0},{"not_picked":["Beam Cell","Finisher","Leap"],"picked":"SKIP","floor":41.0},{"not_picked":["Spot Weakness+1","Gensokyo:MorningMist","Gensokyo:NewMoon"],"picked":"SKIP","floor":42.0},{"not_picked":["InnerPeace+1","Gensokyo:EverlastingLife"],"picked":"Calculated Gamble","floor":45.0},{"not_picked":["Gensokyo:NewMoon","Gensokyo:BrilliantDragonBullet"],"picked":"Gensokyo:EverlastingLife","floor":46.0},{"not_picked":["WheelKick","BlasphemousPunishment"],"picked":"Inflame+1","floor":48.0},{"not_picked":["SpiritualOutbreak2:ReiMu+1","Calculated Gamble"],"picked":"PowerUp","floor":55.0}],"player_experience":816277,"relics_obtained":[{"floor":6.0,"key":"Anchor"},{"floor":8.0,"key":"Boot"},{"floor":9.0,"key":"Oddly Smooth Stone"},{"floor":12.0,"key":"Mummified Hand"},{"floor":23.0,"key":"MawBank"},{"floor":25.0,"key":"Sundial"},{"floor":28.0,"key":"Toy Ornithopter"},{"floor":31.0,"key":"Happy Flower"},{"floor":41.0,"key":"Pear"},{"floor":43.0,"key":"Strawberry"},{"floor":45.0,"key":"Whetstone"},{"floor":48.0,"key":"Prayer Wheel"},{"floor":55.0,"key":"TypeBBloodRedTea"}],"event_choices":[{"cards_removed":["Defend_RM"],"damage_healed":0.0,"max_hp_gain":0.0,"max_hp_loss":0.0,"gold_gain":0.0,"event_name":"Golden Wing","player_choice":"Card Removal","floor":2.0,"gold_loss":0.0,"damage_taken":7.0},{"damage_healed":0.0,"max_hp_gain":0.0,"max_hp_loss":0.0,"gold_gain":75.0,"event_name":"World of Goop","player_choice":"Gather Gold","floor":5.0,"gold_loss":0.0,"damage_taken":11.0},{"cards_removed":["Defend_RM"],"damage_healed":0.0,"max_hp_gain":0.0,"max_hp_loss":0.0,"gold_gain":0.0,"event_name":"Bonfire Elementals","player_choice":"Offered Basic","floor":11.0,"gold_loss":0.0,"damage_taken":0.0},{"damage_healed":0.0,"max_hp_gain":0.0,"max_hp_loss":0.0,"gold_gain":275.0,"event_name":"Golden Shrine","player_choice":"Desecrate","floor":13.0,"gold_loss":0.0,"damage_taken":0.0,"cards_obtained":["Regret"]}],"is_beta":false,"boss_relics":[{"not_picked":["Runic Dome","Ectoplasm"],"picked":"ScarletEmblem"},{"not_picked":["Velvet Choker","Astrolabe"],"picked":"Sozu"}],"items_purged_floors":[0,0,0,0,0,0,0,22,36],"is_endless":false,"potions_floor_spawned":[1,3,10,12,18,19,21,25,41,42,48,55],"killed_by":"The Heart","ascension_level":20}}