{"host":"c1h8o8aodufyrxir","time":1613893750,"event":{"mods":["AchievementEnabler","BaseMod","Block Reminder","Downfall","Minty Spire (QoL Compilation)","Rare Cards Sparkle","Relic Stats","StSLib"],"gold_per_floor":[99,109,119,9,9,9,9,20,20,39,51,51,51,151,171,275,275,75,92,107,25,37,22,22,33,33,33,33,18,29,29,44,143,143,143,143,143,193,18,18,18,18,18,18,29,29,29,29,44,44],"floor_reached":51,"language":"ENG","playtime":3238,"items_purged":[],"score":733,"play_id":"d0d3a04a-a512-4017-8359-c802f9dee2df","local_time":"20210221004910","is_ascension_mode":false,"campfire_choices":[{"data":"Guardian:TwinSlam","floor":1,"key":"SMITH"},{"data":"Guardian:SentryBeam","floor":6,"key":"SMITH"},{"floor":9,"key":"RECALL"},{"data":"Guardian:CrystalBeam","floor":12,"key":"SMITH"},{"data":"Guardian:HyperBeam_Guardian","floor":18,"key":"SMITH"},{"data":"Guardian:SpikerProtocol","floor":35,"key":"SMITH"},{"data":"Guardian:DecasProtection","floor":40,"key":"SMITH"},{"data":"Guardian:HyperBeam_Guardian","floor":42,"key":"SMITH"},{"data":"Guardian:DonusPower","floor":44,"key":"SMITH"},{"data":"Guardian:SpikerProtocol","floor":47,"key":"SMITH"}],"circlet_count":0,"master_deck":["Guardian:Strike_Guardian","Guardian:Strike_Guardian","Guardian:Strike_Guardian","Guardian:Strike_Guardian","Guardian:Defend_Guardian","Guardian:Defend_Guardian","Guardian:Defend_Guardian","Guardian:Defend_Guardian","Guardian:CurlUp","Guardian:TwinSlam+1","Guardian:SentryBeam+1","Guardian:TemporalShield","Guardian:RollAttack","Guardian:BodySlam","Guardian:CrystalBeam+1","Guardian:ArmoredProtocol","Parasite","Guardian:BronzeArmor","Guardian:HyperBeam_Guardian+1","Guardian:DonusPower","Guardian:WalkerClaw","Guardian:SpikerProtocol+1","Guardian:DecasProtection+1","Guardian:BodySlam","Guardian:DonusPower+1","downfall:Bewildered","Guardian:SpikerProtocol+1","Guardian:BronzeArmor+1","Guardian:HyperBeam_Guardian+1","Shame","Decay","Guardian:TemporalStrike+1","Guardian:FloatingOrbs","Guardian:PrimingBeam+1","Guardian:TemporalShield","Decay","downfall:Aged","Guardian:VentSteam","Guardian:PrismaticBeam+1","Guardian:TemporalShield","Regret","Guardian:ChargeCore+1"],"relics":["Guardian:ModeShifter","Peace Pipe","Guardian:StasisSlotReductionRelic","downfall:HeartBlessingRed","downfall:HeartBlessingBlue","downfall:RedIOU","downfall:ExtraCursedKey","sneckomod:BabySnecko","SacredBark","Boot","Bronze Scales","Molten Egg 2","Juzu Bracelet"],"acts_visited":["Exordium","TheCity","TheBeyond"],"potions_floor_usage":[49,50],"damage_taken":[{"damage":4,"enemies":"Jaw Worm","floor":2,"turns":4},{"damage":0,"enemies":"Small Slimes","floor":3,"turns":3},{"damage":0,"enemies":"downfall:FleeingMerchant","floor":4,"turns":4},{"damage":0,"enemies":"2 Louse","floor":8,"turns":1},{"damage":0,"enemies":"Large Slime","floor":10,"turns":4},{"damage":10,"enemies":"downfall:LooterAlt","floor":11,"turns":2},{"damage":6,"enemies":"3 Louse","floor":15,"turns":3},{"damage":39,"enemies":"WA_ARCHETYPE_RETAIN","floor":16,"turns":9},{"damage":10,"enemies":"Spheric Guardian","floor":19,"turns":4},{"damage":15,"enemies":"3 Byrds","floor":20,"turns":3},{"damage":0,"enemies":"downfall:FleeingMerchant","floor":21,"turns":4},{"damage":2,"enemies":"Centurion and Healer","floor":22,"turns":5},{"damage":2,"enemies":"downfall:FleeingMerchant","floor":23,"turns":4},{"damage":10,"enemies":"Cultist and Chosen","floor":25,"turns":5},{"damage":10,"enemies":"downfall:FleeingMerchant","floor":29,"turns":4},{"damage":5,"enemies":"Chosen and Byrds","floor":30,"turns":3},{"damage":1,"enemies":"Snake Plant","floor":32,"turns":2},{"damage":19,"enemies":"IC_MUSHROOM_ARCHETYPE","floor":33,"turns":7},{"damage":0,"enemies":"downfall:FleeingMerchant","floor":39,"turns":1},{"damage":9,"enemies":"3 Shapes","floor":45,"turns":3},{"damage":16,"enemies":"3 Darklings","floor":49,"turns":4},{"damage":23,"enemies":"SI_POISON_ARCHETYPE","floor":50,"turns":11}],"seed_played":"3830360606770617595","potions_obtained":[{"floor":2,"key":"PowerPotion"},{"floor":10,"key":"AttackPotion"},{"floor":11,"key":"SneckoOil"},{"floor":33,"key":"Ancient Potion"},{"floor":49,"key":"Fruit Juice"}],"is_trial":false,"path_per_floor":["R","M","M","$","?","R","T","M","R","M","M","R","?","?","M","B",null,"R","M","M","$","M","$","T","M","?","?","?","$","M","?","M","B",null,"R","?","?","T","$","R","T","R","?","R","M","$","R","?","M","B",null],"character_chosen":"GUARDIAN","items_purchased":["Guardian:PrimingBeam","Guardian:Gem_Red","Guardian:SpikerProtocol","Bronze Scales","Guardian:FloatingOrbs","Molten Egg 2","Guardian:PrimingBeam+1","Guardian:TemporalShield"],"campfire_rested":0,"item_purchase_floors":[4,4,21,39,39,39,39,39],"current_hp_per_floor":[72,68,68,68,50,50,50,50,50,50,40,40,58,58,52,13,72,82,72,57,57,55,53,53,43,43,43,43,33,28,28,27,8,82,82,82,82,82,82,82,82,82,82,82,73,73,73,73,67,44],"gold":44,"neow_bonus":"ONE_RARE_RELIC","is_daily":false,"chose_seed":false,"campfire_upgraded":9,"win_rate":0.0,"timestamp":1613893750,"path_taken":["R","M","M","$","?","R","T","M","R","M","M","R","?","?","M","BOSS","R","M","M","$","M","$","T","M","?","?","?","?","M","?","M","BOSS","R","?","?","?","$","R","T","R","?","R","M","$","R","?","M","BOSS"],"items_purchased_type":["Card","Card","Card","Relic","Card","Relic","Card","Card"],"build_version":"2020-12-22","purchased_purges":0,"victory":true,"max_hp_per_floor":[72,72,72,72,72,72,72,72,72,72,72,72,72,72,72,72,72,82,82,82,82,82,82,82,82,82,82,82,82,82,82,82,82,82,82,82,82,82,82,82,82,82,82,82,82,82,82,82,92,92],"relic_stats":{"Peace Pipe":0,"counters":[22,90],"Bronze Scales":[45],"Juzu Bracelet":2,"Boot":[20],"obtain_stats":[{"Guardian:StasisSlotReductionRelic":17,"downfall:HeartBlessingRed":18,"SacredBark":34,"Guardian:ModeShifter":0,"Juzu Bracelet":41,"Boot":38,"White Beast Statue":24,"Peace Pipe":0,"sneckomod:BabySnecko":28,"downfall:HeartBlessingBlue":18,"Bronze Scales":39,"Molten Egg 2":39,"downfall:RedIOU":26,"downfall:ExtraCursedKey":27},{"Guardian:StasisSlotReductionRelic":8,"downfall:HeartBlessingRed":8,"SacredBark":18,"Guardian:ModeShifter":0,"Juzu Bracelet":19,"Boot":18,"White Beast Statue":13,"Peace Pipe":0,"sneckomod:BabySnecko":14,"downfall:HeartBlessingBlue":8,"Bronze Scales":19,"Molten Egg 2":19,"downfall:RedIOU":14,"downfall:ExtraCursedKey":14},{"Guardian:StasisSlotReductionRelic":30,"downfall:HeartBlessingRed":30,"SacredBark":71,"Guardian:ModeShifter":0,"Juzu Bracelet":72,"Boot":71,"White Beast Statue":50,"Peace Pipe":0,"sneckomod:BabySnecko":55,"downfall:HeartBlessingBlue":30,"Bronze Scales":72,"Molten Egg 2":72,"downfall:RedIOU":55,"downfall:ExtraCursedKey":55}]},"card_choices":[{"not_picked":["Guardian:BronzeArmor","Guardian:Gem_Red"],"picked":"Guardian:SentryBeam","floor":2},{"not_picked":["Guardian:MultiBeam","Guardian:Gem_Yellow"],"picked":"Guardian:TemporalShield","floor":3},{"not_picked":["Guardian:Suspension","Guardian:GuardianWhirl"],"picked":"Guardian:RollAttack","floor":4},{"not_picked":["Guardian:MultiBeam","Guardian:Incinerate"],"picked":"Guardian:BodySlam","floor":8},{"not_picked":["Guardian:PrimingBeam","Guardian:Gem_White"],"picked":"Guardian:CrystalBeam","floor":10},{"not_picked":["Guardian:Suspension","Guardian:Reroute"],"picked":"Guardian:ArmoredProtocol","floor":11},{"not_picked":["Guardian:VentSteam","Guardian:Planning"],"picked":"Guardian:BronzeArmor","floor":15},{"not_picked":["Guardian:FastForward","Guardian:SphericShield"],"picked":"Guardian:HyperBeam_Guardian","floor":16},{"not_picked":["Guardian:Gem_Crimson","Guardian:TemporalShield"],"picked":"Guardian:DonusPower","floor":19},{"not_picked":["Guardian:Gem_Lightblue","Guardian:TimeCapacitor"],"picked":"Guardian:Recover","floor":20},{"not_picked":["Guardian:Gem_Red","Guardian:ShieldSpikes+1"],"picked":"Guardian:WalkerClaw","floor":21},{"not_picked":["Guardian:AncientConstruct","Guardian:Gem_Fragmented"],"picked":"Guardian:DecasProtection","floor":22},{"not_picked":["Guardian:ChargeCore","Guardian:BronzeOrb"],"picked":"Guardian:BodySlam","floor":23},{"not_picked":["Guardian:PrismaticBeam","Guardian:Reroute"],"picked":"Guardian:DonusPower","floor":25},{"not_picked":["Guardian:CrystalBeam","Guardian:Incinerate+1"],"picked":"Guardian:SpikerProtocol","floor":29},{"not_picked":["Guardian:Planning","Guardian:Gem_Blue","Guardian:Reroute"],"picked":"SKIP","floor":30},{"not_picked":["Guardian:Reroute+1","Guardian:BronzeOrb+1"],"picked":"Guardian:BronzeArmor+1","floor":32},{"not_picked":["Guardian:Gem_Synthetic","Guardian:SphericShield"],"picked":"Guardian:HyperBeam_Guardian","floor":33},{"not_picked":["Guardian:TimeCapacitor","Guardian:Incinerate+1"],"picked":"Guardian:TemporalStrike+1","floor":39},{"not_picked":["Guardian:Incinerate+1","Guardian:PrismaticBarrier"],"picked":"Guardian:VentSteam","floor":45},{"not_picked":["Guardian:Gem_Lightblue","Guardian:Gem_Blue"],"picked":"Guardian:ChargeCore+1","floor":49}],"player_experience":175929,"relics_obtained":[{"floor":24,"key":"White Beast Statue"},{"floor":38,"key":"Boot"},{"floor":41,"key":"Juzu Bracelet"}],"event_choices":[{"damage_healed":18,"gold_gain":0,"player_choice":"Healed and dodged fight","damage_taken":0,"max_hp_gain":0,"max_hp_loss":0,"event_name":"Mushrooms","floor":13,"gold_loss":0,"cards_obtained":["Parasite"]},{"cards_removed":["Guardian:PrimingBeam"],"damage_healed":0,"gold_gain":0,"player_choice":"Removed Attack","damage_taken":0,"max_hp_gain":0,"max_hp_loss":0,"event_name":"Falling","floor":37,"gold_loss":0}],"is_beta":false,"boss_relics":[{"not_picked":["Snecko Eye","Calling Bell"],"picked":"Guardian:StasisSlotReductionRelic"},{"not_picked":["Fusion Hammer","Runic Pyramid"],"picked":"SacredBark"}],"items_purged_floors":[],"is_endless":false,"potions_floor_spawned":[2,10,11,20,25,33,49],"ascension_level":0}}