{"host":"xumidyqji6pg2yy3","time":1613914582,"event":{"mods":["ATMod(°¢èªMod)","Act Like it!","BaseMod","Colored Map","Gensokyo","Minty Spire (QoL Compilation)","MostiFishMod","Quick Restart","StSLib"],"gold_per_floor":[114,114,26,26,38,369,47,47,47,47,47,273,203,229,229,329,329,341,353,105,121,131,163,163,163,214,214,232,247,267,292,292,388,388,404,246,259,272,290,346,346,382,382,432,432,518,623,310,310,360,360,360,143,223,248],"floor_reached":56,"language":"ZHS","playtime":2357,"items_purged":["Strike_G","Defend_G","Defend_G","Defend_G","Clumsy"],"score":2013,"play_id":"3de2e68c-3f0f-49ba-96ec-96ce5e818725","local_time":"20210221213622","is_ascension_mode":true,"campfire_choices":[{"data":"Adrenaline","floor":8,"key":"SMITH"},{"data":"MostiFishMod:LethalBlade","floor":15,"key":"SMITH"},{"data":"Tactician","floor":24,"key":"SMITH"},{"data":"MostiFishMod:VineMother","floor":27,"key":"SMITH"},{"data":"Infinite Blades","floor":32,"key":"SMITH"},{"floor":41,"key":"RECALL"},{"data":"Prepared","floor":45,"key":"SMITH"},{"data":"Defend_G","floor":49,"key":"PURGE"},{"data":"Defend_G","floor":52,"key":"PURGE"}],"circlet_count":0,"master_deck":["Strike_G","Strike_G+1","Strike_G+1","Survivor","Neutralize","AT_EssenceShift","Accuracy","Acrobatics+1","Blade Dance","Adrenaline+1","Prepared+1","MostiFishMod:LethalBlade+1","Adrenaline","MostiFishMod:PerfectParry+1","Infinite Blades+1","Acrobatics+1","MostiFishMod:VineMother+1","Tactician+1","AT_ArcaneSupremacy+1","Purity"],"relics":["Ring of the Snake","AT_ATBox","DaveBox","FeatherPendant","NeowsBlessing","SynthV:TestCard","Bag of Marbles","MawBank","ImprovedEquipment","Bottled Lightning","Gensokyo:NagashiBinaDoll","SynthV:C4","AT_EbonyIvory","xbg","DollysMirror","Lantern","AT_BellDemon","Meat on the Bone","Happy Flower","The Courier","Frozen Egg 2","Orichalcum","Blue Candle","ChiXiaoBlade","Ice Cream","AT_BladeRuinedKing","Oddly Smooth Stone","AT_MibuBalloonWealth","ThornShield","Bottled Tornado","AT_BellowingDragoncrestRing","Anchor","StrikeDummy","Pocketwatch","Eternal Feather","Peace Pipe","AT_PhaseBoots","AT_ChloranthyRing","Letter Opener"],"acts_visited":["Exordium","Gensokyo:Gensokyo","Gensokyo:Gensokyoer","TheEnding"],"potions_floor_usage":[53],"damage_taken":[{"damage":0,"enemies":"Gensokyo:Python","floor":1,"turns":1},{"damage":5,"enemies":"Gensokyo:2_Kodama","floor":5,"turns":3},{"damage":0,"enemies":"Gensokyo:Mamizou","floor":6,"turns":6},{"damage":0,"enemies":"Gensokyo:Cirno","floor":12,"turns":5},{"damage":0,"enemies":"Gensokyo:Mamizou","floor":14,"turns":1},{"damage":0,"enemies":"Gensokyo:Reimu","floor":16,"turns":2},{"damage":0,"enemies":"Gensokyo:3_Dogs","floor":18,"turns":1},{"damage":0,"enemies":"Gensokyo:AngelMirror","floor":19,"turns":1},{"damage":0,"enemies":"Gensokyo:Swordslinger","floor":21,"turns":1},{"damage":0,"enemies":"Gensokyo:Wraith","floor":22,"turns":2},{"damage":0,"enemies":"Gensokyo:Reisen","floor":23,"turns":1},{"damage":0,"enemies":"Gensokyo:Slime_Group","floor":28,"turns":1},{"damage":0,"enemies":"Gensokyo:Chomper_and_Gloop","floor":29,"turns":1},{"damage":0,"enemies":"Gensokyo:Monolith_and_Dog","floor":30,"turns":1},{"damage":0,"enemies":"Gensokyo:Tenshi","floor":31,"turns":1},{"damage":0,"enemies":"Gensokyo:Eternal_Rivals","floor":33,"turns":1},{"damage":0,"enemies":"Gensokyo:3_Bats","floor":35,"turns":1},{"damage":0,"enemies":"Gensokyo:3_Boulders","floor":37,"turns":1},{"damage":0,"enemies":"Gensokyo:SeedOfUnknown","floor":38,"turns":1},{"damage":0,"enemies":"Gensokyo:Dusk_and_Dawn","floor":39,"turns":1},{"damage":0,"enemies":"Gensokyo:Marisa","floor":40,"turns":1},{"damage":0,"enemies":"Gensokyo:AtlasGolem","floor":42,"turns":1},{"damage":0,"enemies":"Gensokyo:Doremy","floor":44,"turns":1},{"damage":0,"enemies":"Gensokyo:3_Boulders","floor":46,"turns":1},{"damage":0,"enemies":"Gensokyo:Kasen","floor":47,"turns":1},{"damage":0,"enemies":"Gensokyo:Shinki","floor":50,"turns":3},{"damage":0,"enemies":"Shield and Spear","floor":54,"turns":1},{"damage":4,"enemies":"The Heart","floor":55,"turns":3}],"seed_played":"-1746908448796607540","potions_obtained":[{"floor":5,"key":"Explosive Potion"},{"floor":14,"key":"Strength Potion"},{"floor":18,"key":"Energy Potion"},{"floor":19,"key":"SkillPotion"},{"floor":35,"key":"Fire Potion"},{"floor":39,"key":"LiquidMemories"},{"floor":44,"key":"EntropicBrew"},{"floor":46,"key":"Fruit Juice"}],"is_trial":false,"path_per_floor":["M","?","COS","?","M","E","$","R","T","?","$","E","?","E","R","B",null,"M","M","$","M","M","E","R","?","T","R","M","M","M","E","R","B",null,"M","$","M","M","M","E","R","M","T","E","R","M","E","$","R","B",null,"R","$","E","B",null],"character_chosen":"THE_SILENT","items_purchased":["ImprovedEquipment","DollysMirror","AT_ArcaneSupremacy+1","AT_SpeedBoots","Purity","EntropicBrew"],"campfire_rested":0,"item_purchase_floors":[7,20,36,48,48,53],"current_hp_per_floor":[70,70,70,70,65,65,65,65,65,65,65,65,65,65,65,65,70,70,70,70,70,70,70,70,70,70,70,70,70,70,70,70,70,70,70,70,70,70,70,70,70,70,70,70,70,70,70,70,70,70,70,70,75,75,71],"gold":248,"neow_bonus":"THREE_ENEMY_KILL","is_daily":false,"chose_seed":false,"campfire_upgraded":6,"win_rate":0.0,"timestamp":1613914582,"path_taken":["M","?","COS","?","?","E","?","R","T","?","$","E","?","E","R","BOSS","M","M","$","M","M","E","R","?","T","R","M","M","M","E","R","BOSS","M","$","M","M","M","E","R","M","T","E","R","M","E","$","R","BOSS","R","$","E","BOSS"],"items_purchased_type":["Relic","Relic","Card","Relic","Card","Potion"],"build_version":"2020-12-22","purchased_purges":5,"victory":true,"max_hp_per_floor":[70,70,70,70,70,70,70,70,70,70,70,70,70,70,70,70,70,70,70,70,70,70,70,70,70,70,70,70,70,70,70,70,70,70,70,70,70,70,70,70,70,70,70,70,70,70,70,70,70,70,70,70,75,75,75],"card_choices":[{"not_picked":["Bane","Quick Slash"],"picked":"Accuracy","floor":1},{"not_picked":["AT_ThistleTea","Outmaneuver","Cloak And Dagger","Poisoned Stab"],"picked":"Blade Dance","floor":5},{"not_picked":["AT_WomanClash","AT_TwilightShroud","MostiFishMod:PreservedThorns","Footwork"],"picked":"Adrenaline","floor":6},{"not_picked":["Slice","PiercingWail","Reflex","Flying Knee"],"picked":"Prepared","floor":12},{"not_picked":["AT_FocusSwordFire","Backflip","Noxious Fumes","Malaise"],"picked":"MostiFishMod:LethalBlade","floor":14},{"not_picked":["Malaise","Unload","MostiFishMod:Wind","MostiFishMod:Confrontation"],"picked":"Adrenaline","floor":16},{"not_picked":["Flying Knee+1","Slice","Caltrops+1","Dagger Throw"],"picked":"MostiFishMod:PerfectParry+1","floor":18},{"not_picked":["MostiFishMod:InvigoratingSolution","MostiFishMod:PerfectParry+1","MostiFishMod:PreservedThorns+1","Underhanded Strike"],"picked":"Infinite Blades","floor":19},{"not_picked":["Crippling Poison+1","Deflect","Prepared+1","MostiFishMod:FrostNova+1"],"picked":"MostiFishMod:VineMother","floor":21},{"not_picked":["Blur+1","AT_TwilightShroud+1","MostiFishMod:AdrenalineArouse","MostiFishMod:PreservedThorns","Deadly Poison"],"picked":"SKIP","floor":22},{"not_picked":["Eviscerate","Prepared","Flying Knee","Accuracy"],"picked":"Tactician","floor":23},{"not_picked":["Skewer","MostiFishMod:PerfectParry","AT_WindFlip","Poisoned Stab","Infinite Blades"],"picked":"SKIP","floor":28},{"not_picked":["Dagger Spray","Dodge and Roll","Quick Slash","Escape Plan+1","AT_ThistleTea+1"],"picked":"SKIP","floor":29},{"not_picked":["MostiFishMod:VineMother","AT_WindFlip+1","Endless Agony+1","Accuracy","Crippling Poison"],"picked":"SKIP","floor":30},{"not_picked":["AT_Desolate+1","Poisoned Stab","Expertise+1","Finisher","Calculated Gamble+1"],"picked":"SKIP","floor":31},{"not_picked":["Glass Knife","Burst","Unload","MostiFishMod:SpreadingSpore"],"picked":"MostiFishMod:FullyArmed","floor":33},{"not_picked":["MostiFishMod:FrostNova+1","Dagger Spray","Prepared+1","Cloak And Dagger","Distraction+1"],"picked":"SKIP","floor":35},{"not_picked":["Backflip","AT_EssenceShift+1","Underhanded Strike+1","Dagger Throw+1","Deadly Poison"],"picked":"SKIP","floor":37},{"not_picked":["Dodge and Roll","AT_ShadowStep","Acrobatics","AT_WindFlip+1","Tactician+1"],"picked":"SKIP","floor":38},{"not_picked":["Bouncing Flask+1","Backflip+1","Outmaneuver+1","Flying Knee","Dash+1"],"picked":"SKIP","floor":39},{"not_picked":["Prepared","AT_KneejerkReflex+1","Acrobatics+1","Eviscerate","AT_WindRun"],"picked":"SKIP","floor":40},{"not_picked":["MostiFishMod:Neurotoxin+1","MostiFishMod:PerfectParry","Slice","Blade Dance+1","Cloak And Dagger"],"picked":"SKIP","floor":42},{"not_picked":["Dodge and Roll","Outmaneuver+1","Infinite Blades+1","Quick Slash+1","Acrobatics+1"],"picked":"SKIP","floor":44},{"not_picked":["Bane+1","Outmaneuver+1","Dodge and Roll+1","AT_MyraUnstableElement","Masterful Stab+1"],"picked":"SKIP","floor":46},{"not_picked":["Underhanded Strike+1","Quick Slash+1","Deflect","Caltrops+1","Prepared+1"],"picked":"SKIP","floor":47},{"not_picked":["MostiFishMod:PerfectParry+1","Dagger Throw+1","Eviscerate+1","Predator","MostiFishMod:SpreadingSpore"],"picked":"SKIP","floor":54}],"player_experience":86500,"relics_obtained":[{"floor":1,"key":"SynthV:TestCard"},{"floor":6,"key":"MawBank"},{"floor":9,"key":"Bottled Lightning"},{"floor":12,"key":"SynthV:C4"},{"floor":14,"key":"AT_EbonyIvory"},{"floor":23,"key":"Lantern"},{"floor":26,"key":"AT_BellDemon"},{"floor":28,"key":"Meat on the Bone"},{"floor":29,"key":"Happy Flower"},{"floor":30,"key":"The Courier"},{"floor":31,"key":"Frozen Egg 2"},{"floor":31,"key":"Orichalcum"},{"floor":33,"key":"Blue Candle"},{"floor":35,"key":"Ice Cream"},{"floor":37,"key":"AT_BladeRuinedKing"},{"floor":38,"key":"Oddly Smooth Stone"},{"floor":39,"key":"AT_MibuBalloonWealth"},{"floor":40,"key":"ThornShield"},{"floor":40,"key":"Bottled Tornado"},{"floor":42,"key":"AT_BellowingDragoncrestRing"},{"floor":44,"key":"Anchor"},{"floor":44,"key":"StrikeDummy"},{"floor":46,"key":"Pocketwatch"},{"floor":47,"key":"Eternal Feather"},{"floor":47,"key":"Peace Pipe"},{"floor":54,"key":"AT_ChloranthyRing"},{"floor":54,"key":"Letter Opener"}],"event_choices":[],"is_beta":false,"boss_relics":[{"not_picked":["HereWithMe","FixedStarFall"],"picked":"xbg"},{"not_picked":["Velvet Choker","Runic Pyramid"],"picked":"ChiXiaoBlade"}],"items_purged_floors":[7,20,36,48,53],"is_endless":false,"potions_floor_spawned":[5,14,18,19,22,28,29,30,35,38,39,42,44,46],"ascension_level":3}}