{"host":"BK","time":1613946251,"event":{"mods":["BaseMod","Highlight Path","Minty Spire (QoL Compilation)","StSLib"],"gold_per_floor":[127,150,175,197,209,221,276,288,378,411,423,454,507,519,531,641,653,685,326,344,363,378,378,391,432,432,28,28,41,79,95,95,184,184,199,212,225,558,88,88,118,118,118,138,166,178,178,178,178,178,178],"floor_reached":50,"language":"ENG","playtime":6212,"items_purged":["Strike_G","Strike_G+1"],"score":1187,"play_id":"39b88e54-8b06-47c1-ba05-5c10962e989f","local_time":"20210221152411","is_ascension_mode":true,"campfire_choices":[{"data":"Dash","floor":6.0,"key":"SMITH"},{"floor":8.0,"key":"REST"},{"data":"Skewer","floor":11.0,"key":"SMITH"},{"floor":15.0,"key":"REST"},{"floor":23.0,"key":"REST"},{"floor":28.0,"key":"REST"},{"data":"Footwork","floor":32.0,"key":"SMITH"},{"floor":40,"key":"REST"},{"floor":42,"key":"RECALL"},{"floor":49,"key":"REST"}],"circlet_count":0,"master_deck":["AscendersBane","Defend_G","Defend_G","Defend_G+1","Defend_G","Defend_G","Survivor+1","Neutralize","Dash+1","Dagger Throw+1","Skewer+1","Corpse Explosion","Burst","Bullet Time+1","Flechettes+1","Choke+1","Glass Knife","Master of Strategy","PiercingWail","Footwork","Dodge and Roll","Setup+1","Escape Plan","Footwork+1","Dodge and Roll","Bouncing Flask","Wraith Form v2","Blade Dance","Finesse","All Out Attack+1","Acrobatics","Calculated Gamble+1"],"relics":["Ring of the Snake","MawBank","Pocketwatch","Meat on the Bone","Boot","Astrolabe","Eternal Feather","StoneCalendar","Toy Ornithopter","Question Card","Fusion Hammer","Kunai","War Paint","Toxic Egg 2"],"acts_visited":["Exordium","TheCity","TheBeyond"],"potions_floor_usage":[33,33,41,45,45,50],"damage_taken":[{"damage":0.0,"enemies":"2 Louse","floor":1.0,"turns":5.0},{"damage":5.0,"enemies":"Small Slimes","floor":2.0,"turns":4.0},{"damage":0.0,"enemies":"Jaw Worm","floor":3.0,"turns":4.0},{"damage":7.0,"enemies":"2 Fungi Beasts","floor":4.0,"turns":5.0},{"damage":43.0,"enemies":"Gremlin Nob","floor":7.0,"turns":5.0},{"damage":4.0,"enemies":"Red Slaver","floor":10.0,"turns":4.0},{"damage":0.0,"enemies":"Blue Slaver","floor":12.0,"turns":3.0},{"damage":21.0,"enemies":"Lagavulin","floor":13.0,"turns":6.0},{"damage":8.0,"enemies":"The Guardian","floor":16.0,"turns":12.0},{"damage":31.0,"enemies":"2 Thieves","floor":18.0,"turns":3.0},{"damage":2.0,"enemies":"Shell Parasite","floor":20.0,"turns":2.0},{"damage":9.0,"enemies":"Centurion and Healer","floor":21.0,"turns":4.0},{"damage":13.0,"enemies":"Chosen and Byrds","floor":22.0,"turns":5.0},{"damage":2.0,"enemies":"Cultist and Chosen","floor":24.0,"turns":6.0},{"damage":47.0,"enemies":"Slavers","floor":25.0,"turns":6.0},{"damage":0.0,"enemies":"Snecko","floor":29.0,"turns":6.0},{"damage":12.0,"enemies":"Book of Stabbing","floor":30.0,"turns":7.0},{"damage":0.0,"enemies":"Sentry and Sphere","floor":31.0,"turns":4.0},{"damage":54,"enemies":"Collector","floor":33,"turns":8},{"damage":13,"enemies":"3 Shapes","floor":35,"turns":4},{"damage":0,"enemies":"Orb Walker","floor":36,"turns":4},{"damage":5,"enemies":"Writhing Mass","floor":37,"turns":7},{"damage":31,"enemies":"Giant Head","floor":41,"turns":10},{"damage":0,"enemies":"4 Shapes","floor":44,"turns":7},{"damage":12,"enemies":"Nemesis","floor":45,"turns":7},{"damage":11,"enemies":"Jaw Worm Horde","floor":46,"turns":6},{"damage":74,"enemies":"Donu and Deca","floor":50,"turns":10}],"seed_played":"-825799985499794294","potions_obtained":[{"floor":1.0,"key":"GamblersBrew"},{"floor":4.0,"key":"Regen Potion"},{"floor":13.0,"key":"Strength Potion"},{"floor":20.0,"key":"FearPotion"},{"floor":21.0,"key":"CunningPotion"},{"floor":31.0,"key":"Regen Potion"},{"floor":33,"key":"Weak Potion"},{"floor":36,"key":"BlessingOfTheForge"},{"floor":44,"key":"AttackPotion"},{"floor":45,"key":"SpeedPotion"}],"is_trial":false,"path_per_floor":["M","M","M","M","?","R","E","R","T","M","R","M","E","?","R","B",null,"M","$","M","M","M","R","M","E","T","$","R","M","E","M","R","B",null,"M","M","M","?","$","R","E","R","T","M","E","M","?","?","R","B"],"character_chosen":"THE_SILENT","items_purchased":["Footwork","Glass Knife","Master of Strategy","Escape Plan","Footwork","Toy Ornithopter","Block Potion","Kunai","Finesse"],"campfire_rested":6,"item_purchase_floors":[19,19,19,27,27,27,27,39,39],"current_hp_per_floor":[59,54,54,47,47,47,4,22,22,30,30,42,35,17,35,39,55,36,36,34,37,36,54,52,17,17,17,50,50,38,43,58,35,54,41,41,36,36,36,60,33,51,51,51,48,37,37,37,60,0,0],"gold":178,"neow_bonus":"RANDOM_COMMON_RELIC","is_daily":false,"chose_seed":false,"campfire_upgraded":3,"win_rate":0.0,"timestamp":1613946251,"path_taken":["M","M","M","M","?","R","E","R","T","M","R","M","E","?","R","BOSS","M","$","M","M","M","R","M","E","T","$","R","M","E","M","R","BOSS","M","M","M","?","$","R","E","R","T","M","E","M","?","?","R","BOSS"],"items_purchased_type":["Card","Card","Card","Card","Card","Relic","Potion","Relic","Card"],"build_version":"2020-12-18","purchased_purges":2,"victory":false,"max_hp_per_floor":[66,66,66,66,60,60,60,60,60,60,60,60,60,60,60,60,60,60,60,60,60,60,60,60,60,60,60,60,60,60,60,60,60,60,60,60,60,60,60,60,60,60,60,60,60,60,60,60,60,60,60],"card_choices":[{"not_picked":["Calculated Gamble","Flying Knee"],"picked":"Dash","floor":1.0},{"not_picked":["Infinite Blades","Deflect"],"picked":"Dagger Throw","floor":2.0},{"not_picked":["Acrobatics","Bane"],"picked":"Skewer","floor":3.0},{"not_picked":["Dagger Throw","Slice","Prepared"],"picked":"SKIP","floor":4.0},{"not_picked":["Flechettes","Dagger Throw","Underhanded Strike"],"picked":"SKIP","floor":7.0},{"not_picked":["Dagger Spray","Reflex","Well Laid Plans"],"picked":"SKIP","floor":10.0},{"not_picked":["Flechettes","Tactician","Backflip"],"picked":"SKIP","floor":12.0},{"not_picked":["Noxious Fumes","Calculated Gamble"],"picked":"Corpse Explosion","floor":13.0},{"not_picked":["Envenom","Storm of Steel"],"picked":"Burst","floor":16.0},{"not_picked":["Underhanded Strike","Dagger Spray","Backflip"],"picked":"SKIP","floor":18.0},{"not_picked":["Quick Slash","Predator"],"picked":"PiercingWail","floor":20.0},{"not_picked":["Dagger Spray","Expertise"],"picked":"Footwork","floor":21.0},{"not_picked":["Infinite Blades","Venomology"],"picked":"Dodge and Roll","floor":22.0},{"not_picked":["Dagger Spray","Deadly Poison"],"picked":"Setup+1","floor":24.0},{"not_picked":["Sucker Punch","Well Laid Plans","Prepared"],"picked":"SKIP","floor":25.0},{"not_picked":["Noxious Fumes","Expertise"],"picked":"Dodge and Roll","floor":29.0},{"not_picked":["Deadly Poison","Choke","Well Laid Plans"],"picked":"SKIP","floor":30.0},{"not_picked":["Bane","Distraction","Terror+1"],"picked":"Bouncing Flask","floor":31.0},{"not_picked":["Envenom","Unload","Doppelganger"],"picked":"Wraith Form v2","floor":33},{"not_picked":["Poisoned Stab+1","Cloak And Dagger","Expertise+1"],"picked":"Blade Dance","floor":35},{"not_picked":["Underhanded Strike","Flechettes","Terror+1","Blade Dance"],"picked":"SKIP","floor":36},{"not_picked":["Finisher","Storm of Steel","Concentrate","Flying Knee"],"picked":"SKIP","floor":37},{"not_picked":["Slice","Sucker Punch","Deadly Poison+1"],"picked":"All Out Attack+1","floor":41},{"not_picked":["Dagger Spray","Infinite Blades","Riddle With Holes"],"picked":"Acrobatics","floor":44},{"not_picked":["Riddle With Holes+1","Slice","Dodge and Roll+1"],"picked":"Calculated Gamble+1","floor":45},{"not_picked":["Die Die Die","Poisoned Stab","Bane","Sucker Punch"],"picked":"SKIP","floor":46}],"player_experience":2602028,"relics_obtained":[{"floor":7.0,"key":"Pocketwatch"},{"floor":9.0,"key":"Meat on the Bone"},{"floor":13.0,"key":"Boot"},{"floor":25.0,"key":"Eternal Feather"},{"floor":26.0,"key":"StoneCalendar"},{"floor":30.0,"key":"Question Card"},{"floor":41,"key":"War Paint"},{"floor":45,"key":"Toxic Egg 2"}],"event_choices":[{"damage_healed":0.0,"max_hp_gain":0.0,"max_hp_loss":6.0,"gold_gain":0.0,"event_name":"Golden Idol","player_choice":"Lose Max HP","floor":5.0,"gold_loss":0.0,"damage_taken":0.0,"relics_obtained":["Golden Idol"]},{"damage_healed":0.0,"max_hp_gain":0.0,"max_hp_loss":0.0,"gold_gain":0.0,"event_name":"Shining Light","player_choice":"Entered Light","floor":14.0,"gold_loss":0.0,"damage_taken":18.0,"cards_upgraded":["Dagger Throw","Strike_G"]},{"damage_healed":0,"gold_gain":333,"player_choice":"Gave Idol","damage_taken":0,"max_hp_gain":0,"max_hp_loss":0,"event_name":"The Moai Head","floor":38,"relics_lost":["Golden Idol"],"gold_loss":0},{"cards_removed":["Footwork"],"damage_healed":0,"gold_gain":0,"player_choice":"Removed Power","damage_taken":0,"max_hp_gain":0,"max_hp_loss":0,"event_name":"Falling","floor":47,"gold_loss":0},{"damage_healed":0,"gold_gain":0,"player_choice":"0 cards matched","damage_taken":0,"max_hp_gain":0,"max_hp_loss":0,"event_name":"Match and Keep!","floor":48,"gold_loss":0,"cards_obtained":[]}],"is_beta":true,"boss_relics":[{"not_picked":["WristBlade","Pandora\u0027s Box"],"picked":"Astrolabe"},{"not_picked":["Empty Cage","SacredBark"],"picked":"Fusion Hammer"}],"items_purged_floors":[27,39],"is_endless":false,"potions_floor_spawned":[1,4,13,20,21,22,31,33,36,37,44,45],"killed_by":"Donu and Deca","ascension_level":20}}