{"host":"oigynbtg272c19pw","time":1613923502,"event":{"mods":["BaseMod","Colored Map","Minty Spire (QoL Compilation)","Relic Stats","Slay the Relics Exporter","StSLib"],"gold_per_floor":[13,13,13,31,31,31,31,31,31],"floor_reached":8,"playtime":163,"items_purged":[],"score":88,"play_id":"209596ad-b35c-432d-9ec0-f502641ef609","local_time":"20210221170502","is_ascension_mode":true,"campfire_choices":[{"floor":6,"key":"REST"}],"circlet_count":0,"master_deck":["AscendersBane","Strike_B","Strike_B","Strike_B","Defend_B","Defend_B","Defend_B+1","Defend_B","Zap","Dualcast","Transmutation","Sweeping Beam","Leap+1"],"relics":["Cracked Core","Golden Idol","Bag of Preparation"],"acts_visited":["Exordium"],"potions_floor_usage":[8],"damage_taken":[{"damage":5,"enemies":"Small Slimes","floor":1,"turns":5},{"damage":2,"enemies":"Jaw Worm","floor":4,"turns":3},{"damage":26,"enemies":"Gremlin Nob","floor":8,"turns":3}],"seed_played":"-2584042369748207538","potions_obtained":[{"floor":1,"key":"Weak Potion"}],"is_trial":false,"path_per_floor":["M","?","?","M","?","R","?","E"],"character_chosen":"DEFECT","items_purchased":[],"campfire_rested":1,"item_purchase_floors":[],"current_hp_per_floor":[59,59,24,22,3,22,22,0,0],"gold":31,"neow_bonus":"RANDOM_COLORLESS_2","is_daily":false,"chose_seed":false,"campfire_upgraded":0,"win_rate":0.0,"timestamp":1613923502,"path_taken":["M","?","?","M","?","R","?","E"],"items_purchased_type":[],"build_version":"2020-12-13","purchased_purges":0,"victory":false,"max_hp_per_floor":[71,64,64,64,64,64,64,64,64],"relic_stats":{"counters":[3,11],"Golden Idol":4,"Bag of Preparation":[4],"obtain_stats":[{"Golden Idol":2,"Bag of Preparation":3,"Cracked Core":0},{"Golden Idol":1,"Bag of Preparation":1,"Cracked Core":0},{"Golden Idol":5,"Bag of Preparation":5,"Cracked Core":0}]},"card_choices":[{"not_picked":["Metamorphosis","Secret Technique"],"picked":"Transmutation","floor":0},{"not_picked":["Steam Power","Hologram"],"picked":"Sweeping Beam","floor":1},{"not_picked":["FTL","Auto Shields"],"picked":"Leap","floor":4}],"player_experience":1641697,"relics_obtained":[],"event_choices":[{"damage_healed":0,"gold_gain":0,"player_choice":"Lose Max HP","damage_taken":0,"relics_obtained":["Golden Idol"],"max_hp_gain":0,"max_hp_loss":7,"event_name":"Golden Idol","floor":2,"gold_loss":0},{"damage_healed":0,"gold_gain":0,"player_choice":"Success","damage_taken":35,"relics_obtained":["Bag of Preparation"],"max_hp_gain":0,"max_hp_loss":0,"event_name":"Scrap Ooze","floor":3,"gold_loss":0},{"damage_healed":0,"gold_gain":0,"player_choice":"Entered Light","damage_taken":19,"max_hp_gain":0,"max_hp_loss":0,"event_name":"Shining Light","floor":5,"gold_loss":0,"cards_upgraded":["Defend_B","Leap"]},{"cards_removed":["Strike_B"],"damage_healed":0,"gold_gain":0,"player_choice":"Offered Basic","damage_taken":0,"max_hp_gain":0,"max_hp_loss":0,"event_name":"Bonfire Elementals","floor":7,"gold_loss":0}],"is_beta":false,"boss_relics":[],"items_purged_floors":[],"is_endless":false,"potions_floor_spawned":[1],"killed_by":"Gremlin Nob","ascension_level":20}}