{"host":"ssbj2e5691x5ub3h","time":1613935516,"event":{"mods":["BaseMod","Downfall","Minty Spire (QoL Compilation)","Quick Restart","StSLib","SuperFastMode"],"gold_per_floor":[99,110,130,305,315,222,246,246,256,273,273,373,395,407,423,423,423,423],"floor_reached":16,"language":"ENG","playtime":869,"items_purged":[],"score":94,"play_id":"c23615e4-c917-497a-95ae-342acb1e1c43","local_time":"20210221162516","is_ascension_mode":false,"campfire_choices":[{"data":"Slimebound:MassRepurpose","floor":1,"key":"SMITH"},{"data":"Slimebound:Split","floor":8,"key":"SMITH"},{"data":"Slimebound:MassRepurpose","floor":11,"key":"SMITH"}],"circlet_count":0,"master_deck":["Slimebound:Strike_Slimebound","Slimebound:Strike_Slimebound","Slimebound:Strike_Slimebound","Slimebound:Tackle","Slimebound:Defend_Slimebound","Slimebound:Defend_Slimebound","Slimebound:Defend_Slimebound","Slimebound:Defend_Slimebound","Slimebound:Split+1","Slimebound:CorrosiveSpit","Slimebound:MassRepurpose+1","Slimebound:LeechingTouch","Slimebound:RejuvenatingLick","Doubt","Slimebound:SplitLeeching","Slimebound:SlimeSpikes","Slimebound:Gluttony","Slimebound:MassRepurpose+1","Slimebound:SplitAcid","Slimebound:AcidTongue","Slimebound:LivingWall"],"relics":["Slimebound:AbsorbEndCombat","Lantern","Odd Mushroom"],"acts_visited":["Exordium"],"potions_floor_usage":[16],"damage_taken":[{"damage":9,"enemies":"Jaw Worm","floor":2,"turns":5},{"damage":5,"enemies":"Small Slimes","floor":3,"turns":5},{"damage":1,"enemies":"Cultist","floor":5,"turns":4},{"damage":5,"enemies":"downfall:FleeingMerchant","floor":6,"turns":4},{"damage":0,"enemies":"2 Fungi Beasts","floor":9,"turns":3},{"damage":19,"enemies":"Exordium Thugs","floor":10,"turns":5},{"damage":26,"enemies":"The Mushroom Lair","floor":13,"turns":4},{"damage":14,"enemies":"3 Louse","floor":14,"turns":3},{"damage":0,"enemies":"Exordium Wildlife","floor":15,"turns":3},{"damage":40,"enemies":"WA_ARCHETYPE_RETAIN","floor":16,"turns":7}],"seed_played":"1084397237711825323","potions_obtained":[{"floor":9,"key":"sneckomod:MuddlingPotion"},{"floor":10,"key":"Slimebound:SlimedPotion"}],"is_trial":false,"path_per_floor":["R","M","M","?","M","$","T","R","M","M","R","?","?","M","M","B"],"character_chosen":"SLIMEBOUND","items_purchased":["Slimebound:Gluttony"],"campfire_rested":0,"item_purchase_floors":[6],"current_hp_per_floor":[65,62,63,63,65,64,64,64,65,52,52,52,28,14,16,0,0,0],"gold":423,"neow_bonus":"ONE_RANDOM_RARE_CARD","is_daily":false,"chose_seed":false,"campfire_upgraded":3,"win_rate":0.0,"timestamp":1613935516,"path_taken":["R","M","M","?","M","$","T","R","M","M","R","?","?","M","M","BOSS"],"items_purchased_type":["Card"],"build_version":"2020-12-22","purchased_purges":0,"victory":false,"max_hp_per_floor":[65,65,65,65,65,65,65,65,65,65,65,65,65,65,65,65,65,65],"card_choices":[{"not_picked":["Slimebound:Prepare","Slimebound:GoopTackle"],"picked":"Slimebound:LeechingTouch","floor":2},{"not_picked":["Slimebound:HauntingLick","Slimebound:ComboTackle"],"picked":"Slimebound:RejuvenatingLick","floor":3},{"not_picked":["Slimebound:ComboTackle","Slimebound:ForwardTackle"],"picked":"Slimebound:SplitLeeching","floor":5},{"not_picked":["Slimebound:FlameTackle","Slimebound:DivideAndConquer"],"picked":"Slimebound:SlimeSpikes","floor":6},{"not_picked":["Slimebound:LeechingTouch","Slimebound:ServeAndProtect"],"picked":"Slimebound:MassRepurpose","floor":9},{"not_picked":["Slimebound:SplitLeeching","Slimebound:LivingWall"],"picked":"Slimebound:SplitAcid","floor":10},{"not_picked":["Slimebound:Prepare","Slimebound:RollThrough"],"picked":"Slimebound:AcidTongue","floor":13},{"not_picked":["Slimebound:SplitBruiser","Slimebound:SlimeSpikes"],"picked":"Slimebound:LivingWall","floor":14},{"not_picked":["Slimebound:SlimeBrawl","Slimebound:Nibble","Slimebound:Chomp"],"picked":"SKIP","floor":15}],"player_experience":163448,"relics_obtained":[{"floor":7,"key":"Lantern"},{"floor":13,"key":"Odd Mushroom"}],"event_choices":[{"damage_healed":0,"gold_gain":0,"player_choice":"Fought Mushrooms","damage_taken":0,"max_hp_gain":0,"max_hp_loss":0,"event_name":"Mushrooms","floor":13,"gold_loss":0}],"is_beta":false,"boss_relics":[],"items_purged_floors":[],"is_endless":false,"potions_floor_spawned":[9,10,14,15],"killed_by":"WA_ARCHETYPE_RETAIN","ascension_level":0}}