{"host":"mwb0clku6crgv6yl","time":1613878966,"event":{"mods":["AchievementEnabler","BaseMod","Highlight Path","Minty Spire (QoL Compilation)","StSLib","The Cursed"],"gold_per_floor":[114,133,133,13,113,140,156,156,238,313,43,8,8,8,8,134,134,159,234,250,273,273,306,306,321,347,347,367,39,39,62,62,181,181,204,228,228,103,0,0,21,56,56,56,119,133,133,146,146,146,146,146,69,108,108],"floor_reached":56,"language":"ZHS","playtime":2339,"items_purged":["Strike_B","Strike_B","Strike_B"],"score":1368,"play_id":"8babb1d3-7ca6-4750-a142-3ea54a7b9446","local_time":"20210221114245","is_ascension_mode":false,"campfire_choices":[{"data":"Redo","floor":8.0,"key":"SMITH"},{"data":"Hologram","floor":13.0,"key":"SMITH"},{"floor":15.0,"key":"REST"},{"data":"Defragment","floor":24,"key":"SMITH"},{"data":"Turbo","floor":32,"key":"SMITH"},{"data":"Zap","floor":40,"key":"SMITH"},{"floor":44,"key":"RECALL"},{"data":"Biased Cognition","floor":49,"key":"SMITH"},{"data":"Hologram","floor":52,"key":"SMITH"}],"circlet_count":0,"master_deck":["Strike_B","Defend_B","Defend_B","Defend_B","Defend_B","Zap+1","Electrodynamics","Defragment+1","Glacier","Ball Lightning","Undo","Redo+1","Hologram+1","Lockon","Seek","Beam Cell+1","Biased Cognition+1","Turbo+1","Hologram+1","Capacitor","Thunder Strike","Coolheaded","Recycle+1","Capacitor+1","TheCursedMod:Dregs","Defragment+1"],"relics":["Cracked Core","Strawberry","Anchor","HornCleat","OrangePellets","Golden Idol","Runic Pyramid","Kunai","DataDisk","Juzu Bracelet","Happy Flower","Cursed Key","Red Mask","Frozen Egg 2","Ice Cream","Oddly Smooth Stone"],"acts_visited":["Exordium","TheCity","TheBeyond","TheEnding"],"potions_floor_usage":[23,55,55,55],"damage_taken":[{"damage":6.0,"enemies":"Cultist","floor":1.0,"turns":3.0},{"damage":0.0,"enemies":"2 Louse","floor":2.0,"turns":1.0},{"damage":4.0,"enemies":"3 Sentries","floor":6.0,"turns":3.0},{"damage":0.0,"enemies":"Jaw Worm","floor":7.0,"turns":2.0},{"damage":0.0,"enemies":"Slime Boss","floor":16.0,"turns":5.0},{"damage":1.0,"enemies":"3 Byrds","floor":18.0,"turns":3.0},{"damage":2,"enemies":"Shell Parasite","floor":20,"turns":4},{"damage":4,"enemies":"Snake Plant","floor":21,"turns":3},{"damage":13,"enemies":"Book of Stabbing","floor":23,"turns":6},{"damage":0,"enemies":"Cultist and Chosen","floor":25,"turns":4},{"damage":0,"enemies":"Centurion and Healer","floor":28,"turns":5},{"damage":0,"enemies":"Snecko","floor":31,"turns":3},{"damage":0,"enemies":"Automaton","floor":33,"turns":8},{"damage":14,"enemies":"3 Darklings","floor":35,"turns":3},{"damage":0,"enemies":"3 Shapes","floor":36,"turns":1},{"damage":3,"enemies":"Spire Growth","floor":41,"turns":4},{"damage":0,"enemies":"Giant Head","floor":42,"turns":8},{"damage":0,"enemies":"Mind Bloom Boss Battle","floor":45,"turns":5},{"damage":3,"enemies":"Sphere and 2 Shapes","floor":46,"turns":5},{"damage":0,"enemies":"3 Darklings","floor":48,"turns":4},{"damage":2,"enemies":"Time Eater","floor":50,"turns":6},{"damage":19,"enemies":"Shield and Spear","floor":54,"turns":7},{"damage":42,"enemies":"The Heart","floor":55,"turns":7}],"seed_played":"-240792045198744331","potions_obtained":[{"floor":1.0,"key":"SkillPotion"},{"floor":2.0,"key":"EssenceOfDarkness"},{"floor":7.0,"key":"Block Potion"},{"floor":21,"key":"SmokeBomb"},{"floor":23,"key":"Explosive Potion"},{"floor":33,"key":"Dexterity Potion"},{"floor":45,"key":"Ancient Potion"}],"is_trial":false,"path_per_floor":["M","M","?","$","?","E","M","R","T","?","$","?","R","?","R","B",null,"M","?","M","M","?","E","R","M","T","?","M","$","?","M","R","B",null,"M","M","?","$","?","R","M","E","T","R","?","M","?","M","R","B",null,"R","$","E","B",null],"character_chosen":"DEFECT","items_purchased":["Ball Lightning","Hologram","Lockon","OrangePellets","Juzu Bracelet","Capacitor","Defragment+1"],"campfire_rested":1,"item_purchase_floors":[4,11,11,11,29,29,53],"current_hp_per_floor":[48,48,30,30,30,26,26,26,26,15,15,35,35,15,39,39,82,81,73,71,67,51,38,38,38,38,38,38,38,38,38,38,38,87,73,73,73,73,73,73,70,70,70,70,70,67,67,67,67,65,87,87,87,68,26],"gold":108,"neow_bonus":"THREE_RARE_CARDS","is_daily":false,"chose_seed":false,"campfire_upgraded":7,"win_rate":0.0,"timestamp":1613878965,"path_taken":["M","?","?","$","?","E","?","R","T","?","$","?","R","?","R","BOSS","M","?","M","?","?","E","R","M","T","?","M","$","?","M","R","BOSS","M","M","?","$","?","R","M","E","T","R","?","M","?","M","R","BOSS","R","$","E","BOSS"],"items_purchased_type":["Card","Card","Card","Relic","Relic","Card","Card"],"build_version":"2020-12-22","purchased_purges":3,"victory":true,"max_hp_per_floor":[75,75,82,82,82,82,82,82,82,82,82,82,82,82,82,82,82,82,82,82,82,87,87,87,87,87,87,87,87,87,87,87,87,87,87,87,87,87,87,87,87,87,87,87,87,87,87,87,87,87,87,87,87,87,87],"card_choices":[{"not_picked":["Machine Learning","Amplify"],"picked":"Electrodynamics","floor":0.0},{"not_picked":["Steam","Redo"],"picked":"Defragment","floor":1.0},{"not_picked":["Rebound","Coolheaded"],"picked":"Glacier","floor":2.0},{"not_picked":["Ball Lightning","Recycle"],"picked":"Undo","floor":6.0},{"not_picked":["Go for the Eyes","Ball Lightning"],"picked":"Redo","floor":7.0},{"not_picked":["Meteor Strike","Buffer"],"picked":"Seek","floor":16.0},{"not_picked":["Sunder","Chill"],"picked":"Beam Cell+1","floor":18.0},{"not_picked":["BootSequence","Streamline+1","Steam"],"picked":"SKIP","floor":20},{"not_picked":["Sweeping Beam","Streamline","Gash"],"picked":"SKIP","floor":21},{"not_picked":["Loop","Ball Lightning"],"picked":"Biased Cognition","floor":23},{"not_picked":["Coolheaded+1","Go for the Eyes"],"picked":"Turbo","floor":25},{"not_picked":["Scrape","Ball Lightning+1","Doom and Gloom+1"],"picked":"SKIP","floor":28},{"not_picked":["Compile Driver","Redo+1","Force Field"],"picked":"SKIP","floor":31},{"not_picked":["Machine Learning","Creative AI"],"picked":"Thunder Strike","floor":33},{"not_picked":["Genetic Algorithm+1","Auto Shields+1"],"picked":"Coolheaded","floor":35},{"not_picked":["Sweeping Beam","Beam Cell","Chill+1"],"picked":"SKIP","floor":36},{"not_picked":["Sweeping Beam","Conserve Battery+1"],"picked":"Recycle+1","floor":41},{"not_picked":["Doom and Gloom","Rip and Tear"],"picked":"Capacitor+1","floor":42},{"not_picked":["Scrape+1","Cold Snap+1","Go for the Eyes+1"],"picked":"SKIP","floor":46},{"not_picked":["Reinforced Body+1","Gash+1","White Noise"],"picked":"SKIP","floor":48},{"not_picked":["Steam+1","Rebound","Electrodynamics+1"],"picked":"SKIP","floor":54}],"player_experience":366317,"relics_obtained":[{"floor":6.0,"key":"Anchor"},{"floor":9.0,"key":"HornCleat"},{"floor":23,"key":"Kunai"},{"floor":26,"key":"DataDisk"},{"floor":42,"key":"Frozen Egg 2"},{"floor":45,"key":"Ice Cream"},{"floor":54,"key":"Oddly Smooth Stone"}],"event_choices":[{"damage_healed":0.0,"max_hp_gain":0.0,"max_hp_loss":0.0,"gold_gain":0.0,"event_name":"Scrap Ooze","player_choice":"Success","floor":3.0,"gold_loss":0.0,"damage_taken":25.0,"relics_obtained":["Strawberry"]},{"damage_healed":0.0,"max_hp_gain":0.0,"max_hp_loss":0.0,"gold_gain":100.0,"event_name":"Golden Shrine","player_choice":"Pray","floor":5.0,"gold_loss":0.0,"damage_taken":0.0},{"damage_healed":0.0,"max_hp_gain":0.0,"max_hp_loss":0.0,"gold_gain":75.0,"event_name":"World of Goop","player_choice":"Gather Gold","floor":10.0,"gold_loss":0.0,"damage_taken":11.0},{"damage_healed":20.0,"max_hp_gain":0.0,"max_hp_loss":0.0,"gold_gain":0.0,"event_name":"The Cleric","player_choice":"Healed","floor":12.0,"gold_loss":35.0,"damage_taken":0.0},{"damage_healed":0.0,"max_hp_gain":0.0,"max_hp_loss":0.0,"gold_gain":0.0,"event_name":"Golden Idol","player_choice":"Take Damage","floor":14.0,"gold_loss":0.0,"damage_taken":20.0,"relics_obtained":["Golden Idol"]},{"damage_healed":0,"gold_gain":75,"player_choice":"Touch","damage_taken":8,"max_hp_gain":0,"max_hp_loss":0,"event_name":"FaceTrader","floor":19,"gold_loss":0},{"damage_healed":0,"gold_gain":0,"player_choice":"Shed Blood","damage_taken":21,"max_hp_gain":5,"max_hp_loss":0,"event_name":"Forgotten Altar","floor":22,"gold_loss":0},{"damage_healed":0,"gold_gain":0,"player_choice":"Read","damage_taken":0,"max_hp_gain":0,"max_hp_loss":0,"event_name":"The Library","floor":27,"gold_loss":0,"cards_obtained":["Hologram"]},{"damage_healed":0,"gold_gain":0,"player_choice":"Opened","damage_taken":0,"relics_obtained":["Happy Flower"],"max_hp_gain":0,"max_hp_loss":0,"event_name":"The Mausoleum","floor":30,"gold_loss":0},{"cards_removed":["Dualcast"],"damage_healed":0,"gold_gain":0,"player_choice":"Removed Skill","damage_taken":0,"max_hp_gain":0,"max_hp_loss":0,"event_name":"Falling","floor":37,"gold_loss":0},{"damage_healed":0,"gold_gain":0,"player_choice":"Paid","damage_taken":0,"relics_obtained":["Red Mask"],"max_hp_gain":0,"max_hp_loss":0,"event_name":"Tomb of Lord Red Mask","floor":39,"gold_loss":103},{"damage_healed":0,"gold_gain":0,"player_choice":"Fight","damage_taken":0,"max_hp_gain":0,"max_hp_loss":0,"event_name":"MindBloom","floor":45,"gold_loss":0},{"damage_healed":0,"gold_gain":0,"player_choice":"Ignored","damage_taken":0,"max_hp_gain":0,"max_hp_loss":0,"event_name":"NoteForYourself","floor":47,"gold_loss":0}],"is_beta":false,"boss_relics":[{"not_picked":["Philosopher\u0027s Stone","SlaversCollar"],"picked":"Runic Pyramid"},{"not_picked":["Inserter","Fusion Hammer"],"picked":"Cursed Key"}],"items_purged_floors":[4,29,38],"is_endless":false,"potions_floor_spawned":[1,2,7,21,23,31,33,35,45,48],"ascension_level":0}}