{"host":"pletss163z7s8pvv","time":1613948951,"event":{"mods":["AchievementEnabler","Act Like it!","AlwaysNeverKeys","BaseMod","Better Altar","Better Match","Better Note","Better Sensory Stone","Better Skull","Better Third Choice","BetterRewards","Bossed Relics","CapriCore","ChefMod","Clockwork Mod","Colored Map","Colored Powertips","Conspire","Dio Mod","Displayed Cursed Tome","Energized Spire","Evolution","Gensokyo","GifTheSpireLib","Hallownest","Hermit","Ironclad Rager","Jedi Mod","Marisa????????","Marked Mod","Minty Spire (QoL Compilation)","Prisma Mod","Reliquary","Replay The Spire","Retaliation","Reworked Bosses","Ruina","Somnambulant","Spicy Shops","StS++","StSLib","The Administrix","The Alterego","The Animator","The Blue Laboratory","The Bug Knight","The Construct","The Cursed","The Disciple","The Forsaken","The Hierophant","The Necromancer","The Saiyan","The Vixen","The Wild Card","TheVacant","Transform Curses"],"gold_per_floor":[118,118,132,132,132,0,36,50,50,50,50,64,64,64,90,110,110,214,214,228,228,228,240,252,252,265,265,565,575,585,4,4,39,39,142,142,154,164,175,189,1,1,27,27,53,68,68,68,68,68,68,83,83,83,83],"floor_reached":54,"language":"ENG","playtime":2327,"items_purged":["Decay"],"score":589,"play_id":"cb81587d-23e3-480c-bb0a-a1cea35aaa43","local_time":"20210221170911","is_ascension_mode":false,"campfire_choices":[{"floor":9,"key":"REST"},{"floor":14,"key":"REST"},{"floor":17,"key":"RECALL"},{"floor":25,"key":"REST"},{"floor":27,"key":"REST"},{"data":"dioMod:ZaWarudo","floor":34,"key":"SMITH"},{"floor":42,"key":"REST"},{"floor":47,"key":"REST"},{"data":"dioMod:SadisticLaugh","floor":51,"key":"SMITH"},{"floor":53,"key":"REST"}],"circlet_count":0,"master_deck":["dioMod:Strike","dioMod:Strike","dioMod:Strike","dioMod:Strike","Bite+1","dioMod:Defend","dioMod:Defend","dioMod:Defend","dioMod:Defend","dioMod:DaggerToss","Trip","dioMod:SadisticLaugh+1","Decay","dioMod:Muda","dioMod:CautiousMuda","dioMod:DominatingPresence+1","dioMod:BloodSplash","dioMod:Roundabout","dioMod:TripleThreat","dioMod:TheWalk+1","dioMod:ComposedMuda","dioMod:StreetSign","dioMod:ComposedMuda+1","dioMod:Hiss","dioMod:VengefulMuda","dioMod:VengefulMuda","dioMod:ZaWarudo+1","dioMod:Regeneration","dioMod:BloodSuck+1","Mind Blast+1","dioMod:DominatingPresence","dioMod:Despair","dioMod:BloodSuck+1","dioMod:HeavyLifting+1","dioMod:Muda+1","dioMod:BloodSuck","dioMod:TripleThreat+1","The Bomb","Panacea","Swift Strike","dioMod:GoodbyeJojo+1","dioMod:SadisticLaugh+1","dioMod:Donut+1"],"relics":["dioMod:VampireBlood","EVO:Axolotl","ReplayTheSpireMod:CursedCoin","Membership Card","reliquary:TridentHead","Replay:Rubber Ducky","Nunchaku","Pen Nib","Red Mask","Regal Pillow","Old Coin","HandDrill","reliquary:Buckler","reliquary:Buckler","Kunai","SlaversCollar","ReplayTheSpireMod:ShopPack","Sling","Golden Egg","Boot","conspire:DeflatedDodgeball"],"acts_visited":["Exordium","Exordium","TheBeyond"],"potions_floor_usage":[18,18,18,18,18,26,33,33,33,35,35,35,54,54],"damage_taken":[{"damage":10,"enemies":"Cultist","floor":1,"turns":4},{"damage":0,"enemies":"Small Slimes","floor":3,"turns":3},{"damage":43,"enemies":"conspire:MimicChest","floor":7,"turns":6},{"damage":17,"enemies":"Jaw Worm","floor":8,"turns":4},{"damage":12,"enemies":"Looter","floor":12,"turns":3},{"damage":30,"enemies":"HollowMod:MossKnight","floor":15,"turns":13},{"damage":0,"enemies":"3 Louse","floor":16,"turns":1},{"damage":58,"enemies":"Fading Forest","floor":18,"turns":11},{"damage":15,"enemies":"Hallownest:3_Youths","floor":20,"turns":6},{"damage":24,"enemies":"Hallownest:Flukemon_and_Top","floor":23,"turns":5},{"damage":21,"enemies":"Hallownest:2_Husk_Sentries","floor":24,"turns":4},{"damage":37,"enemies":"Hallownest:2_Flukemon","floor":26,"turns":7},{"damage":12,"enemies":"Hallownest:monsterMisterMushroom","floor":29,"turns":4},{"damage":6,"enemies":"Hallownest:monsterShrumalOgre","floor":30,"turns":4},{"damage":12,"enemies":"Hallownest:Nosk","floor":33,"turns":6},{"damage":11,"enemies":"Hallownest:BossSoulMaster","floor":35,"turns":6},{"damage":16,"enemies":"Orb Walker","floor":37,"turns":3},{"damage":23,"enemies":"3 Darklings","floor":38,"turns":7},{"damage":3,"enemies":"4 Shapes","floor":39,"turns":1},{"damage":29,"enemies":"Spire Growth","floor":40,"turns":5},{"damage":53,"enemies":"Reptomancer","floor":43,"turns":4},{"damage":7,"enemies":"Writhing Mass","floor":46,"turns":2},{"damage":52,"enemies":"Transient","floor":52,"turns":6},{"damage":96,"enemies":"conspire:OrnateMirror","floor":54,"turns":5}],"seed_played":"-4460259951599152298","potions_obtained":[{"floor":7,"key":"blueLaboratory:FrostheartPotion"},{"floor":8,"key":"blueLaboratory:BottleOfVodka"},{"floor":10,"key":"StSpp:ScatteredWeakPotion"},{"floor":18,"key":"Adrenaline Potion"},{"floor":24,"key":"blueLaboratory:BubblePotion"},{"floor":26,"key":"Weak Potion"},{"floor":29,"key":"Ancient Potion"},{"floor":30,"key":"StSpp:ScatteredPotion"},{"floor":33,"key":"Reflective Coating"},{"floor":38,"key":"dioMod:HumanBlood"},{"floor":43,"key":"blueLaboratory:FrostheartPotion"}],"is_trial":false,"path_per_floor":["M","?","M","PTL","PTL","$","?","M","R","?","T","M","?","R","E","M","R","B",null,"M","?","?","M","M","R","M","R","T","M","M","$","?","E","R","B",null,"M","M","M","M","$","R","E","$","T","M","R","?","PTL","PTL","R","M","R","B"],"character_chosen":"THE_DEFAULT","items_purchased":["ReplayTheSpireMod:CursedCoin","Membership Card","reliquary:TridentHead","Replay:Rubber Ducky","dioMod:Muda","HandDrill","reliquary:Buckler","dioMod:ZaWarudo","dioMod:Regeneration","reliquary:SculptingSteel","dioMod:BloodSuck","Mind Blast","ReplayTheSpireMod:ShopPack","dioMod:TripleThreat+1","jedi:wingpotion","Sling"],"campfire_rested":7,"item_purchase_floors":[6,6,6,6,6,31,31,31,31,31,31,31,41,41,41,41],"current_hp_per_floor":[71,71,75,75,75,75,38,27,49,49,49,43,43,65,59,68,68,39,75,71,71,56,38,26,63,35,72,72,66,66,66,66,68,68,75,75,62,75,75,66,66,75,31,31,31,72,75,75,75,75,75,45,75,0,0],"gold":83,"neow_bonus":"UPGRADE_CARD","is_daily":false,"chose_seed":false,"campfire_upgraded":2,"win_rate":0.0,"timestamp":1613948951,"path_taken":["M","?","M","PTL","PTL","$","?","M","R","?","T","?","?","R","E","M","R","BOSS","M","?","?","M","M","R","M","R","T","M","?","$","?","E","R","BOSS","M","M","M","M","$","R","E","$","T","M","R","?","PTL","PTL","R","M","R","BOSS"],"items_purchased_type":["Relic","Relic","Relic","Relic","Card","Relic","Relic","Card","Card","Relic","Card","Card","Relic","Card","Potion","Relic"],"build_version":"2020-12-22","purchased_purges":1,"victory":false,"max_hp_per_floor":[75,75,75,75,75,75,75,75,75,75,75,75,75,75,75,75,75,75,75,75,75,75,75,75,75,75,75,75,75,75,75,75,75,75,75,75,75,75,75,75,75,75,75,75,75,75,75,75,75,75,75,75,75,75,75],"card_choices":[{"not_picked":["dioMod:SecretPlan","dioMod:Roundabout"],"picked":"dioMod:DaggerToss","floor":1},{"not_picked":["Sadistic Nature","Thinking Ahead"],"picked":"Trip","floor":2},{"not_picked":["dioMod:Hiss","dioMod:GoodbyeJojo"],"picked":"dioMod:SadisticLaugh","floor":3},{"not_picked":["dioMod:HeavyLifting","dioMod:CoffinBath"],"picked":"dioMod:CautiousMuda","floor":7},{"not_picked":["dioMod:WRYYY","dioMod:DisarmingVoice"],"picked":"dioMod:DominatingPresence","floor":8},{"not_picked":["dioMod:GoodbyeJojo","dioMod:SecretPlan"],"picked":"dioMod:BloodSplash","floor":12},{"not_picked":["dioMod:BloodShield","dioMod:WRYYY"],"picked":"dioMod:Roundabout","floor":15},{"not_picked":["dioMod:SevenPageMuda","dioMod:CautiousMuda"],"picked":"dioMod:TripleThreat","floor":16},{"not_picked":["dioMod:Refresh","dioMod:GoldVial"],"picked":"dioMod:TheWalk","floor":18},{"not_picked":["dioMod:BlendIn","dioMod:HeavyLifting"],"picked":"dioMod:ComposedMuda","floor":20},{"not_picked":["dioMod:CautiousMuda","dioMod:SlashThroughTime"],"picked":"dioMod:StreetSign","floor":23},{"not_picked":["dioMod:DaggerToss","dioMod:Donut"],"picked":"dioMod:ComposedMuda+1","floor":24},{"not_picked":["dioMod:FlyAway","dioMod:SecretPlan"],"picked":"dioMod:Hiss","floor":26},{"not_picked":["dioMod:BloodSplash","dioMod:BloodShield"],"picked":"dioMod:VengefulMuda","floor":29},{"not_picked":["dioMod:CutDeep","dioMod:Roundabout"],"picked":"dioMod:VengefulMuda","floor":30},{"not_picked":["dioMod:FlyAway","dioMod:SadisticLaugh+1"],"picked":"dioMod:DominatingPresence","floor":33},{"not_picked":["dioMod:KonoDioDa","dioMod:Regeneration"],"picked":"dioMod:Despair","floor":35},{"not_picked":["dioMod:ComposedMuda+1","dioMod:BloodShield+1"],"picked":"dioMod:BloodSuck+1","floor":37},{"not_picked":["dioMod:SecretPlan","dioMod:GoodbyeJojo"],"picked":"dioMod:HeavyLifting+1","floor":38},{"not_picked":["dioMod:BloodSplash+1","dioMod:SadisticLaugh"],"picked":"dioMod:Muda+1","floor":39},{"not_picked":["dioMod:Roundabout+1","dioMod:FlyAway+1"],"picked":"dioMod:BloodSuck","floor":40},{"not_picked":["Metamorphosis","StSpp:Cataclysm"],"picked":"The Bomb","floor":41},{"not_picked":["jedi:LeechingStrike","StSpp:MakeshiftWeapon"],"picked":"Panacea","floor":41},{"not_picked":["Purity","StSpp:Unbreakable"],"picked":"Swift Strike","floor":41},{"not_picked":["dioMod:ComposedMuda+1","dioMod:SecretPlan"],"picked":"dioMod:GoodbyeJojo+1","floor":43},{"not_picked":["dioMod:BloodTransfusion","dioMod:TripleThreat"],"picked":"dioMod:SadisticLaugh","floor":46},{"not_picked":["dioMod:Freeze+1","dioMod:BlendIn+1"],"picked":"dioMod:Donut+1","floor":52}],"player_experience":527110,"relics_obtained":[{"floor":7,"key":"Nunchaku"},{"floor":15,"key":"Pen Nib"},{"floor":28,"key":"Old Coin"},{"floor":33,"key":"Kunai"},{"floor":43,"key":"Golden Egg"},{"floor":45,"key":"Boot"},{"floor":48,"key":"conspire:DeflatedDodgeball"}],"event_choices":[{"damage_healed":0,"gold_gain":1,"player_choice":"1","damage_taken":0,"max_hp_gain":0,"max_hp_loss":0,"event_name":"betterStone:BetterStone","floor":2,"gold_loss":0},{"damage_healed":0,"gold_gain":0,"player_choice":"Got Potions","damage_taken":0,"max_hp_gain":0,"max_hp_loss":0,"event_name":"Lab","floor":10,"gold_loss":0},{"damage_healed":0,"gold_gain":0,"player_choice":"Grow","damage_taken":0,"max_hp_gain":0,"max_hp_loss":0,"event_name":"Living Wall","floor":13,"gold_loss":0,"cards_upgraded":["dioMod:SadisticLaugh"]},{"damage_healed":0,"gold_gain":0,"player_choice":"Relic","damage_taken":0,"max_hp_gain":0,"max_hp_loss":0,"event_name":"Wheel of Change","floor":48,"gold_loss":0}],"is_beta":false,"boss_relics":[{"not_picked":["ReplayTheSpireMod:DimensionalGlitch","reliquary:Ember","Replay:Wanted Poster"]},{"not_picked":["construct:ClawGrip","dioMod:JoestarBlood"],"picked":"SlaversCollar"}],"items_purged_floors":[31],"is_endless":false,"potions_floor_spawned":[7,8,12,18,24,26,29,30,33,38,43,46],"killed_by":"conspire:OrnateMirror","ascension_level":0}}