{"host":"b1k9tvirjqaexfiq","time":1613887141,"event":{"mods":["AchievementEnabler","Act Like it!","BaseMod","Bestiary","Better Third Choice","BetterRewards","Bossed Relics","CapriCore","Colored Powertips","Conspire","Curses Come First","Energized Spire","Filter the Spire","Highlight Path","Hubris","Infinite Spire","Luminous","Marisa????????","Marked Mod","Minty Spire (QoL Compilation)","Permanent Neow","Quick Restart","Rare Cards Sparkle","Reliquary","Replay The Spire","Ruina","Shop Mod","StSLib","The Animator","The Bug Knight","The Cursed","The Immortal","The Marked","The Servant 0.9.4","Together in Spire","Waifu the Spire","??????REMEMod"],"gold_per_floor":[118,193,208,222,241,241,241],"floor_reached":6,"language":"ENG","playtime":317,"items_purged":[],"score":46,"play_id":"f8068362-f5da-4b19-acc6-6cf1a1b80817","local_time":"20210220235901","is_ascension_mode":true,"campfire_choices":[],"circlet_count":0,"master_deck":["Strike_R","Strike_R","Strike_R","Strike_R","Strike_R","Defend_R","Defend_R","Defend_R","Defend_R","Bash","Fluid Movement","Dual Wield","Hemokinesis","Reaper","REME_Scribble","REME_ACTH"],"relics":["Burning Blood","REME_ComplimentaryCards"],"acts_visited":["Exordium"],"potions_floor_usage":[],"damage_taken":[{"damage":5,"enemies":"2 Louse","floor":1,"turns":5},{"damage":7,"enemies":"Cultist","floor":3,"turns":5},{"damage":16,"enemies":"Small Slimes","floor":4,"turns":4},{"damage":36,"enemies":"Exordium Wildlife","floor":5,"turns":7},{"damage":26,"enemies":"Lagavulin","floor":6,"turns":6}],"seed_played":"2322084441688482805","potions_obtained":[{"floor":3,"key":"ElixirPotion"},{"floor":5,"key":"SpeedPotion"}],"is_trial":false,"path_per_floor":["M","?","M","M","M","E"],"character_chosen":"IRONCLAD","items_purchased":[],"campfire_rested":0,"item_purchase_floors":[],"current_hp_per_floor":[80,72,71,69,49,25,25],"gold":241,"neow_bonus":"THREE_CARDS","is_daily":false,"chose_seed":false,"campfire_upgraded":0,"win_rate":0.0,"timestamp":1613887141,"path_taken":["M","?","M","M","M","E"],"items_purchased_type":[],"build_version":"2020-12-22","purchased_purges":0,"victory":false,"max_hp_per_floor":[80,80,80,80,82,84,84],"card_choices":[{"not_picked":["Clash","ReplayTheSpireMod:LeadingStrike"],"picked":"Dual Wield","floor":0},{"not_picked":["Dropkick","Iron Wave"],"picked":"Hemokinesis","floor":1},{"not_picked":["Flex","Perfected Strike"],"picked":"Reaper","floor":3},{"not_picked":["Perfected Strike","hubris:ReadiedAction"],"picked":"REME_Scribble","floor":4},{"not_picked":["Cleave","Searing Blow"],"picked":"REME_ACTH","floor":5}],"player_experience":96352,"relics_obtained":[],"event_choices":[{"damage_healed":0,"gold_gain":75,"player_choice":"Touch","damage_taken":8,"max_hp_gain":0,"max_hp_loss":0,"event_name":"FaceTrader","floor":2,"gold_loss":0}],"is_beta":false,"boss_relics":[],"items_purged_floors":[],"is_endless":false,"potions_floor_spawned":[3,5],"killed_by":"Lagavulin","ascension_level":4}}