{"host":"t5vp0whyqzs05fb6","time":1613883347,"event":{"mods":["AchievementEnabler","BaseMod","Colored Map","Minty Spire (QoL Compilation)","Rare Cards Sparkle","SuperFastMode","everything is the same but u backflip on backflip"],"gold_per_floor":[110,110,122,122,122,156,175,191,191,191,218,235,235,250,250,355,355,371,381,306,78,96,128,128,157,157,176,91,102,102,102],"floor_reached":30,"language":"KOR","playtime":828,"items_purged":["Defend_P"],"score":277,"play_id":"231fb052-aa14-4eb3-b161-c7879df7bdd5","local_time":"20210221135547","is_ascension_mode":false,"campfire_choices":[{"data":"Eruption","floor":13,"key":"SMITH"},{"data":"WheelKick","floor":15,"key":"SMITH"},{"data":"Crescendo","floor":24,"key":"SMITH"}],"circlet_count":0,"master_deck":["Strike_P","Strike_P","Strike_P","Defend_P+1","Defend_P","Defend_P","Eruption+1","Vigilance","InnerPeace+1","WheelKick+1","Vengeance","EmptyFist","FearNoEvil","ClearTheMind","Consecrate","Ragnarok","FlurryOfBlows+1","CrushJoints","MentalFortress","FlurryOfBlows+1","Crescendo+1","TalkToTheHand"],"relics":["PureWater","NeowsBlessing","Ancient Tea Set","Question Card","Nunchaku","Odd Mushroom","Philosopher\u0027s Stone","Membership Card","Letter Opener","Red Mask","Eternal Feather","The Courier"],"acts_visited":["Exordium","TheCity"],"potions_floor_usage":[16,16,23,23],"damage_taken":[{"damage":0,"enemies":"2 Louse","floor":1,"turns":1},{"damage":0,"enemies":"Small Slimes","floor":3,"turns":1},{"damage":0,"enemies":"Lagavulin","floor":6,"turns":1},{"damage":0,"enemies":"Cultist","floor":7,"turns":2},{"damage":1,"enemies":"2 Fungi Beasts","floor":8,"turns":2},{"damage":5,"enemies":"The Mushroom Lair","floor":11,"turns":4},{"damage":0,"enemies":"Exordium Wildlife","floor":12,"turns":2},{"damage":5,"enemies":"Looter","floor":14,"turns":2},{"damage":25,"enemies":"The Guardian","floor":16,"turns":9},{"damage":0,"enemies":"Spheric Guardian","floor":18,"turns":2},{"damage":7,"enemies":"Chosen","floor":19,"turns":3},{"damage":25,"enemies":"Centurion and Healer","floor":22,"turns":5},{"damage":12,"enemies":"Book of Stabbing","floor":23,"turns":3},{"damage":0,"enemies":"Masked Bandits","floor":25,"turns":2},{"damage":25,"enemies":"Snake Plant","floor":27,"turns":4},{"damage":0,"enemies":"Sentry and Sphere","floor":29,"turns":2},{"damage":11,"enemies":"Snecko","floor":30,"turns":3}],"seed_played":"-6589368359675837491","potions_obtained":[{"floor":1,"key":"Swift Potion"},{"floor":7,"key":"BlessingOfTheForge"},{"floor":11,"key":"Regen Potion"},{"floor":12,"key":"CultistPotion"},{"floor":16,"key":"EssenceOfSteel"},{"floor":18,"key":"BottledMiracle"},{"floor":25,"key":"Energy Potion"},{"floor":27,"key":"Ancient Potion"}],"is_trial":false,"path_per_floor":["M","?","M","?","?","E","M","M","T","?","?","M","R","M","R","B",null,"M","M","?","$","M","E","R","?","T","M","?","M","M"],"character_chosen":"WATCHER","items_purchased":["Membership Card","MentalFortress"],"campfire_rested":0,"item_purchase_floors":[21,21],"current_hp_per_floor":[72,77,77,74,74,74,74,73,73,58,53,53,53,48,48,23,77,77,70,70,70,45,33,33,33,33,8,8,8,0,0],"gold":102,"neow_bonus":"THREE_ENEMY_KILL","is_daily":false,"chose_seed":false,"campfire_upgraded":3,"win_rate":0.0,"timestamp":1613883347,"path_taken":["M","?","M","?","?","E","M","?","T","?","?","M","R","M","R","BOSS","M","M","?","$","M","E","R","?","T","M","?","?","M"],"items_purchased_type":["Relic","Card"],"build_version":"2020-12-22","purchased_purges":1,"victory":false,"max_hp_per_floor":[72,77,77,77,77,77,77,77,77,77,77,77,77,77,77,77,77,77,77,77,77,77,77,77,77,77,77,77,77,77,77],"card_choices":[{"not_picked":["SashWhip","ThirdEye"],"picked":"InnerPeace","floor":1},{"not_picked":["WindmillStrike","Halt"],"picked":"WheelKick","floor":3},{"not_picked":["Collect","Halt"],"picked":"Vengeance","floor":6},{"not_picked":["Collect","FlurryOfBlows","Nirvana","PathToVictory"],"picked":"SKIP","floor":7},{"not_picked":["Weave","Crescendo","InnerPeace"],"picked":"EmptyFist","floor":8},{"not_picked":["JustLucky","Brilliance","EmptyFist"],"picked":"FearNoEvil","floor":11},{"not_picked":["Meditate","BowlingBash","ThirdEye"],"picked":"ClearTheMind","floor":12},{"not_picked":["PathToVictory","ForeignInfluence","ThirdEye"],"picked":"Consecrate","floor":14},{"not_picked":["Devotion","LessonLearned","Vault"],"picked":"Ragnarok","floor":16},{"not_picked":["Consecrate","SashWhip","CutThroughFate"],"picked":"FlurryOfBlows+1","floor":18},{"not_picked":["ClearTheMind","PathToVictory","SignatureMove"],"picked":"CrushJoints","floor":19},{"not_picked":["LikeWater","JustLucky","ThirdEye"],"picked":"FlurryOfBlows+1","floor":22},{"not_picked":["Study","Prostrate+1","EmptyBody"],"picked":"Crescendo","floor":23},{"not_picked":["Crescendo","SashWhip","ForeignInfluence+1"],"picked":"TalkToTheHand","floor":25},{"not_picked":["Evaluate","LikeWater","Judgement","BowlingBash"],"picked":"SKIP","floor":27},{"not_picked":["PathToVictory+1","Pray","Evaluate","BowlingBash"],"picked":"SKIP","floor":29}],"player_experience":241623,"relics_obtained":[{"floor":6,"key":"Question Card"},{"floor":9,"key":"Nunchaku"},{"floor":11,"key":"Odd Mushroom"},{"floor":23,"key":"Letter Opener"},{"floor":25,"key":"Red Mask"},{"floor":26,"key":"Eternal Feather"}],"event_choices":[{"damage_healed":0,"gold_gain":0,"player_choice":"Donut","damage_taken":0,"max_hp_gain":5,"max_hp_loss":0,"event_name":"Big Fish","floor":2,"gold_loss":0},{"damage_healed":0,"gold_gain":0,"player_choice":"Success","damage_taken":3,"relics_obtained":["Ancient Tea Set"],"max_hp_gain":0,"max_hp_loss":0,"event_name":"Scrap Ooze","floor":4,"gold_loss":0},{"damage_healed":0,"gold_gain":0,"cards_transformed":["Strike_P"],"player_choice":"Transformed","damage_taken":0,"max_hp_gain":0,"max_hp_loss":0,"event_name":"Transmorgrifier","floor":5,"gold_loss":0,"cards_obtained":["Pray"]},{"damage_healed":0,"gold_gain":0,"player_choice":"Entered Light","damage_taken":15,"max_hp_gain":0,"max_hp_loss":0,"event_name":"Shining Light","floor":10,"gold_loss":0,"cards_upgraded":["InnerPeace","Defend_P"]},{"damage_healed":0,"gold_gain":0,"player_choice":"Fought Mushrooms","damage_taken":0,"max_hp_gain":0,"max_hp_loss":0,"event_name":"Mushrooms","floor":11,"gold_loss":0},{"cards_removed":["Pray"],"damage_healed":0,"gold_gain":0,"player_choice":"Gave Gold","damage_taken":0,"max_hp_gain":0,"max_hp_loss":0,"event_name":"Beggar","floor":20,"gold_loss":75},{"damage_healed":0,"gold_gain":0,"player_choice":"Fought Bandits","damage_taken":0,"max_hp_gain":0,"max_hp_loss":0,"event_name":"Masked Bandits","floor":25,"gold_loss":0},{"damage_healed":0,"gold_gain":0,"player_choice":"Obtained Relic","damage_taken":0,"relics_obtained":["The Courier"],"max_hp_gain":0,"max_hp_loss":0,"event_name":"Addict","floor":28,"gold_loss":85}],"is_beta":false,"boss_relics":[{"not_picked":["Coffee Dripper","SlaversCollar"],"picked":"Philosopher\u0027s Stone"}],"items_purged_floors":[21],"is_endless":false,"potions_floor_spawned":[1,7,11,12,16,18,25,27],"killed_by":"Snecko","ascension_level":0}}