{"host":"xkmvu47k9fdstweo","time":1613884401,"event":{"mods":["BaseMod","Colored Map","Conspire","Hubris","Minty Spire (QoL Compilation)","Quick Restart","Shop Mod","StSLib"],"gold_per_floor":[118,118,118,138,213,242,242,268,268,186,29,45,62,62,62,158,158,169,24,24,24,44,44,75,86,113,113,113,113,31,45,45,144,144,161,161,181,81,94,124,124,124,124,142,112,112,146,161,161,161],"floor_reached":51,"language":"ENG","playtime":1494,"items_purged":[],"score":1245,"play_id":"5101eb04-aff5-4d08-a38f-506545cb5dd0","local_time":"20210221001321","is_ascension_mode":true,"campfire_choices":[{"data":"Riddle With Holes","floor":7.0,"key":"SMITH"},{"data":"Terror","floor":15.0,"key":"SMITH"},{"floor":23.0,"key":"REST"},{"floor":27.0,"key":"REST"},{"floor":32.0,"key":"REST"},{"floor":42.0,"key":"REST"},{"floor":46.0,"key":"REST"},{"floor":49.0,"key":"REST"}],"circlet_count":0,"master_deck":["AscendersBane","Strike_G","Strike_G","Strike_G","Defend_G","Defend_G","Defend_G","Defend_G","Defend_G","Neutralize+1","Backflip+1","Prepared","Riddle With Holes+1","Underhanded Strike","Poisoned Stab","Glass Knife","Prepared","Cloak And Dagger","Dagger Spray","Acrobatics","hubris:Ssssneak","hubris:Counter","Die Die Die","Prepared","PiercingWail","Prepared+1","PiercingWail","Backstab+1","Storm of Steel","Dagger Spray"],"relics":["Ring of the Snake","NeowsBlessing","hubris:BottledRain","Juzu Bracelet","Bag of Preparation","Potion Belt","hubris:OldNail","conspire:RoyalGoblet","ClockworkSouvenir","White Beast Statue","conspire:TopHat","Centennial Puzzle","MutagenicStrength","SlaversCollar","Orichalcum","Mercury Hourglass","Pantograph"],"acts_visited":["Exordium","TheCity","TheBeyond"],"potions_floor_usage":[50,50,50,50],"damage_taken":[{"damage":0.0,"enemies":"Jaw Worm","floor":1.0,"turns":1.0},{"damage":0.0,"enemies":"conspire:RoseBush","floor":4.0,"turns":1.0},{"damage":0.0,"enemies":"Gremlin Nob","floor":6.0,"turns":1.0},{"damage":9.0,"enemies":"Lagavulin","floor":8.0,"turns":8.0},{"damage":0.0,"enemies":"Small Slimes","floor":12.0,"turns":2.0},{"damage":0.0,"enemies":"Red Slaver","floor":13.0,"turns":4.0},{"damage":16.0,"enemies":"Slime Boss","floor":16.0,"turns":11.0},{"damage":15.0,"enemies":"conspire:FuzzyDice","floor":18.0,"turns":8.0},{"damage":22.0,"enemies":"2 Thieves","floor":22.0,"turns":4.0},{"damage":1.0,"enemies":"conspire:Head Lice","floor":24.0,"turns":9.0},{"damage":9.0,"enemies":"conspire:HollyBat","floor":25.0,"turns":8.0},{"damage":10.0,"enemies":"3 Cultists","floor":31.0,"turns":4.0},{"damage":58.0,"enemies":"conspire:MysteriousRune","floor":33.0,"turns":9.0},{"damage":38.0,"enemies":"3 Darklings","floor":35.0,"turns":5.0},{"damage":0.0,"enemies":"Orb Walker","floor":37.0,"turns":2.0},{"damage":2.0,"enemies":"3 Darklings","floor":39.0,"turns":3.0},{"damage":23.0,"enemies":"Nemesis","floor":40.0,"turns":3.0},{"damage":16.0,"enemies":"Maw","floor":44.0,"turns":4.0},{"damage":0.0,"enemies":"Reptomancer","floor":47.0,"turns":2.0},{"damage":0.0,"enemies":"4 Shapes","floor":48.0,"turns":1.0},{"damage":17,"enemies":"Awakened One","floor":50,"turns":5}],"seed_played":"7149160226874502250","potions_obtained":[{"floor":4.0,"key":"SteroidPotion"},{"floor":12.0,"key":"Dexterity Potion"},{"floor":16.0,"key":"FairyPotion"},{"floor":18.0,"key":"CultistPotion"},{"floor":22.0,"key":"SteroidPotion"},{"floor":24.0,"key":"Swift Potion"},{"floor":25.0,"key":"DuplicationPotion"},{"floor":31.0,"key":"GamblersBrew"},{"floor":33.0,"key":"Dexterity Potion"},{"floor":35.0,"key":"BlessingOfTheForge"},{"floor":37.0,"key":"Regen Potion"},{"floor":39.0,"key":"CultistPotion"},{"floor":40.0,"key":"Strength Potion"},{"floor":44.0,"key":"ColorlessPotion"},{"floor":45.0,"key":"Swift Potion"},{"floor":45.0,"key":"Ancient Potion"},{"floor":47.0,"key":"GhostInAJar"},{"floor":48.0,"key":"SteroidPotion"}],"is_trial":false,"path_per_floor":["M","?","?","M","?","E","R","E","T","?","$","M","M","?","R","B",null,"M","$","?","$","M","R","E","M","T","R","?","?","$","M","R","B",null,"M","?","M","NS","M","E","?","R","T","M","?","R","E","M","R","B",null],"character_chosen":"THE_SILENT","items_purchased":["hubris:OldNail","ClockworkSouvenir","White Beast Statue","hubris:Ssssneak"],"campfire_rested":6,"item_purchase_floors":[11,19,21,30],"current_hp_per_floor":[63,49,49,49,38,38,38,29,29,29,29,29,29,29,29,13,56,41,41,41,25,3,24,23,14,14,35,22,22,22,12,34,10,59,21,21,21,21,19,5,5,27,27,11,11,33,33,33,55,58],"gold":161,"neow_bonus":"THREE_ENEMY_KILL","is_daily":false,"chose_seed":false,"campfire_upgraded":2,"win_rate":0.0,"timestamp":1613884401,"path_taken":["M","?","?","M","?","E","R","E","T","?","$","M","M","?","R","BOSS","M","$","?","?","M","R","E","M","T","R","?","?","$","M","R","BOSS","M","?","M","NS","M","E","?","R","T","M","?","R","E","M","R","BOSS"],"items_purchased_type":["Relic","Relic","Relic","Card"],"build_version":"2020-12-22","purchased_purges":0,"victory":true,"max_hp_per_floor":[70,70,70,70,70,70,70,70,70,70,70,70,70,70,70,70,70,70,70,70,70,70,70,70,70,70,70,75,75,75,75,75,75,75,75,75,75,75,75,75,75,75,75,75,75,75,75,75,75,75],"card_choices":[{"not_picked":["Outmaneuver","hubris:Sniper"],"picked":"Backflip","floor":1.0},{"not_picked":["Blur","Dodge and Roll"],"picked":"Prepared","floor":4.0},{"not_picked":["Escape Plan","Deflect"],"picked":"Riddle With Holes","floor":6.0},{"not_picked":["Deadly Poison","PiercingWail"],"picked":"Underhanded Strike","floor":8.0},{"not_picked":["Expertise","Acrobatics"],"picked":"Terror","floor":12.0},{"not_picked":["Cloak And Dagger","Quick Slash"],"picked":"Poisoned Stab","floor":13.0},{"not_picked":["Grand Finale","Tools of the Trade"],"picked":"Glass Knife","floor":16.0},{"not_picked":["Blur","Underhanded Strike"],"picked":"Prepared","floor":18.0},{"not_picked":["Choke","Infinite Blades+1"],"picked":"Cloak And Dagger","floor":22.0},{"not_picked":["Blur","Endless Agony"],"picked":"Dagger Spray","floor":24.0},{"not_picked":["Deadly Poison","Underhanded Strike"],"picked":"Acrobatics","floor":25.0},{"not_picked":["Cloak And Dagger","Blade Dance"],"picked":"hubris:Counter","floor":31.0},{"not_picked":["Phantasmal Killer","Bullet Time"],"picked":"Die Die Die","floor":33.0},{"not_picked":["Cloak And Dagger","Deadly Poison"],"picked":"Prepared","floor":35.0},{"not_picked":["Flechettes","Infinite Blades+1"],"picked":"PiercingWail","floor":37.0},{"not_picked":["Sucker Punch","Dagger Throw"],"picked":"Prepared+1","floor":39.0},{"not_picked":["Reflex","Quick Slash+1"],"picked":"PiercingWail","floor":40.0},{"not_picked":["Dodge and Roll","Bouncing Flask"],"picked":"Backstab+1","floor":44.0},{"not_picked":["PiercingWail","Dagger Spray"],"picked":"Storm of Steel","floor":47.0},{"not_picked":["hubris:SlightOfHand+1","Quick Slash"],"picked":"Dagger Spray","floor":48.0}],"player_experience":327715,"relics_obtained":[{"floor":6.0,"key":"hubris:BottledRain"},{"floor":8.0,"key":"Juzu Bracelet"},{"floor":9.0,"key":"Bag of Preparation"},{"floor":24.0,"key":"conspire:TopHat"},{"floor":26.0,"key":"Centennial Puzzle"},{"floor":40.0,"key":"Orichalcum"},{"floor":43.0,"key":"Mercury Hourglass"},{"floor":47.0,"key":"Pantograph"}],"event_choices":[{"damage_healed":0.0,"max_hp_gain":0.0,"max_hp_loss":0.0,"gold_gain":0.0,"event_name":"Shining Light","player_choice":"Entered Light","floor":2.0,"gold_loss":0.0,"damage_taken":14.0,"cards_upgraded":["Backflip","Neutralize"]},{"damage_healed":0.0,"max_hp_gain":0.0,"max_hp_loss":0.0,"gold_gain":0.0,"event_name":"Living Wall","player_choice":"Grow","floor":3.0,"gold_loss":0.0,"damage_taken":0.0,"cards_upgraded":["Survivor"]},{"damage_healed":0.0,"max_hp_gain":0.0,"max_hp_loss":0.0,"gold_gain":75.0,"event_name":"World of Goop","player_choice":"Gather Gold","floor":5.0,"gold_loss":0.0,"damage_taken":11.0},{"damage_healed":0.0,"max_hp_gain":0.0,"max_hp_loss":0.0,"gold_gain":0.0,"event_name":"WeMeetAgain","player_choice":"Paid Gold","floor":10.0,"gold_loss":82.0,"damage_taken":0.0,"relics_obtained":["Potion Belt"]},{"damage_healed":0.0,"max_hp_gain":0.0,"max_hp_loss":0.0,"gold_gain":0.0,"event_name":"Liars Game","player_choice":"Ignored","floor":14.0,"gold_loss":0.0,"damage_taken":0.0},{"cards_removed":["Strike_G"],"damage_healed":0.0,"max_hp_gain":0.0,"max_hp_loss":0.0,"gold_gain":0.0,"event_name":"Bonfire Elementals","player_choice":"Offered Basic","floor":20.0,"gold_loss":0.0,"damage_taken":0.0},{"damage_healed":0.0,"max_hp_gain":5.0,"max_hp_loss":0.0,"gold_gain":0.0,"event_name":"Forgotten Altar","player_choice":"Shed Blood","floor":28.0,"gold_loss":0.0,"damage_taken":18.0},{"damage_healed":0.0,"max_hp_gain":0.0,"max_hp_loss":0.0,"gold_gain":0.0,"event_name":"Drug Dealer","player_choice":"Inject Mutagens","floor":29.0,"gold_loss":0.0,"damage_taken":0.0,"relics_obtained":["MutagenicStrength"]},{"damage_healed":0.0,"max_hp_gain":0.0,"max_hp_loss":0.0,"gold_gain":0.0,"event_name":"conspire:Investor","player_choice":"Leave","floor":36.0,"gold_loss":0.0,"damage_taken":0.0},{"cards_removed":["Strike_G"],"damage_healed":0.0,"max_hp_gain":0.0,"max_hp_loss":0.0,"gold_gain":0.0,"event_name":"Wheel of Change","player_choice":"Card Removal","floor":41.0,"gold_loss":0.0,"damage_taken":0.0},{"damage_healed":0.0,"max_hp_gain":0.0,"max_hp_loss":0.0,"gold_gain":0.0,"event_name":"The Woman in Blue","player_choice":"Bought 2 Potions","floor":45.0,"gold_loss":0.0,"damage_taken":0.0}],"is_beta":false,"boss_relics":[{"not_picked":["Ectoplasm","SacredBark"],"picked":"conspire:RoyalGoblet"},{"not_picked":["Snecko Eye","Busted Crown"],"picked":"SlaversCollar"}],"items_purged_floors":[],"is_endless":false,"potions_floor_spawned":[4,12,16,18,22,24,25,31,33,35,37,39,40,44,47,48],"ascension_level":12}}