{"host":"s41rn2jhghpwfrvz","time":1613879093,"event":{"mods":["BaseMod","Minty Spire (QoL Compilation)","Quick Restart","Relic Stats","SuperFastMode"],"gold_per_floor":[119,132,132,146,166,166,195,195,243,243,275,275,292,322,322,396,396,415,428,428,439,61,87,87,112,112,193,204,204,230,257,257,331,331,342,360,385,414,203,531,531,481,532,562,578,578,578],"floor_reached":46,"language":"ENG","playtime":1380,"items_purged":["Writhe","Gash","Prepared"],"score":1733,"play_id":"1f64678f-a8ce-44d0-ad7b-5f93813e4043","local_time":"20210221054453","daily_mods":["SealedDeck","Diverse","DeadlyEvents"],"is_ascension_mode":true,"campfire_choices":[{"data":"Battle Trance","floor":6.0,"key":"SMITH"},{"data":"Crescendo","floor":8.0,"key":"SMITH"},{"data":"EmptyMind","floor":12.0,"key":"SMITH"},{"data":"Double Energy","floor":15.0,"key":"SMITH"},{"data":"Night Terror","floor":24,"key":"SMITH"},{"data":"ForeignInfluence","floor":29,"key":"SMITH"},{"floor":32,"key":"RECALL"},{"data":"DeusExMachina","floor":41,"key":"SMITH"}],"circlet_count":0,"master_deck":["AscendersBane","Battle Trance+1","ForeignInfluence+1","BootSequence","Double Energy+1","EmptyMind+1","Crescendo+1","Beam Cell+1","Whirlwind+1","After Image","Night Terror+1","DeusExMachina+1"],"relics":["Burning Blood","Darkstone Periapt","Happy Flower","Pen Nib","Smiling Mask","StoneCalendar","Black Star","Nunchaku","Medical Kit","Lantern","Meat on the Bone","Toy Ornithopter","Tiny Chest","Dream Catcher","Blue Candle","Lizard Tail","Regal Pillow","Omamori","MealTicket","Snecko Eye","Bag of Marbles","Mummified Hand","Strawberry","Bag of Preparation","Old Coin","Pocketwatch","Orichalcum","Singing Bowl","Whetstone"],"acts_visited":["Exordium","TheCity","TheBeyond"],"potions_floor_usage":[38,44,46,46],"damage_taken":[{"damage":2.0,"enemies":"Jaw Worm","floor":1.0,"turns":2.0},{"damage":0.0,"enemies":"Cultist","floor":2.0,"turns":2.0},{"damage":0.0,"enemies":"2 Louse","floor":4.0,"turns":1.0},{"damage":16.0,"enemies":"Blue Slaver","floor":5.0,"turns":2.0},{"damage":0.0,"enemies":"Gremlin Nob","floor":7.0,"turns":2.0},{"damage":0.0,"enemies":"Lagavulin","floor":11.0,"turns":2.0},{"damage":5.0,"enemies":"Large Slime","floor":13.0,"turns":2.0},{"damage":0.0,"enemies":"Gremlin Nob","floor":14.0,"turns":2.0},{"damage":21.0,"enemies":"The Guardian","floor":16.0,"turns":5.0},{"damage":6,"enemies":"Spheric Guardian","floor":18,"turns":3},{"damage":0,"enemies":"Chosen","floor":19,"turns":4},{"damage":10,"enemies":"3 Cultists","floor":21,"turns":3},{"damage":71,"enemies":"Slavers","floor":23,"turns":6},{"damage":1,"enemies":"Book of Stabbing","floor":25,"turns":3},{"damage":14,"enemies":"Snake Plant","floor":28,"turns":2},{"damage":0,"enemies":"Gremlin Leader","floor":30,"turns":1},{"damage":0,"enemies":"Slavers","floor":31,"turns":2},{"damage":0,"enemies":"Collector","floor":33,"turns":3},{"damage":0,"enemies":"3 Darklings","floor":35,"turns":1},{"damage":88,"enemies":"3 Shapes","floor":36,"turns":1},{"damage":20,"enemies":"Nemesis","floor":38,"turns":5},{"damage":0,"enemies":"Reptomancer","floor":40,"turns":2},{"damage":42,"enemies":"Nemesis","floor":44,"turns":7},{"damage":0,"enemies":"3 Darklings","floor":45,"turns":1},{"damage":91,"enemies":"Reptomancer","floor":46,"turns":6}],"seed_played":"-7241059725100606025","potions_obtained":[{"floor":1.0,"key":"CultistPotion"},{"floor":5.0,"key":"FearPotion"},{"floor":14.0,"key":"ElixirPotion"},{"floor":23,"key":"FearPotion"},{"floor":35,"key":"Swift Potion"},{"floor":40,"key":"SkillPotion"},{"floor":45,"key":"Explosive Potion"}],"is_trial":true,"path_per_floor":["M","M","?","M","M","R","E","R","T","T","E","R","M","E","R","B",null,"M","M","?","M","$","E","R","E","T","T","M","R","E","E","R","B",null,"M","M","T","E","$","E","R","$","T","E","M","E"],"character_chosen":"IRONCLAD","items_purchased":["Medical Kit","Lantern","Bag of Preparation"],"campfire_rested":0,"item_purchase_floors":[22,22,39],"current_hp_per_floor":[72,75,75,75,65,65,71,71,71,71,75,75,75,75,75,60,71,71,75,81,77,77,12,12,29,29,29,33,33,51,57,57,63,77,81,51,51,61,76,82,82,88,88,59,67,0,0],"gold":578,"neow_bonus":"","is_daily":false,"chose_seed":false,"campfire_upgraded":7,"win_rate":0.0,"timestamp":1613879093,"path_taken":["M","M","?","?","M","R","E","R","T","?","?","R","M","E","R","BOSS","M","M","?","M","?","E","R","E","T","?","M","R","?","E","R","BOSS","M","?","?","?","$","E","R","$","T","E","M","E"],"items_purchased_type":["Relic","Relic","Relic"],"build_version":"2020-12-22","purchased_purges":3,"victory":false,"max_hp_per_floor":[75,75,75,75,75,75,75,75,75,75,75,75,75,75,75,75,75,75,75,81,81,81,81,81,81,81,81,81,81,81,81,81,81,81,81,81,81,88,88,88,88,88,88,90,92,92,92],"relic_stats":{"Darkstone Periapt":6,"Regal Pillow":0,"Singing Bowl":4,"StoneCalendar":[5],"Bag of Preparation":[6],"Whetstone":["Beam Cell"],"Smiling Mask":150,"Burning Blood":122,"Nunchaku":[7],"Dream Catcher":0,"Lizard Tail":40,"Mummified Hand":[11],"Tiny Chest":1,"MealTicket":21,"Happy Flower":[20],"counters":[25,70],"Blue Candle":[0],"Pen Nib":[11],"Orichalcum":[0],"Medical Kit":[31],"Snecko Eye":[22,27,39,35],"Black Star":7,"obtain_stats":[{"Darkstone Periapt":7,"Lantern":22,"Regal Pillow":30,"Singing Bowl":44,"StoneCalendar":14,"Bag of Preparation":39,"Whetstone":44,"Smiling Mask":11,"Burning Blood":0,"Old Coin":40,"Nunchaku":20,"Dream Catcher":25,"Lizard Tail":30,"Mummified Hand":38,"Strawberry":38,"Tiny Chest":25,"MealTicket":31,"Happy Flower":9,"Blue Candle":27,"Pen Nib":10,"Omamori":31,"Orichalcum":43,"Medical Kit":22,"Snecko Eye":34,"Black Star":17,"Bag of Marbles":37,"Toy Ornithopter":23,"Meat on the Bone":23,"Pocketwatch":40},{"Darkstone Periapt":5,"Lantern":12,"Regal Pillow":16,"Singing Bowl":23,"StoneCalendar":8,"Bag of Preparation":21,"Whetstone":23,"Smiling Mask":6,"Burning Blood":0,"Old Coin":22,"Nunchaku":11,"Dream Catcher":14,"Lizard Tail":16,"Mummified Hand":21,"Strawberry":21,"Tiny Chest":14,"MealTicket":17,"Happy Flower":5,"Blue Candle":14,"Pen Nib":5,"Omamori":17,"Orichalcum":22,"Medical Kit":12,"Snecko Eye":18,"Black Star":9,"Bag of Marbles":20,"Toy Ornithopter":13,"Meat on the Bone":13,"Pocketwatch":22},{"Darkstone Periapt":9,"Lantern":30,"Regal Pillow":42,"Singing Bowl":63,"StoneCalendar":15,"Bag of Preparation":54,"Whetstone":63,"Smiling Mask":11,"Burning Blood":0,"Old Coin":56,"Nunchaku":27,"Dream Catcher":39,"Lizard Tail":42,"Mummified Hand":54,"Strawberry":54,"Tiny Chest":39,"MealTicket":44,"Happy Flower":9,"Blue Candle":39,"Pen Nib":9,"Omamori":44,"Orichalcum":56,"Medical Kit":30,"Snecko Eye":47,"Black Star":20,"Bag of Marbles":49,"Toy Ornithopter":36,"Meat on the Bone":36,"Pocketwatch":56}],"Toy Ornithopter":20,"Meat on the Bone":60,"Pocketwatch":[2]},"card_choices":[{"not_picked":["Clash","Conserve Battery","JustLucky"],"picked":"SKIP","floor":1.0},{"not_picked":["Sunder","Rebound","ClearTheMind"],"picked":"SKIP","floor":2.0},{"not_picked":["Conclude","Study","Swivel"],"picked":"SKIP","floor":4.0},{"not_picked":["Thunderclap","Footwork","Chaos"],"picked":"SKIP","floor":5.0},{"not_picked":["Meteor Strike","Warcry","Evaluate"],"picked":"SKIP","floor":7.0},{"not_picked":["Finisher","Havoc"],"picked":"After Image","floor":11.0},{"not_picked":["Gash","Metallicize","Hologram"],"picked":"SKIP","floor":13.0},{"not_picked":["Flex","CrushJoints","Rampage"],"picked":"SKIP","floor":14.0},{"not_picked":["Exhume","Echo Form"],"picked":"Night Terror","floor":16.0},{"not_picked":["Twin Strike","JustLucky","Flex"],"picked":"SKIP","floor":18},{"not_picked":["Second Wind","Protect","Twin Strike"],"picked":"SKIP","floor":19},{"not_picked":["Body Slam","Underhanded Strike","Stack+1"],"picked":"SKIP","floor":21},{"not_picked":["Compile Driver","Underhanded Strike","Dagger Spray"],"picked":"SKIP","floor":23},{"not_picked":["Deadly Poison","Exhume","Headbutt+1"],"picked":"SKIP","floor":25},{"not_picked":["Dash","True Grit","Outmaneuver"],"picked":"SKIP","floor":28},{"not_picked":["JustLucky","Sentinel","Defragment"],"picked":"SKIP","floor":30},{"not_picked":["EmptyMind","Lockon","Dash+1"],"picked":"SKIP","floor":31},{"not_picked":["Night Terror","Hyperbeam"],"picked":"DeusExMachina","floor":33},{"not_picked":["Dagger Throw+1","Anger","Deadly Poison+1"],"picked":"SKIP","floor":35},{"not_picked":["Dagger Throw+1","Anger","Deadly Poison+1"],"picked":"SKIP","floor":35},{"not_picked":["Dagger Spray","Eviscerate","Auto Shields"],"picked":"SKIP","floor":36},{"not_picked":["Flying Knee","Protect+1","Disarm"],"picked":"SKIP","floor":38},{"not_picked":["Whirlwind+1","Leap+1","ThirdEye+1"],"picked":"SKIP","floor":40},{"not_picked":["Quick Slash","Twin Strike","Beam Cell+1"],"picked":"Singing Bowl","floor":44},{"not_picked":["Ball Lightning+1","Rebound","Intimidate"],"picked":"Singing Bowl","floor":45}],"player_experience":1976340,"relics_obtained":[{"floor":7.0,"key":"Darkstone Periapt"},{"floor":9.0,"key":"Happy Flower"},{"floor":10.0,"key":"Pen Nib"},{"floor":11.0,"key":"Smiling Mask"},{"floor":14.0,"key":"StoneCalendar"},{"floor":23,"key":"Meat on the Bone"},{"floor":23,"key":"Toy Ornithopter"},{"floor":25,"key":"Tiny Chest"},{"floor":25,"key":"Dream Catcher"},{"floor":27,"key":"Blue Candle"},{"floor":30,"key":"Lizard Tail"},{"floor":30,"key":"Regal Pillow"},{"floor":31,"key":"Omamori"},{"floor":31,"key":"MealTicket"},{"floor":37,"key":"Bag of Marbles"},{"floor":38,"key":"Mummified Hand"},{"floor":38,"key":"Strawberry"},{"floor":40,"key":"Old Coin"},{"floor":40,"key":"Pocketwatch"},{"floor":43,"key":"Orichalcum"},{"floor":44,"key":"Singing Bowl"},{"floor":44,"key":"Whetstone"}],"event_choices":[{"damage_healed":0.0,"max_hp_gain":0.0,"max_hp_loss":0.0,"gold_gain":0.0,"event_name":"Upgrade Shrine","player_choice":"Upgraded","floor":3.0,"gold_loss":0.0,"damage_taken":0.0,"cards_upgraded":["Whirlwind"]},{"damage_healed":0,"gold_gain":0,"player_choice":"Opened","damage_taken":0,"relics_obtained":["Nunchaku"],"max_hp_gain":0,"max_hp_loss":0,"event_name":"The Mausoleum","floor":20,"gold_loss":0,"cards_obtained":["Writhe"]}],"is_beta":false,"boss_relics":[{"not_picked":["Coffee Dripper","Mark of Pain"],"picked":"Black Star"},{"not_picked":["Empty Cage","Philosopher\u0027s Stone"],"picked":"Snecko Eye"}],"items_purged_floors":[22,39,42],"is_endless":false,"potions_floor_spawned":[1,5,14,16,21,23,30,35,40,45],"killed_by":"Reptomancer","ascension_level":20}}