{"host":"buaikbko8oj3kpfn","time":1613926135,"event":{"mods":["Act Like it!","BaseMod","Koishi","Minty Spire (QoL Compilation)","Remilia（蕾米莉亚）","RumiaBox-露米娅的神秘盒子","StSLib","【功能Mod】混沌之环修复补丁"],"gold_per_floor":[117,117,134,134,134,167,92,102,170,202,220,220,246,265,265,365,365,377,50,50,64,64,95,95,95,95,95,95],"floor_reached":27,"language":"ZHS","playtime":539,"items_purged":["Strike_B","Strike_B"],"score":454,"play_id":"52bb6788-3197-4f62-ad46-b3993e974061","local_time":"20210222004855","is_ascension_mode":true,"campfire_choices":[{"floor":12.0,"key":"REST"},{"data":"Darkness","floor":15.0,"key":"SMITH"},{"data":"Blizzard","floor":25,"key":"SMITH"}],"circlet_count":0,"master_deck":["Strike_B","Strike_B","Defend_B","Defend_B","Defend_B","Defend_B","Zap","Dualcast","Hologram","Darkness+1","Blizzard+1","Darkness+1","Core Surge","Redo+1","Hologram+1","Coolheaded","Decay"],"relics":["Philosopher\u0027s Stone","AddBug","SecretRecord","SecretRecord","SecretRecord","SecretRecord"],"acts_visited":["Exordium","TheCity"],"potions_floor_usage":[27,27,27],"damage_taken":[{"damage":1.0,"enemies":"Small Slimes","floor":1.0,"turns":4.0},{"damage":5.0,"enemies":"Jaw Worm","floor":3.0,"turns":2.0},{"damage":0.0,"enemies":"Gremlin Nob","floor":6.0,"turns":2.0},{"damage":0.0,"enemies":"Cultist","floor":8.0,"turns":1.0},{"damage":21.0,"enemies":"Lagavulin","floor":10.0,"turns":3.0},{"damage":18.0,"enemies":"Exordium Thugs","floor":11.0,"turns":2.0},{"damage":18.0,"enemies":"3 Sentries","floor":13.0,"turns":3.0},{"damage":0.0,"enemies":"Blue Slaver","floor":14.0,"turns":1.0},{"damage":0.0,"enemies":"Hexaghost","floor":16.0,"turns":2.0},{"damage":0.0,"enemies":"2 Thieves","floor":18.0,"turns":1.0},{"damage":19,"enemies":"3 Byrds","floor":21,"turns":2},{"damage":34,"enemies":"Slavers","floor":23,"turns":3},{"damage":23,"enemies":"Gremlin Leader","floor":27,"turns":2}],"seed_played":"2655798709891638019","potions_obtained":[{"floor":3.0,"key":"PowerPotion"},{"floor":6.0,"key":"Strength Potion"},{"floor":11.0,"key":"ColorlessPotion"},{"floor":13.0,"key":"EssenceOfSteel"}],"is_trial":false,"path_per_floor":["M","?","M","?","?","E","$","M","T","E","M","R","E","M","R","B",null,"M","$","?","M","T","E","?","R","T","E"],"character_chosen":"DEFECT","items_purchased":["Centennial Puzzle","Regen Potion"],"campfire_rested":1,"item_purchase_floors":[19,19],"current_hp_per_floor":[67,42,37,42,42,42,42,42,42,21,3,27,9,9,9,9,62,62,62,62,43,43,9,9,9,9,0,0],"gold":95,"neow_bonus":"BOSS_RELIC","is_daily":false,"chose_seed":false,"campfire_upgraded":2,"win_rate":0.0,"timestamp":1613926135,"path_taken":["M","?","M","?","?","E","?","?","T","E","M","R","E","M","R","BOSS","M","$","?","?","?","E","?","R","T","E"],"items_purchased_type":["Relic","Potion"],"build_version":"2020-12-22","purchased_purges":2,"victory":false,"max_hp_per_floor":[75,75,75,80,80,80,80,80,80,80,80,80,80,80,80,80,80,80,80,80,80,80,80,80,80,80,80,80],"card_choices":[{"not_picked":["Chaos","Cold Snap"],"picked":"Hologram","floor":1.0},{"not_picked":["Sweeping Beam","Barrage"],"picked":"Darkness","floor":3.0},{"not_picked":["Reprogram","Leap"],"picked":"Blizzard","floor":6.0},{"not_picked":["Lockon","Go for the Eyes","Steam"],"picked":"SKIP","floor":8.0},{"not_picked":["Storm","Biased Cognition","Steam"],"picked":"SKIP","floor":10.0},{"not_picked":["Rip and Tear","Leap","Melter"],"picked":"SKIP","floor":11.0},{"not_picked":["Heatsinks","Beam Cell","Barrage"],"picked":"SKIP","floor":13.0},{"not_picked":["Fusion","Thunder Strike"],"picked":"Darkness","floor":14.0},{"not_picked":["Hyperbeam","Biased Cognition"],"picked":"Core Surge","floor":16.0},{"not_picked":["Hologram","Rebound"],"picked":"Redo+1","floor":18.0},{"not_picked":["Stack+1","Sweeping Beam"],"picked":"Hologram+1","floor":21},{"not_picked":["Barrage","Loop"],"picked":"Coolheaded","floor":23}],"player_experience":437391,"relics_obtained":[{"floor":1.0,"key":"AddBug"},{"floor":6.0,"key":"Bronze Scales"},{"floor":8.0,"key":"SecretRecord"},{"floor":9.0,"key":"Ornamental Fan"},{"floor":10.0,"key":"Whetstone"},{"floor":13.0,"key":"SecretRecord"},{"floor":13.0,"key":"Sundial"},{"floor":21,"key":"SecretRecord"},{"floor":22,"key":"MagicDraw3"},{"floor":23,"key":"Strawberry"}],"event_choices":[{"damage_healed":0.0,"max_hp_gain":0.0,"max_hp_loss":0.0,"gold_gain":0.0,"event_name":"Scrap Ooze","player_choice":"Success","floor":2.0,"gold_loss":0.0,"damage_taken":25.0,"relics_obtained":["Happy Flower"]},{"damage_healed":0.0,"max_hp_gain":5.0,"max_hp_loss":0.0,"gold_gain":0.0,"event_name":"Big Fish","player_choice":"Donut","floor":4.0,"gold_loss":0.0,"damage_taken":0.0},{"damage_healed":0.0,"max_hp_gain":0.0,"max_hp_loss":0.0,"gold_gain":0.0,"event_name":"Living Wall","player_choice":"Grow","floor":5.0,"gold_loss":0.0,"damage_taken":0.0,"cards_upgraded":["Darkness"]},{"damage_healed":0,"gold_gain":0,"player_choice":"Ignored","damage_taken":0,"max_hp_gain":0,"max_hp_loss":0,"event_name":"N\u0027loth","floor":20,"gold_loss":0},{"damage_healed":0,"gold_gain":0,"player_choice":"Smashed Altar","damage_taken":0,"max_hp_gain":0,"max_hp_loss":0,"event_name":"Forgotten Altar","floor":24,"gold_loss":0,"cards_obtained":["Decay"]}],"is_beta":false,"boss_relics":[{"not_picked":["SlaversCollar","SoulBox"],"picked":"Pandora\u0027s Box"}],"items_purged_floors":[7,19],"is_endless":false,"potions_floor_spawned":[3,6,11,13],"killed_by":"Gremlin Leader","ascension_level":8}}