{"host":"bakf0s4odzu8z5xt","time":1613867463,"event":{"mods":["2.2 Compatiblity","BaseMod","Downfall","Friendly Minions","Minty Spire (QoL Compilation)","StSLib"],"gold_per_floor":[0,20,36,186,201,201,201,201,201,226,226,136,156,41,53,156,156,56,70,70,87,172,198,223,243,243,275,175,175,194,5,23,23,23,23],"floor_reached":33,"language":"ENG","playtime":1768,"items_purged":["downfall:Malfunctioning","downfall:Icky","champ:FancyFootwork"],"score":342,"play_id":"ec68faa5-6f4b-4275-b84b-cfd0aee9b6a5","local_time":"20210220183103","is_ascension_mode":true,"campfire_choices":[{"data":"champ:EnchantSword","floor":1,"key":"SMITH"},{"data":"champ:Taunt","floor":6,"key":"SMITH"},{"data":"champ:FanOfKnives","floor":11,"key":"SMITH"},{"data":"champ:SwordThrow","floor":18,"key":"SMITH"},{"floor":28,"key":"RECALL"}],"circlet_count":0,"master_deck":["champ:Strike+1","champ:Strike","champ:Defend","champ:Defend","champ:Defend","champ:Defend","champ:Execute+1","champ:Taunt+1","champ:EnchantSword+1","champ:FanOfKnives+1","champ:Duel+1","champ:BerserkersShout","champ:FaceSlap","champ:RisingSlash","champ:AdrenalArmor","champ:SwordThrow+1","champ:IgnorePain","champ:EnGarde","champ:RageSigil+1","champ:SteelEdge","champ:Encircle","champ:RapidStrikes","champ:TornadoPunch","champ:RapidStrikes+1"],"relics":["champ:ChampionCrown","champ:FightingForDummies","Coffee Dripper","downfall:HeartBlessingBlue","Darkstone Periapt","PreservedInsect","Bag of Marbles","downfall:HeartBlessingGreen"],"acts_visited":["Exordium","TheCity"],"potions_floor_usage":[10,23,23,31,33,33,33],"damage_taken":[{"damage":10,"enemies":"2 Louse","floor":2,"turns":2},{"damage":13,"enemies":"Small Slimes","floor":3,"turns":4},{"damage":16,"enemies":"Jaw Worm","floor":5,"turns":5},{"damage":25,"enemies":"3 Sentries","floor":10,"turns":4},{"damage":25,"enemies":"downfall:FleeingMerchant","floor":12,"turns":4},{"damage":11,"enemies":"downfall:LooterAlt","floor":13,"turns":3},{"damage":40,"enemies":"downfall:FleeingMerchant","floor":14,"turns":4},{"damage":19,"enemies":"Red Slaver","floor":15,"turns":2},{"damage":75,"enemies":"SI_SHIV_ARCHETYPE","floor":16,"turns":8},{"damage":32,"enemies":"downfall:LooterAlt2","floor":19,"turns":3},{"damage":40,"enemies":"Chosen","floor":21,"turns":3},{"damage":60,"enemies":"Book of Stabbing","floor":23,"turns":4},{"damage":40,"enemies":"Snake Plant","floor":25,"turns":3},{"damage":53,"enemies":"Slavers","floor":27,"turns":4},{"damage":51,"enemies":"Sentry and Sphere","floor":30,"turns":4},{"damage":37,"enemies":"downfall:FleeingMerchant","floor":31,"turns":4},{"damage":45,"enemies":"Cultist and Chosen","floor":32,"turns":3},{"damage":83,"enemies":"DF_ARCHETYPE_CLAW","floor":33,"turns":5}],"seed_played":"-398973692862587829","potions_obtained":[{"floor":3,"key":"Slimebound:ThreeZeroPotion"},{"floor":10,"key":"GamblersBrew"},{"floor":13,"key":"PowerPotion"},{"floor":21,"key":"Weak Potion"},{"floor":23,"key":"Guardian:BlockOnCardUsePotion"},{"floor":25,"key":"SteroidPotion"}],"is_trial":false,"path_per_floor":["R","M","M","?","M","R","T","?","?","E","R","$","M","$","M","B",null,"R","M","?","M","?","E","T","M","?","E","R","?","M","$","M","B"],"character_chosen":"THE_CHAMP","items_purchased":["SkillPotion"],"campfire_rested":0,"item_purchase_floors":[31],"current_hp_per_floor":[90,90,87,87,81,81,81,81,81,66,66,61,55,50,46,25,90,100,98,98,98,80,70,70,65,65,52,52,52,38,38,38,0,0,0],"gold":23,"neow_bonus":"THREE_RARE_CARDS","is_daily":false,"chose_seed":false,"campfire_upgraded":4,"win_rate":0.0,"timestamp":1613867463,"path_taken":["R","M","M","?","M","R","T","?","?","E","R","$","M","$","M","BOSS","R","M","?","M","?","E","T","M","?","E","R","?","M","$","M","BOSS"],"items_purchased_type":["Potion"],"build_version":"2020-12-22","purchased_purges":3,"victory":false,"max_hp_per_floor":[90,90,90,90,90,90,90,90,90,90,90,90,90,90,90,90,90,100,100,100,100,100,100,100,100,100,100,100,100,100,100,100,100,100,100],"card_choices":[{"not_picked":["champ:Improvising","champ:LastStand"],"picked":"champ:EnchantSword","floor":0},{"not_picked":["champ:DefensiveShout","champ:Haymaker","champ:PerfectedStrike"],"picked":"SKIP","floor":2},{"not_picked":["champ:AdrenalArmor","champ:Parry"],"picked":"champ:FanOfKnives","floor":3},{"not_picked":["champ:BladeFlurry","champ:Lariat"],"picked":"champ:Duel","floor":5},{"not_picked":["champ:BringItOn","champ:CrownThrow"],"picked":"champ:BerserkersShout","floor":10},{"not_picked":["champ:BringItOn","champ:Backstep"],"picked":"champ:FaceSlap","floor":12},{"not_picked":["champ:ShieldSigil","champ:ArenaPreparation"],"picked":"champ:RisingSlash","floor":13},{"not_picked":["champ:CrookedStrike","champ:BringItOn"],"picked":"champ:AdrenalArmor","floor":14},{"not_picked":["champ:PreciseThrust","champ:Duel"],"picked":"champ:SwordThrow","floor":15},{"not_picked":["champ:StrikeOfGenius","champ:LastStand"],"picked":"champ:IgnorePain","floor":16},{"not_picked":["champ:DefensiveShout+1","champ:Backstep"],"picked":"champ:EnGarde","floor":19},{"not_picked":["champ:StanceDance+1","champ:FlashCut"],"picked":"champ:RageSigil+1","floor":21},{"not_picked":["champ:PerfectedStrike","champ:DeathBlow"],"picked":"champ:SteelEdge","floor":23},{"not_picked":["champ:PerfectedStrike","champ:CalledShot+1"],"picked":"champ:Encircle","floor":25},{"not_picked":["champ:RisingSlash","champ:FlashCut"],"picked":"champ:RapidStrikes","floor":27},{"not_picked":["champ:FancyFootwork","champ:RisingSlash+1","champ:Circumvent"],"picked":"SKIP","floor":30},{"not_picked":["champ:Shatter+1","champ:DefensiveStyle"],"picked":"champ:RapidStrikes+1","floor":31},{"not_picked":["champ:ShieldSigil","champ:BringItOn","champ:BladeFlurry"],"picked":"SKIP","floor":32}],"player_experience":2245313,"relics_obtained":[{"floor":10,"key":"champ:FightingForDummies"},{"floor":23,"key":"Darkstone Periapt"},{"floor":24,"key":"PreservedInsect"},{"floor":27,"key":"Bag of Marbles"}],"event_choices":[{"damage_healed":0,"gold_gain":0,"player_choice":"Ignored","damage_taken":0,"max_hp_gain":0,"max_hp_loss":0,"event_name":"Ghosts","floor":26,"gold_loss":0},{"damage_healed":0,"gold_gain":0,"cards_transformed":["champ:Strike","champ:Strike"],"player_choice":"Became Test Subject","damage_taken":0,"max_hp_gain":0,"max_hp_loss":0,"event_name":"Drug Dealer","floor":29,"gold_loss":0,"cards_obtained":["champ:FancyFootwork","champ:TornadoPunch"]}],"is_beta":false,"boss_relics":[{"not_picked":["Velvet Choker","Tiny House"],"picked":"Coffee Dripper"}],"items_purged_floors":[12,14,31],"is_endless":false,"potions_floor_spawned":[3,10,13,21,23,25],"killed_by":"DF_ARCHETYPE_CLAW","ascension_level":4}}