{"host":"en4narc5947t7k9n","time":1613902666,"event":{"mods":["AchievementEnabler","BaseMod","Colored Map","Minty Spire (QoL Compilation)","SuperFastMode"],"gold_per_floor":[115,115,115,135,146,159,159,159],"floor_reached":7,"language":"KOR","playtime":371,"items_purged":[],"score":43,"play_id":"5e0bf0da-7014-46fa-9a8c-6ee3bcbdcb0d","local_time":"20210221191746","is_ascension_mode":false,"campfire_choices":[],"circlet_count":0,"master_deck":["Strike_G","Strike_G","Strike_G","Strike_G","Defend_G","Defend_G","Defend_G","Defend_G","Defend_G","Survivor","Neutralize","Cloak And Dagger","Backstab","Storm of Steel","Well Laid Plans"],"relics":["Ring of the Snake"],"acts_visited":["Exordium"],"potions_floor_usage":[7,7,7],"damage_taken":[{"damage":4,"enemies":"Jaw Worm","floor":1,"turns":5},{"damage":0,"enemies":"2 Louse","floor":4,"turns":4},{"damage":0,"enemies":"Small Slimes","floor":5,"turns":3},{"damage":9,"enemies":"3 Louse","floor":6,"turns":4},{"damage":56,"enemies":"Lagavulin","floor":7,"turns":15}],"seed_played":"9062143752211438809","potions_obtained":[{"floor":0,"key":"SpeedPotion"},{"floor":0,"key":"Weak Potion"},{"floor":0,"key":"EssenceOfSteel"},{"floor":6,"key":"DuplicationPotion"}],"is_trial":false,"path_per_floor":["M","?","?","M","M","M","E"],"character_chosen":"THE_SILENT","items_purchased":[],"campfire_rested":0,"item_purchase_floors":[],"current_hp_per_floor":[66,66,59,59,59,50,0,0],"gold":159,"neow_bonus":"THREE_SMALL_POTIONS","is_daily":false,"chose_seed":false,"campfire_upgraded":0,"win_rate":0.0,"timestamp":1613902666,"path_taken":["M","?","?","M","M","M","E"],"items_purchased_type":[],"build_version":"2020-12-22","purchased_purges":0,"victory":false,"max_hp_per_floor":[70,70,70,70,70,70,70,70],"card_choices":[{"not_picked":["Dagger Spray","Setup"],"picked":"Cloak And Dagger","floor":1},{"not_picked":["Acrobatics","Infinite Blades"],"picked":"Backstab","floor":4},{"not_picked":["Noxious Fumes","Cloak And Dagger"],"picked":"Storm of Steel","floor":5},{"not_picked":["Sucker Punch","Flying Knee"],"picked":"Well Laid Plans","floor":6}],"player_experience":125430,"relics_obtained":[],"event_choices":[{"damage_healed":0,"gold_gain":0,"player_choice":"Ignored","damage_taken":0,"max_hp_gain":0,"max_hp_loss":0,"event_name":"Liars Game","floor":2,"gold_loss":0},{"cards_removed":["Strike_G"],"damage_healed":0,"gold_gain":0,"player_choice":"Card Removal","damage_taken":7,"max_hp_gain":0,"max_hp_loss":0,"event_name":"Golden Wing","floor":3,"gold_loss":0}],"is_beta":false,"boss_relics":[],"items_purged_floors":[],"is_endless":false,"potions_floor_spawned":[6],"killed_by":"Lagavulin","ascension_level":0}}