{"host":"g3js2eermvvpeiqn","time":1613899974,"event":{"mods":["BaseMod","DeckTracker","Downfall","Minty Spire (QoL Compilation)","Quick Restart","StSLib"],"gold_per_floor":[16,30,105,116,38,38,38,38,111,141,121,121,99,112,112,112,112],"floor_reached":16,"language":"ENG","playtime":864,"items_purged":[],"score":180,"play_id":"44ce2f4b-15e1-4f68-9243-97f0f2965650","local_time":"20210221033254","is_ascension_mode":true,"campfire_choices":[{"data":"True Grit","floor":6.0,"key":"SMITH"},{"data":"Dark Embrace","floor":8.0,"key":"SMITH"},{"data":"Flex","floor":12.0,"key":"SMITH"},{"floor":15.0,"key":"REST"}],"circlet_count":0,"master_deck":["AscendersBane","Strike_R","Strike_R","Strike_R","Strike_R","Strike_R","Defend_R","Defend_R","Defend_R","Defend_R","Bash","Disarm","Flex+1","Power Through","Feel No Pain","True Grit+1","Dark Embrace+1","Infernal Blade","Intimidate"],"relics":["Burning Blood","Prayer Wheel","Sundial","Ancient Tea Set"],"acts_visited":["Exordium"],"potions_floor_usage":[16,16],"damage_taken":[{"damage":21.0,"enemies":"Jaw Worm","floor":1.0,"turns":5.0},{"damage":10.0,"enemies":"2 Louse","floor":2.0,"turns":3.0},{"damage":10.0,"enemies":"Cultist","floor":4.0,"turns":6.0},{"damage":1.0,"enemies":"Exordium Thugs","floor":13.0,"turns":4.0},{"damage":22.0,"enemies":"Exordium Wildlife","floor":14.0,"turns":5.0},{"damage":45,"enemies":"The Guardian","floor":16,"turns":18}],"seed_played":"5623355918772630717","potions_obtained":[{"floor":2.0,"key":"SpeedPotion"},{"floor":11.0,"key":"DuplicationPotion"}],"is_trial":false,"path_per_floor":["M","M","?","M","$","R","$","R","T","?","?","R","M","M","R","B"],"character_chosen":"IRONCLAD","items_purchased":["Dark Embrace"],"campfire_rested":1,"item_purchase_floors":[5],"current_hp_per_floor":[53,49,38,34,34,34,34,34,34,34,34,34,39,23,45,0,0],"gold":112,"neow_bonus":"ONE_RARE_RELIC","is_daily":false,"chose_seed":false,"campfire_upgraded":3,"win_rate":0.0,"timestamp":1613899974,"path_taken":["M","M","?","M","$","R","$","R","T","?","?","R","M","?","R","BOSS"],"items_purchased_type":["Card"],"build_version":"2020-12-22","purchased_purges":0,"victory":false,"max_hp_per_floor":[75,75,75,75,75,75,75,75,75,75,75,75,75,75,75,75,75],"card_choices":[{"not_picked":["Pommel Strike","Clash"],"picked":"Disarm","floor":1.0},{"not_picked":["Evolve","Power Through"],"picked":"Flex","floor":1.0},{"not_picked":["Anger","Second Wind"],"picked":"Power Through","floor":2.0},{"not_picked":["Flame Barrier","Reckless Charge"],"picked":"Feel No Pain","floor":2.0},{"not_picked":["Flex","Rupture"],"picked":"True Grit","floor":4.0},{"not_picked":["Reckless Charge","Sword Boomerang","Blood for Blood"],"picked":"SKIP","floor":4.0},{"not_picked":["True Grit","Shrug It Off"],"picked":"Infernal Blade","floor":13.0},{"not_picked":["Searing Blow","Sword Boomerang","Thunderclap"],"picked":"SKIP","floor":13.0},{"not_picked":["True Grit","Twin Strike"],"picked":"Intimidate","floor":14.0},{"not_picked":["Heavy Blade","Clothesline","Perfected Strike"],"picked":"SKIP","floor":14.0}],"player_experience":1540296,"relics_obtained":[{"floor":9.0,"key":"Sundial"}],"event_choices":[{"damage_healed":0.0,"max_hp_gain":0.0,"max_hp_loss":0.0,"gold_gain":75.0,"event_name":"World of Goop","player_choice":"Gather Gold","floor":3.0,"gold_loss":0.0,"damage_taken":11.0},{"damage_healed":0.0,"max_hp_gain":0.0,"max_hp_loss":0.0,"gold_gain":30.0,"event_name":"Dead Adventurer","player_choice":"Searched \u00272\u0027 times","floor":10.0,"gold_loss":0.0,"damage_taken":0.0,"relics_obtained":["Ancient Tea Set"]},{"damage_healed":0.0,"max_hp_gain":0.0,"max_hp_loss":0.0,"gold_gain":0.0,"event_name":"The Woman in Blue","player_choice":"Bought 1 Potion","floor":11.0,"gold_loss":0.0,"damage_taken":0.0}],"is_beta":false,"boss_relics":[],"items_purged_floors":[],"is_endless":false,"potions_floor_spawned":[2,14],"killed_by":"The Guardian","ascension_level":20}}