{"host":"30jsp143e4v19aze","time":1613942744,"event":{"mods":["BaseMod","Colored Map","Colored Powertips","Curses Come First","DeckTracker","Highlight Path","Minty Spire (QoL Compilation)","Quick Restart","Relic Stats","StSLib","everything is the same but u backflip on backflip","slay the spire mod where everything is the same but ironclad has a cowboy hat"],"gold_per_floor":[109,34,184,184,14,48,48,69,96,108,120,132,144,144],"floor_reached":13,"language":"ENG","playtime":247,"items_purged":[],"score":158,"play_id":"1afcad9b-ae5d-45ac-a908-a6544116c860","local_time":"20210221222544","is_ascension_mode":true,"campfire_choices":[{"data":"Searing Blow","floor":7,"key":"SMITH"},{"floor":11,"key":"REST"}],"circlet_count":0,"master_deck":["AscendersBane","Strike_R","Strike_R","Strike_R+1","Strike_R+1","Defend_R","Defend_R","Defend_R","Defend_R","Bash","Searing Blow+1","Doubt","Whirlwind","Clothesline"],"relics":["Burning Blood","Golden Idol","StoneCalendar","MawBank"],"acts_visited":["Exordium"],"potions_floor_usage":[6,13],"damage_taken":[{"damage":2,"enemies":"2 Louse","floor":1,"turns":3},{"damage":62,"enemies":"Gremlin Nob","floor":6,"turns":6},{"damage":15,"enemies":"Small Slimes","floor":8,"turns":4},{"damage":15,"enemies":"3 Sentries","floor":13,"turns":2}],"seed_played":"5276272178586864575","potions_obtained":[{"floor":1,"key":"Ancient Potion"}],"is_trial":false,"path_per_floor":["M","?","?","?","$","E","R","M","T","$","R","?","E"],"character_chosen":"IRONCLAD","items_purchased":["Whirlwind","DuplicationPotion"],"campfire_rested":1,"item_purchase_floors":[5,5],"current_hp_per_floor":[79,79,79,74,74,18,18,9,9,9,31,9,0,0],"gold":144,"neow_bonus":"TEN_PERCENT_HP_BONUS","is_daily":false,"chose_seed":false,"campfire_upgraded":1,"win_rate":0.0,"timestamp":1613942744,"path_taken":["M","?","?","?","?","E","R","M","T","$","R","?","E"],"items_purchased_type":["Card","Potion"],"build_version":"2020-12-22","purchased_purges":0,"victory":false,"max_hp_per_floor":[82,82,82,74,74,74,74,74,74,74,74,74,74,74],"relic_stats":{"counters":[4,15],"Golden Idol":11,"StoneCalendar":[0],"MawBank":48,"obtain_stats":[{"Golden Idol":4,"StoneCalendar":6,"MawBank":9,"Burning Blood":0},{"Golden Idol":1,"StoneCalendar":2,"MawBank":3,"Burning Blood":0},{"Golden Idol":3,"StoneCalendar":9,"MawBank":13,"Burning Blood":0}],"Burning Blood":18},"card_choices":[{"not_picked":["Disarm","Shrug It Off"],"picked":"Searing Blow","floor":1},{"not_picked":["Flex","Anger","Heavy Blade"],"picked":"SKIP","floor":6},{"not_picked":["Clash","Perfected Strike"],"picked":"Clothesline","floor":8}],"player_experience":3294854,"relics_obtained":[{"floor":6,"key":"StoneCalendar"},{"floor":9,"key":"MawBank"}],"event_choices":[{"cards_removed":["Strike_R"],"damage_healed":0,"gold_gain":0,"player_choice":"Card Removal","damage_taken":0,"max_hp_gain":0,"max_hp_loss":0,"event_name":"The Cleric","floor":2,"gold_loss":75},{"damage_healed":0,"gold_gain":150,"player_choice":"AGREE","damage_taken":0,"max_hp_gain":0,"max_hp_loss":0,"event_name":"Liars Game","floor":3,"gold_loss":0,"cards_obtained":["Doubt"]},{"damage_healed":0,"gold_gain":0,"player_choice":"Lose Max HP","damage_taken":0,"relics_obtained":["Golden Idol"],"max_hp_gain":0,"max_hp_loss":8,"event_name":"Golden Idol","floor":4,"gold_loss":0},{"damage_healed":0,"gold_gain":0,"player_choice":"Entered Light","damage_taken":22,"max_hp_gain":0,"max_hp_loss":0,"event_name":"Shining Light","floor":12,"gold_loss":0,"cards_upgraded":["Strike_R","Strike_R"]}],"is_beta":false,"boss_relics":[],"items_purged_floors":[],"is_endless":false,"potions_floor_spawned":[1],"killed_by":"3 Sentries","ascension_level":20}}