{"host":"dxw0slwvk2p0izr3","time":1613924930,"event":{"mods":["BaseMod","Downfall","Minty Spire (QoL Compilation)","Replay The Spire","Shop Mod","StSLib"],"gold_per_floor":[99,117,217,233,244,244,244,244,154,182,182,196,196,221,232,331,331,331,342,359,374,374,384,431,331,350,250,266,282,301,331,342,342,342,342],"floor_reached":33,"language":"ZHS","playtime":1201,"items_purged":["bronze:Defend"],"score":420,"play_id":"72fdae92-e9de-49dc-919e-094e9ee8582e","local_time":"20210222002850","is_ascension_mode":true,"campfire_choices":[{"data":"bronze:RecursiveStrike","floor":1.0,"key":"SMITH"},{"data":"bronze:Invalidate","floor":8.0,"key":"SMITH"},{"floor":13.0,"key":"REST"},{"data":"bronze:SpaghettiCode","floor":18.0,"key":"SMITH"},{"floor":25,"key":"RECALL"},{"data":"bronze:Boost","floor":27,"key":"SMITH"}],"circlet_count":0,"master_deck":["bronze:Strike","bronze:Strike","bronze:Strike","bronze:Defend","bronze:Defend","bronze:Defend","bronze:Replicate+1","bronze:Goto","bronze:RecursiveStrike+1","bronze:Overload","bronze:Invalidate+1","bronze:Philosophize","bronze:Boost+1","bronze:SpaghettiCode+1","bronze:CutThrough+1","bronze:Separator+1","bronze:BronzeOrb"],"relics":["bronze:BronzeCore","Onion Ring","Singing Bowl","Blue Candle","PreservedInsect","Painkiller Herb","downfall:HeartBlessingBlue","downfall:HeartBlessingRed","Bag of Marbles"],"acts_visited":["Exordium","TheCity"],"potions_floor_usage":[],"damage_taken":[{"damage":0.0,"enemies":"Cultist","floor":2.0,"turns":2.0},{"damage":0.0,"enemies":"Small Slimes","floor":4.0,"turns":2.0},{"damage":0.0,"enemies":"2 Louse","floor":5.0,"turns":1.0},{"damage":10.0,"enemies":"downfall:FleeingMerchant","floor":9.0,"turns":4.0},{"damage":40.0,"enemies":"Lagavulin","floor":10.0,"turns":6.0},{"damage":3.0,"enemies":"Blue Slaver","floor":12.0,"turns":2.0},{"damage":20.0,"enemies":"Gremlin Nob","floor":14.0,"turns":3.0},{"damage":0.0,"enemies":"Gremlin Gang","floor":15.0,"turns":2.0},{"damage":13.0,"enemies":"IC_STATUS_ARCHETYPE","floor":16.0,"turns":3.0},{"damage":0.0,"enemies":"Spheric Guardian","floor":19.0,"turns":2.0},{"damage":0.0,"enemies":"downfall:LooterAlt2","floor":20.0,"turns":1.0},{"damage":0.0,"enemies":"Snecko","floor":21.0,"turns":2.0},{"damage":21,"enemies":"Snake Plant","floor":23,"turns":3},{"damage":9,"enemies":"Centurion and Healer","floor":26,"turns":3},{"damage":0,"enemies":"Sentry and Sphere","floor":28,"turns":1},{"damage":0,"enemies":"Cultist and Chosen","floor":29,"turns":2},{"damage":4,"enemies":"Shelled Parasite and Fungi","floor":30,"turns":2},{"damage":0,"enemies":"Book of Stabbing","floor":31,"turns":2},{"damage":0,"enemies":"3 Cultists","floor":32,"turns":2},{"damage":60,"enemies":"SI_MIRROR_ARCHETYPE","floor":33,"turns":4}],"seed_played":"-4150915157491525788","potions_obtained":[{"floor":5.0,"key":"Fruit Juice"},{"floor":14.0,"key":"Fire Potion"},{"floor":15.0,"key":"FearPotion"},{"floor":23,"key":"Energy Potion"},{"floor":28,"key":"ColorlessPotion"},{"floor":30,"key":"Slimebound:ThreeZeroPotion"}],"is_trial":false,"path_per_floor":["R","M","?","M","M","?","T","R","$","E","?","M","R","E","M","B",null,"T","?","?","?","?","?","T","T","?","T","?","?","?","E","?","B"],"character_chosen":"THE_AUTOMATON","items_purchased":[],"campfire_rested":1,"item_purchase_floors":[],"current_hp_per_floor":[63,63,63,63,68,73,73,73,63,23,18,17,39,21,21,8,77,77,79,81,81,73,54,54,64,55,55,57,57,55,57,59,0,0,0],"gold":342,"neow_bonus":"THREE_RARE_CARDS","is_daily":false,"chose_seed":false,"campfire_upgraded":4,"win_rate":0.0,"timestamp":1613924930,"path_taken":["R","M","?","?","M","?","T","R","$","E","?","M","R","E","M","BOSS","T","?","?","?","?","?","T","T","?","T","?","?","?","E","?","BOSS"],"items_purchased_type":[],"build_version":"2020-12-22","purchased_purges":1,"victory":false,"max_hp_per_floor":[63,63,63,63,68,73,73,73,73,73,73,75,75,77,77,77,77,77,79,81,81,81,83,83,93,93,93,95,95,97,99,101,101,101,101],"card_choices":[{"not_picked":["bronze:BurnOut","bronze:Verify"],"picked":"bronze:RecursiveStrike","floor":0.0},{"not_picked":["bronze:Iterate","bronze:Turbo"],"picked":"bronze:Overload","floor":2.0},{"not_picked":["bronze:Turbo","bronze:BugBarrage"],"picked":"bronze:Invalidate","floor":4.0},{"not_picked":["bronze:BitShift","bronze:InfiniteBeams","bronze:HardenedForm"],"picked":"SKIP","floor":5.0},{"not_picked":["bronze:WildBeam","bronze:Invalidate","bronze:Constructor"],"picked":"SKIP","floor":9.0},{"not_picked":["bronze:BugBarrage","bronze:Return"],"picked":"bronze:Philosophize","floor":10.0},{"not_picked":["bronze:Fortify","bronze:OilSpill","bronze:FineTuning"],"picked":"Singing Bowl","floor":12.0},{"not_picked":["bronze:Repulsor","bronze:Optimize","bronze:BitShift"],"picked":"Singing Bowl","floor":14.0},{"not_picked":["bronze:MaxOutput","bronze:InfiniteBeams"],"picked":"bronze:Boost","floor":15.0},{"not_picked":["bronze:HardenedForm","bronze:Break"],"picked":"bronze:SpaghettiCode","floor":16.0},{"not_picked":["bronze:ClassDefault","bronze:Turbo+1","bronze:Frontload"],"picked":"Singing Bowl","floor":19.0},{"not_picked":["bronze:Allocate","bronze:Overload","bronze:WildBeam"],"picked":"Singing Bowl","floor":20.0},{"not_picked":["bronze:Invalidate","bronze:Optimize"],"picked":"bronze:CutThrough+1","floor":21.0},{"not_picked":["bronze:BuggyMess+1","bronze:BugBarrage","bronze:ClassDefault"],"picked":"Singing Bowl","floor":23},{"not_picked":["bronze:ItsAFeature+1","bronze:BurnOut"],"picked":"bronze:Separator+1","floor":26},{"not_picked":["bronze:WhirlingStrike","bronze:Iterate","bronze:WildBeam"],"picked":"Singing Bowl","floor":28},{"not_picked":["bronze:Constructor+1","bronze:Repulsor"],"picked":"bronze:BronzeOrb","floor":29},{"not_picked":["bronze:DelayedSlice","bronze:WhirlingStrike","bronze:Overheat"],"picked":"Singing Bowl","floor":30},{"not_picked":["bronze:Branch","bronze:TinkerersToolbox","bronze:FollowUp"],"picked":"Singing Bowl","floor":31},{"not_picked":["bronze:Overload","bronze:Iterate+1","bronze:BronzeOrb"],"picked":"Singing Bowl","floor":32}],"player_experience":125267,"relics_obtained":[{"floor":7.0,"key":"Onion Ring"},{"floor":10.0,"key":"Singing Bowl"},{"floor":14.0,"key":"PreservedInsect"},{"floor":31,"key":"Bag of Marbles"}],"event_choices":[{"damage_healed":0.0,"max_hp_gain":5.0,"max_hp_loss":0.0,"gold_gain":0.0,"event_name":"Big Fish","player_choice":"Donut","floor":6.0,"gold_loss":0.0,"damage_taken":0.0}],"is_beta":false,"boss_relics":[{"not_picked":["Velvet Choker","Calling Bell"],"picked":"Painkiller Herb"}],"items_purged_floors":[9],"is_endless":false,"potions_floor_spawned":[5,14,15,23,28,29,30,31,32],"killed_by":"SI_MIRROR_ARCHETYPE","ascension_level":4}}