{"host":"tnmp9bkutp0enjo6","time":1613909659,"event":{"mods":["2.2 Compatiblity","AchievementEnabler","Bard","BaseMod","Block Reminder","Colored Powertips","Highlight Path","Minty Spire (QoL Compilation)","Quick Restart","Random Character Button","Rare Cards Sparkle","Relic Stats","StSLib","The Poker Player","The Problem Sleuth","The Senshi"],"gold_per_floor":[110,110,285,299,1,44,114,114,139,157,180,220,239,1,1,126,126,151,170,185,185,100,143,143,177,250,250,175,199,252,295,295,420,420,436,436,28,41,54,54,98,111,137,151,187,187,237,10,10,10,10,10,10,44,44,44],"floor_reached":55,"language":"ENG","playtime":5318,"items_purged":[],"score":945,"play_id":"f2e90c4d-089c-426b-9f60-cb7cb8a35eb3","local_time":"20210221131419","is_ascension_mode":true,"campfire_choices":[{"floor":8.0,"key":"REST"},{"floor":15,"key":"REST"},{"floor":24,"key":"REST"},{"floor":27,"key":"REST"},{"floor":32,"key":"REST"},{"floor":40,"key":"RECALL"},{"data":"Defragment","floor":49,"key":"SMITH"},{"data":"Buffer","floor":52,"key":"SMITH"}],"circlet_count":0,"master_deck":["Strike_B+1","Strike_B","Strike_B","Strike_B+1","Defend_B","Defend_B+1","Defend_B","Defend_B","Zap","Dualcast","Conserve Battery+1","BootSequence","Auto Shields","Static Discharge","Hologram","Capacitor","Genetic Algorithm","Beam Cell","Coolheaded","Chill","Defragment","Defragment+1","Cold Snap","Buffer","CurseOfTheBell","Cold Snap+1","Redo+1","Storm","RitualDagger","Buffer+1","Hello World+1","Coolheaded","Static Discharge","Rainbow","Beam Cell+1","Mind Blast","Recycle","Sunder","Self Repair","Storm","Static Discharge","Creative AI","Sweeping Beam+1","Doom and Gloom+1","Redo+1","Conserve Battery","Go for the Eyes","Go for the Eyes+1"],"relics":["Cracked Core","NeowsBlessing","Golden Idol","Whetstone","Anchor","Pocketwatch","Lantern","PreservedInsect","Calling Bell","Tiny Chest","Lizard Tail","Mummified Hand","Orichalcum","Bronze Scales","Bag of Marbles","Mercury Hourglass","Toy Ornithopter","Question Card","Black Star","Calipers","War Paint","Bottled Tornado","MealTicket","Singing Bowl","Ginger","Bag of Preparation","ClockworkSouvenir","Happy Flower","Boot"],"acts_visited":["TheCity","TheBeyond","TheEnding"],"potions_floor_usage":[13,16,19,23,41,50,50,50,55],"damage_taken":[{"damage":0.0,"enemies":"2 Louse","floor":1.0,"turns":1.0},{"damage":0.0,"enemies":"Small Slimes","floor":4.0,"turns":1.0},{"damage":0.0,"enemies":"Gremlin Nob","floor":6.0,"turns":1.0},{"damage":31.0,"enemies":"Lagavulin Event","floor":7.0,"turns":7.0},{"damage":0.0,"enemies":"Jaw Worm","floor":10.0,"turns":3.0},{"damage":26.0,"enemies":"Gremlin Gang","floor":11.0,"turns":4.0},{"damage":13,"enemies":"3 Sentries","floor":12,"turns":8},{"damage":0,"enemies":"Looter","floor":13,"turns":2},{"damage":5,"enemies":"Hexaghost","floor":16,"turns":12},{"damage":0,"enemies":"3 Byrds","floor":18,"turns":7},{"damage":5,"enemies":"Spheric Guardian","floor":19,"turns":7},{"damage":11,"enemies":"Centurion and Healer","floor":20,"turns":16},{"damage":37,"enemies":"Slavers","floor":23,"turns":6},{"damage":24,"enemies":"Gremlin Leader","floor":25,"turns":8},{"damage":4,"enemies":"Snecko","floor":29,"turns":5},{"damage":21,"enemies":"Book of Stabbing","floor":31,"turns":4},{"damage":23,"enemies":"Collector","floor":33,"turns":9},{"damage":22,"enemies":"3 Darklings","floor":35,"turns":4},{"damage":0,"enemies":"3 Shapes","floor":38,"turns":4},{"damage":0,"enemies":"Transient","floor":39,"turns":5},{"damage":6,"enemies":"Giant Head","floor":41,"turns":6},{"damage":11,"enemies":"4 Shapes","floor":42,"turns":4},{"damage":2,"enemies":"Sphere and 2 Shapes","floor":44,"turns":3},{"damage":6,"enemies":"Reptomancer","floor":45,"turns":5},{"damage":120,"enemies":"Awakened One","floor":50,"turns":13},{"damage":20,"enemies":"Shield and Spear","floor":54,"turns":5},{"damage":80,"enemies":"The Heart","floor":55,"turns":6}],"seed_played":"-2085724406799211177","potions_obtained":[{"floor":4.0,"key":"Energy Potion"},{"floor":6.0,"key":"DuplicationPotion"},{"floor":10.0,"key":"Weak Potion"},{"floor":12,"key":"AttackPotion"},{"floor":19,"key":"Regen Potion"},{"floor":33,"key":"Block Potion"},{"floor":39,"key":"Dexterity Potion"},{"floor":46,"key":"SpeedPotion"},{"floor":46,"key":"SkillPotion"},{"floor":54,"key":"EssenceOfDarkness"}],"is_trial":false,"path_per_floor":["M","?","?","M","$","E","?","R","T","M","M","E","M","$","R","B",null,"M","M","M","?","?","E","R","E","T","R","?","M","T","E","R","B",null,"M","?","$","M","M","R","E","M","T","M","E","?","T","$","R","B",null,"R","$","E","B"],"character_chosen":"DEFECT","items_purchased":["Whetstone","Auto Shields","Static Discharge","Hologram","Defragment","PreservedInsect","Cold Snap","Calipers","Sunder","Self Repair","ClockworkSouvenir","Conserve Battery","Go for the Eyes"],"campfire_rested":5,"item_purchase_floors":[5,5,5,5,14,14,14,37,37,37,48,48,48],"current_hp_per_floor":[75,57,57,57,57,57,26,48,48,48,22,9,9,9,31,26,75,75,70,59,53,53,31,53,29,29,51,51,47,47,26,48,25,75,53,53,53,53,60,60,59,55,55,60,61,61,61,75,75,16,75,75,75,62,0,0],"gold":44,"neow_bonus":"THREE_ENEMY_KILL","is_daily":false,"chose_seed":false,"campfire_upgraded":2,"win_rate":0.0,"timestamp":1613909659,"path_taken":["M","?","?","M","$","E","?","R","T","?","?","E","M","$","R","BOSS","M","M","M","?","?","E","R","E","T","R","?","M","?","E","R","BOSS","M","?","$","M","?","R","E","M","T","M","E","?","?","$","R","BOSS","R","$","E","BOSS"],"items_purchased_type":["Relic","Card","Card","Card","Card","Relic","Card","Relic","Card","Card","Relic","Card","Card"],"build_version":"2020-12-22","purchased_purges":0,"victory":false,"max_hp_per_floor":[75,75,75,75,75,75,75,75,75,75,75,75,75,75,75,75,75,75,75,75,75,75,75,75,75,75,75,75,75,75,75,75,75,75,75,75,75,75,75,75,75,75,75,75,75,75,75,75,75,75,75,75,75,75,75,75],"relic_stats":{"Singing Bowl":0,"Happy Flower":[2],"counters":[21,138],"Golden Idol":173,"PreservedInsect":375,"Bag of Preparation":[6],"Whetstone":[],"Ginger":[2],"Orichalcum":[42],"War Paint":["Conserve Battery","Defend_B"],"Question Card":9,"Boot":[3],"Mercury Hourglass":[325],"Lizard Tail":37,"Mummified Hand":[145],"Bronze Scales":[326],"Tiny Chest":2,"MealTicket":14,"Black Star":3,"obtain_stats":[{"Lantern":12,"Calipers":37,"Singing Bowl":45,"Bag of Preparation":47,"Whetstone":0,"Ginger":45,"Bottled Tornado":41,"Boot":54,"ClockworkSouvenir":48,"Lizard Tail":17,"Mummified Hand":17,"Tiny Chest":17,"MealTicket":43,"Cracked Core":0,"NeowsBlessing":0,"Happy Flower":54,"Golden Idol":0,"PreservedInsect":14,"Orichalcum":22,"War Paint":41,"Question Card":31,"Mercury Hourglass":26,"Calling Bell":17,"Anchor":0,"Bronze Scales":23,"Bag of Marbles":25,"Black Star":34,"Toy Ornithopter":30,"Pocketwatch":0},{"Lantern":1,"Calipers":12,"Singing Bowl":18,"Bag of Preparation":18,"Whetstone":0,"Ginger":18,"Bottled Tornado":15,"Boot":20,"ClockworkSouvenir":18,"Lizard Tail":3,"Mummified Hand":3,"Tiny Chest":3,"MealTicket":16,"Cracked Core":0,"NeowsBlessing":0,"Happy Flower":20,"Golden Idol":0,"PreservedInsect":2,"Orichalcum":6,"War Paint":15,"Question Card":10,"Mercury Hourglass":8,"Calling Bell":3,"Anchor":0,"Bronze Scales":7,"Bag of Marbles":8,"Black Star":11,"Toy Ornithopter":9,"Pocketwatch":0},{"Lantern":8,"Calipers":88,"Singing Bowl":114,"Bag of Preparation":114,"Whetstone":0,"Ginger":114,"Bottled Tornado":102,"Boot":132,"ClockworkSouvenir":114,"Lizard Tail":22,"Mummified Hand":22,"Tiny Chest":22,"MealTicket":106,"Cracked Core":0,"NeowsBlessing":0,"Happy Flower":132,"Golden Idol":0,"PreservedInsect":10,"Orichalcum":52,"War Paint":102,"Question Card":75,"Mercury Hourglass":66,"Calling Bell":22,"Anchor":0,"Bronze Scales":58,"Bag of Marbles":66,"Black Star":84,"Toy Ornithopter":71,"Pocketwatch":0}],"Toy Ornithopter":20,"Pocketwatch":[132]},"card_choices":[{"not_picked":["Beam Cell","Reinforced Body"],"picked":"Conserve Battery","floor":1.0},{"not_picked":["Coolheaded","Leap"],"picked":"BootSequence","floor":4.0},{"not_picked":["Rebound","All For One"],"picked":"Capacitor","floor":6.0},{"not_picked":["Cold Snap","Ball Lightning"],"picked":"Genetic Algorithm","floor":7.0},{"not_picked":["Stack","Turbo"],"picked":"Beam Cell","floor":10.0},{"not_picked":["Stack","Sweeping Beam"],"picked":"Coolheaded","floor":11},{"not_picked":["Barrage","Sweeping Beam"],"picked":"Chill","floor":12},{"not_picked":["Core Surge","Chaos"],"picked":"Defragment","floor":13},{"not_picked":["All For One","Hyperbeam"],"picked":"Buffer","floor":16},{"not_picked":["Turbo","Auto Shields+1"],"picked":"Cold Snap+1","floor":18},{"not_picked":["Leap","Skim"],"picked":"Redo+1","floor":19},{"not_picked":["Tempest","Stack"],"picked":"Storm","floor":20},{"not_picked":["Go for the Eyes","Conserve Battery"],"picked":"Buffer","floor":23},{"not_picked":["Barrage+1","Conserve Battery"],"picked":"Hello World+1","floor":25},{"not_picked":["Barrage","Compile Driver"],"picked":"Coolheaded","floor":29},{"not_picked":["Turbo+1","Rip and Tear"],"picked":"Static Discharge","floor":31},{"not_picked":["All For One","Core Surge","Multi-Cast"],"picked":"Rainbow","floor":33},{"not_picked":["Steam+1","Undo","Static Discharge+1"],"picked":"Beam Cell+1","floor":35},{"not_picked":["Turbo","Steam+1","Steam Power+1"],"picked":"Storm","floor":38},{"not_picked":["Redo+1","Sweeping Beam+1","Ball Lightning"],"picked":"Static Discharge","floor":39},{"not_picked":["Ball Lightning","Conserve Battery","Redo"],"picked":"Creative AI","floor":41},{"not_picked":["Consume+1","Steam","Ball Lightning"],"picked":"Sweeping Beam+1","floor":42},{"not_picked":["Steam+1","Rebound+1","Streamline+1"],"picked":"Doom and Gloom+1","floor":44},{"not_picked":["Leap","Skim+1","Echo Form"],"picked":"Redo+1","floor":45},{"not_picked":["Sweeping Beam+1","Leap+1","Fission"],"picked":"Go for the Eyes+1","floor":54}],"player_experience":181803,"relics_obtained":[{"floor":6.0,"key":"Anchor"},{"floor":12,"key":"Lantern"},{"floor":17,"key":"Tiny Chest"},{"floor":17,"key":"Lizard Tail"},{"floor":17,"key":"Mummified Hand"},{"floor":23,"key":"Bronze Scales"},{"floor":25,"key":"Bag of Marbles"},{"floor":26,"key":"Mercury Hourglass"},{"floor":30,"key":"Toy Ornithopter"},{"floor":31,"key":"Question Card"},{"floor":41,"key":"War Paint"},{"floor":41,"key":"Bottled Tornado"},{"floor":43,"key":"MealTicket"},{"floor":45,"key":"Singing Bowl"},{"floor":45,"key":"Ginger"},{"floor":47,"key":"Bag of Preparation"},{"floor":54,"key":"Happy Flower"},{"floor":54,"key":"Boot"}],"event_choices":[{"damage_healed":0.0,"max_hp_gain":0.0,"max_hp_loss":0.0,"gold_gain":0.0,"event_name":"Golden Idol","player_choice":"Take Damage","floor":2.0,"gold_loss":0.0,"damage_taken":18.0,"relics_obtained":["Golden Idol"]},{"damage_healed":0.0,"max_hp_gain":0.0,"max_hp_loss":0.0,"gold_gain":175.0,"event_name":"Liars Game","player_choice":"AGREE","floor":3.0,"gold_loss":0.0,"damage_taken":0.0,"cards_obtained":["Doubt"]},{"damage_healed":0.0,"max_hp_gain":0.0,"max_hp_loss":0.0,"gold_gain":0.0,"event_name":"Dead Adventurer","player_choice":"Searched \u00273\u0027 times","floor":7.0,"gold_loss":0.0,"damage_taken":0.0,"relics_obtained":["Pocketwatch"]},{"damage_healed":0,"gold_gain":0,"player_choice":"Joined the Cult","damage_taken":6,"max_hp_gain":0,"max_hp_loss":0,"event_name":"Nest","floor":21,"gold_loss":0,"cards_obtained":["RitualDagger"]},{"damage_healed":0,"gold_gain":0,"player_choice":"Obtained Relic","damage_taken":0,"relics_obtained":["Orichalcum"],"max_hp_gain":0,"max_hp_loss":0,"event_name":"Addict","floor":22,"gold_loss":85},{"cards_removed":["Doubt"],"damage_healed":0,"gold_gain":0,"player_choice":"Gave Gold","damage_taken":0,"max_hp_gain":0,"max_hp_loss":0,"event_name":"Beggar","floor":28,"gold_loss":75},{"damage_healed":0,"gold_gain":0,"player_choice":"2 cards matched","damage_taken":0,"max_hp_gain":0,"max_hp_loss":0,"event_name":"Match and Keep!","floor":36,"gold_loss":0,"cards_obtained":["Mind Blast","Recycle"]},{"damage_healed":0,"gold_gain":0,"player_choice":"Got Potions","damage_taken":0,"max_hp_gain":0,"max_hp_loss":0,"event_name":"Lab","floor":46,"gold_loss":0}],"is_beta":false,"boss_relics":[{"not_picked":["Astrolabe","Fusion Hammer"],"picked":"Calling Bell"},{"not_picked":["Snecko Eye","SlaversCollar"],"picked":"Black Star"}],"items_purged_floors":[],"is_endless":false,"potions_floor_spawned":[4,6,10,12,19,33,39,54],"killed_by":"The Heart","ascension_level":2}}