{"host":"l2x9z2h62lcx9898","time":1613871779,"event":{"mods":["Act Like it!","Arknights","Aspiration","BaseMod","Conspire","Energized Spire","Hermit","Hubris","Infinite Spire","Minty Spire (QoL Compilation)","Reliquary","Replay The Spire","Robot Space Explorer","Ruina","Shade Mod","Shapeshifter Mod","Spire Arcade","StSLib","The Bug Knight","The Dragon Tamer","The Hayseed","TheBandit","TheVacant","Waifu the Spire"],"gold_per_floor":[114,114,114,128,142,142,176,176,201,252,283,33,33,33],"floor_reached":13,"language":"ENG","playtime":752,"items_purged":[],"score":91,"play_id":"b9c34a91-f9d2-4b2b-a4ed-e66ec5c5bb70","local_time":"20210220204259","is_ascension_mode":false,"campfire_choices":[{"data":"hermit:GoldenBullet","floor":8,"key":"SMITH"}],"circlet_count":0,"master_deck":["hermit:Strike_Hermit","hermit:Strike_Hermit","hermit:Strike_Hermit","hermit:Defend_Hermit","hermit:Defend_Hermit","hermit:Defend_Hermit","hermit:Defend_Hermit","hermit:Snapshot","hermit:Covet","hermit:HighNoon+1","hermit:HighCaliber","hermit:CalledShot+1","hermit:ItchyTrigger","hermit:Headshot","hermit:GoldenBullet+1","hermit:EyeOfTheStorm"],"relics":["hermit:Momento","Gremlin Food","Calipers","infinitespire:Bottled Soul"],"acts_visited":["Exordium"],"potions_floor_usage":[13],"damage_taken":[{"damage":1,"enemies":"Cultist","floor":1,"turns":4},{"damage":3,"enemies":"Small Slimes","floor":4,"turns":3},{"damage":0,"enemies":"2 Louse","floor":5,"turns":2},{"damage":32,"enemies":"Gremlin Nob","floor":7,"turns":4},{"damage":27,"enemies":"Replay:BlueRogue","floor":11,"turns":10},{"damage":17,"enemies":"3 Sentries","floor":13,"turns":4}],"seed_played":"-5354846455017404571","potions_obtained":[{"floor":7,"key":"Strength Potion"}],"is_trial":false,"path_per_floor":["M","?","?","M","M","?","E","R","T","?","E","$","E"],"character_chosen":"HERMIT","items_purchased":["infinitespire:Bottled Soul"],"campfire_rested":0,"item_purchase_floors":[12],"current_hp_per_floor":[74,74,74,71,71,71,39,39,39,39,12,12,0,0],"gold":33,"neow_bonus":"ONE_RANDOM_RARE_CARD","is_daily":false,"chose_seed":false,"campfire_upgraded":1,"win_rate":0.0,"timestamp":1613871779,"path_taken":["M","?","?","M","M","?","E","R","T","?","E","$","E"],"items_purchased_type":["Relic"],"build_version":"2020-12-22","purchased_purges":0,"victory":false,"max_hp_per_floor":[75,75,75,75,75,75,75,75,75,75,75,75,75,75],"card_choices":[{"not_picked":["hermit:Vantage","hermit:NoHoldsBarred"],"picked":"hermit:HighCaliber","floor":1},{"not_picked":["hermit:BodyArmor","hermit:Coalescence"],"picked":"hermit:ItchyTrigger","floor":4},{"not_picked":["hermit:Desperado","hermit:LoneWolf"],"picked":"hermit:Headshot","floor":5},{"not_picked":["hermit:Roulette","hermit:HighCaliber"],"picked":"hermit:GoldenBullet","floor":7},{"not_picked":["hermit:Ricochet","hermit:Feint"],"picked":"hermit:EyeOfTheStorm","floor":11}],"player_experience":252882,"relics_obtained":[{"floor":7,"key":"Gremlin Food"},{"floor":11,"key":"Calipers"}],"event_choices":[{"damage_healed":0,"gold_gain":0,"player_choice":"Grow","damage_taken":0,"max_hp_gain":0,"max_hp_loss":0,"event_name":"Living Wall","floor":6,"gold_loss":0,"cards_upgraded":["hermit:HighNoon"]},{"damage_healed":0,"gold_gain":51,"player_choice":"Gained Gold","damage_taken":0,"max_hp_gain":0,"max_hp_loss":0,"event_name":"Golden Wing","floor":10,"gold_loss":0}],"is_beta":false,"boss_relics":[],"items_purged_floors":[],"is_endless":false,"potions_floor_spawned":[7],"killed_by":"3 Sentries","ascension_level":0}}