{"host":"v4tuy5ykrbdcm9o9","time":1613881245,"event":{"mods":["BaseMod","Duelist Mod","Minty Spire (QoL Compilation)","Replay The Spire","StSLib"],"gold_per_floor":[112,112,127,141,155,183,183,198,198,213,248,323,336,71,71,171,171,191,216,216,216,231,231,264,283,283,296,327,71,71,85,85,188,188,208,262,278,278,1,1,16,43,43,58,91,91,120,170,170,170,170,170,68,94,94,94],"floor_reached":55,"language":"ENG","playtime":9631,"items_purged":[],"score":1236,"play_id":"c4f80164-99e4-4e52-97f2-7030d1fcc95e","local_time":"20210220232045","is_ascension_mode":true,"campfire_choices":[{"floor":7,"key":"RECALL"},{"floor":15,"key":"REST"},{"data":"Apotheosis","floor":23,"key":"SMITH"},{"data":"Hologram","floor":32,"key":"SMITH"},{"floor":40,"key":"REST"},{"data":"Creative AI","floor":49,"key":"SMITH"},{"data":"Buffer","floor":52,"key":"SMITH"}],"circlet_count":0,"master_deck":["AscendersBane","Strike_B","Strike_B","Strike_B","Strike_B","Defend_B","Defend_B","Defend_B","Defend_B","Zap","Dualcast","Auto Shields","Panic Button","ReplayGash","Storm","Melter","ReplayTheSpireMod:Omega Cannon","Genetic Algorithm","Conserve Battery","Steam","Apotheosis+1","Self Repair","Buffer+1","Sweeping Beam","Hologram+1","Amplify","Mirror Shield","Sunder","Core Surge","BootSequence","Static Discharge","Thunder Strike","Barrage+1","Stack","Beam Cell+1","Tempest","Beam Cell","Conserve Battery+1","Creative AI+1","Gash+1","Buffer","Madness","Madness","ReplaySolidLightProjector+1","White Noise","ReplaySolidLightProjector","ReplaySolidLightProjector","Gash"],"relics":["Cracked Core","HornCleat","Eternal Feather","Singing Bowl","SacredBark","Red Mask","MutagenicStrength","Enchiridion","Omamori","Solar Panel","ReplayTheSpireMod:TigerMarble","Replay:Bronze Core","Pocketwatch","Oddly Smooth Stone","Quantum Egg","Blue Doll","Pen Nib","Ice Cream","Replay:Wax Seal"],"acts_visited":["Exordium","TheCity","TheBeyond","TheEnding"],"potions_floor_usage":[5,6,6,11,19,28,33,33,35,35,41,47,50,55,55],"damage_taken":[{"damage":0,"enemies":"2 Louse","floor":1,"turns":2},{"damage":1,"enemies":"Cultist","floor":3,"turns":4},{"damage":2,"enemies":"Jaw Worm","floor":4,"turns":3},{"damage":8,"enemies":"Large Slime","floor":5,"turns":6},{"damage":21,"enemies":"Lagavulin","floor":6,"turns":8},{"damage":3,"enemies":"3 Louse","floor":8,"turns":3},{"damage":0,"enemies":"Exordium Wildlife","floor":10,"turns":1},{"damage":17,"enemies":"Replay:BlueRogue","floor":11,"turns":5},{"damage":1,"enemies":"Blue Slaver","floor":13,"turns":4},{"damage":31,"enemies":"Hexaghost","floor":16,"turns":13},{"damage":4,"enemies":"Chosen","floor":18,"turns":5},{"damage":2,"enemies":"Masked Bandits","floor":19,"turns":4},{"damage":0,"enemies":"Spheric Guardian","floor":22,"turns":2},{"damage":17,"enemies":"Slavers","floor":24,"turns":10},{"damage":22,"enemies":"Snake Plant","floor":25,"turns":4},{"damage":20,"enemies":"Shelled Parasite and Fungi","floor":27,"turns":5},{"damage":19,"enemies":"Replay:Snechameleon","floor":28,"turns":4},{"damage":0,"enemies":"Snecko","floor":31,"turns":7},{"damage":56,"enemies":"Automaton","floor":33,"turns":12},{"damage":0,"enemies":"3 Darklings","floor":35,"turns":6},{"damage":35,"enemies":"2 Orb Walkers","floor":36,"turns":6},{"damage":42,"enemies":"Orb Walker","floor":37,"turns":7},{"damage":7,"enemies":"Jaw Worm Horde","floor":41,"turns":4},{"damage":28,"enemies":"Nemesis","floor":42,"turns":7},{"damage":0,"enemies":"4 Shapes","floor":44,"turns":2},{"damage":0,"enemies":"Giant Head","floor":45,"turns":8},{"damage":0,"enemies":"Reptomancer","floor":47,"turns":6},{"damage":0,"enemies":"Mind Bloom Boss Battle","floor":48,"turns":8},{"damage":1,"enemies":"Awakened One","floor":50,"turns":10},{"damage":49,"enemies":"Shield and Spear","floor":54,"turns":7},{"damage":52,"enemies":"The Heart","floor":55,"turns":5}],"seed_played":"2981210551597269369","potions_obtained":[{"floor":2,"key":"Doom Potion"},{"floor":2,"key":"BlessingOfTheForge"},{"floor":2,"key":"FocusPotion"},{"floor":4,"key":"Block Potion"},{"floor":6,"key":"Dexterity Potion"},{"floor":18,"key":"FocusPotion"},{"floor":27,"key":"FocusPotion"},{"floor":28,"key":"PowerPotion"},{"floor":33,"key":"Milkshake"},{"floor":35,"key":"Ancient Potion"},{"floor":37,"key":"Toxic Potion"},{"floor":44,"key":"Energy Potion"},{"floor":45,"key":"AttackPotion"},{"floor":47,"key":"BlessingOfTheForge"}],"is_trial":false,"path_per_floor":["M","?","M","M","M","E","R","M","T","M","E","?","M","$","R","B",null,"M","?","?","?","M","R","E","M","T","M","E","$","?","M","R","B",null,"M","?","M","?","$","R","M","E","T","M","E","?","E","?","R","B",null,"R","$","E","B"],"character_chosen":"DEFECT","items_purchased":["Apotheosis","Self Repair","BootSequence","Static Discharge","SteroidPotion","LiquidMemories","Tempest","Oddly Smooth Stone","Beam Cell","ReplaySolidLightProjector","SteroidPotion","Gash"],"campfire_rested":2,"item_purchase_floors":[14,14,29,29,29,29,39,39,39,53,53,53],"current_hp_per_floor":[75,75,74,72,64,43,43,40,40,40,23,12,11,11,47,23,67,73,71,71,55,55,70,60,47,47,34,29,29,29,45,63,23,70,81,58,36,36,36,82,86,74,74,80,86,75,85,86,86,86,86,86,86,50,0,0],"gold":94,"neow_bonus":"TEN_PERCENT_HP_BONUS","is_daily":false,"chose_seed":false,"campfire_upgraded":4,"win_rate":0.0,"timestamp":1613881245,"path_taken":["M","?","M","M","M","E","R","?","T","M","E","?","M","$","R","BOSS","M","?","?","?","M","R","E","M","T","M","E","$","?","?","R","BOSS","M","?","M","?","$","R","M","E","T","?","E","?","E","?","R","BOSS","R","$","E","BOSS"],"items_purchased_type":["Card","Card","Card","Card","Potion","Potion","Card","Relic","Card","Card","Potion","Card"],"build_version":"2020-12-22","purchased_purges":0,"victory":false,"max_hp_per_floor":[82,82,82,82,82,82,82,82,82,82,82,82,82,82,82,82,82,82,82,82,82,82,82,82,84,84,84,84,84,84,86,86,86,86,86,86,86,86,86,86,86,86,86,86,86,86,86,86,86,86,86,86,86,88,88,88],"card_choices":[{"not_picked":["Redo","Conserve Battery"],"picked":"Auto Shields","floor":1},{"not_picked":["Undo","Redo"],"picked":"Panic Button","floor":3},{"not_picked":["BasicCrystalCard","Turbo"],"picked":"ReplayGash","floor":4},{"not_picked":["Coolheaded","Compile Driver"],"picked":"Storm","floor":5},{"not_picked":["Conserve Battery","Turbo"],"picked":"Melter","floor":6},{"not_picked":["Go for the Eyes","Time Bomb"],"picked":"ReplayTheSpireMod:Omega Cannon","floor":8},{"not_picked":["Reinforced Body","Go for the Eyes"],"picked":"Genetic Algorithm","floor":10},{"not_picked":["Sweeping Beam","Compile Driver"],"picked":"Conserve Battery","floor":11},{"not_picked":["Leap","Chill"],"picked":"Steam","floor":13},{"not_picked":["Reboot","Electrodynamics"],"picked":"Buffer","floor":16},{"not_picked":["BasicCrystalCard","Panic Button+1"],"picked":"Sweeping Beam","floor":18},{"not_picked":["Sweeping Beam","ReplayTheSpireMod:System Scan"],"picked":"Hologram","floor":19},{"not_picked":["Panic Button","Rebound+1"],"picked":"Amplify","floor":22},{"not_picked":["Sweeping Beam+1","Compile Driver+1"],"picked":"Mirror Shield","floor":24},{"not_picked":["BasicCrystalCard","Time Bomb","Cold Snap"],"picked":"Singing Bowl","floor":25},{"not_picked":["ReplayTheSpireMod:Reroute Power","Leap+1"],"picked":"Sunder","floor":27},{"not_picked":["Auto Shields+1","Turbo"],"picked":"Core Surge","floor":28},{"not_picked":["Steam","Coolheaded","Panic Button"],"picked":"Singing Bowl","floor":31},{"not_picked":["Creative AI","Buffer"],"picked":"Thunder Strike","floor":33},{"not_picked":["Cold Snap+1","Recycle"],"picked":"Barrage+1","floor":35},{"not_picked":["Rip and Tear+1","Sweeping Beam"],"picked":"Stack","floor":36},{"not_picked":["Ball Lightning+1","Go for the Eyes+1"],"picked":"Beam Cell+1","floor":37},{"not_picked":["Redo+1","Barrage"],"picked":"Conserve Battery+1","floor":41},{"not_picked":["Conserve Battery+1","Redo"],"picked":"Creative AI","floor":42},{"not_picked":["Ball Lightning+1","Rebound+1"],"picked":"Gash+1","floor":44},{"not_picked":["Seek","BasicCrystalCard+1"],"picked":"Buffer","floor":45},{"not_picked":["Chaos+1","ReplayTheSpireMod:Fabricate Wheel"],"picked":"ReplaySolidLightProjector+1","floor":47},{"not_picked":["Panic Button","Hologram+1"],"picked":"White Noise","floor":48},{"not_picked":["Rebound+1","Coolheaded+1","Sweeping Beam+1"],"picked":"Singing Bowl","floor":54}],"player_experience":932277,"relics_obtained":[{"floor":6,"key":"HornCleat"},{"floor":9,"key":"Eternal Feather"},{"floor":11,"key":"Singing Bowl"},{"floor":19,"key":"Red Mask"},{"floor":21,"key":"Enchiridion"},{"floor":24,"key":"Omamori"},{"floor":26,"key":"Solar Panel"},{"floor":28,"key":"ReplayTheSpireMod:TigerMarble"},{"floor":36,"key":"Pocketwatch"},{"floor":42,"key":"Quantum Egg"},{"floor":45,"key":"Blue Doll"},{"floor":47,"key":"Pen Nib"},{"floor":48,"key":"Ice Cream"},{"floor":54,"key":"Replay:Wax Seal"}],"event_choices":[{"damage_healed":0,"gold_gain":0,"player_choice":"Got Potions","damage_taken":0,"max_hp_gain":0,"max_hp_loss":0,"event_name":"Lab","floor":2,"gold_loss":0},{"damage_healed":0,"gold_gain":75,"player_choice":"Gather Gold","damage_taken":11,"max_hp_gain":0,"max_hp_loss":0,"event_name":"World of Goop","floor":12,"gold_loss":0},{"damage_healed":0,"gold_gain":0,"player_choice":"Fought Bandits","damage_taken":0,"max_hp_gain":0,"max_hp_loss":0,"event_name":"Masked Bandits","floor":19,"gold_loss":0},{"damage_healed":0,"gold_gain":0,"player_choice":"Inject Mutagens","damage_taken":0,"relics_obtained":["MutagenicStrength"],"max_hp_gain":0,"max_hp_loss":0,"event_name":"Drug Dealer","floor":20,"gold_loss":0},{"damage_healed":0,"gold_gain":0,"player_choice":"Obtained Book","damage_taken":16,"max_hp_gain":0,"max_hp_loss":0,"event_name":"Cursed Tome","floor":21,"gold_loss":0},{"damage_healed":0,"gold_gain":0,"player_choice":"Ignored","damage_taken":0,"max_hp_gain":0,"max_hp_loss":0,"event_name":"Ghosts","floor":30,"gold_loss":0},{"damage_healed":0,"gold_gain":0,"player_choice":"Fight","damage_taken":0,"max_hp_gain":0,"max_hp_loss":0,"event_name":"Mysterious Sphere","floor":36,"gold_loss":0},{"damage_healed":0,"gold_gain":0,"player_choice":"Ignored","damage_taken":0,"max_hp_gain":0,"max_hp_loss":0,"event_name":"SecretPortal","floor":38,"gold_loss":0},{"damage_healed":0,"gold_gain":0,"player_choice":"Embrace Madness","damage_taken":11,"max_hp_gain":0,"max_hp_loss":0,"event_name":"Winding Halls","floor":46,"gold_loss":0,"cards_obtained":["Madness","Madness"]},{"damage_healed":0,"gold_gain":0,"player_choice":"Fight","damage_taken":0,"max_hp_gain":0,"max_hp_loss":0,"event_name":"MindBloom","floor":48,"gold_loss":0}],"is_beta":false,"boss_relics":[{"not_picked":["Abe\u0027s Treasure","Fusion Hammer"],"picked":"SacredBark"},{"not_picked":["Ring of Chaos","ReplayTheSpireMod:DimensionalGlitch"],"picked":"Replay:Bronze Core"}],"items_purged_floors":[],"is_endless":false,"potions_floor_spawned":[3,4,6,18,27,28,33,35,37,44,45,47],"killed_by":"The Heart","ascension_level":10}}