{"host":"8is2j71l4wmybkoi","time":1613907053,"event":{"mods":["AchievementEnabler","BaseMod","Colored Map","DeckTracker","Minty Spire (QoL Compilation)","Rare Cards Sparkle","Relic Stats","StSLib","SuperFastMode"],"gold_per_floor":[17,37,37,54,54,79,79,91,91,91,16,47,47,75,75,152,152,165,177,192,192,217,217,229,229,229],"floor_reached":25,"language":"KOR","playtime":1032,"items_purged":["Strike_R"],"score":387,"play_id":"f0705ace-f175-41e7-967c-736834165b45","local_time":"20210221203053","is_ascension_mode":true,"campfire_choices":[{"data":"Hemokinesis","floor":7,"key":"SMITH"},{"data":"Bash","floor":13,"key":"SMITH"},{"data":"Disarm","floor":15,"key":"SMITH"},{"floor":23,"key":"REST"}],"circlet_count":0,"master_deck":["AscendersBane","Strike_R","Strike_R","Defend_R","Defend_R","Defend_R","Defend_R","Bash+1","Anger","Fire Breathing","Hemokinesis+1","Disarm+1","Second Wind","Dropkick","Double Tap","Evolve","Shockwave+1","Feel No Pain"],"relics":["Burning Blood","Charon\u0027s Ashes","Omamori","Mummified Hand","Kunai","Sundial","Runic Cube","Red Mask"],"acts_visited":["Exordium","TheCity"],"potions_floor_usage":[6,12,18,22,24],"damage_taken":[{"damage":7.0,"enemies":"Jaw Worm","floor":1.0,"turns":3.0},{"damage":0,"enemies":"Small Slimes","floor":2,"turns":3},{"damage":5,"enemies":"2 Louse","floor":4,"turns":3},{"damage":20,"enemies":"3 Sentries","floor":6,"turns":5},{"damage":6,"enemies":"Blue Slaver","floor":8,"turns":3},{"damage":23,"enemies":"Lagavulin","floor":12,"turns":5},{"damage":14,"enemies":"3 Sentries","floor":14,"turns":5},{"damage":19,"enemies":"The Guardian","floor":16,"turns":14},{"damage":24,"enemies":"Shell Parasite","floor":18,"turns":5},{"damage":25,"enemies":"3 Byrds","floor":19,"turns":6},{"damage":7,"enemies":"Snake Plant","floor":20,"turns":4},{"damage":20,"enemies":"Masked Bandits","floor":22,"turns":4},{"damage":25,"enemies":"Shelled Parasite and Fungi","floor":24,"turns":3},{"damage":12,"enemies":"3 Cultists","floor":25,"turns":4}],"seed_played":"1723541071141477798","potions_obtained":[{"floor":1.0,"key":"EssenceOfSteel"},{"floor":2,"key":"SkillPotion"},{"floor":12,"key":"SpeedPotion"},{"floor":14,"key":"EssenceOfSteel"},{"floor":20,"key":"Block Potion"},{"floor":22,"key":"AttackPotion"}],"is_trial":false,"path_per_floor":["M","M","?","M","?","E","R","M","T","?","$","E","R","E","R","B",null,"M","M","M","?","?","R","M","M"],"character_chosen":"IRONCLAD","items_purchased":[],"campfire_rested":1,"item_purchase_floors":[],"current_hp_per_floor":[67,73,73,74,67,53,53,53,53,53,53,36,36,28,28,15,60,42,23,22,22,8,30,11,0,0],"gold":229,"neow_bonus":"ONE_RARE_RELIC","is_daily":false,"chose_seed":false,"campfire_upgraded":3,"win_rate":0.0,"timestamp":1613907053,"path_taken":["M","M","?","M","?","E","R","M","T","?","?","E","R","E","R","BOSS","M","M","M","?","?","R","M","M"],"items_purchased_type":[],"build_version":"2020-12-22","purchased_purges":1,"victory":false,"max_hp_per_floor":[75,75,75,75,75,75,75,75,75,75,75,75,75,75,75,75,75,75,75,75,75,75,75,75,75,75],"relic_stats":{"counters":[14,67],"Mummified Hand":[11],"Sundial":[10],"Charon\u0027s Ashes":[242],"Kunai":[11],"obtain_stats":[{"Mummified Hand":9,"Sundial":14,"Charon\u0027s Ashes":0,"Omamori":6,"Red Mask":22,"Kunai":12,"Burning Blood":0,"Runic Cube":17},{"Mummified Hand":5,"Sundial":7,"Charon\u0027s Ashes":0,"Omamori":4,"Red Mask":12,"Kunai":6,"Burning Blood":0,"Runic Cube":8},{"Mummified Hand":17,"Sundial":27,"Charon\u0027s Ashes":0,"Omamori":14,"Red Mask":60,"Kunai":22,"Burning Blood":0,"Runic Cube":41}],"Burning Blood":78,"Runic Cube":[35]},"card_choices":[{"not_picked":["True Grit","Body Slam"],"picked":"Anger","floor":1.0},{"not_picked":["Clothesline","Dropkick"],"picked":"Fire Breathing","floor":2},{"not_picked":["Carnage","Anger"],"picked":"Hemokinesis","floor":4},{"not_picked":["Corruption","Inflame"],"picked":"Disarm","floor":6},{"not_picked":["Havoc","Shrug It Off"],"picked":"Second Wind","floor":8},{"not_picked":["Ghostly Armor","Twin Strike"],"picked":"Dropkick","floor":12},{"not_picked":["Juggernaut","Brutality","Rupture"],"picked":"SKIP","floor":14},{"not_picked":["Impervious","Bludgeon"],"picked":"Double Tap","floor":16},{"not_picked":["Twin Strike+1","Warcry"],"picked":"Evolve","floor":18},{"not_picked":["Searing Blow+1","Flex+1"],"picked":"Shockwave+1","floor":19},{"not_picked":["Shockwave","Clash","Blood for Blood"],"picked":"SKIP","floor":20},{"not_picked":["Cleave+1","Warcry"],"picked":"Feel No Pain","floor":22},{"not_picked":["Carnage","Perfected Strike","Anger+1"],"picked":"SKIP","floor":24}],"player_experience":1282519,"relics_obtained":[{"floor":6,"key":"Omamori"},{"floor":9,"key":"Mummified Hand"},{"floor":12,"key":"Kunai"},{"floor":14,"key":"Sundial"},{"floor":22,"key":"Red Mask"}],"event_choices":[{"damage_healed":0,"gold_gain":0,"player_choice":"Leave","damage_taken":0,"max_hp_gain":0,"max_hp_loss":0,"event_name":"The Cleric","floor":3,"gold_loss":0},{"cards_removed":["Strike_R"],"damage_healed":0,"gold_gain":0,"player_choice":"Card Removal","damage_taken":7,"max_hp_gain":0,"max_hp_loss":0,"event_name":"Golden Wing","floor":5,"gold_loss":0},{"cards_removed":["Strike_R"],"damage_healed":0,"gold_gain":0,"player_choice":"Forget","damage_taken":0,"max_hp_gain":0,"max_hp_loss":0,"event_name":"Living Wall","floor":10,"gold_loss":0},{"damage_healed":0,"gold_gain":0,"player_choice":"Ignored","damage_taken":0,"max_hp_gain":0,"max_hp_loss":0,"event_name":"Cursed Tome","floor":21,"gold_loss":0},{"damage_healed":0,"gold_gain":0,"player_choice":"Fought Bandits","damage_taken":0,"max_hp_gain":0,"max_hp_loss":0,"event_name":"Masked Bandits","floor":22,"gold_loss":0}],"is_beta":false,"boss_relics":[{"not_picked":["Velvet Choker","SacredBark"],"picked":"Runic Cube"}],"items_purged_floors":[11],"is_endless":false,"potions_floor_spawned":[1,2,12,14,20,22],"killed_by":"3 Cultists","ascension_level":15}}