{"host":"w8xisjf5mgmfjvmt","time":1613870202,"event":{"mods":["BaseMod","BetterRewards","Challenge The Spire","Conspire","Energized Spire","Filter the Spire","Minty Spire (QoL Compilation)","Quarter Circle Forward PUNCH!","Quick Restart","Relic Filter Mod","Relic Stats","Reliquary","Replay The Spire","Say the Spire","Shop Mod","Spicy Shops","StSLib","¡¾ÒÅÎï¿¨ÅÆ¡¿REMEMod","óô»ðÖ¸ÄÏ"],"gold_per_floor":[115,133,147,163,213,213,213],"floor_reached":6,"language":"ZHS","playtime":182,"items_purged":[],"score":76,"play_id":"9106c98c-337a-44ca-b10f-950623ffac36","local_time":"20210221091642","is_ascension_mode":true,"campfire_choices":[],"circlet_count":0,"master_deck":["AscendersBane","Strike_R","Strike_R","Strike_R","Strike_R","Strike_R","Defend_R","Defend_R","Defend_R","Defend_R","Bash","Feed","REME_BattleFury","Flex","Sword Boomerang","Infernal Blade","Abandon"],"relics":["Burning Blood","REME_ComplimentaryCards"],"acts_visited":["Exordium"],"potions_floor_usage":[],"damage_taken":[{"damage":8.0,"enemies":"Small Slimes","floor":1.0,"turns":3.0},{"damage":6.0,"enemies":"Cultist","floor":2.0,"turns":3.0},{"damage":12.0,"enemies":"Jaw Worm","floor":3.0,"turns":3.0},{"damage":25.0,"enemies":"Red Slaver","floor":4.0,"turns":4.0},{"damage":25,"enemies":"3 Sentries","floor":6,"turns":4}],"seed_played":"5713877011952714575","potions_obtained":[{"floor":1.0,"key":"Languid Potion"}],"is_trial":false,"path_per_floor":["M","M","M","M","?","E"],"character_chosen":"IRONCLAD","items_purchased":[],"campfire_rested":0,"item_purchase_floors":[],"current_hp_per_floor":[69,72,69,53,45,20,20],"gold":213,"neow_bonus":"THREE_RARE_CARDS","is_daily":false,"chose_seed":false,"campfire_upgraded":0,"win_rate":0.0,"timestamp":1613870202,"path_taken":["M","M","M","M","?","E"],"items_purchased_type":[],"build_version":"2020-12-22","purchased_purges":0,"victory":false,"max_hp_per_floor":[71,74,77,80,80,80,80],"relic_stats":{"counters":[5,17],"obtain_stats":[{"Burning Blood":0,"REME_ComplimentaryCards":0},{"Burning Blood":0,"REME_ComplimentaryCards":0},{"Burning Blood":0,"REME_ComplimentaryCards":0}],"Burning Blood":24},"card_choices":[{"not_picked":["Demon Form","Impervious"],"picked":"Feed","floor":0.0},{"not_picked":["Thunderclap","Headbutt"],"picked":"Flex","floor":1.0},{"not_picked":["Infernal Blade","Wild Strike"],"picked":"Sword Boomerang","floor":2.0},{"not_picked":["ReplayTheSpireMod:Stacked","REME_SingleHolding"],"picked":"Infernal Blade","floor":3.0},{"not_picked":["ReplayReversal","Warcry"],"picked":"Abandon","floor":4.0}],"player_experience":1378960,"relics_obtained":[],"event_choices":[{"damage_healed":0,"gold_gain":50,"player_choice":"Touch","damage_taken":8,"max_hp_gain":0,"max_hp_loss":0,"event_name":"FaceTrader","floor":5,"gold_loss":0}],"is_beta":false,"boss_relics":[],"items_purged_floors":[],"is_endless":false,"potions_floor_spawned":[1],"killed_by":"3 Sentries","ascension_level":20}}