{"host":"5bsc0nab6whpyrbj","time":1613947275,"event":{"mods":["BaseMod","Highlight Path","Minty Spire (QoL Compilation)"],"gold_per_floor":[112,112,112,128,128,153,118,118,141,161,161,175,135,148,148,269,269,283,558,577,487,502,502,502],"floor_reached":23,"language":"ENG","playtime":659,"items_purged":[],"score":191,"play_id":"30f1955d-d59c-437a-919d-f74a9e1ba0b1","local_time":"20210221174115","is_ascension_mode":false,"campfire_choices":[{"floor":11,"key":"REST"},{"floor":15,"key":"REST"}],"circlet_count":0,"master_deck":["Zap","Dualcast","Consume","Static Discharge+1","Buffer","Hello World","Self Repair","Redo","Electrodynamics","Force Field","Streamline","Auto Shields","Biased Cognition","All For One","Aggregate","FTL","Rip and Tear+1","Ball Lightning","Ball Lightning"],"relics":["Cracked Core","Potion Belt","Bronze Scales","Golden Idol","Omamori","Pandora\u0027s Box"],"acts_visited":["Exordium","TheCity"],"potions_floor_usage":[],"damage_taken":[{"damage":0,"enemies":"Small Slimes","floor":1,"turns":2},{"damage":0,"enemies":"2 Louse","floor":4,"turns":2},{"damage":36,"enemies":"Lagavulin","floor":6,"turns":5},{"damage":6,"enemies":"Jaw Worm","floor":10,"turns":2},{"damage":18,"enemies":"Lots of Slimes","floor":12,"turns":1},{"damage":10,"enemies":"Looter","floor":14,"turns":3},{"damage":16,"enemies":"Slime Boss","floor":16,"turns":8},{"damage":4,"enemies":"3 Byrds","floor":18,"turns":2},{"damage":10,"enemies":"Chosen","floor":20,"turns":4},{"damage":21,"enemies":"Snake Plant","floor":22,"turns":2},{"damage":40,"enemies":"Gremlin Leader","floor":23,"turns":2}],"seed_played":"-8272956859937480007","potions_obtained":[{"floor":6,"key":"SteroidPotion"},{"floor":10,"key":"Strength Potion"},{"floor":16,"key":"Weak Potion"},{"floor":22,"key":"GamblersBrew"}],"is_trial":false,"path_per_floor":["M","?","$","M","?","E","?","?","T","M","R","M","$","M","R","B",null,"M","?","M","?","M","E"],"character_chosen":"DEFECT","items_purchased":["Self Repair"],"campfire_rested":2,"item_purchase_floors":[13],"current_hp_per_floor":[75,60,60,60,60,24,42,42,42,36,58,40,40,37,59,43,75,71,71,61,61,40,0,0],"gold":502,"neow_bonus":"RANDOM_COMMON_RELIC","is_daily":false,"chose_seed":false,"campfire_upgraded":0,"win_rate":0.0,"timestamp":1613947275,"path_taken":["M","?","$","M","?","E","?","?","T","?","R","M","?","M","R","BOSS","M","?","?","?","M","E"],"items_purchased_type":["Card"],"build_version":"2020-12-22","purchased_purges":0,"victory":false,"max_hp_per_floor":[75,75,75,75,75,75,75,75,75,75,75,75,75,75,75,75,75,75,75,75,75,75,75,75],"card_choices":[{"not_picked":["Hologram","Gash"],"picked":"Consume","floor":1},{"not_picked":["Coolheaded","Gash"],"picked":"Static Discharge","floor":4},{"not_picked":["Streamline","Steam"],"picked":"Buffer","floor":6},{"not_picked":["Compile Driver","Reinforced Body","Fusion"],"picked":"SKIP","floor":10},{"not_picked":["Leap","Turbo"],"picked":"Hello World","floor":12},{"not_picked":["Hologram","Gash"],"picked":"Redo","floor":14},{"not_picked":["Core Surge","Machine Learning"],"picked":"Electrodynamics","floor":16},{"not_picked":["Turbo","Go for the Eyes+1","Leap+1"],"picked":"SKIP","floor":18},{"not_picked":["Chill","Conserve Battery"],"picked":"Ball Lightning","floor":20},{"not_picked":["Compile Driver","Coolheaded"],"picked":"Ball Lightning","floor":22}],"player_experience":87654,"relics_obtained":[{"floor":6,"key":"Bronze Scales"},{"floor":9,"key":"Omamori"}],"event_choices":[{"damage_healed":0,"gold_gain":0,"player_choice":"Entered Light","damage_taken":15,"max_hp_gain":0,"max_hp_loss":0,"event_name":"Shining Light","floor":2,"gold_loss":0,"cards_upgraded":["Strike_B","Strike_B"]},{"damage_healed":0,"gold_gain":0,"player_choice":"Grow","damage_taken":0,"max_hp_gain":0,"max_hp_loss":0,"event_name":"Living Wall","floor":5,"gold_loss":0,"cards_upgraded":["Static Discharge"]},{"damage_healed":18,"gold_gain":0,"player_choice":"Healed","damage_taken":0,"max_hp_gain":0,"max_hp_loss":0,"event_name":"The Cleric","floor":7,"gold_loss":35},{"damage_healed":0,"gold_gain":0,"player_choice":"Take Wound","damage_taken":0,"relics_obtained":["Golden Idol"],"max_hp_gain":0,"max_hp_loss":0,"event_name":"Golden Idol","floor":8,"gold_loss":0,"cards_obtained":["Injury"]},{"damage_healed":0,"gold_gain":275,"player_choice":"Desecrate","damage_taken":0,"max_hp_gain":0,"max_hp_loss":0,"event_name":"Golden Shrine","floor":19,"gold_loss":0,"cards_obtained":["Regret"]},{"cards_removed":["Injury"],"damage_healed":0,"gold_gain":0,"player_choice":"Upgrade and Remove","damage_taken":0,"max_hp_gain":0,"max_hp_loss":0,"event_name":"Designer","floor":21,"gold_loss":90,"cards_upgraded":["Rip and Tear"]}],"is_beta":false,"boss_relics":[{"not_picked":["Ectoplasm","Nuclear Battery"],"picked":"Pandora\u0027s Box"}],"items_purged_floors":[],"is_endless":false,"potions_floor_spawned":[6,10,16,22],"killed_by":"Gremlin Leader","ascension_level":0}}