{"host":"o9lehcdjc4u6j9un","time":1613908477,"event":{"mods":["Aspiration","BaseMod","Better-Laid Plans","Bossed Relics","Colored Map","Downfall","Gremlin Mod","Hermit","Koishi","Marisa£®ÏF”Í°°ƒß¿Ì…≥£©","Minty Spire (QoL Compilation)","Reimu£®≤©¿ˆ¡È√Œ£©","Remilia£®¿Ÿ√◊¿Ú—«£©","Robot Space Explorer","StSLib","The Alterego","The Hierophant","The Jungle","The Marked","The Runesmith","The Senshi","The Servant 0.9.4","Yakumo Yukari mod","Youmu£®ªÍ∆«—˝√Œ£©","≤–¡Ù÷ÆŒÔ"],"gold_per_floor":[116,133,149,160,179,212,224,249,275,275,47,47,57,74,74,179,179,194,204,164,164,181,181,200,200,226,260,260,289,289,322,322,421,421,439,70,87,140,151,181,191,191,191,217,217,228,228,243,243,243],"floor_reached":51,"language":"ZHS","playtime":9006,"items_purged":["theSenshi:SailorKick","downfall:Haunted"],"score":806,"play_id":"b18671bd-7dd7-42ca-86dc-355ccc1d9052","local_time":"20210221195437","is_ascension_mode":false,"campfire_choices":[{"floor":10.0,"key":"REST"},{"floor":15.0,"key":"REST"},{"data":"theSenshi:JupitersPower","floor":23.0,"key":"SMITH"},{"data":"theSenshi:SailorStarFighterAssists","floor":25.0,"key":"SMITH"},{"data":"theSenshi:SailorMarsAssists","floor":28.0,"key":"SMITH"},{"floor":32.0,"key":"REST"},{"data":"theSenshi:IWillPunishYou","floor":42,"key":"SMITH"},{"data":"theSenshi:MoonPrismPowerMakeUp","floor":45,"key":"SMITH"},{"data":"theSenshi:TuxedoMaskAssists","floor":47,"key":"SMITH"},{"data":"theSenshi:LateForSchool","floor":49,"key":"SMITH"}],"circlet_count":0,"master_deck":["theSenshi:SailorKick","theSenshi:SailorKick","theSenshi:SailorKick","theSenshi:SailorBlock","theSenshi:SailorBlock","theSenshi:SailorBlock","theSenshi:SailorBlock","theSenshi:RoseThrow","theSenshi:MoonPrismPowerMakeUp+1","theSenshi:SailorJupiterAssists","theSenshi:SailorMarsAssists+1","theSenshi:TuxedoSmokingBomber","theSenshi:SailorStarFighterAssists+1","theSenshi:MoonKick","theSenshi:GatheringStrength","theSenshi:VenusGlamour","theSenshi:SailorVenusAssists","theSenshi:SailorMercuryAssists","theSenshi:JupitersPower+1","theSenshi:Sidestep+1","theSenshi:SaturnsMystery+1","downfall:Haunted","theSenshi:SailorNeptuneAssists+1","theSenshi:InTheNickOfTime+1","theSenshi:SailorVenusAssists","theSenshi:TuxedoMaskAssists+1","theSenshi:IWillPunishYou+1","theSenshi:UranusStrength","theSenshi:SailorJupiterAssists","theSenshi:LateForSchool+1","theSenshi:LateForSchool+1","theSenshi:MoonTiaraMagic","theSenshi:MoonTiaraMagic+1","theSenshi:NeptunesGrace+1","theSenshi:MoonCrisisMakeUp+1","theSenshi:SchoolBag+1"],"relics":["theSenshi:TransformationBroochRelic","Dream Catcher","aspiration:Lifesprig","Happy Flower","theSenshi:RedHairPiecesRelic","aspiration:SecretTechniqueScroll","ZunR:ReiMu","Du-Vu Doll","Strawberry","Tiny Chest","TungstenRod","Ice Cream","CaptainsWheel","Coffee Dripper","theSenshi:RoseRelic","Unceasing Top","Tea:ReiMu","HornCleat"],"acts_visited":["Exordium","TheCity","TheBeyond"],"potions_floor_usage":[44],"damage_taken":[{"damage":7.0,"enemies":"2 Louse","floor":1.0,"turns":2.0},{"damage":0.0,"enemies":"Cultist","floor":2.0,"turns":3.0},{"damage":2.0,"enemies":"Small Slimes","floor":3.0,"turns":3.0},{"damage":0.0,"enemies":"Exordium Wildlife","floor":4.0,"turns":2.0},{"damage":7.0,"enemies":"Exordium Thugs","floor":5.0,"turns":4.0},{"damage":24.0,"enemies":"Gremlin Nob","floor":6.0,"turns":4.0},{"damage":4.0,"enemies":"Looter","floor":7.0,"turns":3.0},{"damage":10.0,"enemies":"3 Sentries","floor":8.0,"turns":3.0},{"damage":2.0,"enemies":"Blue Slaver","floor":13.0,"turns":2.0},{"damage":2.0,"enemies":"Red Slaver","floor":14.0,"turns":3.0},{"damage":8.0,"enemies":"The Guardian","floor":16.0,"turns":10.0},{"damage":1.0,"enemies":"Shell Parasite","floor":18.0,"turns":4.0},{"damage":11.0,"enemies":"3 Byrds","floor":19.0,"turns":4.0},{"damage":2.0,"enemies":"Snecko","floor":22.0,"turns":3.0},{"damage":2.0,"enemies":"Centurion and Healer","floor":24.0,"turns":3.0},{"damage":0.0,"enemies":"Gremlin Leader","floor":27.0,"turns":6.0},{"damage":17.0,"enemies":"Slavers","floor":29.0,"turns":2.0},{"damage":18.0,"enemies":"Gremlin Leader","floor":31.0,"turns":4.0},{"damage":46.0,"enemies":"Automaton","floor":33.0,"turns":8.0},{"damage":2.0,"enemies":"Orb Walker","floor":35.0,"turns":3.0},{"damage":0.0,"enemies":"3 Darklings","floor":37.0,"turns":3.0},{"damage":12.0,"enemies":"2 Orb Walkers","floor":38.0,"turns":3.0},{"damage":0.0,"enemies":"Maw","floor":39.0,"turns":7.0},{"damage":0.0,"enemies":"Reptomancer","floor":40.0,"turns":5.0},{"damage":0,"enemies":"Transient","floor":41,"turns":5},{"damage":3,"enemies":"Giant Head","floor":44,"turns":9},{"damage":0,"enemies":"4 Shapes","floor":46,"turns":2},{"damage":0,"enemies":"Spire Growth","floor":48,"turns":4},{"damage":20,"enemies":"Donu and Deca","floor":50,"turns":7}],"seed_played":"-6419997200166340946","potions_obtained":[{"floor":4.0,"key":"EntropicBrew"},{"floor":5.0,"key":"LiquidBronze"},{"floor":6.0,"key":"LiquidMemories"},{"floor":7.0,"key":"Swift Potion"},{"floor":13.0,"key":"FearPotion"},{"floor":19.0,"key":"Explosive Potion"},{"floor":22.0,"key":"DistilledChaos"},{"floor":27.0,"key":"SkillPotion"},{"floor":31.0,"key":"ZuzhouPotion:ReiMu"},{"floor":37.0,"key":"Fire Potion"},{"floor":38.0,"key":"SteroidPotion"},{"floor":39.0,"key":"ColorlessPotion"},{"floor":46,"key":"Guardian:BlockOnCardUsePotion"}],"is_trial":false,"path_per_floor":["M","M","M","M","M","E","M","E","T","R","$","?","M","M","R","B",null,"M","M","?","?","M","R","M","R","T","E","R","E","T","E","R","B",null,"M","$","M","?","M","E","M","R","T","E","R","M","R","M","R","B",null],"character_chosen":"THE_SENSHI","items_purchased":["theSenshi:RedHairPiecesRelic","theSenshi:RoseRelic","theSenshi:UranusStrength","theSenshi:SailorJupiterAssists"],"campfire_rested":3,"item_purchase_floors":[11,36,36,36],"current_hp_per_floor":[68,68,66,66,59,35,31,21,21,43,43,51,49,47,69,61,75,74,63,63,63,73,73,75,75,82,82,82,65,65,47,71,51,82,82,82,82,82,82,82,82,82,82,82,82,82,82,82,82,67],"gold":243,"neow_bonus":"THREE_CARDS","is_daily":false,"chose_seed":false,"campfire_upgraded":7,"win_rate":0.0,"timestamp":1613908477,"path_taken":["M","M","M","M","M","E","M","E","T","R","$","?","M","M","R","BOSS","M","M","?","?","?","R","M","R","T","E","R","E","?","E","R","BOSS","M","$","M","?","M","E","M","R","T","E","R","M","R","M","R","BOSS"],"items_purchased_type":["Relic","Relic","Card","Card"],"build_version":"2020-12-22","purchased_purges":2,"victory":true,"max_hp_per_floor":[75,75,75,75,75,75,75,75,75,75,75,75,75,75,75,75,75,75,75,75,75,75,75,75,75,82,82,82,82,82,82,82,82,82,82,82,82,82,82,82,82,82,82,82,82,82,82,82,82,82],"card_choices":[{"not_picked":["theSenshi:SailorMercuryAssists","theSenshi:SupersonicWaves"],"picked":"theSenshi:SailorJupiterAssists","floor":0.0},{"not_picked":["theSenshi:MoonPunch","theSenshi:EncouragingSpeech"],"picked":"theSenshi:SailorMarsAssists","floor":1.0},{"not_picked":["theSenshi:MoonTwilightFlash","theSenshi:SailorMarsAssists"],"picked":"theSenshi:TuxedoSmokingBomber","floor":2.0},{"not_picked":["theSenshi:LunasBite","theSenshi:MoonsReflection"],"picked":"theSenshi:SailorStarFighterAssists","floor":3.0},{"not_picked":["theSenshi:MoonlightKnight","theSenshi:MoonTwilightFlash"],"picked":"theSenshi:MoonKick","floor":4.0},{"not_picked":["theSenshi:EncouragingSpeech","theSenshi:SaturnsMystery"],"picked":"theSenshi:GatheringStrength","floor":5.0},{"not_picked":["theSenshi:SailorV","theSenshi:SailorStarMakerAssists"],"picked":"theSenshi:VenusGlamour","floor":6.0},{"not_picked":["theSenshi:VenusGlamour","theSenshi:SupersonicWaves","theSenshi:SailorStarFighterAssists"],"picked":"SKIP","floor":7.0},{"not_picked":["theSenshi:GatheringStrength","theSenshi:SailorCosmosAssists"],"picked":"theSenshi:SailorVenusAssists","floor":8.0},{"not_picked":["theSenshi:MercurysCunning","theSenshi:SailorJupiterAssists"],"picked":"theSenshi:SailorMercuryAssists","floor":10.0},{"not_picked":["theSenshi:GatheringStrength","theSenshi:SailorV","theSenshi:SupersonicWaves"],"picked":"SKIP","floor":13.0},{"not_picked":["theSenshi:MoonKick","theSenshi:SteeledNerves","theSenshi:MoonsReflection"],"picked":"SKIP","floor":14.0},{"not_picked":["theSenshi:StudyParty","theSenshi:LunaSensingAllies"],"picked":"theSenshi:JupitersPower","floor":16.0},{"not_picked":["theSenshi:SailorPlanetAttack+1","theSenshi:LateForSchool"],"picked":"theSenshi:Sidestep+1","floor":18.0},{"not_picked":["theSenshi:MoonCrystalPowerMakeUp","theSenshi:TuxedoMaskAssists"],"picked":"theSenshi:SaturnsMystery+1","floor":19.0},{"not_picked":["theSenshi:HesSoDreamy","theSenshi:LunasBite","theSenshi:SailorMarsAssists"],"picked":"SKIP","floor":22.0},{"not_picked":["theSenshi:SailorUranusAssists+1","theSenshi:MarsPride+1"],"picked":"theSenshi:SailorNeptuneAssists+1","floor":24.0},{"not_picked":["theSenshi:LunasBite","theSenshi:GatheringStrength","theSenshi:Overload"],"picked":"SKIP","floor":27.0},{"not_picked":["theSenshi:SaturnsMystery","theSenshi:MoonTiaraMagic+1"],"picked":"theSenshi:InTheNickOfTime+1","floor":29.0},{"not_picked":["theSenshi:MoonSpiralHeartAttack+1","theSenshi:SailorUranusAssists"],"picked":"theSenshi:SailorVenusAssists","floor":31.0},{"not_picked":["theSenshi:MoonsReflection","theSenshi:MoonTiaraMagic"],"picked":"theSenshi:TuxedoMaskAssists","floor":32.0},{"not_picked":["theSenshi:StudyParty","theSenshi:GlimpseOfThePast"],"picked":"theSenshi:IWillPunishYou","floor":33.0},{"not_picked":["theSenshi:MarsPride+1","theSenshi:EncouragingSpeech","theSenshi:DramaticEntrance"],"picked":"SKIP","floor":35.0},{"not_picked":["theSenshi:SupersonicWaves+1","theSenshi:SailorJupiterAssists"],"picked":"theSenshi:LateForSchool","floor":37.0},{"not_picked":["theSenshi:OdangoHead+1","theSenshi:SailorNeptuneAssists"],"picked":"theSenshi:LateForSchool+1","floor":38.0},{"not_picked":["theSenshi:MoonsReflection+1","theSenshi:Sidestep+1"],"picked":"theSenshi:MoonTiaraMagic","floor":39.0},{"not_picked":["theSenshi:MoonCrisisMakeUp","theSenshi:SailorUranusAssists+1"],"picked":"theSenshi:MoonTiaraMagic+1","floor":40},{"not_picked":["theSenshi:MoonHealingEscalation","theSenshi:MoonPrincessHalation"],"picked":"theSenshi:NeptunesGrace+1","floor":41},{"not_picked":["theSenshi:TuxedoMaskAssists","theSenshi:MoonCosmicPowerMakeUp"],"picked":"theSenshi:MoonCrisisMakeUp+1","floor":44},{"not_picked":["theSenshi:SailorChibiMoonAssists+1","theSenshi:HesSoDreamy","theSenshi:SailorMercuryAssists"],"picked":"SKIP","floor":46},{"not_picked":["theSenshi:SailorMarsAssists+1","theSenshi:MoonlightKnight+1"],"picked":"theSenshi:SchoolBag+1","floor":48}],"player_experience":407255,"relics_obtained":[{"floor":6.0,"key":"Dream Catcher"},{"floor":8.0,"key":"aspiration:Lifesprig"},{"floor":9.0,"key":"Happy Flower"},{"floor":26.0,"key":"Strawberry"},{"floor":27.0,"key":"Tiny Chest"},{"floor":29.0,"key":"TungstenRod"},{"floor":30.0,"key":"Ice Cream"},{"floor":31.0,"key":"CaptainsWheel"},{"floor":38.0,"key":"Unceasing Top"},{"floor":40,"key":"Tea:ReiMu"},{"floor":44,"key":"HornCleat"}],"event_choices":[{"damage_healed":0.0,"max_hp_gain":0.0,"max_hp_loss":0.0,"gold_gain":0.0,"event_name":"ZunEvent","player_choice":"π∫¬Ú…Òæ∆","floor":20.0,"gold_loss":40.0,"damage_taken":0.0,"relics_obtained":["ZunR:ReiMu"]},{"damage_healed":0.0,"max_hp_gain":0.0,"max_hp_loss":0.0,"gold_gain":0.0,"event_name":"Mysterious Sphere","player_choice":"Fight","floor":38.0,"gold_loss":0.0,"damage_taken":0.0}],"is_beta":false,"boss_relics":[{"not_picked":["Busted Crown","aspiration:RunesmithSkillbook"],"picked":"aspiration:SecretTechniqueScroll"},{"not_picked":["Tiny House","Calling Bell"],"picked":"Coffee Dripper"}],"items_purged_floors":[11,36],"is_endless":false,"potions_floor_spawned":[4,5,6,7,13,14,19,22,27,31,37,38,39,40,46],"ascension_level":0}}