{"host":"bczg3e1yq3rp3pkk","time":1613923740,"event":{"mods":["100% Spire Juice","ATMod(阿瑾Mod)","Act Like it!","Aspiration","BaseMod","Conspire","Hermit","KinomotoSakuraMod(木之本樱)","Marisa（F雨　魔理沙）","Marked Mod","Minty Spire (QoL Compilation)","Quick Restart","Reliquary","Replay The Spire","RumiaBox-露米娅的神秘盒子","Ryuuou龙王","SOS（斯巴达之子）","Shop Mod","StSLib","The Blackbeard","The Bug Knight","The Construct","The Hierophant","The Servant 0.9.4","Warlord Emblem","[GremlinLeader]The Maniac","【功能Mod】混沌之环修复补丁","【遗物卡牌】REMEMod"],"gold_per_floor":[118,129,129,147,165,199,199,218,244,244,264,274,292,302,302,402,402,419,262,288,299,317,351,351,351,351,367,367,381,381,398,398,499,499,517,239,251,271,285,316,316,316,316,316,329,344,358,358,358,358],"floor_reached":51,"language":"ZHS","playtime":2519,"items_purged":["Delirium","Strike_G"],"score":759,"play_id":"0dcf39e3-f189-4f0b-b66b-facd05bd6d7f","local_time":"20210222000900","is_ascension_mode":false,"campfire_choices":[{"data":"Dagger Spray","floor":7.0,"key":"SMITH"},{"data":"Infinite Blades","floor":10.0,"key":"SMITH"},{"floor":15.0,"key":"REST"},{"floor":28.0,"key":"REST"},{"data":"REME_LeechingPoison","floor":30.0,"key":"SMITH"},{"data":"Finisher","floor":32.0,"key":"SMITH"},{"floor":41.0,"key":"REST"},{"floor":44.0,"key":"REST"},{"floor":49.0,"key":"REST"}],"circlet_count":0,"master_deck":["Strike_G","Strike_G","Strike_G","Strike_G","Defend_G","Defend_G","Defend_G","Defend_G","Defend_G","Survivor","Neutralize","AT_FocusSwordFire","Storm of Steel","Outmaneuver","Finisher+1","Dagger Spray+1","Dagger Spray","Infinite Blades+1","Tactician","Well Laid Plans","A Thousand Cuts","Noxious Fumes","Accuracy","Cloak And Dagger","Footwork","REME_LeechingPoison+1","Strike_G","Infinite Blades+1","Glass Knife","Purity","Dodge and Roll+1","ReplayTheSpireMod:Shiv Toss","Wraith","Sneak Up+1","Dodge and Roll+1","PiercingWail"],"relics":["Ring of the Snake","REME_ComplimentaryCards","AT_ATBox","AddBug","SecretRecord","SecretRecord","SecretRecord","SecretRecord","SecretRecord","SecretRecord","SecretRecord"],"acts_visited":["Exordium","TheCity","TheBeyond"],"potions_floor_usage":[50,50],"damage_taken":[{"damage":0.0,"enemies":"Small Slimes","floor":1.0,"turns":3.0},{"damage":6.0,"enemies":"Jaw Worm","floor":2.0,"turns":6.0},{"damage":0.0,"enemies":"Cultist","floor":4.0,"turns":3.0},{"damage":6.0,"enemies":"2 Fungi Beasts","floor":5.0,"turns":4.0},{"damage":0.0,"enemies":"Gremlin Nob","floor":6.0,"turns":2.0},{"damage":0.0,"enemies":"Large Slime","floor":8.0,"turns":4.0},{"damage":9.0,"enemies":"Blue Slaver","floor":11.0,"turns":2.0},{"damage":19.0,"enemies":"Exordium Thugs","floor":12.0,"turns":3.0},{"damage":7.0,"enemies":"Gremlin Gang","floor":13.0,"turns":3.0},{"damage":4.0,"enemies":"Looter","floor":14.0,"turns":3.0},{"damage":38.0,"enemies":"The Guardian","floor":16.0,"turns":10.0},{"damage":6.0,"enemies":"conspire:FuzzyDice","floor":18.0,"turns":4.0},{"damage":5.0,"enemies":"Masked Bandits","floor":20.0,"turns":2.0},{"damage":16.0,"enemies":"Shell Parasite","floor":21.0,"turns":3.0},{"damage":15.0,"enemies":"Centurion and Healer","floor":22.0,"turns":2.0},{"damage":27.0,"enemies":"Slavers","floor":23.0,"turns":3.0},{"damage":4.0,"enemies":"Snecko","floor":27.0,"turns":4.0},{"damage":10.0,"enemies":"Snake Plant","floor":29.0,"turns":3.0},{"damage":7.0,"enemies":"Chosen and Byrds","floor":31.0,"turns":4.0},{"damage":5.0,"enemies":"conspire:MysteriousRune","floor":33.0,"turns":4.0},{"damage":13.0,"enemies":"3 Darklings","floor":35.0,"turns":2.0},{"damage":10.0,"enemies":"Orb Walker","floor":37.0,"turns":3.0},{"damage":37.0,"enemies":"Sphere and 2 Shapes","floor":38.0,"turns":3.0},{"damage":2.0,"enemies":"4 Shapes","floor":39.0,"turns":6.0},{"damage":6.0,"enemies":"HollowMod:StalkingDevout","floor":40.0,"turns":7.0},{"damage":18.0,"enemies":"Maw","floor":45.0,"turns":3.0},{"damage":12.0,"enemies":"Jaw Worm Horde","floor":46.0,"turns":3.0},{"damage":19.0,"enemies":"Sphere and 2 Shapes","floor":47.0,"turns":3.0},{"damage":36,"enemies":"Time Eater","floor":50,"turns":12}],"seed_played":"7461725871499725882","potions_obtained":[{"floor":4.0,"key":"AttackPotion"},{"floor":5.0,"key":"Energy Potion"},{"floor":8.0,"key":"Dexterity Potion"},{"floor":12.0,"key":"BlessingOfTheForge"},{"floor":13.0,"key":"Strength Potion"},{"floor":16.0,"key":"Energy Potion"},{"floor":18.0,"key":"Toxic Potion"},{"floor":23.0,"key":"Block Potion"},{"floor":29.0,"key":"REME_GoldPotion"},{"floor":35.0,"key":"Toxic Potion"},{"floor":37.0,"key":"Block Potion"},{"floor":47.0,"key":"GhostInAJar"}],"is_trial":false,"path_per_floor":["M","M","?","M","M","E","R","M","T","R","M","M","M","M","R","B",null,"M","$","?","M","M","E","?","?","T","M","R","M","R","M","R","B",null,"M","$","M","M","M","E","R","?","T","R","M","M","M","?","R","B",null],"character_chosen":"THE_SILENT","items_purchased":["Accuracy","Purity","PowerPotion","SpeedPotion"],"campfire_rested":5,"item_purchase_floors":[19,36,36,36],"current_hp_per_floor":[70,64,64,64,58,58,58,58,58,58,49,30,23,19,40,2,70,64,64,59,43,28,1,1,1,1,1,22,42,42,47,47,66,70,57,57,53,16,18,12,33,33,33,54,36,24,19,19,40,40],"gold":358,"neow_bonus":"ONE_RANDOM_RARE_CARD","is_daily":false,"chose_seed":false,"campfire_upgraded":4,"win_rate":0.0,"timestamp":1613923740,"path_taken":["M","M","?","M","M","E","R","M","T","R","M","M","M","M","R","BOSS","M","$","?","M","M","E","?","?","T","M","R","M","R","M","R","BOSS","M","$","M","M","M","E","R","?","T","R","M","M","M","?","R","BOSS"],"items_purchased_type":["Card","Card","Potion","Potion"],"build_version":"2020-12-22","purchased_purges":2,"victory":true,"max_hp_per_floor":[70,70,70,70,70,70,70,70,70,70,70,70,70,70,70,70,70,70,70,70,70,70,70,70,70,70,70,70,70,70,70,70,70,70,70,70,70,70,70,70,70,70,70,70,70,70,70,70,70,70],"card_choices":[{"not_picked":["Blur","Dodge and Roll"],"picked":"Outmaneuver","floor":1.0},{"not_picked":["Backflip","ReplayTheSpireMod:The Works"],"picked":"Finisher","floor":2.0},{"not_picked":["REME_ShadowStrike","AT_TwilightShroud"],"picked":"Dagger Spray","floor":4.0},{"not_picked":["Hidden Blade","Sucker Punch"],"picked":"Dagger Spray","floor":5.0},{"not_picked":["Flying Knee","AT_WindFlip"],"picked":"Infinite Blades","floor":6.0},{"not_picked":["Distraction","Choke"],"picked":"Tactician","floor":8.0},{"not_picked":["Bouncing Flask","Deflect"],"picked":"Well Laid Plans","floor":11.0},{"not_picked":["Dash","Dagger Spray","Concentrate"],"picked":"SKIP","floor":12.0},{"not_picked":["Dagger Spray","Slice","Catalyst"],"picked":"SKIP","floor":13.0},{"not_picked":["Tactician","Deflect","ReplayTheSpireMod:Exploit Weakness"],"picked":"SKIP","floor":14.0},{"not_picked":["Glass Knife","Replay:Bag of Tricks"],"picked":"A Thousand Cuts","floor":16.0},{"not_picked":["Sucker Punch+1","Blade Dance"],"picked":"Noxious Fumes","floor":18.0},{"not_picked":["AT_ThistleTea+1","Blade Dance"],"picked":"Cloak And Dagger","floor":20.0},{"not_picked":["Deflect","ReplayTheSpireMod:The Works+1","Dagger Throw"],"picked":"SKIP","floor":21.0},{"not_picked":["Predator","Expertise"],"picked":"Footwork","floor":22.0},{"not_picked":["Sucker Punch+1","Hidden Blade"],"picked":"REME_LeechingPoison","floor":23.0},{"not_picked":["ReplayTheSpireMod:Exploit Weakness+1","Skewer","AT_ArcaneSupremacy+1"],"picked":"SKIP","floor":27.0},{"not_picked":["Sucker Punch","Deadly Poison+1"],"picked":"Infinite Blades+1","floor":29.0},{"not_picked":["Hidden Blade","Backflip","Poisoned Stab"],"picked":"SKIP","floor":31.0},{"not_picked":["Atom Bomb","Burst"],"picked":"Glass Knife","floor":33.0},{"not_picked":["AT_WindFlip+1","Catalyst","AT_ArcaneSupremacy"],"picked":"SKIP","floor":35.0},{"not_picked":["ReplayTheSpireMod:Scrap Shanks+1","AT_KneejerkReflex+1","AT_WindFlip"],"picked":"SKIP","floor":37.0},{"not_picked":["Underhanded Strike","ReplayTheSpireMod:Exploit Weakness+1","Dagger Throw"],"picked":"SKIP","floor":38.0},{"not_picked":["Flying Knee+1","Distraction+1"],"picked":"Dodge and Roll+1","floor":39.0},{"not_picked":["AT_WindFlip+1","Envenom"],"picked":"ReplayTheSpireMod:Shiv Toss","floor":40.0},{"not_picked":["Replay:Poison Smokescreen+1","Underhanded Strike"],"picked":"Sneak Up+1","floor":45.0},{"not_picked":["Flying Knee+1","Dagger Throw","Underhanded Strike+1"],"picked":"SKIP","floor":46.0},{"not_picked":["Cloak And Dagger+1","AT_WindRun+1"],"picked":"Dodge and Roll+1","floor":47.0}],"player_experience":396059,"relics_obtained":[{"floor":1.0,"key":"AddBug"},{"floor":3.0,"key":"Ring of Hypnosis"},{"floor":6.0,"key":"MawBank"},{"floor":9.0,"key":"Simple Rune"},{"floor":16.0,"key":"SecretRecord"},{"floor":20.0,"key":"Red Mask"},{"floor":23.0,"key":"SecretRecord"},{"floor":23.0,"key":"Juzu Bracelet"},{"floor":26.0,"key":"Shuriken"},{"floor":29.0,"key":"SecretRecord"},{"floor":38.0,"key":"SecretRecord"},{"floor":39.0,"key":"SecretRecord"},{"floor":40.0,"key":"aspiration:VileToxins"},{"floor":43.0,"key":"conspire:Dentures"},{"floor":47.0,"key":"SecretRecord"}],"event_choices":[{"damage_healed":0.0,"max_hp_gain":0.0,"max_hp_loss":0.0,"gold_gain":0.0,"event_name":"Masked Bandits","player_choice":"Fought Bandits","floor":20.0,"gold_loss":0.0,"damage_taken":0.0},{"damage_healed":0.0,"max_hp_gain":0.0,"max_hp_loss":0.0,"gold_gain":0.0,"event_name":"Cursed Tome","player_choice":"Ignored","floor":24.0,"gold_loss":0.0,"damage_taken":0.0},{"damage_healed":0.0,"max_hp_gain":0.0,"max_hp_loss":0.0,"gold_gain":0.0,"event_name":"OrinTheCat","player_choice":"Ignored","floor":42.0,"gold_loss":0.0,"damage_taken":0.0},{"damage_healed":0.0,"max_hp_gain":0.0,"max_hp_loss":0.0,"gold_gain":0.0,"event_name":"Match and Keep!","player_choice":"1 cards matched","floor":48.0,"gold_loss":0.0,"damage_taken":0.0,"cards_obtained":["PiercingWail"]}],"is_beta":false,"boss_relics":[{"not_picked":["ChewingGum","Astrolabe"],"picked":"Sozu"},{"not_picked":["WristBlade","Ring of Chaos"],"picked":"Busted Crown"}],"items_purged_floors":[19,36],"is_endless":false,"potions_floor_spawned":[4,5,8,12,13,16,18,23,29,35,37,47],"ascension_level":0}}