{"host":"ul3z8ex5o8l5j7mh","time":1613920651,"event":{"mods":["2.2 Compatiblity","AchievementEnabler","BaseMod","Bestiary","Colored Map","Colored Powertips","Curses Come First","DeckTracker","Highlight Path","Keyboard Shortcuts","Minty Spire (QoL Compilation)","Relic Sorter","Relic Stats","StSLib","SuperFastMode"],"gold_per_floor":[117,64,139,89,105,105,136,136,136,166,180,206,234,234,234,329,329,357,366,57,84,84,111,111,154,154,154,180,201,201,201],"floor_reached":30,"language":"ENG","playtime":1468,"items_purged":[],"score":367,"play_id":"cc2559c8-c381-4b49-8e39-3e3dcde4d819","local_time":"20210221161731","is_ascension_mode":true,"campfire_choices":[{"data":"Accuracy","floor":6.0,"key":"SMITH"},{"data":"Infinite Blades","floor":8.0,"key":"SMITH"},{"data":"Infinite Blades","floor":15.0,"key":"SMITH"},{"floor":24,"key":"REST"},{"floor":27,"key":"REST"}],"circlet_count":0,"master_deck":["Survivor","Neutralize","Infinite Blades+1","Blade Dance","Dash","Unload","Accuracy+1","Blade Dance","Sucker Punch","Cloak And Dagger","Infinite Blades+1","Dodge and Roll","RitualDagger","Tactician","Blade Dance","Blade Dance","Dodge and Roll"],"relics":["Pandora\u0027s Box","Blue Candle","CeramicFish","Sundial","Ancient Tea Set","SlaversCollar","Girya","Ginger","Meat on the Bone"],"acts_visited":["Exordium","TheCity"],"potions_floor_usage":[18,21,21,23,29],"damage_taken":[{"damage":0.0,"enemies":"Cultist","floor":1.0,"turns":2.0},{"damage":0.0,"enemies":"Small Slimes","floor":5.0,"turns":2.0},{"damage":0.0,"enemies":"Gremlin Nob","floor":7.0,"turns":3.0},{"damage":2.0,"enemies":"Lagavulin","floor":10.0,"turns":4.0},{"damage":1.0,"enemies":"2 Louse","floor":11.0,"turns":3.0},{"damage":4.0,"enemies":"3 Sentries","floor":12.0,"turns":3.0},{"damage":0.0,"enemies":"Exordium Thugs","floor":13.0,"turns":3.0},{"damage":12.0,"enemies":"Hexaghost","floor":16.0,"turns":5.0},{"damage":8,"enemies":"3 Byrds","floor":18,"turns":3},{"damage":9,"enemies":"Shell Parasite","floor":21,"turns":4},{"damage":37,"enemies":"Gremlin Leader","floor":23,"turns":5},{"damage":10,"enemies":"Book of Stabbing","floor":25,"turns":3},{"damage":26,"enemies":"Snake Plant","floor":28,"turns":4},{"damage":5,"enemies":"Centurion and Healer","floor":29,"turns":3},{"damage":35,"enemies":"Slavers","floor":30,"turns":2}],"seed_played":"-5756503249338301463","potions_obtained":[{"floor":7.0,"key":"Energy Potion"},{"floor":11.0,"key":"Dexterity Potion"},{"floor":12.0,"key":"EntropicBrew"},{"floor":13.0,"key":"Weak Potion"},{"floor":21,"key":"LiquidBronze"},{"floor":25,"key":"CunningPotion"}],"is_trial":false,"path_per_floor":["M","$","?","?","M","R","E","R","T","E","M","E","M","?","R","B",null,"M","?","$","M","?","E","R","E","T","R","M","M","E"],"character_chosen":"THE_SILENT","items_purchased":["Cloak And Dagger","Girya"],"campfire_rested":2,"item_purchase_floors":[2,20],"current_hp_per_floor":[70,70,59,59,59,59,59,59,59,57,56,52,52,70,70,58,70,62,56,56,47,47,10,31,21,21,42,28,35,0,0],"gold":201,"neow_bonus":"BOSS_RELIC","is_daily":false,"chose_seed":false,"campfire_upgraded":3,"win_rate":0.0,"timestamp":1613920651,"path_taken":["M","?","?","?","M","R","E","R","T","E","M","E","M","?","R","BOSS","M","?","$","M","?","E","R","E","T","R","M","M","E"],"items_purchased_type":["Card","Relic"],"build_version":"2020-12-22","purchased_purges":0,"victory":false,"max_hp_per_floor":[70,70,70,70,70,70,70,70,70,70,70,70,70,70,70,70,70,70,70,70,70,70,70,70,70,70,70,70,70,70,70],"relic_stats":{"counters":[15,49],"Sundial":[8],"Blue Candle":[0],"CeramicFish":63,"Pandora\u0027s Box":["Concentrate","Deadly Poison","Infinite Blades","Blade Dance","Dash","Dash","Unload","Accuracy","Blade Dance","Sucker Punch"],"Ginger":[2],"obtain_stats":[{"SlaversCollar":17,"Girya":20,"Sundial":10,"Blue Candle":7,"CeramicFish":9,"Pandora\u0027s Box":0,"Ginger":23,"Ancient Tea Set":12,"Ring of the Snake":0,"Meat on the Bone":25},{"SlaversCollar":8,"Girya":9,"Sundial":4,"Blue Candle":3,"CeramicFish":3,"Pandora\u0027s Box":0,"Ginger":11,"Ancient Tea Set":6,"Ring of the Snake":0,"Meat on the Bone":12},{"SlaversCollar":25,"Girya":28,"Sundial":11,"Blue Candle":7,"CeramicFish":7,"Pandora\u0027s Box":0,"Ginger":37,"Ancient Tea Set":17,"Ring of the Snake":0,"Meat on the Bone":40}],"Meat on the Bone":24},"card_choices":[{"not_picked":["Poisoned Stab","Prepared","PiercingWail"],"picked":"SKIP","floor":1.0},{"not_picked":["Predator","Calculated Gamble","Prepared"],"picked":"SKIP","floor":5.0},{"not_picked":["Footwork","Unload","Underhanded Strike"],"picked":"SKIP","floor":7.0},{"not_picked":["Underhanded Strike","PiercingWail","Masterful Stab"],"picked":"SKIP","floor":10.0},{"not_picked":["Flying Knee","Quick Slash","PiercingWail"],"picked":"SKIP","floor":11.0},{"not_picked":["Calculated Gamble","Underhanded Strike","Outmaneuver"],"picked":"SKIP","floor":12.0},{"not_picked":["Reflex","Outmaneuver"],"picked":"Infinite Blades","floor":13.0},{"not_picked":["Deflect","Deadly Poison"],"picked":"Dodge and Roll","floor":18},{"not_picked":["Dodge and Roll","Venomology"],"picked":"Tactician","floor":21},{"not_picked":["Poisoned Stab","Prepared","Bane"],"picked":"SKIP","floor":23},{"not_picked":["Cloak And Dagger","Sucker Punch"],"picked":"Blade Dance","floor":25},{"not_picked":["Grand Finale","Calculated Gamble+1"],"picked":"Blade Dance","floor":28},{"not_picked":["Deflect","Dagger Spray"],"picked":"Dodge and Roll","floor":29}],"player_experience":415505,"relics_obtained":[{"floor":7.0,"key":"Blue Candle"},{"floor":9.0,"key":"CeramicFish"},{"floor":10.0,"key":"Sundial"},{"floor":12.0,"key":"Ancient Tea Set"},{"floor":23,"key":"Ginger"},{"floor":25,"key":"Meat on the Bone"}],"event_choices":[{"damage_healed":0.0,"max_hp_gain":0.0,"max_hp_loss":0.0,"gold_gain":75.0,"event_name":"World of Goop","player_choice":"Gather Gold","floor":3.0,"gold_loss":0.0,"damage_taken":11.0},{"cards_removed":["Deadly Poison"],"damage_healed":0.0,"max_hp_gain":0.0,"max_hp_loss":0.0,"gold_gain":0.0,"event_name":"The Cleric","player_choice":"Card Removal","floor":4.0,"gold_loss":50.0,"damage_taken":0.0},{"cards_removed":["Dash"],"damage_healed":18.0,"max_hp_gain":0.0,"max_hp_loss":0.0,"gold_gain":0.0,"event_name":"Bonfire Elementals","player_choice":"Offered Uncommon","floor":14.0,"gold_loss":0.0,"damage_taken":0.0},{"damage_healed":0,"gold_gain":0,"player_choice":"Joined the Cult","damage_taken":6,"max_hp_gain":0,"max_hp_loss":0,"event_name":"Nest","floor":19,"gold_loss":0,"cards_obtained":["RitualDagger"]},{"cards_removed":["Concentrate"],"damage_healed":0,"gold_gain":0,"player_choice":"Elegance","damage_taken":0,"max_hp_gain":0,"max_hp_loss":0,"event_name":"Back to Basics","floor":22,"gold_loss":0}],"is_beta":false,"boss_relics":[{"not_picked":["Astrolabe","Calling Bell"],"picked":"SlaversCollar"}],"items_purged_floors":[],"is_endless":false,"potions_floor_spawned":[7,11,12,13,21,25],"killed_by":"Slavers","ascension_level":2}}