{"host":"8is2j71l4wmybkoi","time":1613919582,"event":{"mods":["AchievementEnabler","BaseMod","Colored Map","DeckTracker","Minty Spire (QoL Compilation)","Rare Cards Sparkle","Relic Stats","StSLib","SuperFastMode"],"gold_per_floor":[119,139,139,149,169,201,201,201,246,279,291,291,41,54,54,131,131,150,160,160,16,32,32,47,57,136,136,169,169,169],"floor_reached":29,"language":"KOR","playtime":1071,"items_purged":["Strike_R","Defend_R"],"score":450,"play_id":"c5f5d598-e506-47b8-8533-fef5e3e3bed1","local_time":"20210221235942","is_ascension_mode":true,"campfire_choices":[{"floor":7.0,"key":"REST"},{"data":"Clothesline","floor":12.0,"key":"SMITH"},{"floor":15.0,"key":"REST"},{"data":"Dark Embrace","floor":23,"key":"SMITH"},{"data":"Entrench","floor":27,"key":"SMITH"}],"circlet_count":0,"master_deck":["AscendersBane","Defend_R","Defend_R","Bash","Feel No Pain","Clothesline+1","Seeing Red","Reaper","Whirlwind","Metallicize","Sword Boomerang","Impervious","Evolve","Immolate","Double Tap","Dual Wield+1","Fiend Fire+1","Impervious+1","Body Slam+1","Dark Embrace+1","Armaments+1","Entrench+1"],"relics":["Burning Blood","The Courier","Regal Pillow","Red Skull","Astrolabe","Paper Frog"],"acts_visited":["Exordium","TheCity"],"potions_floor_usage":[28],"damage_taken":[{"damage":10.0,"enemies":"Small Slimes","floor":1.0,"turns":4.0},{"damage":13.0,"enemies":"Cultist","floor":2.0,"turns":5.0},{"damage":6.0,"enemies":"Jaw Worm","floor":4.0,"turns":4.0},{"damage":16.0,"enemies":"Exordium Thugs","floor":5.0,"turns":7.0},{"damage":51.0,"enemies":"Lagavulin","floor":6.0,"turns":8.0},{"damage":20.0,"enemies":"3 Sentries","floor":10.0,"turns":5.0},{"damage":14.0,"enemies":"Lots of Slimes","floor":11.0,"turns":2.0},{"damage":15.0,"enemies":"Gremlin Gang","floor":14.0,"turns":3.0},{"damage":49.0,"enemies":"The Guardian","floor":16.0,"turns":17.0},{"damage":3.0,"enemies":"3 Byrds","floor":18.0,"turns":4.0},{"damage":27.0,"enemies":"Spheric Guardian","floor":19.0,"turns":6.0},{"damage":18,"enemies":"Snecko","floor":22,"turns":3},{"damage":13,"enemies":"Snake Plant","floor":24,"turns":3},{"damage":0,"enemies":"Centurion and Healer","floor":25,"turns":3},{"damage":41,"enemies":"Gremlin Leader","floor":28,"turns":7},{"damage":11,"enemies":"Cultist and Chosen","floor":29,"turns":4}],"seed_played":"-71711428033918907","potions_obtained":[{"floor":1.0,"key":"FearPotion"},{"floor":6.0,"key":"PowerPotion"},{"floor":10.0,"key":"Explosive Potion"},{"floor":11.0,"key":"GamblersBrew"},{"floor":16.0,"key":"Explosive Potion"},{"floor":25,"key":"Energy Potion"},{"floor":28,"key":"FearPotion"}],"is_trial":false,"path_per_floor":["M","M","?","M","M","E","R","?","T","E","M","R","$","M","R","B",null,"M","M","?","$","M","R","M","M","T","R","E","M"],"character_chosen":"IRONCLAD","items_purchased":["HeartOfIron","Impervious","Evolve","Dark Embrace"],"campfire_rested":2,"item_purchase_floors":[13,13,13,21],"current_hp_per_floor":[64,57,57,57,47,8,28,28,28,26,18,18,18,9,44,8,53,68,47,47,47,35,35,28,34,34,34,9,0,0],"gold":169,"neow_bonus":"TRANSFORM_TWO_CARDS","is_daily":false,"chose_seed":false,"campfire_upgraded":3,"win_rate":0.0,"timestamp":1613919582,"path_taken":["M","M","?","M","M","E","R","?","T","E","?","R","$","M","R","BOSS","M","?","?","?","?","R","?","M","T","R","E","?"],"items_purchased_type":["Potion","Card","Card","Card"],"build_version":"2020-12-22","purchased_purges":2,"victory":false,"max_hp_per_floor":[68,68,68,68,68,68,68,68,68,68,68,68,68,68,68,68,68,68,68,68,68,68,68,68,68,68,68,68,68,68],"relic_stats":{"Regal Pillow":15,"counters":[16,85],"Astrolabe":["Dual Wield","Fiend Fire","Impervious"],"obtain_stats":[{"Regal Pillow":8,"Astrolabe":17,"The Courier":6,"Burning Blood":0,"Red Skull":10,"Paper Frog":28},{"Regal Pillow":5,"Astrolabe":9,"The Courier":5,"Burning Blood":0,"Red Skull":6,"Paper Frog":15},{"Regal Pillow":28,"Astrolabe":55,"The Courier":28,"Burning Blood":0,"Red Skull":33,"Paper Frog":81}],"Burning Blood":90},"card_choices":[{"not_picked":["Metallicize","Heavy Blade","Warcry"],"picked":"SKIP","floor":1.0},{"not_picked":["Anger","Flex"],"picked":"Seeing Red","floor":2.0},{"not_picked":["Iron Wave","Warcry","Clothesline"],"picked":"SKIP","floor":4.0},{"not_picked":["Searing Blow","True Grit"],"picked":"Reaper","floor":5.0},{"not_picked":["Warcry","Thunderclap"],"picked":"Whirlwind","floor":6.0},{"not_picked":["Anger","Clash"],"picked":"Metallicize","floor":10.0},{"not_picked":["Flex","Wild Strike"],"picked":"Sword Boomerang","floor":11.0},{"not_picked":["Clash","Reckless Charge"],"picked":"Immolate","floor":14.0},{"not_picked":["Bludgeon","Berserk"],"picked":"Double Tap","floor":16.0},{"not_picked":["Clothesline+1","Anger"],"picked":"Body Slam","floor":18.0},{"not_picked":["Body Slam","Combust","Flex"],"picked":"SKIP","floor":19.0},{"not_picked":["Twin Strike","Perfected Strike","Iron Wave"],"picked":"SKIP","floor":22},{"not_picked":["Heavy Blade","Flex"],"picked":"Armaments+1","floor":24},{"not_picked":["Clothesline","Clash"],"picked":"Entrench","floor":25},{"not_picked":["Infernal Blade","Inflame","Juggernaut"],"picked":"SKIP","floor":28}],"player_experience":1290996,"relics_obtained":[{"floor":6.0,"key":"The Courier"},{"floor":8.0,"key":"Regal Pillow"},{"floor":10.0,"key":"Red Skull"},{"floor":28,"key":"Paper Frog"}],"event_choices":[{"damage_healed":0.0,"max_hp_gain":0.0,"max_hp_loss":0.0,"gold_gain":0.0,"event_name":"Liars Game","player_choice":"Ignored","floor":3.0,"gold_loss":0.0,"damage_taken":0.0},{"damage_healed":0.0,"max_hp_gain":0.0,"max_hp_loss":0.0,"gold_gain":0.0,"event_name":"Wheel of Change","player_choice":"Relic","floor":8.0,"gold_loss":0.0,"damage_taken":0.0},{"damage_healed":0.0,"max_hp_gain":0.0,"max_hp_loss":0.0,"gold_gain":0.0,"event_name":"Upgrade Shrine","player_choice":"Upgraded","floor":20.0,"gold_loss":0.0,"damage_taken":0.0,"cards_upgraded":["Body Slam"]}],"is_beta":false,"boss_relics":[{"not_picked":["Runic Dome","Black Blood"],"picked":"Astrolabe"}],"items_purged_floors":[13,21],"is_endless":false,"potions_floor_spawned":[1,6,10,11,16,25,28],"killed_by":"Cultist and Chosen","ascension_level":15}}