{"host":"wq5h7jomr5a1xww7","time":1613878036,"event":{"mods":["BaseMod","Highlight Path","Minty Spire (QoL Compilation)","Monster List Patch","Relic Stats","StSLib"],"gold_per_floor":[99,109,122,122,133,133,208,228,228,262,262,276,299,375,375,390,405,417,434,464,475,491,491,594,594,612,202,217,217,236,253,287,304,304,319,370,395,414,414,434,434,461,487,505,505,602,602,602,697,697,715,730,754,1753,958,987,987,1020,430,24,24,40,90,90,127,154,178,197,197,197,197,197],"floor_reached":73,"language":"ENG","playtime":1829,"items_purged":["Heavy Blade+1","Normality"],"score":2364,"play_id":"1613187e-5233-42e1-9bf7-cf06f8c16a41","local_time":"20210220212716","is_ascension_mode":true,"campfire_choices":[{"data":"Heavy Blade","floor":9.0,"key":"SMITH"},{"floor":11.0,"key":"REST"},{"floor":15.0,"key":"RECALL"},{"floor":23.0,"key":"REST"},{"data":"Evolve","floor":34.0,"key":"SMITH"},{"floor":45,"key":"REST"},{"floor":48,"key":"REST"},{"data":"Immolate","floor":57,"key":"SMITH"},{"data":"Wish","floor":69,"key":"SMITH"},{"floor":71,"key":"REST"}],"circlet_count":0,"master_deck":["Pommel Strike+1","Pommel Strike+1","Flex+1","Immolate+1","Wish+1"],"relics":["Burning Blood","Bag of Marbles","Boot","TheAbacus","Sundial","Vajra","Orichalcum","Art of War","Shuriken","MutagenicStrength","Busted Crown","Tiny Chest","OrangePellets","Regal Pillow","Akabeko","Boot","Paper Frog","Omamori","Calling Bell","Happy Flower","Question Card","Magic Flower","Black Star","Red Skull","Dead Branch","ClockworkSouvenir","HornCleat","Gremlin Horn","Blood Vial","Oddly Smooth Stone","Anchor","Pocketwatch","PrismaticShard","War Paint","Toy Ornithopter","Mercury Hourglass","Whetstone","Centennial Puzzle","Bag of Preparation","Lantern"],"acts_visited":["Exordium","TheCity","TheBeyond"],"potions_floor_usage":[72,72,72],"damage_taken":[{"damage":62.0,"enemies":"The Heart","floor":2.0,"turns":4.0},{"damage":0.0,"enemies":"Small Slimes","floor":3.0,"turns":1.0},{"damage":0.0,"enemies":"2 Louse","floor":5.0,"turns":1.0},{"damage":0.0,"enemies":"Exordium Wildlife","floor":8.0,"turns":1.0},{"damage":0.0,"enemies":"3 Sentries","floor":10.0,"turns":1.0},{"damage":0.0,"enemies":"Gremlin Gang","floor":12.0,"turns":1.0},{"damage":0.0,"enemies":"Blue Slaver","floor":16.0,"turns":1.0},{"damage":0.0,"enemies":"Large Slime","floor":17.0,"turns":1.0},{"damage":0.0,"enemies":"Exordium Thugs","floor":18.0,"turns":1.0},{"damage":0.0,"enemies":"Looter","floor":19.0,"turns":1.0},{"damage":0.0,"enemies":"Lagavulin","floor":20.0,"turns":1.0},{"damage":0.0,"enemies":"3 Louse","floor":21.0,"turns":1.0},{"damage":0.0,"enemies":"Red Slaver","floor":22.0,"turns":1.0},{"damage":0.0,"enemies":"Hexaghost","floor":24.0,"turns":1.0},{"damage":0.0,"enemies":"2 Thieves","floor":26.0,"turns":1.0},{"damage":0.0,"enemies":"Shell Parasite","floor":28.0,"turns":1.0},{"damage":0.0,"enemies":"3 Cultists","floor":30.0,"turns":1.0},{"damage":0.0,"enemies":"Cultist and Chosen","floor":31.0,"turns":1.0},{"damage":0.0,"enemies":"Gremlin Leader","floor":32.0,"turns":1.0},{"damage":0.0,"enemies":"Snake Plant","floor":33.0,"turns":1.0},{"damage":0.0,"enemies":"Sentry and Sphere","floor":35.0,"turns":1.0},{"damage":0.0,"enemies":"Centurion and Healer","floor":38.0,"turns":1.0},{"damage":0.0,"enemies":"Snake Plant","floor":40.0,"turns":1.0},{"damage":0.0,"enemies":"Slavers","floor":42.0,"turns":1.0},{"damage":0,"enemies":"Gremlin Leader","floor":43,"turns":1},{"damage":0,"enemies":"3 Cultists","floor":44,"turns":1},{"damage":0,"enemies":"Automaton","floor":46,"turns":1},{"damage":0,"enemies":"Automaton","floor":49,"turns":1},{"damage":0,"enemies":"Orb Walker","floor":51,"turns":1},{"damage":0,"enemies":"3 Shapes","floor":52,"turns":1},{"damage":0,"enemies":"Giant Head","floor":56,"turns":1},{"damage":0,"enemies":"Nemesis","floor":58,"turns":1},{"damage":0,"enemies":"3 Darklings","floor":62,"turns":1},{"damage":0,"enemies":"Reptomancer","floor":63,"turns":1},{"damage":0,"enemies":"Writhing Mass","floor":65,"turns":2},{"damage":0,"enemies":"Maw","floor":68,"turns":1},{"damage":0,"enemies":"Time Eater","floor":70,"turns":2},{"damage":0,"enemies":"Time Eater","floor":72,"turns":1}],"seed_played":"4628114432807984583","potions_obtained":[{"floor":3.0,"key":"Swift Potion"},{"floor":5.0,"key":"SteroidPotion"},{"floor":10.0,"key":"Explosive Potion"},{"floor":51,"key":"Fruit Juice"},{"floor":68,"key":"Fruit Juice"}],"is_trial":false,"path_per_floor":["M","M","M","?","M","$","?","M","R","E","R","M","T","?","R","M","M","M","M","E","M","M","R","B",null,"M","$","M","?","M","M","E","M","R","M","T","T","M","?","M","?","E","E","M","R","B",null,"R","B",null,"M","M","T","?","$","E","R","E","$","$","T","M","E","?","M","T","?","M","R","B","R","B",null],"character_chosen":"IRONCLAD","items_purchased":["Tiny Chest","OrangePellets","Evolve","Dead Branch","ClockworkSouvenir","HornCleat","Pocketwatch","PrismaticShard","War Paint","Toy Ornithopter","Mercury Hourglass"],"campfire_rested":5,"item_purchase_floors":[27,27,27,55,55,55,59,59,59,60,60],"current_hp_per_floor":[88,32,38,43,49,49,38,44,44,50,77,83,83,83,83,89,93,93,93,93,93,93,93,93,93,93,93,93,93,93,93,93,93,93,93,93,93,93,93,93,93,93,93,93,93,93,93,93,93,93,93,93,93,93,93,93,93,93,93,93,93,93,93,93,93,93,93,93,93,93,93,103],"gold":197,"neow_bonus":"TEN_PERCENT_HP_BONUS","is_daily":false,"chose_seed":false,"campfire_upgraded":4,"win_rate":0.0,"timestamp":1613878036,"path_taken":["M","M","?","M","$","?","M","R","E","R","M","T","?","R","M","M","M","M","E","?","?","R","BOSS","M","$","M","?","M","M","E","M","R","M","T","T","M","?","M","?","E","E","M","R","BOSS","R","BOSS","M","M","?","?","$","E","R","E","$","$","T","M","E","?","?","?","?","M","R","BOSS","R","BOSS"],"items_purchased_type":["Relic","Relic","Card","Relic","Relic","Relic","Relic","Relic","Relic","Relic","Relic"],"build_version":"2020-12-22","purchased_purges":2,"victory":true,"max_hp_per_floor":[88,88,88,93,93,93,93,93,93,93,93,93,93,93,93,93,93,93,93,93,93,93,93,93,93,93,93,93,93,93,93,93,93,93,93,93,93,93,93,93,93,93,93,93,93,93,93,93,93,93,93,93,93,93,93,93,93,93,93,93,93,93,93,93,93,93,93,93,93,93,93,103],"relic_stats":{"Regal Pillow":0,"Gremlin Horn":[2,2],"Magic Flower":[0],"Bag of Preparation":[0],"Whetstone":[],"Boot":[0],"Burning Blood":46,"Blood Vial":0,"Centennial Puzzle":[0],"TheAbacus":[2988],"Sundial":[332],"Tiny Chest":2,"Happy Flower":[4],"counters":[39,44],"Dead Branch":[3],"Orichalcum":[0],"War Paint":[],"Question Card":9,"Mercury Hourglass":[33],"OrangePellets":[6],"Busted Crown":46,"Shuriken":[46],"Art of War":[0],"Black Star":3,"obtain_stats":[{"Regal Pillow":32,"Lantern":67,"Gremlin Horn":56,"Vajra":10,"Magic Flower":47,"Bag of Preparation":66,"Whetstone":63,"Boot":0,"PrismaticShard":59,"Burning Blood":0,"ClockworkSouvenir":55,"Blood Vial":56,"Centennial Puzzle":63,"TheAbacus":0,"HornCleat":55,"Sundial":0,"Tiny Chest":27,"Red Skull":53,"Paper Frog":42,"Happy Flower":47,"Dead Branch":55,"Oddly Smooth Stone":58,"Omamori":43,"Orichalcum":13,"War Paint":59,"Question Card":47,"Akabeko":36,"Mercury Hourglass":60,"Calling Bell":47,"OrangePellets":27,"Anchor":58,"Busted Crown":25,"Shuriken":24,"MutagenicStrength":24,"Bag of Marbles":0,"Art of War":20,"Black Star":50,"Toy Ornithopter":60,"Pocketwatch":59},{"Regal Pillow":20,"Lantern":36,"Gremlin Horn":32,"Vajra":6,"Magic Flower":28,"Bag of Preparation":36,"Whetstone":35,"Boot":0,"PrismaticShard":33,"Burning Blood":0,"ClockworkSouvenir":31,"Blood Vial":32,"Centennial Puzzle":35,"TheAbacus":0,"HornCleat":31,"Sundial":0,"Tiny Chest":16,"Red Skull":31,"Paper Frog":25,"Happy Flower":28,"Dead Branch":31,"Oddly Smooth Stone":33,"Omamori":26,"Orichalcum":7,"War Paint":33,"Question Card":28,"Akabeko":22,"Mercury Hourglass":33,"Calling Bell":28,"OrangePellets":16,"Anchor":33,"Busted Crown":15,"Shuriken":15,"MutagenicStrength":15,"Bag of Marbles":0,"Art of War":12,"Black Star":29,"Toy Ornithopter":33,"Pocketwatch":33},{"Regal Pillow":23,"Lantern":40,"Gremlin Horn":35,"Vajra":9,"Magic Flower":31,"Bag of Preparation":40,"Whetstone":38,"Boot":0,"PrismaticShard":36,"Burning Blood":0,"ClockworkSouvenir":34,"Blood Vial":35,"Centennial Puzzle":38,"TheAbacus":0,"HornCleat":34,"Sundial":0,"Tiny Chest":19,"Red Skull":34,"Paper Frog":28,"Happy Flower":31,"Dead Branch":34,"Oddly Smooth Stone":36,"Omamori":29,"Orichalcum":10,"War Paint":36,"Question Card":31,"Akabeko":25,"Mercury Hourglass":36,"Calling Bell":31,"OrangePellets":19,"Anchor":36,"Busted Crown":18,"Shuriken":18,"MutagenicStrength":18,"Bag of Marbles":0,"Art of War":15,"Black Star":32,"Toy Ornithopter":36,"Pocketwatch":36}],"Toy Ornithopter":0,"Pocketwatch":[0]},"card_choices":[{"not_picked":["Iron Wave","Thunderclap"],"picked":"Heavy Blade","floor":2.0},{"not_picked":["Havoc","Anger","Thunderclap"],"picked":"SKIP","floor":17.0},{"not_picked":["Shockwave","Heavy Blade","Flex"],"picked":"SKIP","floor":19.0},{"not_picked":["Thunderclap","Wild Strike","Pommel Strike"],"picked":"SKIP","floor":22.0},{"not_picked":[],"picked":"Flex+1","floor":30.0},{"not_picked":["Intimidate"],"picked":"SKIP","floor":31.0},{"not_picked":["Body Slam"],"picked":"SKIP","floor":38.0},{"not_picked":["Heavy Blade"],"picked":"SKIP","floor":40.0},{"not_picked":["Fiend Fire"],"picked":"Immolate","floor":49},{"not_picked":["Intimidate+1","Battle Trance"],"picked":"SKIP","floor":51},{"not_picked":["Bane"],"picked":"Wish","floor":62},{"not_picked":["FlurryOfBlows","SandsOfTime"],"picked":"SKIP","floor":63},{"not_picked":["Streamline+1","Capacitor+1"],"picked":"SKIP","floor":65},{"not_picked":["Second Wind","Armaments+1"],"picked":"SKIP","floor":68}],"player_experience":113186,"relics_obtained":[{"floor":10.0,"key":"Vajra"},{"floor":13.0,"key":"Orichalcum"},{"floor":20.0,"key":"Art of War"},{"floor":32.0,"key":"Regal Pillow"},{"floor":36.0,"key":"Akabeko"},{"floor":37.0,"key":"Boot"},{"floor":42.0,"key":"Paper Frog"},{"floor":43,"key":"Omamori"},{"floor":47,"key":"Happy Flower"},{"floor":47,"key":"Question Card"},{"floor":47,"key":"Magic Flower"},{"floor":53,"key":"Red Skull"},{"floor":56,"key":"Gremlin Horn"},{"floor":56,"key":"Blood Vial"},{"floor":58,"key":"Oddly Smooth Stone"},{"floor":58,"key":"Anchor"},{"floor":63,"key":"Whetstone"},{"floor":63,"key":"Centennial Puzzle"},{"floor":66,"key":"Bag of Preparation"},{"floor":67,"key":"Lantern"}],"event_choices":[{"damage_healed":0.0,"max_hp_gain":5.0,"max_hp_loss":0.0,"gold_gain":0.0,"event_name":"Big Fish","player_choice":"Donut","floor":4.0,"gold_loss":0.0,"damage_taken":0.0},{"damage_healed":0.0,"max_hp_gain":0.0,"max_hp_loss":0.0,"gold_gain":75.0,"event_name":"World of Goop","player_choice":"Gather Gold","floor":7.0,"gold_loss":0.0,"damage_taken":11.0},{"damage_healed":0.0,"max_hp_gain":0.0,"max_hp_loss":0.0,"gold_gain":76.0,"event_name":"Golden Wing","player_choice":"Gained Gold","floor":14.0,"gold_loss":0.0,"damage_taken":0.0},{"damage_healed":0.0,"max_hp_gain":0.0,"max_hp_loss":0.0,"gold_gain":0.0,"event_name":"Back to Basics","player_choice":"Simplicity","floor":29.0,"gold_loss":0.0,"damage_taken":0.0,"cards_upgraded":[]},{"damage_healed":0.0,"max_hp_gain":0.0,"max_hp_loss":0.0,"gold_gain":0.0,"event_name":"Vampires","player_choice":"Ignored","floor":39.0,"gold_loss":0.0,"damage_taken":0.0},{"cards_removed":["Evolve"],"damage_healed":0.0,"max_hp_gain":0.0,"max_hp_loss":0.0,"gold_gain":0.0,"event_name":"Bonfire Elementals","player_choice":"Offered Uncommon","floor":41.0,"gold_loss":0.0,"damage_taken":0.0},{"damage_healed":0,"gold_gain":999,"player_choice":"Gold","damage_taken":0,"max_hp_gain":0,"max_hp_loss":0,"event_name":"MindBloom","floor":54,"gold_loss":0,"cards_obtained":["Normality","Normality"]},{"damage_healed":0,"gold_gain":0,"player_choice":"Ignored","damage_taken":0,"max_hp_gain":0,"max_hp_loss":0,"event_name":"Purifier","floor":64,"gold_loss":0}],"is_beta":false,"boss_relics":[{"not_picked":["Runic Pyramid","Runic Dome"],"picked":"Busted Crown"},{"not_picked":["Pandora\u0027s Box","Snecko Eye"],"picked":"Calling Bell"},{"not_picked":["Runic Cube","Velvet Choker"],"picked":"Black Star"}],"items_purged_floors":[27,55],"is_endless":false,"potions_floor_spawned":[3,5,10,17,19,20,22,24,26,31,32,33,42,43,44,51,63,65,68],"ascension_level":1}}