{"host":"zxd2l8an9de7z7b9","time":1613936150,"event":{"mods":["100% Spire Juice","2.2 Compatiblity","AchievementEnabler","BaseMod","CapriCore","Colored Map","Colored Powertips","Marisa£¨Ùöéë¡¡Øª×âÞÞ£©","Minty Spire (QoL Compilation)","Rare Cards Sparkle","StSLib","SuperFastMode","Td1madao Mod","everything is the same but u backflip on backflip"],"gold_per_floor":[116,116,136,136,64,64,40,50,50,50,68,86,86,11,11,109,109,125,22,36,54,54,54,254,272,350,350,350,350],"floor_reached":28,"language":"KOR","playtime":945,"items_purged":["Strike_B"],"score":208,"play_id":"ec49e6bd-75c9-492e-891f-9366650f53b4","local_time":"20210222043550","is_ascension_mode":false,"campfire_choices":[{"data":"Fusion","floor":6,"key":"SMITH"},{"data":"1","floor":15,"key":"LIFT"},{"data":"2","floor":23,"key":"LIFT"},{"data":"3","floor":27,"key":"LIFT"}],"circlet_count":0,"master_deck":["Strike_B","Strike_B","Strike_B","Defend_B","Defend_B","Defend_B","Defend_B","Zap","Dualcast","Panacea","Go for the Eyes","Gash","Fusion+1","Compile Driver","Stack","Beam Cell","Hologram","Rebound","Sweeping Beam","Gash"],"relics":["Cracked Core","Girya","Blue Candle","Snecko Eye","Ornamental Fan","Eternal Feather"],"acts_visited":["Exordium","TheCity"],"potions_floor_usage":[16,16,16,28],"damage_taken":[{"damage":8,"enemies":"2 Louse","floor":1,"turns":2},{"damage":1,"enemies":"Cultist","floor":3,"turns":3},{"damage":3,"enemies":"Jaw Worm","floor":8,"turns":2},{"damage":33,"enemies":"Exordium Thugs","floor":11,"turns":7},{"damage":9,"enemies":"Red Slaver","floor":12,"turns":4},{"damage":12,"enemies":"Hexaghost","floor":16,"turns":9},{"damage":24,"enemies":"Shell Parasite","floor":18,"turns":8},{"damage":17,"enemies":"3 Byrds","floor":20,"turns":6},{"damage":15,"enemies":"Centurion and Healer","floor":21,"turns":9},{"damage":21,"enemies":"Snake Plant","floor":25,"turns":5},{"damage":32,"enemies":"Shelled Parasite and Fungi","floor":28,"turns":5}],"seed_played":"-8950010657472174699","potions_obtained":[{"floor":1,"key":"Strength Potion"},{"floor":2,"key":"AttackPotion"},{"floor":2,"key":"ColorlessPotion"},{"floor":2,"key":"PowerPotion"},{"floor":20,"key":"SpeedPotion"}],"is_trial":false,"path_per_floor":["M","?","M","?","$","R","$","M","T","T","M","M","?","$","R","B",null,"M","?","M","M","?","R","?","M","T","R","M"],"character_chosen":"DEFECT","items_purchased":["Fusion","Compile Driver"],"campfire_rested":0,"item_purchase_floors":[5,7],"current_hp_per_floor":[67,67,66,71,71,71,71,68,68,68,35,26,26,26,26,14,80,56,56,39,24,50,50,50,29,29,41,9,9],"gold":350,"neow_bonus":"RANDOM_COLORLESS","is_daily":false,"chose_seed":false,"campfire_upgraded":1,"win_rate":0.0,"timestamp":1613936150,"path_taken":["M","?","?","?","$","R","?","?","T","?","M","M","?","$","R","BOSS","M","?","?","?","?","R","?","M","T","R","?"],"items_purchased_type":["Card","Card"],"build_version":"2020-12-22","purchased_purges":1,"victory":false,"max_hp_per_floor":[75,75,75,80,80,80,80,80,80,80,80,80,80,80,80,80,80,80,80,80,80,80,80,80,80,80,80,80,80],"card_choices":[{"not_picked":["Forethought","Swift Strike"],"picked":"Panacea","floor":0},{"not_picked":["Ball Lightning","Cold Snap"],"picked":"Go for the Eyes","floor":1},{"not_picked":["BootSequence","Scrape"],"picked":"Gash","floor":3},{"not_picked":["Sunder","Reinforced Body"],"picked":"Stack","floor":8},{"not_picked":["Hologram","Go for the Eyes"],"picked":"Beam Cell","floor":11},{"not_picked":["Steam","Undo"],"picked":"Hologram","floor":12},{"not_picked":["Ball Lightning","Coolheaded+1"],"picked":"Rebound","floor":18},{"not_picked":["Rip and Tear","Stack"],"picked":"Sweeping Beam","floor":20},{"not_picked":["Redo+1","Steam+1","Sweeping Beam"],"picked":"SKIP","floor":21},{"not_picked":["Sweeping Beam","Fusion"],"picked":"Gash","floor":25}],"player_experience":433646,"relics_obtained":[{"floor":9,"key":"Girya"},{"floor":10,"key":"Blue Candle"},{"floor":26,"key":"Eternal Feather"}],"event_choices":[{"damage_healed":0,"gold_gain":0,"player_choice":"Got Potions","damage_taken":0,"max_hp_gain":0,"max_hp_loss":0,"event_name":"Lab","floor":2,"gold_loss":0},{"damage_healed":0,"gold_gain":0,"player_choice":"Donut","damage_taken":0,"max_hp_gain":5,"max_hp_loss":0,"event_name":"Big Fish","floor":4,"gold_loss":0},{"damage_healed":0,"gold_gain":0,"player_choice":"Ignored","damage_taken":0,"max_hp_gain":0,"max_hp_loss":0,"event_name":"NoteForYourself","floor":13,"gold_loss":0},{"damage_healed":0,"gold_gain":0,"player_choice":"Paid Gold","damage_taken":0,"relics_obtained":["Ornamental Fan"],"max_hp_gain":0,"max_hp_loss":0,"event_name":"WeMeetAgain","floor":19,"gold_loss":103},{"damage_healed":26,"gold_gain":0,"player_choice":"Heal","damage_taken":0,"max_hp_gain":0,"max_hp_loss":0,"event_name":"The Library","floor":22,"gold_loss":0},{"damage_healed":0,"gold_gain":200,"player_choice":"Gold","damage_taken":0,"max_hp_gain":0,"max_hp_loss":0,"event_name":"Wheel of Change","floor":24,"gold_loss":0}],"is_beta":false,"boss_relics":[{"not_picked":["Inserter","SacredBark"],"picked":"Snecko Eye"}],"items_purged_floors":[14],"is_endless":false,"potions_floor_spawned":[1,8,12,20],"killed_by":"Shelled Parasite and Fungi","ascension_level":0}}