{"host":"qnonbmyem8gan59d","time":1613923703,"event":{"mods":["BaseMod","Colored Powertips","Downfall","Hermit","Minty Spire (QoL Compilation)","Replay The Spire","StSLib"],"gold_per_floor":[99,116,116,116,136,52,77,96,4,179,204,236,236,386,399,399,399,399],"floor_reached":16,"language":"ENG","playtime":2034,"items_purged":[],"score":123,"play_id":"90145281-38b7-4883-8535-d54706ba62bf","local_time":"20210221100823","is_ascension_mode":false,"campfire_choices":[{"floor":1.0,"key":"RECALL"}],"circlet_count":0,"master_deck":["Guardian:Strike_Guardian","Guardian:Strike_Guardian","Guardian:Strike_Guardian","Guardian:Strike_Guardian","Guardian:Defend_Guardian","Guardian:Defend_Guardian","Guardian:Defend_Guardian","Guardian:Defend_Guardian","Guardian:CurlUp","Guardian:TwinSlam","Guardian:Recover","Guardian:Gem_White","Guardian:Gem_Cyan","Guardian:PiercingHide","Guardian:WalkerClaw","Guardian:SentryBeam","Guardian:Gem_Yellow","Guardian:PiercingHide","Guardian:Gem_Red","Guardian:Gem_Red","Guardian:TemporalStrike+1","Doubt","Guardian:SphericShield","downfall:Icky","Guardian:PiercingHide"],"relics":["Guardian:ModeShifter","downfall:BrokenWingStatue","Guardian:PickAxe","Blue Doll","Mango"],"acts_visited":["Exordium"],"potions_floor_usage":[4,12],"damage_taken":[{"damage":1.0,"enemies":"Jaw Worm","floor":2.0,"turns":5.0},{"damage":15,"enemies":"Jaw Worm","floor":4,"turns":6},{"damage":1,"enemies":"2 Louse","floor":5,"turns":5},{"damage":0,"enemies":"downfall:FleeingMerchant","floor":6,"turns":4},{"damage":0,"enemies":"Small Slimes","floor":8,"turns":3},{"damage":0,"enemies":"downfall:FleeingMerchant","floor":9,"turns":4},{"damage":21,"enemies":"3 Sentries","floor":12,"turns":11},{"damage":7,"enemies":"Exordium Thugs","floor":15,"turns":6},{"damage":47,"enemies":"SI_SHIV_ARCHETYPE","floor":16,"turns":17}],"seed_played":"6764204057064506993","potions_obtained":[{"floor":2.0,"key":"SteroidPotion"},{"floor":5,"key":"SteroidPotion"},{"floor":8,"key":"LiquidBronze"},{"floor":15,"key":"Explosive Potion"}],"is_trial":false,"path_per_floor":["R","M","?","?","M","$","T","M","$","?","T","E","?","?","M","B"],"character_chosen":"GUARDIAN","items_purchased":["Guardian:SentryBeam","Guardian:Gem_Red","Guardian:TemporalStrike"],"campfire_rested":0,"item_purchase_floors":[6,9,9],"current_hp_per_floor":[88,87,87,60,59,59,59,59,59,59,59,52,52,52,45,0,0,0],"gold":399,"neow_bonus":"TEN_PERCENT_HP_BONUS","is_daily":false,"chose_seed":false,"campfire_upgraded":0,"win_rate":0.0,"timestamp":1613923703,"path_taken":["R","M","?","?","?","$","T","M","$","?","?","E","?","?","M","BOSS"],"items_purchased_type":["Card","Card","Card"],"build_version":"2020-12-22","purchased_purges":0,"victory":false,"max_hp_per_floor":[88,88,88,88,88,88,88,88,88,88,88,102,102,102,102,102,102,102],"card_choices":[{"not_picked":["Guardian:Repulse","Guardian:BronzeOrb"],"picked":"Guardian:Recover","floor":2.0},{"not_picked":["Guardian:Suspension","Guardian:RollAttack"],"picked":"Guardian:PiercingHide","floor":5},{"not_picked":["Guardian:TimeCapacitor","Guardian:ArmoredProtocol"],"picked":"Guardian:WalkerClaw","floor":6},{"not_picked":["Guardian:Repulse","Guardian:BronzeArmor"],"picked":"Guardian:Gem_Yellow","floor":8},{"not_picked":["Guardian:SpikerProtocol","Guardian:Gem_White"],"picked":"Guardian:PiercingHide","floor":9},{"not_picked":["Guardian:Suspension","Guardian:ArmoredProtocol"],"picked":"Guardian:SphericShield","floor":12},{"not_picked":["Guardian:Repulse","Guardian:Gem_Red"],"picked":"Guardian:PiercingHide","floor":15}],"player_experience":108857,"relics_obtained":[{"floor":7,"key":"Blue Doll"},{"floor":12,"key":"Mango"}],"event_choices":[],"is_beta":false,"boss_relics":[],"items_purged_floors":[],"is_endless":false,"potions_floor_spawned":[2,4,5,8,15],"killed_by":"SI_SHIV_ARCHETYPE","ascension_level":0}}