{"host":"mhzgc0zma59jtmoj","time":1613923562,"event":{"mods":["BaseMod","BetterRewards","Custom Start","Glutton Mod","Ironclad Rager","Minty Spire (QoL Compilation)","Replay The Spire","Somnambulant","StSLib","The Cursed","The Hierophant","The Jungle","Treasure Hunter"],"gold_per_floor":[110,110,125,139,152,152,183,196,219,231,261,273,380,409,421,433,433],"floor_reached":16,"language":"ENG","playtime":795,"items_purged":[],"score":114,"play_id":"e3bdbeb5-a083-40e9-9747-b047114eff01","local_time":"20210221110602","is_ascension_mode":true,"campfire_choices":[{"data":"ICR:Dodge","floor":6,"key":"SMITH"},{"floor":10,"key":"REST"},{"floor":12,"key":"REST"},{"floor":15,"key":"REST"}],"circlet_count":0,"master_deck":["Neutralize","ICR:VenomStrike","ICR:VenomStrike","ICR:VenomStrike","ICR:VenomStrike","ICR:VenomStrike","ICR:Dodge+1","ICR:Dodge","ICR:Dodge","ICR:Dodge","ICR:Dodge","Venomology","Infinite Blades","ReplayTheSpireMod:Splinters","Prepared"],"relics":["Ring of the Snake","Question Card","MawBank","MealTicket"],"acts_visited":["Exordium"],"potions_floor_usage":[7,16,16,16,16],"damage_taken":[{"damage":2,"enemies":"Small Slimes","floor":1,"turns":4},{"damage":5,"enemies":"Cultist","floor":3,"turns":4},{"damage":4,"enemies":"Jaw Worm","floor":4,"turns":4},{"damage":5,"enemies":"Blue Slaver","floor":5,"turns":3},{"damage":42,"enemies":"Gremlin Nob","floor":7,"turns":5},{"damage":1,"enemies":"2 Fungi Beasts","floor":8,"turns":4},{"damage":14,"enemies":"Exordium Wildlife","floor":11,"turns":7},{"damage":8,"enemies":"Lots of Slimes","floor":14,"turns":6},{"damage":57,"enemies":"Slime Boss","floor":16,"turns":12}],"seed_played":"5154610028795032019","potions_obtained":[{"floor":3,"key":"Energy Potion"},{"floor":7,"key":"Dexterity Potion"}],"is_trial":false,"path_per_floor":["M","?","M","M","M","R","E","M","T","R","M","R","?","M","R","B"],"character_chosen":"THE_SILENT","items_purchased":[],"campfire_rested":3,"item_purchase_floors":[],"current_hp_per_floor":[68,68,63,59,54,54,12,11,11,32,18,39,39,31,52,0,0],"gold":433,"neow_bonus":"SILENT_POISONER","is_daily":false,"chose_seed":false,"campfire_upgraded":1,"win_rate":0.0,"timestamp":1613923562,"path_taken":["M","?","?","M","M","R","E","M","T","R","?","R","?","M","R","BOSS"],"items_purchased_type":[],"build_version":"2020-12-22","purchased_purges":0,"victory":false,"max_hp_per_floor":[70,70,70,70,70,70,70,70,70,70,70,70,70,70,70,70,70],"card_choices":[{"not_picked":["Flying Knee","Deflect","Outmaneuver"],"picked":"SKIP","floor":1},{"not_picked":["Bane","Sucker Punch","ReplayTheSpireMod:The Works"],"picked":"SKIP","floor":3},{"not_picked":["Dagger Throw","Sucker Punch","Quick Slash"],"picked":"SKIP","floor":4},{"not_picked":["Dagger Spray","Dagger Throw","ReplayTheSpireMod:Necrosis"],"picked":"SKIP","floor":5},{"not_picked":["Masterful Stab","ReplayTheSpireMod:Exploit Weakness"],"picked":"Venomology","floor":7},{"not_picked":["TH:ElvenBoots","TH:CursedSword"],"picked":"SKIP","floor":7},{"not_picked":["Crippling Poison","Blade Dance","Sucker Punch","Hidden Blade"],"picked":"SKIP","floor":8},{"not_picked":["TH:CursedSword","TH:PixieDust","TH:ArmorSpikes"],"picked":"SKIP","floor":9},{"not_picked":["Flying Knee","Cloak And Dagger","Poisoned Stab"],"picked":"Infinite Blades","floor":11},{"not_picked":["Night Terror","Reflex","Acrobatics"],"picked":"Prepared","floor":13},{"not_picked":["PiercingWail","Catalyst","Dodge and Roll","Deflect"],"picked":"SKIP","floor":14}],"player_experience":309692,"relics_obtained":[{"floor":7,"key":"Question Card"},{"floor":9,"key":"MawBank"},{"floor":13,"key":"MealTicket"}],"event_choices":[{"cards_removed":["Survivor"],"damage_healed":0,"gold_gain":0,"player_choice":"Offered Basic","damage_taken":0,"max_hp_gain":0,"max_hp_loss":0,"event_name":"Bonfire Elementals","floor":2,"gold_loss":0}],"is_beta":false,"boss_relics":[],"items_purged_floors":[],"is_endless":false,"potions_floor_spawned":[3,7,14],"killed_by":"Slime Boss","ascension_level":2}}