{"host":"mu5qkq7030l6349q","time":1613918514,"event":{"mods":["AchievementEnabler","BaseMod","Colored Powertips","Downfall","Highlight Path","Minty Spire (QoL Compilation)","Permanent Neow","Rare Cards Sparkle","Relic Sorter","Relic Stats","StSLib"],"gold_per_floor":[99,111,124,135,155,182,232,232,232,252,427,460,472,472,472,472],"floor_reached":14,"language":"ENG","playtime":958,"items_purged":[],"score":127,"play_id":"b53348a2-f695-4024-9409-dfe70cf3d0a7","local_time":"20210221154154","is_ascension_mode":false,"campfire_choices":[{"data":"hexamod:Sear","floor":1,"key":"SMITH"}],"circlet_count":0,"master_deck":["hexamod:Strike","hexamod:Strike","hexamod:Strike","hexamod:Defend","hexamod:Defend","hexamod:Defend","hexamod:Defend","hexamod:Sear+1","hexamod:Float","Shame","Violence","hexamod:EtherealExpedition","hexamod:HauntingEcho","hexamod:ThermalTransfer","hexamod:ExtraCrispy","hexamod:ThirdSeal","Regret","hexamod:ShieldOfDarkness","hexamod:FastForward","Doubt","hexamod:HeatShield","hexamod:PowerFromBeyond","hexamod:Incineration","hexamod:FirstSeal"],"relics":["hexamod:SpiritBrand","Darkstone Periapt","Blood Vial","Potion Belt"],"acts_visited":["Exordium"],"potions_floor_usage":[12],"damage_taken":[{"damage":0,"enemies":"Cultist","floor":2,"turns":3},{"damage":1,"enemies":"Jaw Worm","floor":3,"turns":4},{"damage":5,"enemies":"Small Slimes","floor":4,"turns":4},{"damage":8,"enemies":"3 Louse","floor":5,"turns":4},{"damage":0,"enemies":"Gremlin Nob","floor":6,"turns":3},{"damage":9,"enemies":"2 Fungi Beasts","floor":10,"turns":4},{"damage":34,"enemies":"Lagavulin","floor":12,"turns":8},{"damage":12,"enemies":"Exordium Thugs","floor":13,"turns":8},{"damage":39,"enemies":"3 Sentries","floor":14,"turns":8}],"seed_played":"4905055516685471806","potions_obtained":[{"floor":3,"key":"CultistPotion"},{"floor":4,"key":"Regen Potion"},{"floor":6,"key":"SpeedPotion"}],"is_trial":false,"path_per_floor":["R","M","M","M","M","E","T","?","?","M","?","E","M","E"],"character_chosen":"THE_SPIRIT","items_purchased":[],"campfire_rested":0,"item_purchase_floors":[],"current_hp_per_floor":[70,70,69,64,56,56,56,62,62,55,61,43,33,0,0,0],"gold":472,"neow_bonus":"RANDOM_COLORLESS_2","is_daily":false,"chose_seed":false,"campfire_upgraded":1,"win_rate":0.0,"timestamp":1613918514,"path_taken":["R","M","?","M","M","E","T","?","?","M","?","E","M","E"],"items_purchased_type":[],"build_version":"2020-12-22","purchased_purges":0,"victory":false,"max_hp_per_floor":[70,70,70,70,70,70,70,76,76,76,82,82,82,82,82,82],"relic_stats":{"Darkstone Periapt":12,"Blood Vial":8,"counters":[9,46],"obtain_stats":[{"Darkstone Periapt":6,"Blood Vial":8,"Potion Belt":12,"hexamod:SpiritBrand":0},{"Darkstone Periapt":5,"Blood Vial":5,"Potion Belt":7,"hexamod:SpiritBrand":0},{"Darkstone Periapt":18,"Blood Vial":18,"Potion Belt":30,"hexamod:SpiritBrand":0}]},"card_choices":[{"not_picked":["Metamorphosis","Secret Weapon"],"picked":"Violence","floor":0},{"not_picked":["hexamod:GhostflameBarrier","hexamod:SwordOfDarkness"],"picked":"hexamod:EtherealExpedition","floor":2},{"not_picked":["hexamod:EtherealExpedition","hexamod:AdvancingGuard"],"picked":"hexamod:HauntingEcho","floor":3},{"not_picked":["hexamod:CatchUp","hexamod:EmpoweredFlame"],"picked":"hexamod:ThermalTransfer","floor":4},{"not_picked":["hexamod:ChargedBarrage","hexamod:Rewind"],"picked":"hexamod:ExtraCrispy","floor":5},{"not_picked":["hexamod:FastForward","hexamod:SpectersWail"],"picked":"hexamod:ThirdSeal","floor":6},{"not_picked":["hexamod:HauntingEcho","hexamod:NightmareStrike"],"picked":"hexamod:ShieldOfDarkness","floor":10},{"not_picked":["hexamod:Firestarter","hexamod:GhostflameBarrier"],"picked":"hexamod:FastForward","floor":10},{"not_picked":["hexamod:GhostLash","hexamod:SpectersWail"],"picked":"hexamod:HeatShield","floor":12},{"not_picked":["hexamod:TurnItUp","hexamod:SecondSeal"],"picked":"hexamod:PowerFromBeyond","floor":12},{"not_picked":["hexamod:InspiringFlames","hexamod:ShieldOfDarkness"],"picked":"hexamod:Incineration","floor":13},{"not_picked":["hexamod:ChargedBarrage","hexamod:SwordOfDarkness"],"picked":"hexamod:FirstSeal","floor":13}],"player_experience":68861,"relics_obtained":[{"floor":6,"key":"Darkstone Periapt"},{"floor":12,"key":"Potion Belt"}],"event_choices":[{"damage_healed":0,"gold_gain":0,"player_choice":"Box","damage_taken":0,"relics_obtained":["Blood Vial"],"max_hp_gain":0,"max_hp_loss":0,"event_name":"Big Fish","floor":8,"gold_loss":0,"cards_obtained":["Regret"]}],"is_beta":false,"boss_relics":[],"items_purged_floors":[],"is_endless":false,"potions_floor_spawned":[3,4,6],"killed_by":"3 Sentries","ascension_level":0}}