{"host":"s9mizfpm0ux1oq2e","time":1613904380,"event":{"mods":["Aspiration","BaseMod","Downfall","Minty Spire (QoL Compilation)","Permanent Neow","Replay The Spire","StSLib","SuperFastMode"],"gold_per_floor":[99,112,123,165,165,75,99,99,99,115,129,141,220,232,247,342,342,342,359,373,392,412,412,412,412,424,434,434,452,468,12,30,132,132,132,149,149,149,159,194,194,206,91,118,118,149,96,120,142,154],"floor_reached":51,"language":"ENG","playtime":2411,"items_purged":["Slimebound:Defend_Slimebound","Slimebound:Defend_Slimebound"],"score":785,"play_id":"9541ac18-3eb6-49d1-963a-d926cadfe2f6","local_time":"25640221174620","is_ascension_mode":false,"campfire_choices":[{"floor":1,"key":"DIG"},{"data":"Slimebound:CorrosiveSpit","floor":8,"key":"SMITH"},{"data":"Slimebound:PrepareCrush","floor":18,"key":"SMITH"},{"data":"Slimebound:Split","floor":23,"key":"SMITH"},{"data":"Slimebound:Prepare","floor":25,"key":"SMITH"},{"data":"Slimebound:RollThrough","floor":28,"key":"SMITH"},{"data":"Slimebound:OozeBath","floor":35,"key":"SMITH"},{"data":"Slimebound:SlimeSlap","floor":45,"key":"SMITH"}],"circlet_count":0,"master_deck":["Slimebound:Strike_Slimebound+1","Slimebound:Strike_Slimebound+1","Slimebound:Tackle+1","Slimebound:Defend_Slimebound+1","Slimebound:Defend_Slimebound","Slimebound:Split+1","Slimebound:CorrosiveSpit+1","Slimebound:Prepare+1","Slimebound:SpikyOuterGoop","Slimebound:GoopSpray+1","Slimebound:Overexert","Slimebound:SpikyOuterGoop","Slimebound:Equalize","Slimebound:MegaLick","Slimebound:PrepareCrush+1","Slimebound:GoopSpray+1","Slimebound:RollThrough+1","Slimebound:Nibble","Slimebound:RejuvenatingLick+1","Slimebound:CheckThePlaybook","Slimebound:OozeBath","Slimebound:OozeBath+1","Slimebound:BestDefense+1","Slimebound:HauntingLick+1","Slimebound:SlimeSlap+1","Slimebound:Replication","Slimebound:SpikyOuterGoop+1"],"relics":["Slimebound:AbsorbEndCombat","Ice Cream","Boot","Blue Candle","Bronze Scales","Replay:Bottled Flurry","Philosopher\u0027s Stone","Replay:Bottled Eggs","StoneCalendar","Runic Pyramid","Omamori","Incense Burner","Replay:Bandana","Vajra","Slimebound:SelfDamagePreventRelic","Pantograph"],"acts_visited":["Exordium","TheCity","TheBeyond"],"potions_floor_usage":[19,42,46,46],"damage_taken":[{"damage":7,"enemies":"2 Louse","floor":2,"turns":4},{"damage":0,"enemies":"Small Slimes","floor":3,"turns":4},{"damage":4,"enemies":"downfall:FleeingMerchant","floor":6,"turns":4},{"damage":5,"enemies":"Jaw Worm","floor":10,"turns":4},{"damage":2,"enemies":"Exordium Thugs","floor":11,"turns":5},{"damage":7,"enemies":"Gremlin Gang","floor":12,"turns":4},{"damage":0,"enemies":"downfall:LooterAlt","floor":14,"turns":3},{"damage":9,"enemies":"Large Slime","floor":15,"turns":5},{"damage":23,"enemies":"DF_ARCHETYPE_STREAMLINE","floor":16,"turns":11},{"damage":26,"enemies":"3 Byrds","floor":19,"turns":3},{"damage":0,"enemies":"Shell Parasite","floor":20,"turns":3},{"damage":6,"enemies":"Centurion and Healer","floor":21,"turns":6},{"damage":12,"enemies":"Snake Plant","floor":22,"turns":4},{"damage":8,"enemies":"Sentry and Sphere","floor":26,"turns":4},{"damage":7,"enemies":"Shelled Parasite and Fungi","floor":27,"turns":3},{"damage":16,"enemies":"Snake Plant","floor":29,"turns":3},{"damage":0,"enemies":"Snecko","floor":30,"turns":5},{"damage":6,"enemies":"downfall:FleeingMerchant","floor":31,"turns":4},{"damage":0,"enemies":"Cultist and Chosen","floor":32,"turns":4},{"damage":52,"enemies":"IC_MUSHROOM_ARCHETYPE","floor":33,"turns":7},{"damage":8,"enemies":"3 Shapes","floor":36,"turns":3},{"damage":14,"enemies":"3 Darklings","floor":39,"turns":5},{"damage":7,"enemies":"R_Hoarder","floor":40,"turns":7},{"damage":17,"enemies":"Writhing Mass","floor":42,"turns":5},{"damage":18,"enemies":"downfall:FleeingMerchant","floor":43,"turns":4},{"damage":16,"enemies":"Nemesis","floor":44,"turns":5},{"damage":27,"enemies":"Giant Head","floor":46,"turns":7},{"damage":0,"enemies":"downfall:FleeingMerchant","floor":47,"turns":1},{"damage":32,"enemies":"Transient","floor":49,"turns":5},{"damage":19,"enemies":"WA_ARCHETYPE_DIVINITY","floor":50,"turns":7}],"seed_played":"-917001640212361263","potions_obtained":[{"floor":2,"key":"Venom Potion"},{"floor":4,"key":"BlessingOfTheForge"},{"floor":14,"key":"Slimebound:SlimedPotion"},{"floor":15,"key":"Adrenaline Potion"},{"floor":19,"key":"Regen Potion"},{"floor":44,"key":"Guardian:BlockOnCardUsePotion"}],"is_trial":false,"path_per_floor":["R","M","M","?","?","$","T","R","?","M","M","M","T","M","M","B",null,"R","M","M","M","M","R","T","R","M","M","R","M","M","$","M","B",null,"R","M","?","?","M","E","T","M","$","E","R","E","$","?","M","B",null],"character_chosen":"SLIMEBOUND","items_purchased":["Slimebound:CheckThePlaybook","StoneCalendar","Slimebound:SelfDamagePreventRelic","Pantograph"],"campfire_rested":0,"item_purchase_floors":[31,31,47,47],"current_hp_per_floor":[65,60,62,62,57,61,61,61,61,62,65,64,64,65,63,52,65,65,49,63,65,65,65,65,65,59,58,58,48,58,63,65,29,65,65,65,65,65,51,60,60,63,59,59,59,40,52,52,36,48],"gold":154,"neow_bonus":"REMOVE_CARD","is_daily":false,"chose_seed":false,"campfire_upgraded":7,"win_rate":0.0,"timestamp":1613904380,"path_taken":["R","M","M","?","?","$","T","R","?","M","M","?","?","M","M","BOSS","R","M","M","M","M","R","T","R","M","?","R","M","?","$","M","BOSS","R","?","?","?","M","E","T","?","$","E","R","E","$","?","M","BOSS"],"items_purchased_type":["Card","Relic","Relic","Relic"],"build_version":"2020-12-22","purchased_purges":2,"victory":true,"max_hp_per_floor":[65,65,65,65,65,65,65,65,65,65,65,65,65,65,65,65,65,65,65,65,65,65,65,65,65,65,65,65,65,65,65,65,65,65,65,65,65,65,65,65,65,65,65,65,65,65,65,65,65,65],"card_choices":[{"not_picked":["Slimebound:DivideAndConquer","Slimebound:ComboTackle"],"picked":"Slimebound:Prepare","floor":2},{"not_picked":["Slimebound:Chomp","Slimebound:GoopSpray"],"picked":"Slimebound:SpikyOuterGoop","floor":3},{"not_picked":["Slimebound:GoopTackle","Slimebound:ComboTackle"],"picked":"Slimebound:GoopSpray","floor":4},{"not_picked":["Slimebound:HauntingLick","Slimebound:SlimeTap"],"picked":"Slimebound:Overexert","floor":6},{"not_picked":["Slimebound:LeechEnergy","Slimebound:SamplingLick"],"picked":"Slimebound:SpikyOuterGoop","floor":10},{"not_picked":["Slimebound:SlimeBarrage","Slimebound:LivingWall","Slimebound:SlimeSpikes"],"picked":"SKIP","floor":11},{"not_picked":["Slimebound:ServeAndProtect","Slimebound:SamplingLick"],"picked":"Slimebound:Equalize","floor":12},{"not_picked":["Slimebound:FlameTackle","Slimebound:Equalize"],"picked":"Slimebound:MegaLick","floor":14},{"not_picked":["Slimebound:SlimeSpikes","Slimebound:LeadByExample","Slimebound:ServeAndProtect"],"picked":"SKIP","floor":15},{"not_picked":["Slimebound:SelfFormingGoo","Slimebound:DuplicatedForm"],"picked":"Slimebound:PrepareCrush","floor":16},{"not_picked":["Slimebound:SplitAcid+1","Slimebound:LeechingTouch+1"],"picked":"Slimebound:GoopSpray+1","floor":19},{"not_picked":["Slimebound:LevelUp","Slimebound:ProtectTheBoss","Slimebound:SlimeBarrage"],"picked":"SKIP","floor":20},{"not_picked":["Slimebound:HauntingLick","Slimebound:SplitAcid+1","Slimebound:ServeAndProtect+1"],"picked":"SKIP","floor":21},{"not_picked":["Slimebound:LevelUp+1","Slimebound:Grow","Slimebound:PressTheAttack"],"picked":"SKIP","floor":22},{"not_picked":["Slimebound:RallyTheTroops","Slimebound:HauntingLick"],"picked":"Slimebound:RollThrough","floor":26},{"not_picked":["Slimebound:LivingWall","Slimebound:SplitBruiser","Slimebound:SamplingLick"],"picked":"SKIP","floor":27},{"not_picked":["Slimebound:RollThrough+1","Slimebound:Grow"],"picked":"Slimebound:Nibble","floor":29},{"not_picked":["Slimebound:HauntingLick","Slimebound:SplitMire"],"picked":"Slimebound:RejuvenatingLick+1","floor":30},{"not_picked":["Slimebound:SlimeBrawl","Slimebound:SamplingLick","Slimebound:GoopTackle+1"],"picked":"SKIP","floor":31},{"not_picked":["Slimebound:SplitBruiser","Slimebound:SlimeBrawl"],"picked":"Slimebound:OozeBath","floor":32},{"not_picked":["Slimebound:DuplicatedForm","Slimebound:MinionMaster"],"picked":"Slimebound:OozeBath","floor":33},{"not_picked":["Slimebound:RollThrough+1","Slimebound:SplitMire+1","Slimebound:FinishingTackle"],"picked":"SKIP","floor":36},{"not_picked":["Slimebound:SplitLeeching+1","Slimebound:SlimeTap+1","Slimebound:SplitAcid+1"],"picked":"SKIP","floor":39},{"not_picked":["Slimebound:LeechEnergy+1","Slimebound:Prepare+1"],"picked":"Slimebound:BestDefense+1","floor":40},{"not_picked":["Slimebound:SlimeSpikes","Slimebound:SlimeTap+1"],"picked":"Slimebound:HauntingLick+1","floor":42},{"not_picked":["Slimebound:FlameTackle+1","Slimebound:Equalize+1"],"picked":"Slimebound:SlimeSlap","floor":43},{"not_picked":["Slimebound:FinishingTackle","Slimebound:ProtectTheBoss","Slimebound:SplitAcid+1"],"picked":"SKIP","floor":44},{"not_picked":["Slimebound:ComboTackle","Slimebound:ViciousTackle"],"picked":"Slimebound:Replication","floor":46},{"not_picked":["Slimebound:SplitAcid+1","Slimebound:Dissolve+1","Slimebound:SplitMire"],"picked":"SKIP","floor":47},{"not_picked":["Slimebound:Nibble","Slimebound:GoopTackle+1"],"picked":"Slimebound:SpikyOuterGoop+1","floor":49}],"player_experience":188222,"relics_obtained":[{"floor":1,"key":"Ice Cream"},{"floor":4,"key":"Boot"},{"floor":7,"key":"Bronze Scales"},{"floor":13,"key":"Replay:Bottled Flurry"},{"floor":24,"key":"Replay:Bottled Eggs"},{"floor":40,"key":"Omamori"},{"floor":41,"key":"Incense Burner"},{"floor":44,"key":"Replay:Bandana"},{"floor":46,"key":"Vajra"}],"event_choices":[],"is_beta":false,"boss_relics":[{"not_picked":["Coffee Dripper","Slimebound:TarBlob"],"picked":"Philosopher\u0027s Stone"},{"not_picked":["Painkiller Herb","Cursed Key"],"picked":"Runic Pyramid"}],"items_purged_floors":[6,43],"is_endless":false,"potions_floor_spawned":[2,10,14,15,19,27,29,30,32,36,44],"ascension_level":0}}