{"host":"kq2g769nefmuyn7c","time":1613921637,"event":{"mods":["ATMod(°¢èªMod)","Act Like it!","BaseMod","Gensokyo","Koishi","Minty Spire (QoL Compilation)","Remilia£¨ÀÙÃ×ÀòÑÇ£©","Replay The Spire","StSLib","The Servant 0.9.4"],"gold_per_floor":[114,114,2,20,100,100,412,437,437,437,437,456,484,498,498,570,570,590,590,590,604,618,618,645,660,685,685,700,700,700,917,917,1057,1057],"floor_reached":33,"language":"ZHS","playtime":1857,"items_purged":[],"score":753,"play_id":"c9380fef-4105-4bec-9445-54884ebfbfa8","local_time":"20210221233357","is_ascension_mode":true,"campfire_choices":[{"data":"ScarletGensokyo","floor":6.0,"key":"SMITH"},{"data":"QueenOfMidnight","floor":11.0,"key":"SMITH"},{"floor":15.0,"key":"DIG"},{"data":"BloodyHallows","floor":23.0,"key":"SMITH"},{"data":"ChaoticDestiny","floor":23.0,"key":"SMITH"},{"data":"AT_DarkMatter","floor":27.0,"key":"SMITH"},{"data":"AT_EmpoweredMortalDraw","floor":27.0,"key":"SMITH"},{"data":"FitfulNightmare","floor":29.0,"key":"SMITH"},{"data":"GlobalNightmare","floor":29.0,"key":"SMITH"},{"data":"LeisurelyOfLord","floor":32.0,"key":"SMITH"},{"data":"BloodySeventeenLaser","floor":32.0,"key":"SMITH"}],"circlet_count":0,"master_deck":["AscendersBane","Strike_RM","Strike_RM","Strike_RM","Strike_RM","Defend_RM","Defend_RM","Defend_RM","RedMoon","ScarletShoot","AT_DarkMatter+1","VampirishNight","GlobalNightmare+1","ReincarnationDial+1","ScarletGensokyo+1","QueenOfMidnight+1","BlasphemousPunishment","RedNightlessCastle","VampireKiss","ChaoticDestiny+1","BloodyHallows+1","AT_EmpoweredMortalDraw+1","AfternoonTea","MillenniumVampire","CharismaGuard+1","BloodySeventeenLaser+1","MiserableFate+1","FitfulNightmare+1","Gensokyo:MonkeysPaw","LeisurelyOfLord+1"],"relics":["ScarletHat","AT_ATBox","ReplayTheSpireMod:Lightbulb","White Beast Statue","InkBottle","Oddly Smooth Stone","Replay:Arrowhead","AT_MortalBlade","StrikeDummy","Gensokyo:RedStar","Replay:Wax Seal"],"acts_visited":["Gensokyo:Gensokyo","Gensokyo:Gensokyoer"],"potions_floor_usage":[33],"damage_taken":[{"damage":4.0,"enemies":"Gensokyo:2_Kodama","floor":1.0,"turns":3.0},{"damage":18.0,"enemies":"Gensokyo:Gryphon","floor":4.0,"turns":8.0},{"damage":13.0,"enemies":"Gensokyo:Python","floor":7.0,"turns":6.0},{"damage":17.0,"enemies":"Gensokyo:Aya","floor":8.0,"turns":6.0},{"damage":10.0,"enemies":"Gensokyo:2_Rabbits","floor":12.0,"turns":3.0},{"damage":21.0,"enemies":"Gensokyo:Mamizou","floor":13.0,"turns":8.0},{"damage":12.0,"enemies":"Gensokyo:5_Fairies","floor":14.0,"turns":5.0},{"damage":40.0,"enemies":"Gensokyo:Yukari","floor":16.0,"turns":9.0},{"damage":24.0,"enemies":"Gensokyo:CosmicMonolith","floor":18.0,"turns":3.0},{"damage":23.0,"enemies":"Gensokyo:AngelMirror","floor":21.0,"turns":3.0},{"damage":34.0,"enemies":"Gensokyo:Slime_Group","floor":22.0,"turns":4.0},{"damage":26.0,"enemies":"Gensokyo:Koishi","floor":24.0,"turns":3.0},{"damage":8.0,"enemies":"Gensokyo:Swordslinger","floor":25.0,"turns":5.0},{"damage":14.0,"enemies":"Gensokyo:Wraith","floor":28.0,"turns":2.0},{"damage":28.0,"enemies":"Gensokyo:3_Gloops","floor":31.0,"turns":4.0}],"seed_played":"-3235166205708071130","potions_obtained":[{"floor":1.0,"key":"Energy Potion"},{"floor":4.0,"key":"BlessingOfTheForge"},{"floor":12.0,"key":"Explosive Potion"},{"floor":13.0,"key":"LiquidBronze"},{"floor":14.0,"key":"EssenceOfSteel"},{"floor":16.0,"key":"Swift Potion"},{"floor":18.0,"key":"Weak Potion"},{"floor":21.0,"key":"Toxic Potion"},{"floor":22.0,"key":"Swift Potion"},{"floor":24.0,"key":"Block Potion"},{"floor":25.0,"key":"Milkshake"},{"floor":28.0,"key":"CultistPotion"}],"is_trial":false,"path_per_floor":["M","?","COS","M","?","R","M","E","T","?","R","M","E","M","R","B",null,"M","?","?","M","M","R","E","M","T","R","M","R","?","M","R","B"],"character_chosen":"REMILIA","items_purchased":[],"campfire_rested":0,"item_purchase_floors":[],"current_hp_per_floor":[65,65,65,51,51,51,42,42,42,42,42,44,53,51,51,49,65,54,54,54,51,41,41,49,51,51,51,40,40,40,46,46,0,0],"gold":1057,"neow_bonus":"TRANSFORM_CARD","is_daily":false,"chose_seed":false,"campfire_upgraded":10,"win_rate":0.0,"timestamp":1613921637,"path_taken":["M","?","COS","M","?","R","?","E","T","?","R","M","E","M","R","BOSS","M","?","?","?","M","R","E","M","T","R","M","R","?","M","R","BOSS"],"items_purchased_type":[],"build_version":"2020-12-22","purchased_purges":0,"victory":false,"max_hp_per_floor":[70,70,70,70,70,70,70,70,70,70,70,70,70,70,70,70,70,70,63,63,63,63,63,63,63,63,63,63,63,56,56,56,28,28],"card_choices":[{"not_picked":["UnderTheZenith","StarOfDavid"],"picked":"GlobalNightmare","floor":1.0},{"not_picked":["UnstableMagic","NightDance"],"picked":"ScarletGensokyo","floor":4.0},{"not_picked":["EquivalentExchange","BloodRain"],"picked":"QueenOfMidnight","floor":7.0},{"not_picked":["VampireKiss","BombardNight"],"picked":"BlasphemousPunishment","floor":7.0},{"not_picked":["BloodHunter","Maim"],"picked":"RedNightlessCastle","floor":8.0},{"not_picked":["StarOfDavid","BombardNight"],"picked":"VampireKiss","floor":12.0},{"not_picked":["CharismaGuard","NightDance"],"picked":"ChaoticDestiny","floor":13.0},{"not_picked":["BloodHunter","FavorOfDestiny","MastersStateliness"],"picked":"SKIP","floor":14.0},{"not_picked":["EquivalentExchange","QueenOfMidnight"],"picked":"BloodyHallows","floor":16.0},{"not_picked":["StarOfDavid","NightLord+1"],"picked":"AfternoonTea","floor":18.0},{"not_picked":["ScarletImprint","BloodHunter"],"picked":"MillenniumVampire","floor":21.0},{"not_picked":["VampirishNight","AfternoonTea"],"picked":"CharismaGuard+1","floor":22.0},{"not_picked":["BloodyTrap","EternalNight"],"picked":"BloodySeventeenLaser","floor":24.0},{"not_picked":["MastersStateliness","FavorOfDestiny"],"picked":"MiserableFate+1","floor":25.0},{"not_picked":["FavorOfDestiny","ScarletDevil"],"picked":"FitfulNightmare","floor":28.0},{"not_picked":["Gensokyo:SpontaneousHumanCombustion","Gensokyo:EightFeetTall"],"picked":"Gensokyo:MonkeysPaw","floor":30.0},{"not_picked":["GlobalNightmare+1","NightDance"],"picked":"LeisurelyOfLord","floor":31.0}],"player_experience":307286,"relics_obtained":[{"floor":8.0,"key":"White Beast Statue"},{"floor":9.0,"key":"InkBottle"},{"floor":13.0,"key":"Oddly Smooth Stone"},{"floor":15.0,"key":"Replay:Arrowhead"},{"floor":24.0,"key":"Replay:Wax Seal"}],"event_choices":[],"is_beta":false,"boss_relics":[{"not_picked":["Sozu","ReplayTheSpireMod:DimensionalGlitch"],"picked":"AT_MortalBlade"}],"items_purged_floors":[],"is_endless":false,"potions_floor_spawned":[1,4,12,13,14,16,18,21,22,24,25,28,31],"killed_by":"Gensokyo:Eternal_Rivals","ascension_level":18}}