{"host":"Cenci","time":1613915443,"event":{"mods":["BaseMod","Bestiary","Downfall","Highlight Path","Minty Spire (QoL Compilation)","StSLib","The Marked"],"gold_per_floor":[118,136,152,4,4,4,24,52,99,99,134,147,147,20,20,124,124,136,146,146,146,163,492,511,530,530,407,407,435,288,298,298,298,298],"floor_reached":33,"language":"ENG","playtime":1731,"items_purged":["theMarked:Strike"],"score":297,"play_id":"3530b46f-f34e-4091-9d60-1a8d6f15b92d","local_time":"20210221145043","is_ascension_mode":false,"campfire_choices":[{"data":"theMarked:Seal","floor":6.0,"key":"SMITH"},{"data":"theMarked:Seal","floor":10,"key":"SMITH"},{"data":"theMarked:BanishingWave","floor":13,"key":"SMITH"},{"data":"theMarked:WardOff","floor":15,"key":"SMITH"},{"floor":28,"key":"RECALL"},{"data":"theMarked:BindingBlade","floor":32,"key":"SMITH"}],"circlet_count":0,"master_deck":["theMarked:Strike","theMarked:Strike","theMarked:Strike","theMarked:Defend","theMarked:Defend","theMarked:Defend","theMarked:Defend+1","theMarked:SoldierOfQuellstein","theMarked:Seal+1","theMarked:AttractMetal","theMarked:ChannelForce","theMarked:Seal+1","theMarked:WardOff+1","theMarked:BanishingWave+1","theMarked:HeightenedSenses","theMarked:Frustration","theMarked:AttractMetal","theMarked:BindingBlade+1","theMarked:WardOff","theMarked:WardOff","theMarked:BanishingStrike","theMarked:Frustration","theMarked:AttractMetal","theMarked:FavorableWinds"],"relics":["theMarked:ArtifactOfAir","DollysMirror","Letter Opener","MealTicket","Slimebound:StickyStick","Coffee Dripper","Old Coin","Question Card","champ:Barbells"],"acts_visited":["Exordium","TheCity"],"potions_floor_usage":[],"damage_taken":[{"damage":4.0,"enemies":"Cultist","floor":1.0,"turns":4.0},{"damage":1.0,"enemies":"Jaw Worm","floor":2.0,"turns":4.0},{"damage":2.0,"enemies":"2 Louse","floor":3.0,"turns":3.0},{"damage":4.0,"enemies":"2 Fungi Beasts","floor":7.0,"turns":4.0},{"damage":20,"enemies":"Gremlin Nob","floor":8,"turns":4},{"damage":14,"enemies":"3 Sentries","floor":11,"turns":7},{"damage":5,"enemies":"Exordium Thugs","floor":12,"turns":3},{"damage":20,"enemies":"The Guardian","floor":16,"turns":8},{"damage":17,"enemies":"2 Thieves","floor":18,"turns":3},{"damage":0,"enemies":"Shell Parasite","floor":19,"turns":3},{"damage":0,"enemies":"Snake Plant","floor":22,"turns":2},{"damage":25,"enemies":"Book of Stabbing","floor":23,"turns":4},{"damage":3,"enemies":"Centurion and Healer","floor":24,"turns":4},{"damage":3,"enemies":"3 Cultists","floor":25,"turns":4},{"damage":11,"enemies":"Slavers","floor":29,"turns":6},{"damage":14,"enemies":"Sentry and Sphere","floor":31,"turns":6},{"damage":41,"enemies":"Automaton","floor":33,"turns":8}],"seed_played":"-4954152468212576009","potions_obtained":[{"floor":2.0,"key":"SteroidPotion"},{"floor":3.0,"key":"Slimebound:ThreeZeroPotion"},{"floor":7.0,"key":"LiquidBronze"},{"floor":16,"key":"Fire Potion"}],"is_trial":false,"path_per_floor":["M","M","M","$","?","R","M","E","T","R","E","M","R","$","R","B",null,"M","M","?","?","M","E","M","M","T","$","R","E","$","M","R","B"],"character_chosen":"THE_DEFAULT","items_purchased":["DollysMirror","theMarked:Frustration","theMarked:AttractMetal","theMarked:Frustration","champ:Barbells"],"campfire_rested":0,"item_purchase_floors":[4,14,14,27,30],"current_hp_per_floor":[75,74,72,72,65,65,61,41,41,41,27,22,22,37,37,17,79,62,62,62,62,62,37,34,31,31,46,46,35,50,36,36,0,0],"gold":298,"neow_bonus":"TEN_PERCENT_HP_BONUS","is_daily":false,"chose_seed":false,"campfire_upgraded":5,"win_rate":0.0,"timestamp":1613915443,"path_taken":["M","M","M","$","?","R","M","E","T","R","E","M","R","$","R","BOSS","M","M","?","?","M","E","M","M","T","$","R","E","$","M","R","BOSS"],"items_purchased_type":["Relic","Card","Card","Card","Relic"],"build_version":"2020-11-17","purchased_purges":1,"victory":false,"max_hp_per_floor":[79,79,79,79,79,79,79,79,79,79,79,79,79,79,79,79,79,79,79,79,79,79,79,79,79,79,79,79,79,79,79,79,79,79],"card_choices":[{"not_picked":["theMarked:Parkour","theMarked:Opportunist","theMarked:Seal"],"picked":"SKIP","floor":1.0},{"not_picked":["theMarked:Parkour","theMarked:Opportunist"],"picked":"theMarked:Seal","floor":1.0},{"not_picked":["theMarked:Pokerface","theMarked:Reabsorb"],"picked":"theMarked:AttractMetal","floor":2.0},{"not_picked":["theMarked:ResourceFulStrike","theMarked:Friction"],"picked":"theMarked:ChannelForce","floor":3.0},{"not_picked":["theMarked:Pokerface","theMarked:Improvise"],"picked":"theMarked:WardOff","floor":7.0},{"not_picked":["theMarked:EternalStudent","theMarked:PowerFlow"],"picked":"theMarked:BanishingWave","floor":8},{"not_picked":["theMarked:ChannelForce","theMarked:TwofoldDefense"],"picked":"theMarked:HeightenedSenses","floor":11},{"not_picked":["theMarked:TakeCover","theMarked:TwofoldDefense","theMarked:SwordAndMagic"],"picked":"SKIP","floor":12},{"not_picked":["theMarked:Challenge","theMarked:TurnInvisible"],"picked":"theMarked:BindingBlade","floor":16},{"not_picked":["theMarked:RogueSparks","theMarked:WastefulAttack+1"],"picked":"theMarked:WardOff","floor":18},{"not_picked":["theMarked:LightningStrikesTwice+1","theMarked:ChainLightning","theMarked:ResourceFulStrike+1"],"picked":"SKIP","floor":19},{"not_picked":["theMarked:Improvise","theMarked:ChainLightning","theMarked:KeepCalmAndFight+1"],"picked":"SKIP","floor":22},{"not_picked":["theMarked:GodGivenPower+1","theMarked:Aftermath"],"picked":"theMarked:WardOff","floor":23},{"not_picked":["theMarked:RepellingDischarge+1","theMarked:EnhanceMovement","theMarked:EmpowerWeapon"],"picked":"SKIP","floor":24},{"not_picked":["theMarked:SwordAndMagic+1","theMarked:ComboAttacks+1"],"picked":"theMarked:BanishingStrike","floor":25},{"not_picked":["theMarked:SelfDefenseTraining","theMarked:ShockingTouch"],"picked":"theMarked:AttractMetal","floor":29},{"not_picked":["theMarked:EmpowerWeapon","theMarked:CreepingChasm","theMarked:ComboAttacks+1"],"picked":"theMarked:FavorableWinds","floor":31}],"player_experience":381273,"relics_obtained":[{"floor":8,"key":"Letter Opener"},{"floor":9,"key":"MealTicket"},{"floor":11,"key":"Slimebound:StickyStick"},{"floor":23,"key":"Old Coin"},{"floor":29,"key":"Question Card"}],"event_choices":[{"cards_removed":["theMarked:Strike"],"damage_healed":0.0,"max_hp_gain":0.0,"max_hp_loss":0.0,"gold_gain":0.0,"event_name":"Golden Wing","player_choice":"Card Removal","floor":5.0,"gold_loss":0.0,"damage_taken":7.0},{"damage_healed":0,"gold_gain":0,"player_choice":"Ignored","damage_taken":0,"max_hp_gain":0,"max_hp_loss":0,"event_name":"Vampires","floor":21,"gold_loss":0}],"is_beta":true,"boss_relics":[{"not_picked":["Runic Dome","Cursed Key"],"picked":"Coffee Dripper"}],"items_purged_floors":[27],"is_endless":false,"potions_floor_spawned":[2,3,7,11,16,22,23,25],"killed_by":"Automaton","ascension_level":0}}