{"host":"qoeke2x4rq7deshq","time":1613869501,"event":{"mods":["2.2 Compatiblity","BaseMod","Colored Powertips","Curses Come First","Dark Map","Downfall","Minty Spire (QoL Compilation)","Rare Cards Sparkle","Reliquary","Replay The Spire","Spire Arcade","StSLib","The Blue Laboratory"],"gold_per_floor":[126,126,204,279,229,254,254,279,279,319,319,494,540,23,23,138,138,140,178,29,60,85,103,103],"floor_reached":23,"language":"ENG","playtime":2040,"items_purged":["Doubt"],"score":199,"play_id":"ba5f3540-4e7b-48b7-af25-cf712c2e972a","local_time":"20210220170501","is_ascension_mode":false,"campfire_choices":[{"data":"Bash","floor":7.0,"key":"SMITH"}],"circlet_count":0,"master_deck":["Strike_R","Strike_R","Strike_R","Strike_R","Defend_R","Defend_R","Defend_R","Defend_R","Bash+1","Shrug It Off","Iron Wave","Iron Wave","Shrug It Off","Havoc","Cleave","Apotheosis","ReplayTheSpireMod:Private Reserves+1","Headbutt","sneckomod:UnknownUncommonSkill","Slimebound:Replication","sneckomod:UnknownVulnerable"],"relics":["Burning Blood","Replay:Bandana","Divine Protection","Toy Ornithopter","ReplayTheSpireMod:Shallot","Bag of Marbles","Regal Pillow","PrismaticShard","bronze:MakeshiftBattery","HandDrill"],"acts_visited":["TheCity"],"potions_floor_usage":[23,23,23,23,23,23],"damage_taken":[{"damage":2.0,"enemies":"2 Louse","floor":1.0,"turns":3.0},{"damage":0.0,"enemies":"Jaw Worm","floor":6.0,"turns":3.0},{"damage":0.0,"enemies":"Small Slimes","floor":8.0,"turns":3.0},{"damage":15.0,"enemies":"Lagavulin","floor":10.0,"turns":4.0},{"damage":7.0,"enemies":"3 Sentries","floor":13.0,"turns":13.0},{"damage":31,"enemies":"Hexaghost","floor":16,"turns":11},{"damage":0,"enemies":"2 Thieves","floor":18,"turns":4},{"damage":0,"enemies":"3 Byrds","floor":19,"turns":4},{"damage":0,"enemies":"Cultist and Chosen","floor":21,"turns":6},{"damage":13,"enemies":"3 Cultists","floor":22,"turns":7},{"damage":115,"enemies":"Gremlin Leader","floor":23,"turns":10}],"seed_played":"6172392625808408498","potions_obtained":[{"floor":3.0,"key":"SteroidPotion"},{"floor":3.0,"key":"Death Potion"},{"floor":6.0,"key":"EntropicBrew"},{"floor":16,"key":"blueLaboratory:HorrorPotion"},{"floor":21,"key":"Languid Potion"},{"floor":22,"key":"Venom Potion"}],"is_trial":false,"path_per_floor":["M","?","?","?","?","M","R","M","T","E","?","?","E","$","R","B",null,"M","M","$","M","M","E"],"character_chosen":"IRONCLAD","items_purchased":["Apotheosis","ReplayTheSpireMod:Private Reserves","PrismaticShard","HandDrill"],"campfire_rested":0,"item_purchase_floors":[14,14,14,20],"current_hp_per_floor":[80,80,80,69,69,75,75,80,80,76,76,76,75,75,80,55,80,80,80,80,80,73,0,0],"gold":103,"neow_bonus":"RANDOM_COMMON_RELIC","is_daily":false,"chose_seed":false,"campfire_upgraded":1,"win_rate":0.0,"timestamp":1613869501,"path_taken":["M","?","?","?","?","M","R","M","T","E","?","?","E","$","R","BOSS","M","M","$","M","M","E"],"items_purchased_type":["Card","Card","Relic","Relic"],"build_version":"2020-12-22","purchased_purges":1,"victory":false,"max_hp_per_floor":[80,80,80,80,80,80,80,80,80,80,80,80,80,80,80,80,80,80,80,80,80,80,80,80],"card_choices":[{"not_picked":["ReplayTheSpireMod:Strike From Hell","Clash"],"picked":"Shrug It Off","floor":1.0},{"not_picked":["Ghostly Armor","Havoc"],"picked":"Iron Wave","floor":6.0},{"not_picked":["Clash","Havoc"],"picked":"Iron Wave","floor":8.0},{"not_picked":["Twin Strike","Flex"],"picked":"Shrug It Off","floor":10.0},{"not_picked":["Thunderclap","ReplayTheSpireMod:Stacked"],"picked":"Cleave","floor":13.0},{"not_picked":["FTL","Sweeping Beam+1"],"picked":"Headbutt","floor":18},{"not_picked":["bronze:FollowUp","champ:BerserkersShout+1"],"picked":"sneckomod:UnknownUncommonSkill","floor":19},{"not_picked":["Guardian:DecasProtection","hexamod:EmpoweredFlame"],"picked":"Slimebound:Replication","floor":21},{"not_picked":["sneckomod:SnekBeam+1","Protect"],"picked":"sneckomod:UnknownVulnerable","floor":22}],"player_experience":314006,"relics_obtained":[{"floor":3.0,"key":"Toy Ornithopter"},{"floor":9.0,"key":"ReplayTheSpireMod:Shallot"},{"floor":10.0,"key":"Bag of Marbles"},{"floor":13.0,"key":"Regal Pillow"}],"event_choices":[{"damage_healed":0.0,"max_hp_gain":0.0,"max_hp_loss":0.0,"gold_gain":0.0,"event_name":"Big Fish","player_choice":"Box","floor":2.0,"gold_loss":0.0,"damage_taken":0.0,"relics_obtained":["Divine Protection"],"cards_obtained":["Regret"]},{"damage_healed":0.0,"max_hp_gain":0.0,"max_hp_loss":0.0,"gold_gain":75.0,"event_name":"World of Goop","player_choice":"Gather Gold","floor":4.0,"gold_loss":0.0,"damage_taken":11.0},{"cards_removed":["Regret"],"damage_healed":0.0,"max_hp_gain":0.0,"max_hp_loss":0.0,"gold_gain":0.0,"event_name":"The Cleric","player_choice":"Card Removal","floor":5.0,"gold_loss":50.0,"damage_taken":0.0},{"damage_healed":0.0,"max_hp_gain":0.0,"max_hp_loss":0.0,"gold_gain":0.0,"cards_transformed":["Strike_R"],"event_name":"Living Wall","player_choice":"Change","floor":11.0,"gold_loss":0.0,"damage_taken":0.0,"cards_obtained":["Havoc"]},{"damage_healed":0.0,"max_hp_gain":0.0,"max_hp_loss":0.0,"gold_gain":175.0,"event_name":"Liars Game","player_choice":"AGREE","floor":12.0,"gold_loss":0.0,"damage_taken":0.0,"cards_obtained":["Doubt"]}],"is_beta":false,"boss_relics":[{"not_picked":["ReplayTheSpireMod:DimensionalGlitch","Snecko Eye"],"picked":"bronze:MakeshiftBattery"}],"items_purged_floors":[14],"is_endless":false,"potions_floor_spawned":[6,8,16,21,22],"killed_by":"Gremlin Leader","ascension_level":0}}