{"host":"q57ekfojy3i00x9o","time":1613931937,"event":{"mods":["Act Like it!","Arknights","Aspiration","BaseMod","Colored Map","Energized Spire","Hermit","Minty Spire (QoL Compilation)","Quick Restart","Ruina","Spicy Shops","Spikes Relics","StSLib","slay the spire mod where everything is the same but ironclad has a cowboy hat"],"gold_per_floor":[116,9,27,27,47,47,93,2,71,81,93,93,93],"floor_reached":12,"language":"RUS","playtime":186,"items_purged":[],"score":151,"play_id":"13f7e42b-7254-4a68-a8dd-dae1e8f71d54","local_time":"20210221232537","is_ascension_mode":true,"campfire_choices":[{"data":"ats:Neurotoxin","floor":6,"key":"SMITH"}],"circlet_count":0,"master_deck":["AscendersBane","ats:Strike C+1","ats:Strike G+1","ats:Strike S+1","ats:Strike V+1","ats:Armor Crushing Shot+1","ats:Defend","ats:Defend","ats:Defend","ats:Defend","ats:Emotion Absorption","ats:Consecutive Shot Auto+1","ats:Neurotoxin+1","ats:Consecutive Shot Auto+1","ats:Poison Spread","ats:Consecutive Shot Auto","ats:Mental Burst","ats:Thorns","ats:Consecutive Shot Auto"],"relics":["ats:Sanity","MealTicket","RoseTintedShades"],"acts_visited":["Exordium"],"potions_floor_usage":[10],"damage_taken":[{"damage":11,"enemies":"Cultist","floor":1,"turns":5},{"damage":7,"enemies":"Jaw Worm","floor":3,"turns":3},{"damage":10,"enemies":"Small Slimes","floor":5,"turns":2},{"damage":6,"enemies":"3 Louse","floor":10,"turns":2},{"damage":28,"enemies":"Exordium Thugs","floor":11,"turns":4},{"damage":35,"enemies":"Lagavulin","floor":12,"turns":3}],"seed_played":"1861653294090992956","potions_obtained":[{"floor":1,"key":"ColorlessPotion"},{"floor":3,"key":"Energy Potion"}],"is_trial":false,"path_per_floor":["M","$","M","?","M","R","T","$","T","M","M","E"],"character_chosen":"DOCTOR_CLASS","items_purchased":["ats:Consecutive Shot Auto","ats:Neurotoxin","ats:Consecutive Shot Auto","ats:Mental Burst"],"campfire_rested":0,"item_purchase_floors":[2,2,8,8],"current_hp_per_floor":[54,54,47,47,37,37,37,52,52,46,18,0,0],"gold":93,"neow_bonus":"RANDOM_COMMON_RELIC","is_daily":false,"chose_seed":false,"campfire_upgraded":1,"win_rate":0.0,"timestamp":1613931937,"path_taken":["M","$","?","?","M","R","?","?","T","M","?","E"],"items_purchased_type":["Card","Card","Card","Card"],"build_version":"2020-12-22","purchased_purges":0,"victory":false,"max_hp_per_floor":[72,72,72,72,72,72,72,72,72,72,72,72,72],"card_choices":[{"not_picked":["ats:Composite Medical Shells","ats:Flame Of Heaven","ats:Soul Absorption"],"picked":"SKIP","floor":1},{"not_picked":["ats:Hammer On","ats:Encircling Forest"],"picked":"ats:Consecutive Shot Auto","floor":3},{"not_picked":["ats:Rapid Magazine","ats:Absolute Focus"],"picked":"ats:Poison Spread","floor":5},{"not_picked":["ats:Support Order","ats:Very Hot Blade"],"picked":"ats:Thorns","floor":10},{"not_picked":["ats:Apocalypse","ats:Blood Oath"],"picked":"ats:Consecutive Shot Auto","floor":11}],"player_experience":781576,"relics_obtained":[{"floor":7,"key":"MealTicket"},{"floor":9,"key":"RoseTintedShades"}],"event_choices":[],"is_beta":false,"boss_relics":[],"items_purged_floors":[],"is_endless":false,"potions_floor_spawned":[1,3],"killed_by":"Lagavulin","ascension_level":16}}