{"host":"y0i0tbisecj7yjyn","time":1613895003,"event":{"mods":["2.2 Compatiblity","AchievementEnabler","AlwaysNeverKeys","BaseMod","Better Third Choice","BetterRewards","Colored Map","Colored Powertips","Curses Come First","Disable Question Mark Monsters","Displayed Cursed Tome","Highlight Path","Keyboard Shortcuts","Minty Spire (QoL Compilation)","Quick Restart","Random Character Button","Rare Cards Sparkle","Relic Stats","Reliquary","Smile Girya","StSLib","SuperFastMode","Transform Curses","Weighted Paths"],"gold_per_floor":[113,113,128,145,161,161,161,161,161,181,215,229,229,262,262,366,366,380,394,394,406,406,406],"floor_reached":22,"language":"ENG","playtime":1319,"items_purged":[],"score":238,"play_id":"c756c462-dad4-40f8-94ac-cf5cb26838a9","local_time":"20210221021003","is_ascension_mode":true,"campfire_choices":[{"data":"Zap","floor":6,"key":"SMITH"},{"floor":8,"key":"REST"},{"floor":15,"key":"REST"}],"circlet_count":0,"master_deck":["Strike_B","Strike_B","Strike_B","Strike_B","Defend_B","Defend_B","Defend_B","Defend_B","Zap+1","Dualcast","Conserve Battery","Glacier","Ball Lightning","Cold Snap","Gash","Conserve Battery","Fission","Fission","Static Discharge","Conserve Battery","Defragment"],"relics":["Cracked Core","Art of War","reliquary:RoseTintedGlasses","reliquary:TuningFork","Happy Flower","Bag of Preparation","reliquary:WritOfMandamus"],"acts_visited":["Exordium","TheCity"],"potions_floor_usage":[5,5,5,14,21],"damage_taken":[{"damage":4,"enemies":"Small Slimes","floor":1,"turns":3},{"damage":0,"enemies":"Cultist","floor":3,"turns":3},{"damage":2,"enemies":"Jaw Worm","floor":4,"turns":4},{"damage":14,"enemies":"Gremlin Gang","floor":5,"turns":5},{"damage":0,"enemies":"Large Slime","floor":10,"turns":4},{"damage":21,"enemies":"Gremlin Nob","floor":11,"turns":5},{"damage":0,"enemies":"Red Slaver","floor":12,"turns":3},{"damage":6,"enemies":"3 Sentries","floor":14,"turns":8},{"damage":31,"enemies":"Hexaghost","floor":16,"turns":13},{"damage":31,"enemies":"2 Thieves","floor":18,"turns":5},{"damage":20,"enemies":"Spheric Guardian","floor":19,"turns":4},{"damage":16,"enemies":"Snecko","floor":21,"turns":8},{"damage":9,"enemies":"Chosen and Byrds","floor":22,"turns":3}],"seed_played":"7126840347649835574","potions_obtained":[{"floor":0,"key":"Dexterity Potion"},{"floor":0,"key":"Energy Potion"},{"floor":0,"key":"BlessingOfTheForge"},{"floor":1,"key":"Block Potion"},{"floor":3,"key":"ColorlessPotion"},{"floor":5,"key":"SkillPotion"},{"floor":12,"key":"BlessingOfTheForge"},{"floor":21,"key":"Dexterity Potion"}],"is_trial":false,"path_per_floor":["M","?","M","M","M","R","?","R","T","M","E","M","?","E","R","B",null,"M","M","?","M","M"],"character_chosen":"DEFECT","items_purchased":[],"campfire_rested":2,"item_purchase_floors":[],"current_hp_per_floor":[71,71,71,69,55,55,30,52,52,52,31,31,31,25,47,16,75,44,24,24,8,0,0],"gold":406,"neow_bonus":"THREE_SMALL_POTIONS","is_daily":false,"chose_seed":false,"campfire_upgraded":1,"win_rate":0.0,"timestamp":1613895003,"path_taken":["M","?","M","?","M","R","?","R","T","M","E","M","?","E","R","BOSS","M","M","?","M","?"],"items_purchased_type":[],"build_version":"2020-12-22","purchased_purges":0,"victory":false,"max_hp_per_floor":[75,75,75,75,75,75,75,75,75,75,75,75,75,75,75,75,75,75,75,75,75,75,75],"relic_stats":{"Happy Flower":[13],"counters":[13,68],"Art of War":[4],"Bag of Preparation":[10],"obtain_stats":[{"Happy Flower":13,"reliquary:RoseTintedGlasses":9,"Art of War":7,"reliquary:TuningFork":11,"Bag of Preparation":14,"reliquary:WritOfMandamus":17,"Cracked Core":0},{"Happy Flower":7,"reliquary:RoseTintedGlasses":4,"Art of War":4,"reliquary:TuningFork":6,"Bag of Preparation":8,"reliquary:WritOfMandamus":9,"Cracked Core":0},{"Happy Flower":27,"reliquary:RoseTintedGlasses":15,"Art of War":15,"reliquary:TuningFork":24,"Bag of Preparation":35,"reliquary:WritOfMandamus":48,"Cracked Core":0}]},"card_choices":[{"not_picked":["Skim","Rebound"],"picked":"Conserve Battery","floor":1},{"not_picked":["Leap","Heatsinks"],"picked":"Glacier","floor":3},{"not_picked":["Streamline","Barrage"],"picked":"Ball Lightning","floor":4},{"not_picked":["Storm","BootSequence"],"picked":"Cold Snap","floor":5},{"not_picked":["Lockon","Barrage"],"picked":"Gash","floor":10},{"not_picked":["Rebound","Streamline","Buffer"],"picked":"SKIP","floor":11},{"not_picked":["Force Field","Steam Power"],"picked":"Conserve Battery","floor":12},{"not_picked":["Stack","Leap"],"picked":"Fission","floor":14},{"not_picked":["Multi-Cast","Thunder Strike"],"picked":"Fission","floor":16},{"not_picked":["FTL","Rip and Tear","Go for the Eyes"],"picked":"SKIP","floor":18},{"not_picked":["Genetic Algorithm","Sweeping Beam"],"picked":"Static Discharge","floor":19},{"not_picked":["Beam Cell","Lockon"],"picked":"Defragment","floor":21}],"player_experience":491951,"relics_obtained":[{"floor":9,"key":"reliquary:RoseTintedGlasses"},{"floor":11,"key":"reliquary:TuningFork"},{"floor":14,"key":"Bag of Preparation"}],"event_choices":[{"damage_healed":0,"gold_gain":0,"player_choice":"0 cards matched","damage_taken":0,"max_hp_gain":0,"max_hp_loss":0,"event_name":"Match and Keep!","floor":2,"gold_loss":0,"cards_obtained":[]},{"damage_healed":0,"gold_gain":0,"player_choice":"Relic ","damage_taken":25,"max_hp_gain":0,"max_hp_loss":0,"event_name":"betterThird:BetterScrap","floor":7,"gold_loss":0,"cards_obtained":["Feel No Pain"]},{"damage_healed":0,"gold_gain":0,"player_choice":"Box","damage_taken":0,"relics_obtained":["Happy Flower"],"max_hp_gain":0,"max_hp_loss":0,"event_name":"Big Fish","floor":13,"gold_loss":0,"cards_obtained":["Regret"]},{"damage_healed":0,"gold_gain":0,"cards_transformed":["Regret"],"player_choice":"Transformed","damage_taken":0,"max_hp_gain":0,"max_hp_loss":0,"event_name":"Transmorgrifier","floor":20,"gold_loss":0,"cards_obtained":["Conserve Battery"]}],"is_beta":false,"boss_relics":[{"not_picked":["reliquary:RedCape","Sozu"],"picked":"reliquary:WritOfMandamus"}],"items_purged_floors":[],"is_endless":false,"potions_floor_spawned":[1,3,5,12,21],"killed_by":"Chosen and Byrds","ascension_level":4}}