{"host":"m1hrbr0uwda4cktq","time":1613891341,"event":{"mods":["BaseMod","BetterRewards","Colored Map","Colored Powertips","Highlight Path","Minty Spire (QoL Compilation)","Shop Mod","SuperFastMode"],"gold_per_floor":[117,136,151,226,226,256,256,286,286,286,298,354,354,380,380,485,485,504,515,532,277,290,319,319,319,319],"floor_reached":25,"language":"ENG","playtime":1899,"items_purged":["Defend_R","Defend_R"],"score":265,"play_id":"3e2faf46-bcd2-498c-bd74-56e77b42ca7d","local_time":"20210221040901","is_ascension_mode":true,"campfire_choices":[{"data":"Armaments","floor":7,"key":"SMITH"},{"data":"Bash","floor":15,"key":"SMITH"},{"data":"Perfected Strike","floor":24,"key":"SMITH"}],"circlet_count":0,"master_deck":["Strike_R","Strike_R+1","Strike_R","Strike_R","Strike_R","Defend_R","Defend_R","Bash+1","Battle Trance","Flame Barrier","Perfected Strike","Armaments+1","Spot Weakness+1","Iron Wave","Flex","Spot Weakness","Perfected Strike+1","Cleave","Clash","Shrug It Off","Cleave","Second Wind","Pommel Strike","Twin Strike"],"relics":["Burning Blood","Membership Card","Shuriken","MealTicket","CaptainsWheel","Pear","Smiling Mask","Sundial","Matryoshka","Philosopher\u0027s Stone","Medical Kit","Pantograph","Frozen Egg 2"],"acts_visited":["Exordium","TheCity"],"potions_floor_usage":[],"damage_taken":[{"damage":1,"enemies":"Cultist","floor":1,"turns":3},{"damage":1,"enemies":"2 Louse","floor":2,"turns":2},{"damage":9,"enemies":"Jaw Worm","floor":3,"turns":4},{"damage":27,"enemies":"Gremlin Nob","floor":6,"turns":4},{"damage":12,"enemies":"3 Sentries","floor":8,"turns":5},{"damage":1,"enemies":"Exordium Wildlife","floor":11,"turns":4},{"damage":9,"enemies":"Lagavulin Event","floor":12,"turns":6},{"damage":9,"enemies":"Gremlin Nob","floor":14,"turns":4},{"damage":41,"enemies":"Slime Boss","floor":16,"turns":8},{"damage":14,"enemies":"2 Thieves","floor":18,"turns":3},{"damage":11,"enemies":"3 Byrds","floor":19,"turns":4},{"damage":20,"enemies":"Centurion and Healer","floor":20,"turns":4},{"damage":36,"enemies":"Shelled Parasite and Fungi","floor":22,"turns":4},{"damage":10,"enemies":"Book of Stabbing","floor":23,"turns":4},{"damage":53,"enemies":"Slavers","floor":25,"turns":3}],"seed_played":"255623280076436618","potions_obtained":[{"floor":2,"key":"SpeedPotion"},{"floor":6,"key":"BlessingOfTheForge"},{"floor":12,"key":"PowerPotion"},{"floor":18,"key":"Regen Potion"}],"is_trial":false,"path_per_floor":["M","M","M","?","?","E","R","E","T","$","M","?","T","E","R","B",null,"M","M","M","$","M","E","R","E"],"character_chosen":"IRONCLAD","items_purchased":["Membership Card","Shuriken","Battle Trance","Flame Barrier","Medical Kit","Pantograph"],"campfire_rested":0,"item_purchase_floors":[0,0,0,0,21,21],"current_hp_per_floor":[80,80,77,66,50,29,29,23,33,48,53,50,50,47,47,12,90,82,77,63,78,48,44,44,0,0],"gold":319,"neow_bonus":"","is_daily":false,"chose_seed":false,"campfire_upgraded":3,"win_rate":0.0,"timestamp":1613891341,"path_taken":["M","M","M","?","?","E","R","E","T","?","?","?","?","E","R","BOSS","M","M","?","$","M","E","R","E"],"items_purchased_type":["Relic","Relic","Card","Card","Relic","Relic"],"build_version":"2020-12-22","purchased_purges":2,"victory":false,"max_hp_per_floor":[80,80,80,80,80,80,80,80,90,90,90,90,90,90,90,90,90,90,90,90,90,90,90,90,90,90],"card_choices":[{"not_picked":["Flex","Whirlwind"],"picked":"Armaments","floor":1},{"not_picked":["Flame Barrier","Sentinel"],"picked":"Spot Weakness","floor":2},{"not_picked":["Anger","Flex"],"picked":"Iron Wave","floor":3},{"not_picked":["Havoc","Anger"],"picked":"Flex","floor":6},{"not_picked":["Burning Pact","Intimidate"],"picked":"Spot Weakness","floor":8},{"not_picked":["Battle Trance","Dark Embrace"],"picked":"Perfected Strike","floor":11},{"not_picked":["Headbutt","Dual Wield"],"picked":"Cleave","floor":12},{"not_picked":["Body Slam","Immolate"],"picked":"Clash","floor":14},{"not_picked":["Combust","Body Slam"],"picked":"Shrug It Off","floor":18},{"not_picked":["Bloodletting","Rupture"],"picked":"Cleave","floor":19},{"not_picked":["Sever Soul+1","Blood for Blood"],"picked":"Second Wind","floor":20},{"not_picked":["Body Slam","Blood for Blood"],"picked":"Pommel Strike","floor":22},{"not_picked":["Body Slam+1","Fire Breathing+1"],"picked":"Twin Strike","floor":23}],"player_experience":161806,"relics_obtained":[{"floor":6,"key":"MealTicket"},{"floor":8,"key":"CaptainsWheel"},{"floor":9,"key":"Pear"},{"floor":13,"key":"Sundial"},{"floor":14,"key":"Matryoshka"},{"floor":23,"key":"Frozen Egg 2"}],"event_choices":[{"damage_healed":0,"gold_gain":75,"player_choice":"Gather Gold","damage_taken":11,"max_hp_gain":0,"max_hp_loss":0,"event_name":"World of Goop","floor":4,"gold_loss":0},{"damage_healed":0,"gold_gain":0,"player_choice":"Entered Light","damage_taken":16,"max_hp_gain":0,"max_hp_loss":0,"event_name":"Shining Light","floor":5,"gold_loss":0,"cards_upgraded":["Strike_R","Spot Weakness"]},{"damage_healed":0,"gold_gain":0,"player_choice":"Searched \u00272\u0027 times","damage_taken":0,"relics_obtained":["Smiling Mask"],"max_hp_gain":0,"max_hp_loss":0,"event_name":"Dead Adventurer","floor":12,"gold_loss":0}],"is_beta":false,"boss_relics":[{"not_picked":["Coffee Dripper","Astrolabe"],"picked":"Philosopher\u0027s Stone"}],"items_purged_floors":[0,21],"is_endless":false,"potions_floor_spawned":[2,6,12,18,22],"killed_by":"Slavers","ascension_level":2}}