{"host":"imy0w7zcgpxryx7c","time":1613885467,"event":{"mods":["AchievementEnabler","BaseMod","Colored Map","Colored Powertips","Minty Spire (QoL Compilation)","Relic Sorter","StSLib"],"gold_per_floor":[112,132,82,11,31,64,64,93,93,93,93,109,109,133,133,261,261,282,282,305,320,419,419,454,454,454,454,379,410,37,37,37,37,37],"floor_reached":33,"language":"ENG","playtime":2375,"items_purged":["Defend_R"],"score":466,"play_id":"a685d92e-1ed4-4c8f-871c-e1bfcb731265","local_time":"20210221003107","is_ascension_mode":true,"campfire_choices":[{"data":"Rage","floor":7,"key":"SMITH"},{"data":"Body Slam","floor":10,"key":"SMITH"},{"data":"Rampage","floor":15,"key":"SMITH"},{"data":"Battle Trance","floor":23,"key":"SMITH"},{"data":"Flex","floor":27,"key":"SMITH"},{"data":"Warcry","floor":32,"key":"SMITH"}],"circlet_count":0,"master_deck":["AscendersBane","Strike_R+1","Strike_R","Strike_R+1","Strike_R","Strike_R","Defend_R","Bash+1","Rage+1","Battle Trance+1","Flex+1","Body Slam+1","Flex","Rampage+1","Reaper+1","Cleave","Headbutt+1","Perfected Strike+1","Clash+1","Warcry+1","Blind","Warcry"],"relics":["Black Blood","NeowsBlessing","Meat on the Bone","Bottled Lightning","PreservedInsect","StrikeDummy","Golden Idol","Bag of Marbles","Molten Egg 2","White Beast Statue","Whetstone","Frozen Egg 2"],"acts_visited":["Exordium","TheCity"],"potions_floor_usage":[16,20,21,29,33],"damage_taken":[{"damage":0,"enemies":"Cultist","floor":1,"turns":1},{"damage":0,"enemies":"Small Slimes","floor":2,"turns":1},{"damage":0,"enemies":"2 Louse","floor":5,"turns":1},{"damage":48,"enemies":"Lagavulin","floor":6,"turns":6},{"damage":23,"enemies":"Gremlin Nob","floor":8,"turns":4},{"damage":0,"enemies":"Large Slime","floor":12,"turns":4},{"damage":0,"enemies":"Gremlin Gang","floor":14,"turns":4},{"damage":24,"enemies":"Hexaghost","floor":16,"turns":7},{"damage":9,"enemies":"2 Thieves","floor":18,"turns":4},{"damage":18,"enemies":"3 Byrds","floor":20,"turns":6},{"damage":22,"enemies":"Centurion and Healer","floor":21,"turns":5},{"damage":24,"enemies":"Book of Stabbing","floor":24,"turns":3},{"damage":4,"enemies":"Slavers","floor":29,"turns":3},{"damage":99,"enemies":"Collector","floor":33,"turns":8}],"seed_played":"-3032093146868183902","potions_obtained":[{"floor":6,"key":"Swift Potion"},{"floor":8,"key":"Block Potion"},{"floor":20,"key":"SpeedPotion"},{"floor":21,"key":"Explosive Potion"},{"floor":24,"key":"SkillPotion"},{"floor":29,"key":"Fire Potion"}],"is_trial":false,"path_per_floor":["M","M","?","?","M","E","R","E","T","R","?","M","?","M","R","B",null,"M","?","M","M","?","R","E","?","T","R","?","E","$","T","R","B"],"character_chosen":"IRONCLAD","items_purchased":["Blind","Whetstone","Warcry"],"campfire_rested":0,"item_purchase_floors":[30,30,30],"current_hp_per_floor":[78,80,80,80,80,50,50,45,45,45,25,43,27,45,45,39,70,73,73,71,67,67,67,55,80,80,80,80,80,80,80,80,0,0],"gold":37,"neow_bonus":"THREE_ENEMY_KILL","is_daily":false,"chose_seed":false,"campfire_upgraded":6,"win_rate":0.0,"timestamp":1613885467,"path_taken":["M","M","?","?","?","E","R","E","T","R","?","M","?","M","R","BOSS","M","?","?","M","?","R","E","?","T","R","?","E","$","?","R","BOSS"],"items_purchased_type":["Card","Relic","Card"],"build_version":"2020-12-22","purchased_purges":1,"victory":false,"max_hp_per_floor":[80,80,80,80,80,80,80,80,80,80,80,80,80,80,80,80,80,80,80,80,80,80,80,80,80,80,80,80,80,80,80,80,80,80],"card_choices":[{"not_picked":["Armaments","Warcry"],"picked":"Rage","floor":1},{"not_picked":["Twin Strike","Headbutt"],"picked":"Battle Trance","floor":2},{"not_picked":["Dual Wield","Shrug It Off"],"picked":"Flex","floor":5},{"not_picked":["Rupture","Entrench","Sever Soul"],"picked":"SKIP","floor":6},{"not_picked":["Warcry","Spot Weakness"],"picked":"Body Slam","floor":8},{"not_picked":["Power Through","Sword Boomerang"],"picked":"Flex","floor":12},{"not_picked":["Warcry","Headbutt"],"picked":"Rampage","floor":14},{"not_picked":["Immolate","Exhume"],"picked":"Reaper","floor":16},{"not_picked":["Infernal Blade","Sword Boomerang"],"picked":"Cleave","floor":18},{"not_picked":["Power Through+1","Flex"],"picked":"Headbutt+1","floor":20},{"not_picked":["Body Slam","Whirlwind"],"picked":"Perfected Strike+1","floor":21},{"not_picked":["Second Wind","Iron Wave"],"picked":"Clash+1","floor":24},{"not_picked":["Havoc","Shrug It Off"],"picked":"Warcry","floor":29}],"player_experience":477246,"relics_obtained":[{"floor":6,"key":"Bottled Lightning"},{"floor":8,"key":"PreservedInsect"},{"floor":9,"key":"StrikeDummy"},{"floor":24,"key":"Bag of Marbles"},{"floor":26,"key":"Molten Egg 2"},{"floor":29,"key":"White Beast Statue"},{"floor":31,"key":"Frozen Egg 2"}],"event_choices":[{"cards_removed":["Defend_R"],"damage_healed":0,"gold_gain":0,"player_choice":"Card Removal","damage_taken":0,"max_hp_gain":0,"max_hp_loss":0,"event_name":"The Cleric","floor":3,"gold_loss":50},{"damage_healed":0,"gold_gain":0,"player_choice":"Paid Gold","damage_taken":0,"relics_obtained":["Meat on the Bone"],"max_hp_gain":0,"max_hp_loss":0,"event_name":"WeMeetAgain","floor":4,"gold_loss":71},{"damage_healed":0,"gold_gain":0,"player_choice":"Take Damage","damage_taken":20,"relics_obtained":["Golden Idol"],"max_hp_gain":0,"max_hp_loss":0,"event_name":"Golden Idol","floor":11,"gold_loss":0},{"damage_healed":0,"gold_gain":0,"player_choice":"Entered Light","damage_taken":16,"max_hp_gain":0,"max_hp_loss":0,"event_name":"Shining Light","floor":13,"gold_loss":0,"cards_upgraded":["Bash","Strike_R"]},{"damage_healed":0,"gold_gain":0,"player_choice":"Ignored","damage_taken":0,"max_hp_gain":0,"max_hp_loss":0,"event_name":"N\u0027loth","floor":19,"gold_loss":0},{"damage_healed":0,"gold_gain":99,"player_choice":"Stole From Cult","damage_taken":0,"max_hp_gain":0,"max_hp_loss":0,"event_name":"Nest","floor":22,"gold_loss":0},{"damage_healed":26,"gold_gain":0,"player_choice":"Heal","damage_taken":0,"max_hp_gain":0,"max_hp_loss":0,"event_name":"The Library","floor":25,"gold_loss":0},{"cards_removed":["Defend_R"],"damage_healed":0,"gold_gain":0,"player_choice":"Gave Gold","damage_taken":0,"max_hp_gain":0,"max_hp_loss":0,"event_name":"Beggar","floor":28,"gold_loss":75}],"is_beta":false,"boss_relics":[{"not_picked":["Snecko Eye","Fusion Hammer"],"picked":"Black Blood"}],"items_purged_floors":[30],"is_endless":false,"potions_floor_spawned":[6,8,12,20,21,24,29],"killed_by":"Collector","ascension_level":12}}