{"host":"1lxw72ckkilnkgp7","time":1613913941,"event":{"mods":["ATMod(阿瑾Mod)","BaseMod","BetterRewards","Custom Start","Marisa（F雨　魔理沙）","Minty Spire (QoL Compilation)","Quick Restart","Replay The Spire","Shop Mod","StSLib","The Servant 0.9.4","[IsaacMod]以撒尖塔","[功能]功能增强和修复MOD"],"gold_per_floor":[35,91,91,91,153,311,720,874,874,1024,1024,1174,1174,1242,1242,1496,1496,1537,1537,1630,1697,1637,1796,1996,2151,2151,2195,2397,2397,2432,2501,2501,2905,2905,2946,2867,2867,2867,2721,2877,3081,3232,3309,3232,3232,3317,3317,3470,3525,3775],"floor_reached":51,"language":"ZHS","playtime":800,"items_purged":["Voices"],"score":1800,"play_id":"f85c5c27-e232-4fc1-bb20-8c98f8baac5e","local_time":"20210221212541","daily_mods":["Heirloom","Flight"],"is_ascension_mode":false,"campfire_choices":[{"floor":32,"key":"DIG"}],"circlet_count":0,"master_deck":["Omega+1","Shrug It Off+1","Shrug It Off+1","Pommel Strike+1","Pommel Strike+1"],"relics":["Burning Blood","AT_ATBox","HushsDoor","KeepersGift","AT_Manta","Ice Cream","Yang","Medical Kit","Nunchaku","Coffee Dripper","Another Sword","Calipers","ReplayTheSpireMod:Ninjato","Sundial","GuppysHead","GuppysTail","GuppysPaw","BFFS","DeadEye","Ornamental Fan","TheAbacus","AT_ChloranthyRing","MoneyPower","Fusion Hammer","Philosopher\u0027s Stone","Kunai","EctoplasmExtend","Replay:Baseball","AT_MibuBalloonWealth","Bag of Marbles","Shuriken","AT_TheCollector","Ginger","Replay:WaspNest","SatanicBible","BookOfRevelations","MoneyPower","Strawberry","Smiling Mask","Bag of Preparation","ReplayTheSpireMod:CursedCoin","SlaversCollar","Omamori","Mirror","HornCleat","EdensBlessing","HowToJump","AT_DeathDance","Black Star","Potion Belt","Mango","Blue Doll","AT_SunfireAegis","TheBean","Singing Bowl","Leech","Meat on the Bone","Lantern","White Beast Statue","Mercury Hourglass"],"acts_visited":["Exordium","TheCity","TheBeyond"],"potions_floor_usage":[],"damage_taken":[{"damage":0,"enemies":"Jaw Worm","floor":1,"turns":1},{"damage":0,"enemies":"2 Louse","floor":5,"turns":1},{"damage":0,"enemies":"Lagavulin","floor":6,"turns":1},{"damage":0,"enemies":"3 Sentries","floor":7,"turns":1},{"damage":0,"enemies":"Lagavulin","floor":8,"turns":1},{"damage":0,"enemies":"Replay:BlueRogue","floor":10,"turns":1},{"damage":0,"enemies":"Lagavulin","floor":12,"turns":1},{"damage":0,"enemies":"Fading Forest","floor":16,"turns":2},{"damage":0,"enemies":"Shell Parasite","floor":18,"turns":1},{"damage":0,"enemies":"3 Byrds","floor":20,"turns":1},{"damage":0,"enemies":"Centurion and Healer","floor":21,"turns":1},{"damage":0,"enemies":"Book of Stabbing","floor":23,"turns":1},{"damage":0,"enemies":"Slavers","floor":24,"turns":1},{"damage":0,"enemies":"Book of Stabbing","floor":25,"turns":1},{"damage":0,"enemies":"Snake Plant","floor":27,"turns":1},{"damage":0,"enemies":"Slavers","floor":28,"turns":1},{"damage":0,"enemies":"Snecko","floor":30,"turns":1},{"damage":0,"enemies":"Chosen and Byrds","floor":31,"turns":1},{"damage":0,"enemies":"Pondfish","floor":33,"turns":2},{"damage":0,"enemies":"Orb Walker","floor":35,"turns":1},{"damage":0,"enemies":"R_Hoarder","floor":40,"turns":1},{"damage":0,"enemies":"Reptomancer","floor":41,"turns":1},{"damage":0,"enemies":"R_Hoarder","floor":42,"turns":1},{"damage":0,"enemies":"3 Shapes","floor":46,"turns":1},{"damage":0,"enemies":"Nemesis","floor":48,"turns":1},{"damage":0,"enemies":"Donu and Deca","floor":50,"turns":1}],"seed_played":"3625483830795969491","potions_obtained":[{"floor":16,"key":"ElixirPotion"},{"floor":31,"key":"DistilledChaos"},{"floor":33,"key":"HeartOfIron"},{"floor":40,"key":"DuplicationPotion"},{"floor":40,"key":"EssenceOfSteel"}],"is_trial":true,"path_per_floor":["M","?","$","?","M","E","E","E","T","E","R","E","R","$","R","B",null,"M","?","M","M","?","E","E","E","T","M","E","$","M","M","R","B",null,"M","$","?","?","$","E","E","E","T","$","$","M","R","E","R","B",null],"character_chosen":"IRONCLAD","items_purchased":["Bag of Preparation","ReplayTheSpireMod:CursedCoin","Potion Belt","Mango","Lantern"],"campfire_rested":0,"item_purchase_floors":[14,14,36,39,44],"current_hp_per_floor":[80,80,80,80,80,80,80,80,80,87,87,87,87,87,87,87,87,87,87,87,87,87,87,87,87,87,87,87,87,87,87,87,87,87,87,87,87,87,101,101,103,105,105,105,105,107,107,109,109,109],"gold":3775,"neow_bonus":"","is_daily":false,"chose_seed":false,"campfire_upgraded":0,"win_rate":0.0,"timestamp":1613913941,"path_taken":["M","?","$","?","?","E","E","E","T","E","R","E","R","?","R","BOSS","M","?","?","?","?","E","E","E","T","?","E","$","?","?","R","BOSS","M","$","?","?","$","E","E","E","T","$","$","?","R","E","R","BOSS"],"items_purchased_type":["Relic","Relic","Relic","Relic","Relic"],"build_version":"2020-12-22","purchased_purges":1,"victory":true,"max_hp_per_floor":[80,80,80,80,80,80,80,80,80,87,87,87,87,87,87,87,87,87,87,87,87,87,87,87,87,87,87,87,87,87,87,87,87,87,87,87,87,87,101,101,103,105,105,105,105,107,107,109,109,109],"card_choices":[{"not_picked":["Cleave","Eclipse","Warcry"],"picked":"SKIP","floor":1},{"not_picked":["Entrench","AT_BodySlamDance","Havoc"],"picked":"SKIP","floor":5},{"not_picked":["Replay:Undeath\u0027s Touch","Heavy Blade","Defy Death"],"picked":"SKIP","floor":6},{"not_picked":["Perfected Strike","AT_ShrugMaster","Life Link"],"picked":"SKIP","floor":7},{"not_picked":["Sword Boomerang","Battle Trance","Run Through"],"picked":"SKIP","floor":8},{"not_picked":["ReplayTheSpireMod:Stacked","Sever Soul","Sword Boomerang"],"picked":"SKIP","floor":10},{"not_picked":["Battle Trance","Run Through","Feel No Pain"],"picked":"SKIP","floor":12},{"not_picked":["Run Through+1","Battle Trance+1","Life Link"],"picked":"SKIP","floor":18},{"not_picked":["Life Link+1","Warcry","Reckless Charge"],"picked":"SKIP","floor":20},{"not_picked":["Bloodletting+1","Pommel Strike","Seeing Red"],"picked":"SKIP","floor":21},{"not_picked":["Wild Strike","Perfected Strike","Armaments"],"picked":"SKIP","floor":23},{"not_picked":["Combust","AT_CaressingTears+1","Clothesline"],"picked":"SKIP","floor":24},{"not_picked":["Perfected Strike","Juggernaut","Havoc+1"],"picked":"SKIP","floor":25},{"not_picked":["Havoc","Iron Wave","Intimidate+1"],"picked":"SKIP","floor":27},{"not_picked":["Reckless Charge+1","Warcry","Life Link"],"picked":"SKIP","floor":28},{"not_picked":["Carnage","Body Slam+1","Flex"],"picked":"SKIP","floor":30},{"not_picked":["AT_IchimonjiDouble","Warcry","Iron Wave"],"picked":"SKIP","floor":31},{"not_picked":["Heavy Blade+1","Evolve","Havoc+1"],"picked":"SKIP","floor":35},{"not_picked":["Infernal Blade+1","AT_ShrugMaster+1","Armaments"],"picked":"SKIP","floor":40},{"not_picked":["Shrug It Off+1","AT_BodySlamDance+1","Pommel Strike"],"picked":"Singing Bowl","floor":41},{"not_picked":["AT_ShrugMaster+1","Flex+1","AT_DiedThrough+1"],"picked":"Singing Bowl","floor":42},{"not_picked":["AT_DiedThrough+1","Dropkick","Massacre"],"picked":"Singing Bowl","floor":46},{"not_picked":["Sword Boomerang","AT_IchimonjiDouble","Armaments"],"picked":"Singing Bowl","floor":48}],"player_experience":149589,"relics_obtained":[{"floor":4,"key":"Ginger"},{"floor":6,"key":"Replay:WaspNest"},{"floor":7,"key":"SatanicBible"},{"floor":8,"key":"BookOfRevelations"},{"floor":10,"key":"Strawberry"},{"floor":12,"key":"Smiling Mask"},{"floor":23,"key":"Omamori"},{"floor":24,"key":"Mirror"},{"floor":25,"key":"HornCleat"},{"floor":26,"key":"EdensBlessing"},{"floor":28,"key":"HowToJump"},{"floor":32,"key":"AT_DeathDance"},{"floor":40,"key":"Blue Doll"},{"floor":40,"key":"AT_SunfireAegis"},{"floor":41,"key":"TheBean"},{"floor":41,"key":"Singing Bowl"},{"floor":42,"key":"Leech"},{"floor":42,"key":"Meat on the Bone"},{"floor":48,"key":"White Beast Statue"},{"floor":48,"key":"Mercury Hourglass"}],"event_choices":[{"damage_healed":0,"gold_gain":56,"player_choice":"Gained Gold","damage_taken":0,"max_hp_gain":0,"max_hp_loss":0,"event_name":"Golden Wing","floor":2,"gold_loss":0},{"damage_healed":0,"gold_gain":0,"player_choice":"Relic","damage_taken":0,"max_hp_gain":0,"max_hp_loss":0,"event_name":"Wheel of Change","floor":4,"gold_loss":0},{"damage_healed":0,"gold_gain":0,"player_choice":"Memory 1","damage_taken":0,"max_hp_gain":0,"max_hp_loss":0,"event_name":"SensoryStone","floor":37,"gold_loss":0},{"damage_healed":0,"gold_gain":0,"player_choice":"Ignored","damage_taken":0,"max_hp_gain":0,"max_hp_loss":0,"event_name":"Tomb of Lord Red Mask","floor":38,"gold_loss":0}],"is_beta":false,"boss_relics":[{"not_picked":["Mark of Pain","Replay:Drink Me"],"picked":"SlaversCollar"},{"not_picked":[]},{"not_picked":["Runic Pyramid","AT_MortalBlade"],"picked":"Black Star"},{"not_picked":[]}],"items_purged_floors":[14],"is_endless":false,"potions_floor_spawned":[5,6,6,6,7,10,10,10,16,20,21,23,23,23,24,24,25,27,27,27,30,30,31,33,33,35,40,40,41,42,42,46,46],"ascension_level":0}}