{"host":"cmyud3of70k6t1eo","time":1613917816,"event":{"mods":["BaseMod","Downfall","Infinite Spire","Minty Spire (QoL Compilation)","Morshu Shopkeeper","Morshu Shopkeeper - ENHANCED","Quick Restart","StSLib","The Blue Laboratory","UnlockEverythingMod","Wide Potions"],"gold_per_floor":[99,112,112,130,144,154,154,154,12,12,0,20,50,63,79,79,79,79],"floor_reached":16,"language":"ENG","playtime":2673,"items_purged":[],"score":104,"play_id":"d67e113f-5d55-442a-aa8c-3939db5e16aa","local_time":"20210221093016","is_ascension_mode":false,"campfire_choices":[{"floor":1,"key":"RECALL"},{"data":"Guardian:EvasiveProtocol","floor":10,"key":"SMITH"}],"circlet_count":0,"master_deck":["Guardian:Strike_Guardian","Guardian:Strike_Guardian","Guardian:Strike_Guardian","Guardian:Strike_Guardian","Guardian:Defend_Guardian","Guardian:Defend_Guardian","Guardian:Defend_Guardian","Guardian:Defend_Guardian","Guardian:CurlUp","Guardian:TwinSlam","Deep Breath","Guardian:SentryBeam","Guardian:PiercingHide","Guardian:TemporalStrike","Guardian:EvasiveProtocol+1","Guardian:ChargeCore","Guardian:PrismaticBeam","Guardian:Reroute","Guardian:FloatingOrbs","Guardian:DecasProtection","Guardian:Gem_Cyan"],"relics":["Guardian:ModeShifter","Mango","Shovel"],"acts_visited":["Exordium"],"potions_floor_usage":[],"damage_taken":[{"damage":8,"enemies":"Small Slimes","floor":2,"turns":3},{"damage":8,"enemies":"Jaw Worm","floor":4,"turns":4},{"damage":6,"enemies":"2 Louse","floor":5,"turns":2},{"damage":8,"enemies":"Lots of Slimes","floor":6,"turns":5},{"damage":4,"enemies":"downfall:FleeingMerchant","floor":9,"turns":4},{"damage":0,"enemies":"downfall:FleeingMerchant","floor":11,"turns":4},{"damage":7,"enemies":"downfall:LooterAlt","floor":12,"turns":5},{"damage":18,"enemies":"Lagavulin","floor":13,"turns":12},{"damage":10,"enemies":"Exordium Thugs","floor":14,"turns":4},{"damage":7,"enemies":"Red Slaver","floor":15,"turns":3},{"damage":18,"enemies":"SI_SHIV_ARCHETYPE","floor":16,"turns":8}],"seed_played":"7091254679063981921","potions_obtained":[{"floor":2,"key":"blueLaboratory:FruitPreserves"},{"floor":12,"key":"Fire Potion"},{"floor":13,"key":"blueLaboratory:ForbiddenFruitJuice"}],"is_trial":false,"path_per_floor":["R","M","?","M","M","M","T","?","$","R","$","M","E","M","M","B"],"character_chosen":"GUARDIAN","items_purchased":["Guardian:EvasiveProtocol","Guardian:ChargeCore"],"campfire_rested":0,"item_purchase_floors":[9,9],"current_hp_per_floor":[80,72,72,64,58,50,64,64,60,60,60,53,35,25,18,0,0,0],"gold":79,"neow_bonus":"RANDOM_COLORLESS","is_daily":false,"chose_seed":false,"campfire_upgraded":1,"win_rate":0.0,"timestamp":1613917816,"path_taken":["R","M","?","M","M","M","T","?","$","R","?","M","E","M","M","BOSS"],"items_purchased_type":["Card","Card"],"build_version":"2020-12-22","purchased_purges":0,"victory":false,"max_hp_per_floor":[80,80,80,80,80,80,94,94,94,94,94,94,94,94,94,94,94,94],"card_choices":[{"not_picked":["Good Instincts","Enlightenment"],"picked":"Deep Breath","floor":0},{"not_picked":["Guardian:Gem_Cyan","Guardian:PiercingHide"],"picked":"Guardian:SentryBeam","floor":2},{"not_picked":["Guardian:TemporalStrike","Guardian:BronzeArmor"],"picked":"Guardian:Gem_Green","floor":4},{"not_picked":["Guardian:Reroute","Guardian:Gem_Lightblue"],"picked":"Guardian:PiercingHide","floor":5},{"not_picked":["Guardian:RollAttack","Guardian:Gem_Green"],"picked":"Guardian:TemporalStrike","floor":6},{"not_picked":["Guardian:Gem_White","Guardian:Gem_Cyan"],"picked":"Guardian:Gem_Synthetic","floor":9},{"not_picked":["Guardian:BronzeArmor","Guardian:Clone"],"picked":"Guardian:PrismaticBeam","floor":11},{"not_picked":["Guardian:Repulse","Guardian:WalkerClaw"],"picked":"Guardian:Reroute","floor":12},{"not_picked":["Guardian:PrismaticBarrier","Guardian:Suspension"],"picked":"Guardian:FloatingOrbs","floor":13},{"not_picked":["Guardian:RollAttack","Guardian:ShieldCharger"],"picked":"Guardian:DecasProtection","floor":14},{"not_picked":["Guardian:Gem_Cyan","Guardian:PrismaticBeam","Guardian:Planning"],"picked":"SKIP","floor":15},{"not_picked":["Guardian:PrismaticBeam","Guardian:Planning"],"picked":"Guardian:Gem_Cyan","floor":15}],"player_experience":150697,"relics_obtained":[{"floor":7,"key":"Mango"},{"floor":13,"key":"Shovel"}],"event_choices":[{"damage_healed":0,"gold_gain":0,"player_choice":"Fled","damage_taken":0,"max_hp_gain":0,"max_hp_loss":0,"event_name":"Scrap Ooze","floor":8,"gold_loss":0}],"is_beta":false,"boss_relics":[],"items_purged_floors":[],"is_endless":false,"potions_floor_spawned":[2,12,13,15],"killed_by":"SI_SHIV_ARCHETYPE","ascension_level":0}}