{"host":"pjjzz70vl4t83ifx","time":1613932362,"event":{"mods":["AchievementEnabler","BaseMod","Card Forge","Colored Map","Colored Powertips","Highlight Path","Infinite Spire","Minty Spire (QoL Compilation)","Permanent Neow","Practice Mode","Rare Cards Sparkle","Relic Stats","StSLib","Synergy Search"],"gold_per_floor":[110,130,130,208,234,234,234,234],"floor_reached":7,"language":"ENG","playtime":187,"items_purged":[],"score":49,"play_id":"636b9465-3125-4bfb-ac3e-2597b4409598","local_time":"20210221103242","is_ascension_mode":true,"campfire_choices":[{"data":"infinitespire:FutureSight","floor":6,"key":"SMITH"}],"circlet_count":0,"master_deck":["Strike_B","Strike_B","Strike_B","Strike_B","Defend_B","Defend_B","Defend_B","Zap","Dualcast+1","Creative AI","Go for the Eyes","Leap+1","infinitespire:FutureSight+1"],"relics":["Cracked Core","Hammer of Thor","Seething Fire","Anvil of the Gods","Question Card","War Paint"],"acts_visited":["Exordium"],"potions_floor_usage":[2],"damage_taken":[{"damage":0,"enemies":"Small Slimes","floor":1,"turns":4},{"damage":9,"enemies":"Jaw Worm","floor":2,"turns":4},{"damage":36,"enemies":"Gremlin Nob","floor":7,"turns":4}],"seed_played":"-348123864672510517","potions_obtained":[{"floor":2,"key":"Fruit Juice"}],"is_trial":false,"path_per_floor":["M","M","?","T","T","R","E"],"character_chosen":"DEFECT","items_purchased":[],"campfire_rested":0,"item_purchase_floors":[],"current_hp_per_floor":[54,50,29,29,29,29,0,0],"gold":234,"neow_bonus":"THREE_RARE_CARDS","is_daily":false,"chose_seed":false,"campfire_upgraded":1,"win_rate":0.0,"timestamp":1613932362,"path_taken":["M","M","?","?","?","R","E"],"items_purchased_type":[],"build_version":"2020-12-22","purchased_purges":0,"victory":false,"max_hp_per_floor":[75,80,80,80,80,80,80,80],"relic_stats":{"counters":[3,12],"War Paint":["Leap","Dualcast"],"Question Card":0,"obtain_stats":[{"Anvil of the Gods":0,"Hammer of Thor":0,"Seething Fire":0,"War Paint":5,"Cracked Core":0,"Question Card":4},{"Anvil of the Gods":0,"Hammer of Thor":0,"Seething Fire":0,"War Paint":2,"Cracked Core":0,"Question Card":2},{"Anvil of the Gods":0,"Hammer of Thor":0,"Seething Fire":0,"War Paint":8,"Cracked Core":0,"Question Card":8}]},"card_choices":[{"not_picked":["Meteor Strike","Rainbow"],"picked":"Creative AI","floor":0},{"not_picked":["Rebound","Skim"],"picked":"Go for the Eyes","floor":1},{"not_picked":["Go for the Eyes","Stack"],"picked":"Leap","floor":2},{"not_picked":["infinitespire:SevenWalls","infinitespire:Fortify"],"picked":"infinitespire:FutureSight","floor":3}],"player_experience":256003,"relics_obtained":[{"floor":4,"key":"Question Card"},{"floor":5,"key":"War Paint"}],"event_choices":[],"is_beta":false,"boss_relics":[],"items_purged_floors":[],"is_endless":false,"potions_floor_spawned":[2],"killed_by":"Gremlin Nob","ascension_level":5}}