{"host":"3c8ytfy490czj03c","time":1613886948,"event":{"mods":["BaseMod","Downfall","Minty Spire (QoL Compilation)","StSLib"],"gold_per_floor":[114,114,131,131,81,81,112,128,128,128,151,171,171,192,192,321,321,341,85,0,16,30,30,65,65,65,15,42,42,63,88,88,212,275,294,294,0,0,25,25,25,56,56,70,70,85,85,22,22,22,22],"floor_reached":50,"language":"ENG","playtime":3261,"items_purged":["Strike_P","Strike_P","Pain"],"score":565,"play_id":"7a78b0db-9d77-4139-ad62-9b0231f82663","local_time":"20210220215548","is_ascension_mode":false,"campfire_choices":[{"data":"Eruption","floor":6.0,"key":"SMITH"},{"data":"BattleHymn","floor":10.0,"key":"SMITH"},{"data":"Vigilance","floor":15.0,"key":"SMITH"},{"data":"Wallop","floor":23.0,"key":"SMITH"},{"floor":25.0,"key":"REST"},{"floor":29.0,"key":"REST"},{"floor":32.0,"key":"REST"},{"floor":40,"key":"REST"},{"floor":45,"key":"REST"},{"floor":47,"key":"REST"},{"floor":49,"key":"REST"}],"circlet_count":0,"master_deck":["Defend_P","Defend_P+1","Defend_P+1","Eruption+1","Vigilance+1","WheelKick","FollowUp","BattleHymn+1","Wallop+1","Brilliance","FollowUp","FearNoEvil+1","Pray+1","Evaluate","Devotion+1","FollowUp","FollowUp","Swivel+1"],"relics":["PureWater","Golden Idol","Mummified Hand","Bottled Lightning","VioletLotus","Membership Card","War Paint","Blue Candle","Frozen Egg 2","Blood Vial","Tiny House","Red Mask","WarpedTongs","Vajra","HornCleat"],"acts_visited":["TheBeyond"],"potions_floor_usage":[35,44,46,50],"damage_taken":[{"damage":8.0,"enemies":"Jaw Worm","floor":1.0,"turns":4.0},{"damage":2.0,"enemies":"Small Slimes","floor":3.0,"turns":2.0},{"damage":0.0,"enemies":"Lagavulin","floor":7.0,"turns":3.0},{"damage":1.0,"enemies":"2 Louse","floor":8.0,"turns":2.0},{"damage":11.0,"enemies":"2 Fungi Beasts","floor":11.0,"turns":2.0},{"damage":21.0,"enemies":"Lots of Slimes","floor":12.0,"turns":4.0},{"damage":0.0,"enemies":"Blue Slaver","floor":14.0,"turns":2.0},{"damage":4.0,"enemies":"Slime Boss","floor":16.0,"turns":4.0},{"damage":0.0,"enemies":"Chosen","floor":18.0,"turns":3.0},{"damage":0.0,"enemies":"2 Thieves","floor":21.0,"turns":2.0},{"damage":15.0,"enemies":"Centurion and Healer","floor":22.0,"turns":3.0},{"damage":66.0,"enemies":"Gremlin Leader","floor":24.0,"turns":6.0},{"damage":25.0,"enemies":"Shelled Parasite and Fungi","floor":30.0,"turns":3.0},{"damage":18.0,"enemies":"Snake Plant","floor":31.0,"turns":5.0},{"damage":14,"enemies":"Champ","floor":33,"turns":8},{"damage":28,"enemies":"3 Shapes","floor":35,"turns":4},{"damage":20,"enemies":"Orb Walker","floor":39,"turns":4},{"damage":45,"enemies":"Reptomancer","floor":42,"turns":4},{"damage":16,"enemies":"3 Darklings","floor":44,"turns":4},{"damage":23,"enemies":"Sphere and 2 Shapes","floor":46,"turns":5},{"damage":86,"enemies":"Awakened One","floor":50,"turns":10}],"seed_played":"90189495182790548","potions_obtained":[{"floor":8.0,"key":"Energy Potion"},{"floor":11.0,"key":"AttackPotion"},{"floor":12.0,"key":"EssenceOfSteel"},{"floor":14.0,"key":"Weak Potion"},{"floor":16.0,"key":"FearPotion"},{"floor":18.0,"key":"LiquidBronze"},{"floor":33,"key":"hexamod:SoulburnPotion"},{"floor":34,"key":"Strength Potion"},{"floor":35,"key":"SteroidPotion"},{"floor":44,"key":"hexamod:SoulburnPotion"},{"floor":46,"key":"SteroidPotion"}],"is_trial":false,"path_per_floor":["M","?","M","?","?","R","E","M","T","R","M","M","?","M","R","B",null,"M","$","?","M","M","R","E","R","T","$","T","R","M","M","R","B",null,"M","?","?","?","M","R","$","E","T","M","R","M","R","$","R","B"],"character_chosen":"WATCHER","items_purchased":["Membership Card","FollowUp"],"campfire_rested":7,"item_purchase_floors":[19,19],"current_hp_per_floor":[71,71,69,50,50,50,50,49,49,49,38,17,89,89,89,85,89,89,89,89,89,74,74,8,34,34,34,34,60,37,21,47,35,94,66,66,66,66,48,76,76,33,33,19,47,26,54,54,82,0,0],"gold":22,"neow_bonus":"TEN_PERCENT_HP_BONUS","is_daily":false,"chose_seed":false,"campfire_upgraded":4,"win_rate":0.0,"timestamp":1613886948,"path_taken":["M","?","M","?","?","R","E","M","T","R","M","M","?","M","R","BOSS","M","?","?","M","M","R","E","R","T","$","?","R","M","M","R","BOSS","M","?","?","?","M","R","$","E","T","?","R","M","R","$","R","BOSS"],"items_purchased_type":["Relic","Card"],"build_version":"2020-12-22","purchased_purges":3,"victory":false,"max_hp_per_floor":[79,79,79,79,79,79,79,79,79,79,79,79,89,89,89,89,89,89,89,89,89,89,89,89,89,89,89,89,89,89,89,89,89,94,94,94,94,94,94,94,94,94,94,94,94,94,94,94,94,94,94],"card_choices":[{"not_picked":["Halt","FlyingSleeves"],"picked":"WheelKick","floor":1.0},{"not_picked":["JustLucky","Crescendo"],"picked":"FollowUp","floor":3.0},{"not_picked":["Pray","FlurryOfBlows"],"picked":"ConjureBlade","floor":7.0},{"not_picked":["Worship","Protect"],"picked":"BattleHymn","floor":8.0},{"not_picked":["Evaluate","CrushJoints","InnerPeace"],"picked":"SKIP","floor":11.0},{"not_picked":["FlyingSleeves","Vengeance"],"picked":"Wallop","floor":12.0},{"not_picked":["FlyingSleeves","Study","Tantrum"],"picked":"SKIP","floor":14.0},{"not_picked":["Scrawl","Vault"],"picked":"Brilliance","floor":16.0},{"not_picked":["Protect","PathToVictory+1","Halt"],"picked":"SKIP","floor":18.0},{"not_picked":["Crescendo","WreathOfFlame+1","JustLucky"],"picked":"SKIP","floor":21.0},{"not_picked":["ThirdEye","Swivel"],"picked":"FearNoEvil","floor":22.0},{"not_picked":["ClearTheMind+1","Tantrum"],"picked":"Pray+1","floor":24.0},{"not_picked":["Sanctity","Consecrate"],"picked":"Evaluate","floor":30.0},{"not_picked":["PathToVictory","Fasting2+1","Halt"],"picked":"SKIP","floor":31.0},{"not_picked":["Brilliance","Establishment+1"],"picked":"Devotion+1","floor":33},{"not_picked":["SashWhip+1","JustLucky","BowlingBash"],"picked":"SKIP","floor":35},{"not_picked":["PathToVictory+1","ThirdEye+1"],"picked":"FollowUp","floor":39},{"not_picked":["MentalFortress+1","CutThroughFate+1"],"picked":"FollowUp","floor":42},{"not_picked":["Fasting2+1","EmptyFist+1","Halt+1"],"picked":"SKIP","floor":44},{"not_picked":["TalkToTheHand","ThirdEye"],"picked":"Swivel+1","floor":46}],"player_experience":199603,"relics_obtained":[{"floor":7.0,"key":"Mummified Hand"},{"floor":9.0,"key":"Bottled Lightning"},{"floor":24.0,"key":"Blue Candle"},{"floor":26.0,"key":"Frozen Egg 2"},{"floor":28.0,"key":"Blood Vial"},{"floor":42,"key":"Vajra"},{"floor":43,"key":"HornCleat"}],"event_choices":[{"cards_removed":["Defend_P"],"damage_healed":0.0,"max_hp_gain":0.0,"max_hp_loss":0.0,"gold_gain":0.0,"event_name":"Living Wall","player_choice":"Forget","floor":2.0,"gold_loss":0.0,"damage_taken":0.0},{"damage_healed":0.0,"max_hp_gain":0.0,"max_hp_loss":0.0,"gold_gain":0.0,"event_name":"Golden Idol","player_choice":"Take Damage","floor":4.0,"gold_loss":0.0,"damage_taken":19.0,"relics_obtained":["Golden Idol"]},{"cards_removed":["Strike_P"],"damage_healed":0.0,"max_hp_gain":0.0,"max_hp_loss":0.0,"gold_gain":0.0,"event_name":"The Cleric","player_choice":"Card Removal","floor":5.0,"gold_loss":50.0,"damage_taken":0.0},{"cards_removed":["ConjureBlade"],"damage_healed":62.0,"max_hp_gain":10.0,"max_hp_loss":0.0,"gold_gain":0.0,"event_name":"Bonfire Elementals","player_choice":"Offered Rare","floor":13.0,"gold_loss":0.0,"damage_taken":0.0},{"damage_healed":0.0,"max_hp_gain":0.0,"max_hp_loss":0.0,"gold_gain":0.0,"event_name":"Addict","player_choice":"Obtained Relic","floor":20.0,"gold_loss":85.0,"damage_taken":0.0,"relics_obtained":["War Paint"]},{"cards_removed":["Strike_P"],"damage_healed":0,"gold_gain":0,"player_choice":"Removed Attack","damage_taken":0,"max_hp_gain":0,"max_hp_loss":0,"event_name":"Falling","floor":36,"gold_loss":0},{"damage_healed":0,"gold_gain":0,"player_choice":"Paid","damage_taken":0,"relics_obtained":["Red Mask"],"max_hp_gain":0,"max_hp_loss":0,"event_name":"Tomb of Lord Red Mask","floor":37,"gold_loss":294},{"damage_healed":0,"gold_gain":0,"player_choice":"Rummage","damage_taken":0,"relics_obtained":["WarpedTongs"],"max_hp_gain":0,"max_hp_loss":0,"event_name":"Accursed Blacksmith","floor":38,"gold_loss":0,"cards_obtained":["Pain"]}],"is_beta":false,"boss_relics":[{"not_picked":["Busted Crown","Philosopher\u0027s Stone"],"picked":"VioletLotus"},{"not_picked":["Sozu","Velvet Choker"],"picked":"Tiny House"}],"items_purged_floors":[19,27,48],"is_endless":false,"potions_floor_spawned":[8,11,12,14,16,18,21,33,35,44,46],"killed_by":"Awakened One","ascension_level":0}}