{"host":"nsiiwrl41ak9l0n5","time":1613895275,"event":{"mods":["Act Like it!","BaseMod","Better Altar","Better Match","Better Note","Better Sensory Stone","Better Skull","BetterRewards","Colored Map","Colored Powertips","Downfall","Emptier Cage","GifTheSpireLib","HexUI Lib","Highlight Path","MarisaÅiñ∂âJÅ@ñÇóùçπÅj","Minty Spire (QoL Compilation)","Permanent Neow","Quick Restart","Rare Cards Sparkle","Relic Sorter","Ruina","SacredBarkPlus","StSLib","The Cursed","The Servant 0.9.4"],"gold_per_floor":[99,110,128,128,128,128,128,148,148,164,34,34,49,49,68,169,169,169,182,196,296,316,336,388,388,402,43,43,43,43,43,62,161,161,161,181,181,231,243,243,243,260,91,91,111,111,127,159,179,179],"floor_reached":51,"language":"ENG","playtime":5310,"items_purged":[],"score":796,"play_id":"3bc8d6d8-9a00-4fb0-ad11-2eca319ae62d","local_time":"20210221181435","is_ascension_mode":false,"campfire_choices":[{"data":"sneckomod:MorePower","floor":6,"key":"SMITH"},{"data":"sneckomod:UnknownRarePower","floor":18,"key":"SMITH"},{"floor":25,"key":"REST"},{"floor":28,"key":"REST"},{"data":"sneckomod:UnlimitedRolls","floor":35,"key":"SMITH"},{"floor":40,"key":"REST"},{"data":"sneckomod:MasterEye","floor":44,"key":"SMITH"},{"data":"ruina:CobaltScar","floor":46,"key":"SMITH"}],"circlet_count":0,"master_deck":["sneckomod:Strike","sneckomod:Strike","sneckomod:Defend","sneckomod:Defend+1","sneckomod:TailWhip","sneckomod:SnekBite","sneckomod:Unknown","sneckomod:MorePower+1","Die Die Die","sneckomod:UnknownRareSkill+1","sneckomod:UnknownWeak","sneckomod:Unknown2Cost+1","sneckomod:UnknownBlock","sneckomod:DiceCrush+1","sneckomod:UnknownRareSkill+1","sneckomod:MasterEye+1","sneckomod:UnknownUncommonPower","sneckomod:UnknownCommonSkill+1","ruina:GoldRush+1","sneckomod:UnknownCommonAttack","sneckomod:UnknownBlock+1","sneckomod:UnknownRarePower+1","sneckomod:UnknownRarePower+1","sneckomod:UnendingSupply+1","sneckomod:Unknown3Cost+1","sneckomod:UnknownRarePower+1","sneckomod:UnknownClassGREEN+1","sneckomod:Unknown3Cost","sneckomod:UnknownRarePower+1","sneckomod:UnknownUncommonSkill","sneckomod:UnknownRarePower+1","sneckomod:UnknownClassGREEN","expansioncontent:StudyTheSpire+1","sneckomod:Unknown3Cost+1","sneckomod:Unknown3Cost","Doubt","sneckomod:UnknownClassEGO","sneckomod:SerpentIdol","sneckomod:UnlimitedRolls+1","sneckomod:UnknownClassEGO","sneckomod:UnknownClassEGO","sneckomod:UnknownClassEGO","sneckomod:UnknownClassEGO","sneckomod:UnknownClassEGO","ruina:CobaltScar+1","sneckomod:UnknownRareSkill+1","sneckomod:Nope","ruina:Mimicry","ruina:Smile","sneckomod:Unknown1Cost+1","ruina:Mimicry","sneckomod:UnknownUncommonPower+1","sneckomod:DiceCrush+1","ruina:SwordSharpened","sneckomod:UnknownBoss+1","sneckomod:SoulDraw+1","ruina:HomingInstinct","sneckomod:CheapStock+1","ruina:Mimicry","sneckomod:UnknownX+1","ruina:LoveAndHate","sneckomod:Unknown2Cost+1","sneckomod:Unknown2Cost+1","ruina:SwordSharpened"],"relics":["sneckomod:SneckoSoul","HornCleat","SlaversCollar","War Paint","Anchor","sneckomod:SneckoCommon","sneckomod:SneckoBoss","Ginger","Pantograph","Vajra","Incense Burner"],"acts_visited":["Exordium","TheCity","TheBeyond"],"potions_floor_usage":[16,16,16,26,33,33,33,38,43,43,43,50,50,50],"damage_taken":[{"damage":0,"enemies":"2 Louse","floor":2,"turns":3},{"damage":0,"enemies":"Cultist","floor":3,"turns":5},{"damage":0,"enemies":"Jaw Worm","floor":8,"turns":3},{"damage":2,"enemies":"Exordium Thugs","floor":10,"turns":3},{"damage":0,"enemies":"downfall:FleeingMerchant","floor":11,"turns":5},{"damage":5,"enemies":"downfall:LooterAlt","floor":13,"turns":3},{"damage":0,"enemies":"3 Louse","floor":15,"turns":2},{"damage":3,"enemies":"SI_SHIV_ARCHETYPE","floor":16,"turns":6},{"damage":6,"enemies":"Chosen","floor":19,"turns":5},{"damage":28,"enemies":"Shell Parasite","floor":20,"turns":5},{"damage":4,"enemies":"3 Cultists","floor":22,"turns":5},{"damage":15,"enemies":"Chosen and Byrds","floor":23,"turns":4},{"damage":10,"enemies":"Centurion and Healer","floor":26,"turns":7},{"damage":6,"enemies":"downfall:FleeingMerchant","floor":27,"turns":4},{"damage":6,"enemies":"Snake Plant","floor":32,"turns":4},{"damage":55,"enemies":"IC_MUSHROOM_ARCHETYPE","floor":33,"turns":6},{"damage":3,"enemies":"3 Shapes","floor":36,"turns":4},{"damage":64,"enemies":"2 Orb Walkers","floor":38,"turns":5},{"damage":15,"enemies":"Orb Walker","floor":39,"turns":4},{"damage":15,"enemies":"Maw","floor":42,"turns":9},{"damage":1,"enemies":"downfall:FleeingMerchant","floor":43,"turns":4},{"damage":0,"enemies":"Jaw Worm Horde","floor":45,"turns":4},{"damage":40,"enemies":"Transient","floor":47,"turns":5},{"damage":4,"enemies":"Nemesis","floor":48,"turns":6},{"damage":36,"enemies":"4 Shapes","floor":49,"turns":4},{"damage":45,"enemies":"WA_ARCHETYPE_DIVINITY","floor":50,"turns":11}],"seed_played":"-860689642639013319","potions_obtained":[{"floor":8,"key":"SteroidPotion"},{"floor":13,"key":"BlessingOfTheForge"},{"floor":15,"key":"Dexterity Potion"},{"floor":16,"key":"Explosive Potion"},{"floor":20,"key":"bronze:BurnAndBuffPotion"},{"floor":23,"key":"Fire Potion"},{"floor":26,"key":"SneckoOil"},{"floor":39,"key":"SkillPotion"},{"floor":42,"key":"sneckomod:DiceRollPotion"},{"floor":45,"key":"GamblersBrew"},{"floor":48,"key":"Regen Potion"}],"is_trial":false,"path_per_floor":["R","M","M","?","?","R","T","M","?","M","$","R","M","?","M","B",null,"R","M","M","?","M","M","T","R","M","$","R","?","?","T","M","B",null,"R","M","?","?","M","R","T","M","$","R","M","R","M","E","M","B",null],"character_chosen":"THE_SNECKO","items_purchased":["sneckomod:UnknownUncommonPower","sneckomod:UnknownCommonSkill","expansioncontent:StudyTheSpire","Anchor","Vajra"],"campfire_rested":3,"item_purchase_floors":[11,11,27,27,43],"current_hp_per_floor":[90,90,90,90,90,90,90,90,90,88,88,88,83,83,83,80,90,90,84,56,56,52,37,37,64,54,48,75,75,75,75,69,14,90,90,87,87,23,24,51,51,80,90,90,90,90,75,90,60,48],"gold":179,"neow_bonus":"ONE_RANDOM_RARE_CARD","is_daily":false,"chose_seed":false,"campfire_upgraded":5,"win_rate":0.0,"timestamp":1613895275,"path_taken":["R","M","M","?","?","R","T","?","?","M","?","R","M","?","M","BOSS","R","M","M","?","M","?","T","R","M","$","R","?","?","?","M","BOSS","R","M","?","?","M","R","T","?","$","R","M","R","?","E","M","BOSS"],"items_purchased_type":["Card","Card","Card","Relic","Relic"],"build_version":"2020-12-22","purchased_purges":0,"victory":true,"max_hp_per_floor":[90,90,90,90,90,90,90,90,90,90,90,90,90,90,90,90,90,90,90,90,90,90,90,90,90,90,90,90,90,90,90,90,90,90,90,90,90,90,90,90,90,90,90,90,90,90,90,90,90,90],"card_choices":[{"not_picked":["sneckomod:UnknownCommonSkill+1","sneckomod:Unknown2Cost+1"],"picked":"sneckomod:UnknownRareSkill+1","floor":2},{"not_picked":["sneckomod:SnekBeam","sneckomod:SoulDraw"],"picked":"sneckomod:UnknownWeak","floor":2},{"not_picked":["sneckomod:UnknownX+1","sneckomod:UnknownDraw+1"],"picked":"sneckomod:Unknown2Cost+1","floor":3},{"not_picked":["sneckomod:SoulDraw","sneckomod:SnekBeam"],"picked":"sneckomod:UnknownBlock","floor":3},{"not_picked":["sneckomod:SoulRoll","sneckomod:QuickMove"],"picked":"sneckomod:DiceCrush","floor":8},{"not_picked":["sneckomod:UnknownUncommonAttack+1","sneckomod:UnknownDraw+1"],"picked":"sneckomod:UnknownRareSkill+1","floor":10},{"not_picked":["sneckomod:DiceBoulder","sneckomod:RainOfDice","sneckomod:Mudshield"],"picked":"SKIP","floor":10},{"not_picked":["sneckomod:UnknownRareAttack+1","sneckomod:UnknownX+1"],"picked":"sneckomod:Unknown3Cost+1","floor":11},{"not_picked":["sneckomod:DiceCrush","sneckomod:UnknownDraw"],"picked":"sneckomod:MasterEye","floor":11},{"not_picked":["sneckomod:QuickMove","sneckomod:CheapStock"],"picked":"sneckomod:UnknownCommonAttack","floor":13},{"not_picked":["sneckomod:UnknownWeak+1","sneckomod:Unknown0Cost+1"],"picked":"sneckomod:UnknownBlock+1","floor":15},{"not_picked":["sneckomod:QuickMove","sneckomod:QuickBite","sneckomod:IronFang"],"picked":"SKIP","floor":15},{"not_picked":["sneckomod:SoulExchange","sneckomod:DangerNoodle"],"picked":"sneckomod:UnknownRarePower","floor":16},{"not_picked":["sneckomod:Unknown0Cost+1","sneckomod:UnknownClassEGO+1"],"picked":"sneckomod:UnknownRarePower+1","floor":19},{"not_picked":["sneckomod:Nope","sneckomod:WideSting"],"picked":"sneckomod:UnendingSupply+1","floor":19},{"not_picked":["sneckomod:UnknownVulnerable+1","sneckomod:UnknownCommonAttack+1"],"picked":"sneckomod:Unknown3Cost+1","floor":20},{"not_picked":["sneckomod:RainOfDice","sneckomod:QuickBite+1"],"picked":"sneckomod:UnknownExhaust","floor":20},{"not_picked":["sneckomod:UnknownUncommonAttack+1","sneckomod:UnknownExhaust+1"],"picked":"sneckomod:UnknownRarePower+1","floor":22},{"not_picked":["sneckomod:WideSting","sneckomod:QuickBite"],"picked":"sneckomod:UnknownClassGREEN+1","floor":22},{"not_picked":["sneckomod:MasterEye","sneckomod:QuickMove+1"],"picked":"sneckomod:Unknown3Cost","floor":23},{"not_picked":["sneckomod:UnknownUncommonPower+1","sneckomod:UnknownUncommonAttack+1"],"picked":"sneckomod:UnknownRarePower+1","floor":26},{"not_picked":["sneckomod:Nope","sneckomod:SoulDraw"],"picked":"sneckomod:UnknownUncommonSkill","floor":26},{"not_picked":["sneckomod:UnknownUncommonPower+1","sneckomod:UnknownWeak+1"],"picked":"sneckomod:UnknownRarePower+1","floor":27},{"not_picked":["sneckomod:WideSting","sneckomod:Unknown1Cost"],"picked":"sneckomod:UnknownClassGREEN","floor":27},{"not_picked":["sneckomod:UnknownBlock","sneckomod:Unknown1Cost"],"picked":"sneckomod:SerpentIdol","floor":32},{"not_picked":["sneckomod:Restock","sneckomod:Cheat"],"picked":"sneckomod:UnlimitedRolls","floor":33},{"not_picked":["ruina:Smile","ruina:HomingInstinct"],"picked":"ruina:CobaltScar","floor":36},{"not_picked":["sneckomod:UnknownUncommonPower+1","sneckomod:Unknown2Cost+1"],"picked":"sneckomod:UnknownRareSkill+1","floor":36},{"not_picked":["sneckomod:SlitherStrike","sneckomod:WideSting"],"picked":"sneckomod:Nope","floor":36},{"not_picked":["ruina:LoveAndHate","ruina:CrimsonScar"],"picked":"ruina:Mimicry","floor":38},{"not_picked":["ruina:Nihil","ruina:GoldRush"],"picked":"ruina:Smile","floor":39},{"not_picked":["sneckomod:SoulRoll+1","sneckomod:Nope+1"],"picked":"sneckomod:Unknown1Cost+1","floor":39},{"not_picked":["ruina:Nihil","ruina:FadedMemories"],"picked":"ruina:Mimicry","floor":42},{"not_picked":["sneckomod:Unknown1Cost+1","sneckomod:UnknownClassMARISA_COLOR+1"],"picked":"sneckomod:UnknownUncommonPower+1","floor":42},{"not_picked":["sneckomod:UnknownClassEGO","sneckomod:SoulDraw+1"],"picked":"sneckomod:DiceCrush+1","floor":42},{"not_picked":["ruina:Harvest","ruina:Thirst"],"picked":"ruina:SwordSharpened","floor":43},{"not_picked":["sneckomod:UnknownBlock+1","sneckomod:UnknownUncommonSkill+1"],"picked":"sneckomod:UnknownBoss+1","floor":43},{"not_picked":["sneckomod:SnakeSap+1","sneckomod:UnknownClassMARISA_COLOR"],"picked":"sneckomod:SoulDraw+1","floor":43},{"not_picked":["ruina:Lumber","ruina:CrimsonScar"],"picked":"ruina:HomingInstinct","floor":45},{"not_picked":["sneckomod:IronFang","sneckomod:QuickMove+1"],"picked":"sneckomod:CheapStock+1","floor":45},{"not_picked":["ruina:Thirst","ruina:BlindRage"],"picked":"ruina:Mimicry","floor":47},{"not_picked":["sneckomod:ImprovisedAttack+1","sneckomod:UnknownBlock+1"],"picked":"sneckomod:UnknownX+1","floor":47},{"not_picked":["ruina:FalseThrone","ruina:Thirst"],"picked":"ruina:LoveAndHate","floor":48},{"not_picked":["sneckomod:UnknownExhaust+1","sneckomod:UnknownWeak+1"],"picked":"sneckomod:Unknown2Cost+1","floor":48},{"not_picked":["sneckomod:UnknownUncommonAttack","sneckomod:QuickBite"],"picked":"sneckomod:Unknown2Cost+1","floor":48},{"not_picked":["ruina:FadedMemories","ruina:CobaltScar"],"picked":"ruina:SwordSharpened","floor":49},{"not_picked":["sneckomod:UnknownCommonAttack","sneckomod:Nope","sneckomod:Unknown0Cost+1"],"picked":"SKIP","floor":49}],"player_experience":192369,"relics_obtained":[{"floor":7,"key":"HornCleat"},{"floor":24,"key":"War Paint"},{"floor":31,"key":"sneckomod:SneckoCommon"},{"floor":38,"key":"Ginger"},{"floor":41,"key":"Pantograph"},{"floor":48,"key":"Incense Burner"}],"event_choices":[{"damage_healed":0,"gold_gain":0,"player_choice":"Grow","damage_taken":0,"max_hp_gain":0,"max_hp_loss":0,"event_name":"Living Wall","floor":9,"gold_loss":0,"cards_upgraded":["sneckomod:DiceCrush"]},{"cards_removed":["sneckomod:UnknownExhaust"],"damage_healed":0,"gold_gain":0,"player_choice":"Removed Skill","damage_taken":0,"max_hp_gain":0,"max_hp_loss":0,"event_name":"Falling","floor":37,"gold_loss":0},{"damage_healed":0,"gold_gain":0,"player_choice":"Fight","damage_taken":0,"max_hp_gain":0,"max_hp_loss":0,"event_name":"Mysterious Sphere","floor":38,"gold_loss":0}],"is_beta":false,"boss_relics":[{"not_picked":["Tiny House","Sozu"],"picked":"SlaversCollar"},{"not_picked":["bronze:MakeshiftBattery","Empty Cage"],"picked":"sneckomod:SneckoBoss"}],"items_purged_floors":[],"is_endless":false,"potions_floor_spawned":[8,13,15,16,20,23,26,32,39,42,45,48,49],"ascension_level":0}}