{"host":"g5ocrzbvbwpvypv7","time":1613886708,"event":{"mods":["AchievementEnabler","BaseMod","Colored Map","Custom Start","DeckTracker","KOR Keyword Fix","Minty Spire (QoL Compilation)","Rare Cards Sparkle","StSLib","SuperFastMode","everything is the same but u backflip on backflip"],"gold_per_floor":[115,135,145,159,174,208,208,236,261,261,280,280,294,319,319,424,424,438,448,448,183,183,183,193,193,193],"floor_reached":25,"language":"KOR","playtime":897,"items_purged":["Strike_B"],"score":315,"play_id":"ddf93bf8-31e3-487b-8722-05252ef1a996","local_time":"20210221145148","is_ascension_mode":true,"campfire_choices":[{"floor":7.0,"key":"REST"},{"data":"Zap","floor":12.0,"key":"SMITH"},{"floor":15.0,"key":"REST"},{"data":"Defragment","floor":23.0,"key":"SMITH"}],"circlet_count":0,"master_deck":["Strike_B","Strike_B","Defend_B","Defend_B","Defend_B","Zap+1","Dualcast","Rip and Tear","Doom and Gloom","Sweeping Beam","Cold Snap","Capacitor","Storm","Seek","Rainbow","Undo","Skim","FTL","Force Field","Echo Form","Stack+1","Turbo","Defragment+1","White Noise","Coolheaded"],"relics":["Cracked Core","Regal Pillow","Centennial Puzzle","Bronze Scales","Blood Vial","SlaversCollar","Membership Card","Enchiridion"],"acts_visited":["Exordium","TheCity"],"potions_floor_usage":[24],"damage_taken":[{"damage":0.0,"enemies":"Small Slimes","floor":1.0,"turns":2.0},{"damage":6.0,"enemies":"Cultist","floor":2.0,"turns":3.0},{"damage":5.0,"enemies":"2 Louse","floor":3.0,"turns":2.0},{"damage":12.0,"enemies":"Looter","floor":4.0,"turns":3.0},{"damage":11.0,"enemies":"Blue Slaver","floor":5.0,"turns":3.0},{"damage":13.0,"enemies":"3 Sentries","floor":6.0,"turns":3.0},{"damage":36.0,"enemies":"Lagavulin","floor":8.0,"turns":6.0},{"damage":0.0,"enemies":"3 Louse","floor":11.0,"turns":2.0},{"damage":0.0,"enemies":"Looter","floor":13.0,"turns":3.0},{"damage":6.0,"enemies":"Gremlin Nob","floor":14.0,"turns":3.0},{"damage":14.0,"enemies":"The Guardian","floor":16.0,"turns":13.0},{"damage":28.0,"enemies":"Shell Parasite","floor":18.0,"turns":6.0},{"damage":12.0,"enemies":"3 Byrds","floor":19.0,"turns":3.0},{"damage":19,"enemies":"Snake Plant","floor":24,"turns":3},{"damage":0,"enemies":"Shelled Parasite and Fungi","floor":25,"turns":1}],"seed_played":"-6418540203796198874","potions_obtained":[{"floor":1.0,"key":"LiquidMemories"},{"floor":4.0,"key":"Fire Potion"},{"floor":14.0,"key":"Regen Potion"},{"floor":16.0,"key":"ColorlessPotion"}],"is_trial":false,"path_per_floor":["M","M","M","M","M","E","R","E","T","?","M","R","M","E","R","B",null,"M","M","?","$","?","R","M","M"],"character_chosen":"DEFECT","items_purchased":["Membership Card","Defragment","White Noise"],"campfire_rested":2,"item_purchase_floors":[21,21,21],"current_hp_per_floor":[68,62,57,45,34,21,56,20,20,20,20,20,20,14,49,37,60,49,39,39,39,23,23,6,8,8],"gold":193,"neow_bonus":"TRANSFORM_TWO_CARDS","is_daily":false,"chose_seed":false,"campfire_upgraded":2,"win_rate":0.0,"timestamp":1613886708,"path_taken":["M","M","M","M","M","E","R","E","T","?","?","R","M","E","R","BOSS","M","?","?","$","?","R","M","M"],"items_purchased_type":["Relic","Card","Card"],"build_version":"2020-12-22","purchased_purges":1,"victory":false,"max_hp_per_floor":[68,68,68,68,68,68,68,68,68,68,68,68,68,68,68,68,68,68,68,68,68,68,68,68,68,68],"card_choices":[{"not_picked":["Heatsinks","Barrage"],"picked":"Sweeping Beam","floor":1.0},{"not_picked":["Beam Cell","Conserve Battery"],"picked":"Cold Snap","floor":2.0},{"not_picked":["Gash","Rebound"],"picked":"Capacitor","floor":3.0},{"not_picked":["Steam","Rebound"],"picked":"Storm","floor":4.0},{"not_picked":["Chaos","Sweeping Beam","Stack"],"picked":"SKIP","floor":5.0},{"not_picked":["Turbo","Conserve Battery"],"picked":"Seek","floor":6.0},{"not_picked":["Cold Snap","Scrape"],"picked":"Rainbow","floor":8.0},{"not_picked":["Reprogram","Chaos"],"picked":"Skim","floor":11.0},{"not_picked":["Hello World","Cold Snap"],"picked":"FTL","floor":13.0},{"not_picked":["Static Discharge","Streamline"],"picked":"Force Field","floor":14.0},{"not_picked":["Biased Cognition","Seek"],"picked":"Echo Form","floor":16.0},{"not_picked":["Barrage","Doom and Gloom+1"],"picked":"Stack+1","floor":18.0},{"not_picked":["Fusion","Double Energy"],"picked":"Turbo","floor":19.0},{"not_picked":["Rip and Tear","Redo"],"picked":"Coolheaded","floor":24}],"player_experience":359610,"relics_obtained":[{"floor":6.0,"key":"Regal Pillow"},{"floor":8.0,"key":"Centennial Puzzle"},{"floor":9.0,"key":"Bronze Scales"},{"floor":14.0,"key":"Blood Vial"},{"floor":22.0,"key":"Enchiridion"}],"event_choices":[{"damage_healed":0.0,"max_hp_gain":0.0,"max_hp_loss":0.0,"gold_gain":0.0,"event_name":"Match and Keep!","player_choice":"1 cards matched","floor":10.0,"gold_loss":0.0,"damage_taken":0.0,"cards_obtained":["Undo"]},{"damage_healed":0.0,"max_hp_gain":0.0,"max_hp_loss":0.0,"gold_gain":0.0,"event_name":"Vampires","player_choice":"Ignored","floor":20.0,"gold_loss":0.0,"damage_taken":0.0},{"damage_healed":0.0,"max_hp_gain":0.0,"max_hp_loss":0.0,"gold_gain":0.0,"event_name":"Cursed Tome","player_choice":"Obtained Book","floor":22.0,"gold_loss":0.0,"damage_taken":16.0}],"is_beta":false,"boss_relics":[{"not_picked":["Fusion Hammer","Black Star"],"picked":"SlaversCollar"}],"items_purged_floors":[21],"is_endless":false,"potions_floor_spawned":[1,4,14,16],"killed_by":"Shelled Parasite and Fungi","ascension_level":8}}