{"host":"mydft8i2zzydgggw","time":1613901994,"event":{"mods":["AchievementEnabler","BaseMod","Colored Map","Colored Powertips","DeckTracker","Keyboard Shortcuts","Minty Spire (QoL Compilation)","Rare Cards Sparkle","Relic Stats","StSLib","SuperFastMode","Together in Spire","everything is the same but u backflip on backflip"],"gold_per_floor":[119,119,130,130,130,163,163,179,179,200,214,88,88,88,88,88,88],"floor_reached":16,"language":"KOR","playtime":269,"items_purged":["Normality"],"score":160,"play_id":"01dca2fb-983b-4f92-993a-37d845b84e68","local_time":"20210221190634","is_ascension_mode":true,"campfire_choices":[{"data":"Shockwave","floor":7,"key":"SMITH"},{"floor":15,"key":"REST"}],"circlet_count":0,"master_deck":["AscendersBane","Strike_R+1","Strike_R","Strike_R","Strike_R","Strike_R","Defend_R","Defend_R","Defend_R","Defend_R","Bash","Reaper","Shockwave+1","Sword Boomerang","Pommel Strike+1","Thunderclap"],"relics":["Burning Blood","Golden Idol","Mercury Hourglass","White Beast Statue","Bag of Preparation"],"acts_visited":["Exordium"],"potions_floor_usage":[16],"damage_taken":[{"damage":13,"enemies":"Jaw Worm","floor":1,"turns":5},{"damage":0,"enemies":"2 Louse","floor":3,"turns":4},{"damage":47,"enemies":"Gremlin Nob","floor":6,"turns":5},{"damage":4,"enemies":"Small Slimes","floor":8,"turns":2},{"damage":13,"enemies":"Blue Slaver","floor":10,"turns":2},{"damage":13,"enemies":"3 Louse","floor":11,"turns":3},{"damage":67,"enemies":"The Guardian","floor":16,"turns":11}],"seed_played":"1925120087987480308","potions_obtained":[{"floor":6,"key":"Swift Potion"},{"floor":8,"key":"GamblersBrew"}],"is_trial":false,"path_per_floor":["M","?","M","?","?","E","R","M","T","M","M","$","?","?","R","B"],"character_chosen":"IRONCLAD","items_purchased":["Thunderclap"],"campfire_rested":1,"item_purchase_floors":[12],"current_hp_per_floor":[65,65,79,74,79,38,38,48,48,41,42,42,26,14,37,0,0],"gold":88,"neow_bonus":"THREE_RARE_CARDS","is_daily":false,"chose_seed":false,"campfire_upgraded":1,"win_rate":0.0,"timestamp":1613901994,"path_taken":["M","?","M","?","?","E","R","M","T","M","M","?","?","?","R","BOSS"],"items_purchased_type":["Card"],"build_version":"2020-12-22","purchased_purges":1,"victory":false,"max_hp_per_floor":[80,80,80,74,79,79,79,79,79,79,79,79,79,79,79,79,79],"relic_stats":{"counters":[7,32],"Golden Idol":17,"Bag of Preparation":[2],"obtain_stats":[{"Golden Idol":4,"Bag of Preparation":14,"Burning Blood":0,"White Beast Statue":9,"Mercury Hourglass":6},{"Golden Idol":2,"Bag of Preparation":6,"Burning Blood":0,"White Beast Statue":4,"Mercury Hourglass":3},{"Golden Idol":9,"Bag of Preparation":21,"Burning Blood":0,"White Beast Statue":16,"Mercury Hourglass":14}],"Burning Blood":36,"Mercury Hourglass":[65]},"card_choices":[{"not_picked":["Double Tap","Limit Break"],"picked":"Reaper","floor":0},{"not_picked":["Havoc","Flex"],"picked":"Shockwave","floor":1},{"not_picked":["Perfected Strike","Clothesline"],"picked":"Sword Boomerang","floor":3},{"not_picked":["Iron Wave","Warcry","Cleave"],"picked":"SKIP","floor":6},{"not_picked":["Battle Trance","Iron Wave"],"picked":"Pommel Strike","floor":8},{"not_picked":["Clash","Cleave","Uppercut"],"picked":"SKIP","floor":10},{"not_picked":["Body Slam","Anger","Dark Embrace"],"picked":"SKIP","floor":11}],"player_experience":295996,"relics_obtained":[{"floor":6,"key":"Mercury Hourglass"},{"floor":9,"key":"White Beast Statue"}],"event_choices":[{"damage_healed":0,"gold_gain":0,"player_choice":"Ignored","damage_taken":0,"max_hp_gain":0,"max_hp_loss":0,"event_name":"Liars Game","floor":2,"gold_loss":0},{"damage_healed":0,"gold_gain":0,"player_choice":"Lose Max HP","damage_taken":0,"relics_obtained":["Golden Idol"],"max_hp_gain":0,"max_hp_loss":6,"event_name":"Golden Idol","floor":4,"gold_loss":0},{"damage_healed":0,"gold_gain":0,"player_choice":"Donut","damage_taken":0,"max_hp_gain":5,"max_hp_loss":0,"event_name":"Big Fish","floor":5,"gold_loss":0},{"damage_healed":0,"gold_gain":0,"player_choice":"Entered Light","damage_taken":16,"max_hp_gain":0,"max_hp_loss":0,"event_name":"Shining Light","floor":13,"gold_loss":0,"cards_upgraded":["Pommel Strike","Strike_R"]},{"damage_healed":0,"gold_gain":0,"player_choice":"Success","damage_taken":12,"relics_obtained":["Bag of Preparation"],"max_hp_gain":0,"max_hp_loss":0,"event_name":"Scrap Ooze","floor":14,"gold_loss":0}],"is_beta":false,"boss_relics":[],"items_purged_floors":[12],"is_endless":false,"potions_floor_spawned":[6,8,10,11],"killed_by":"The Guardian","ascension_level":12}}