{"host":"3gyvhg7mg6y9ble1","time":1613873839,"event":{"mods":["BaseMod","Block Reminder","Colored Powertips","Highlight Path","Minty Spire (QoL Compilation)","Relic Sorter","Relic Stats","StSLib"],"gold_per_floor":[119,119,145,95,95,95,129,36,108,6,34,54,73,106,106,205,205,216,216,216,227,243,275,275,305,305,405,438,438,468,66,66,165,165,177,193,50,66,112,112,175,175,243,330,410,28,115,250,250,310],"floor_reached":51,"language":"ENG","playtime":3395,"items_purged":["Strike_P"],"score":1155,"play_id":"7a6d8e76-38e0-443f-8c61-ffadadb6dd6d","local_time":"20210220211719","is_ascension_mode":true,"campfire_choices":[{"data":"Eruption","floor":6.0,"key":"SMITH"},{"data":"CrushJoints","floor":15.0,"key":"SMITH"},{"floor":24.0,"key":"REST"},{"floor":29,"key":"REST"},{"data":"RitualDagger","floor":32,"key":"SMITH"},{"data":"1","floor":40,"key":"LIFT"},{"data":"2","floor":42,"key":"LIFT"},{"data":"3","floor":49,"key":"LIFT"}],"circlet_count":0,"master_deck":["Strike_P","Strike_P","Defend_P","Defend_P","Defend_P+1","Defend_P","Eruption+1","Vigilance+1","Perseverance","CrushJoints+1","BowlingBash","Crescendo+1","ReachHeaven","Adaptation","Worship+1","Halt+1","EmptyBody+1","Omniscience+1","BattleHymn","RitualDagger+1","FollowUp+1","Wallop","Omniscience+1","ClearTheMind+1","Omniscience+1","CutThroughFate","Vault+1","Prostrate+1","Wallop","CutThroughFate","Wish+1","Tantrum","RitualDagger+1","Wish+1","SandsOfTime"],"relics":["PureWater","NeowsBlessing","Boot","TungstenRod","Toxic Egg 2","Juzu Bracelet","Gambling Chip","SlaversCollar","The Courier","Regal Pillow","Ice Cream","Pocketwatch","Letter Opener","Vajra","Girya","Centennial Puzzle","Oddly Smooth Stone","Damaru","Ancient Tea Set","InkBottle","Bird Faced Urn","DollysMirror","Meat on the Bone","Orichalcum"],"acts_visited":["Exordium","TheCity","TheBeyond"],"potions_floor_usage":[28,41,47,50,50,50,50,50],"damage_taken":[{"damage":0.0,"enemies":"Cultist","floor":1.0,"turns":1.0},{"damage":0.0,"enemies":"3 Sentries","floor":7.0,"turns":2.0},{"damage":0.0,"enemies":"Lagavulin","floor":11.0,"turns":1.0},{"damage":0.0,"enemies":"Jaw Worm","floor":12.0,"turns":3.0},{"damage":0.0,"enemies":"Small Slimes","floor":13.0,"turns":2.0},{"damage":15.0,"enemies":"3 Sentries","floor":14.0,"turns":7.0},{"damage":13.0,"enemies":"Slime Boss","floor":16.0,"turns":10.0},{"damage":10.0,"enemies":"Spheric Guardian","floor":18.0,"turns":5.0},{"damage":14.0,"enemies":"Chosen","floor":21.0,"turns":6.0},{"damage":9.0,"enemies":"Snake Plant","floor":22.0,"turns":4.0},{"damage":11.0,"enemies":"Book of Stabbing","floor":23.0,"turns":4.0},{"damage":0.0,"enemies":"Slavers","floor":25.0,"turns":2.0},{"damage":0,"enemies":"Colosseum Slavers","floor":27,"turns":1},{"damage":0,"enemies":"Colosseum Nobs","floor":27,"turns":1},{"damage":11,"enemies":"Gremlin Leader","floor":28,"turns":5},{"damage":0,"enemies":"Slavers","floor":30,"turns":1},{"damage":0,"enemies":"Automaton","floor":33,"turns":5},{"damage":0,"enemies":"3 Shapes","floor":35,"turns":5},{"damage":0,"enemies":"Orb Walker","floor":36,"turns":1},{"damage":0,"enemies":"Writhing Mass","floor":38,"turns":1},{"damage":17,"enemies":"Jaw Worm Horde","floor":39,"turns":3},{"damage":0,"enemies":"Reptomancer","floor":41,"turns":2},{"damage":0,"enemies":"Giant Head","floor":44,"turns":2},{"damage":4,"enemies":"4 Shapes","floor":45,"turns":2},{"damage":0,"enemies":"Reptomancer","floor":47,"turns":3},{"damage":1,"enemies":"Transient","floor":48,"turns":6},{"damage":58,"enemies":"Awakened One","floor":50,"turns":5}],"seed_played":"-2423672821362124507","potions_obtained":[{"floor":7.0,"key":"Swift Potion"},{"floor":12.0,"key":"EntropicBrew"},{"floor":13.0,"key":"Energy Potion"},{"floor":21.0,"key":"AttackPotion"},{"floor":23.0,"key":"Block Potion"},{"floor":30,"key":"Regen Potion"},{"floor":41,"key":"Ancient Potion"},{"floor":47,"key":"SmokeBomb"}],"is_trial":false,"path_per_floor":["M","?","T","?","?","R","E","$","T","$","E","M","M","E","R","B",null,"M","?","?","M","M","E","R","E","T","?","E","R","E","$","R","B",null,"M","M","$","M","M","R","E","R","T","E","M","$","E","M","R","B",null],"character_chosen":"WATCHER","items_purchased":["CrushJoints","BowlingBash","Crescendo+1","ReachHeaven","Centennial Puzzle","CutThroughFate","Oddly Smooth Stone","Damaru","Prostrate+1","Wallop","CutThroughFate","DollysMirror","Meat on the Bone"],"campfire_rested":2,"item_purchase_floors":[8,8,10,10,31,31,31,31,37,37,37,46,46],"current_hp_per_floor":[72,58,58,58,58,58,58,58,58,58,58,58,58,43,43,30,72,62,57,45,31,22,11,34,34,34,34,23,61,61,61,61,61,77,77,77,77,77,60,60,60,60,60,60,56,56,61,62,62,18],"gold":310,"neow_bonus":"THREE_ENEMY_KILL","is_daily":false,"chose_seed":false,"campfire_upgraded":3,"win_rate":0.0,"timestamp":1613873839,"path_taken":["M","?","?","?","?","R","E","$","T","$","E","M","M","E","R","BOSS","M","?","?","M","M","E","R","E","T","?","E","R","E","$","R","BOSS","M","M","$","M","M","R","E","R","T","E","M","$","E","M","R","BOSS"],"items_purchased_type":["Card","Card","Card","Card","Relic","Card","Relic","Relic","Card","Card","Card","Relic","Relic"],"build_version":"2020-12-22","purchased_purges":1,"victory":true,"max_hp_per_floor":[72,72,72,72,72,72,72,72,72,72,72,72,72,72,72,72,72,72,72,77,77,77,77,77,77,77,77,77,77,77,77,77,77,77,77,77,77,77,77,77,77,77,77,77,77,77,77,77,77,77],"relic_stats":{"Regal Pillow":15,"counters":[27,90],"Juzu Bracelet":0,"Letter Opener":[261],"Orichalcum":[12],"Boot":[2],"Centennial Puzzle":[9],"Gambling Chip":[20],"Bird Faced Urn":[4],"obtain_stats":[{"Ice Cream":26,"Girya":30,"Regal Pillow":25,"NeowsBlessing":0,"Vajra":28,"Oddly Smooth Stone":31,"Damaru":31,"The Courier":23,"Juzu Bracelet":11,"Letter Opener":27,"Orichalcum":47,"Boot":3,"Ancient Tea Set":41,"SlaversCollar":17,"Centennial Puzzle":31,"DollysMirror":46,"Gambling Chip":14,"Bird Faced Urn":44,"PureWater":0,"Toxic Egg 2":9,"TungstenRod":7,"InkBottle":43,"Pocketwatch":27,"Meat on the Bone":46},{"Ice Cream":12,"Girya":16,"Regal Pillow":12,"NeowsBlessing":0,"Vajra":15,"Oddly Smooth Stone":16,"Damaru":16,"The Courier":11,"Juzu Bracelet":3,"Letter Opener":14,"Orichalcum":25,"Boot":1,"Ancient Tea Set":22,"SlaversCollar":7,"Centennial Puzzle":16,"DollysMirror":24,"Gambling Chip":6,"Bird Faced Urn":23,"PureWater":0,"Toxic Egg 2":2,"TungstenRod":2,"InkBottle":22,"Pocketwatch":14,"Meat on the Bone":24},{"Ice Cream":47,"Girya":55,"Regal Pillow":47,"NeowsBlessing":0,"Vajra":54,"Oddly Smooth Stone":55,"Damaru":55,"The Courier":45,"Juzu Bracelet":4,"Letter Opener":49,"Orichalcum":79,"Boot":1,"Ancient Tea Set":72,"SlaversCollar":26,"Centennial Puzzle":55,"DollysMirror":76,"Gambling Chip":16,"Bird Faced Urn":74,"PureWater":0,"Toxic Egg 2":3,"TungstenRod":3,"InkBottle":72,"Pocketwatch":49,"Meat on the Bone":76}],"TungstenRod":27,"InkBottle":[12],"Pocketwatch":[16],"Meat on the Bone":12},"card_choices":[{"not_picked":["EmptyFist","Evaluate"],"picked":"Perseverance","floor":1.0},{"not_picked":["Collect","Evaluate","CrushJoints"],"picked":"SKIP","floor":7.0},{"not_picked":["Worship+1","Evaluate+1"],"picked":"Adaptation","floor":11.0},{"not_picked":["FearNoEvil","Meditate+1"],"picked":"Worship+1","floor":12.0},{"not_picked":["Study","Perseverance+1"],"picked":"Halt+1","floor":13.0},{"not_picked":["ClearTheMind+1","PathToVictory+1"],"picked":"EmptyBody+1","floor":14.0},{"not_picked":["Devotion","Judgement+1"],"picked":"Omniscience+1","floor":16.0},{"not_picked":["WheelKick","BowlingBash+1"],"picked":"BattleHymn","floor":18.0},{"not_picked":["Evaluate+1","Vengeance+1"],"picked":"FollowUp+1","floor":21.0},{"not_picked":["CrushJoints","Consecrate+1"],"picked":"Wallop","floor":22.0},{"not_picked":["Meditate+1","PathToVictory+1"],"picked":"Omniscience+1","floor":23.0},{"not_picked":["Wireheading","Halt+1"],"picked":"ClearTheMind+1","floor":25.0},{"not_picked":["Consecrate+1","FlurryOfBlows+1"],"picked":"Omniscience+1","floor":28},{"not_picked":["ForeignInfluence+1","Collect+1","Halt+1"],"picked":"SKIP","floor":30},{"not_picked":["Establishment","DevaForm"],"picked":"Vault+1","floor":33},{"not_picked":["Meditate+1","Halt+1","ThirdEye+1"],"picked":"SKIP","floor":35},{"not_picked":["WindmillStrike","FlurryOfBlows+1","MentalFortress"],"picked":"SKIP","floor":36},{"not_picked":["Weave+1","ThirdEye+1"],"picked":"Wish+1","floor":38},{"not_picked":["FlurryOfBlows+1","InnerPeace+1","EmptyFist"],"picked":"SKIP","floor":39},{"not_picked":["ConjureBlade+1","EmptyFist","Consecrate"],"picked":"SKIP","floor":41},{"not_picked":["SignatureMove+1","Halt+1","Tantrum"],"picked":"SKIP","floor":44},{"not_picked":["SignatureMove+1","Halt+1"],"picked":"Tantrum","floor":44},{"not_picked":["FollowUp","WindmillStrike","FlurryOfBlows+1"],"picked":"SKIP","floor":45},{"not_picked":["EmptyMind+1","Vengeance+1"],"picked":"Wish+1","floor":47},{"not_picked":["EmptyFist+1","EmptyBody+1"],"picked":"SandsOfTime","floor":48}],"player_experience":352250,"relics_obtained":[{"floor":3.0,"key":"Boot"},{"floor":7.0,"key":"TungstenRod"},{"floor":9.0,"key":"Toxic Egg 2"},{"floor":11.0,"key":"Juzu Bracelet"},{"floor":14.0,"key":"Gambling Chip"},{"floor":23.0,"key":"The Courier"},{"floor":25.0,"key":"Regal Pillow"},{"floor":26.0,"key":"Ice Cream"},{"floor":27,"key":"Pocketwatch"},{"floor":27,"key":"Letter Opener"},{"floor":28,"key":"Vajra"},{"floor":30,"key":"Girya"},{"floor":41,"key":"Ancient Tea Set"},{"floor":43,"key":"InkBottle"},{"floor":44,"key":"Bird Faced Urn"},{"floor":47,"key":"Orichalcum"}],"event_choices":[{"damage_healed":0.0,"max_hp_gain":0.0,"max_hp_loss":0.0,"gold_gain":0.0,"event_name":"Shining Light","player_choice":"Entered Light","floor":2.0,"gold_loss":0.0,"damage_taken":14.0,"cards_upgraded":["Defend_P","Vigilance"]},{"cards_removed":["Strike_P"],"damage_healed":0.0,"max_hp_gain":0.0,"max_hp_loss":0.0,"gold_gain":0.0,"event_name":"The Cleric","player_choice":"Card Removal","floor":4.0,"gold_loss":50.0,"damage_taken":0.0},{"damage_healed":0.0,"max_hp_gain":0.0,"max_hp_loss":0.0,"gold_gain":0.0,"event_name":"Golden Wing","player_choice":"Ignored","floor":5.0,"gold_loss":0.0,"damage_taken":0.0},{"damage_healed":0.0,"max_hp_gain":0.0,"max_hp_loss":0.0,"gold_gain":0.0,"event_name":"Nest","player_choice":"Joined the Cult","floor":19.0,"gold_loss":0.0,"damage_taken":6.0,"cards_obtained":["RitualDagger"]},{"damage_healed":0.0,"max_hp_gain":5.0,"max_hp_loss":0.0,"gold_gain":0.0,"event_name":"Forgotten Altar","player_choice":"Shed Blood","floor":20.0,"gold_loss":0.0,"damage_taken":18.0},{"damage_healed":0,"gold_gain":0,"player_choice":"Fight","damage_taken":0,"max_hp_gain":0,"max_hp_loss":0,"event_name":"Colosseum","floor":27,"gold_loss":0},{"damage_healed":0,"gold_gain":0,"player_choice":"Fought Nobs","damage_taken":0,"max_hp_gain":0,"max_hp_loss":0,"event_name":"Colosseum","floor":27,"gold_loss":0}],"is_beta":false,"boss_relics":[{"not_picked":["Velvet Choker","Empty Cage"],"picked":"SlaversCollar"},{"not_picked":["Coffee Dripper","Fusion Hammer","Snecko Eye"]}],"items_purged_floors":[46],"is_endless":false,"potions_floor_spawned":[7,12,13,21,23,25,27,30,38,39,41,47],"ascension_level":1}}