{"host":"as7albp2mcgkylj3","time":1613921774,"event":{"mods":["2.2 Compatiblity","AchievementEnabler","BaseMod","Colored Map","DeckTracker","Googly Eyes","Highlight Path","Minty Spire (QoL Compilation)","StSLib","SuperFastMode"],"gold_per_floor":[113,38,38,58,74,74,91,91,91,108,8,8,8,23,23,23,23],"floor_reached":16,"language":"ITA","playtime":241,"items_purged":["Vigilance","Eruption"],"score":92,"play_id":"c51240bf-2076-430c-9120-723589c1e5d9","local_time":"20210221163614","is_ascension_mode":false,"campfire_choices":[{"data":"PathToVictory","floor":6,"key":"SMITH"},{"floor":8,"key":"REST"},{"floor":15,"key":"REST"}],"circlet_count":0,"master_deck":["Strike_P","Strike_P","Strike_P","Strike_P","Defend_P","Defend_P+1","Defend_P","Defend_P+1","PathToVictory+1"],"relics":["PureWater"],"acts_visited":["Exordium"],"potions_floor_usage":[16],"damage_taken":[{"damage":0,"enemies":"Cultist","floor":1,"turns":2},{"damage":19,"enemies":"Small Slimes","floor":4,"turns":3},{"damage":6,"enemies":"Jaw Worm","floor":5,"turns":3},{"damage":2,"enemies":"2 Fungi Beasts","floor":7,"turns":3},{"damage":15,"enemies":"Exordium Thugs","floor":10,"turns":5},{"damage":2,"enemies":"Blue Slaver","floor":14,"turns":4},{"damage":64,"enemies":"Slime Boss","floor":16,"turns":9}],"seed_played":"-8540283864251264057","potions_obtained":[{"floor":4,"key":"Swift Potion"}],"is_trial":false,"path_per_floor":["M","$","?","M","M","R","M","R","T","M","$","?","$","M","R","B"],"character_chosen":"WATCHER","items_purchased":[],"campfire_rested":2,"item_purchase_floors":[],"current_hp_per_floor":[72,72,72,53,47,47,45,66,66,51,51,37,37,35,56,0,0],"gold":23,"neow_bonus":"THREE_CARDS","is_daily":false,"chose_seed":false,"campfire_upgraded":1,"win_rate":0.0,"timestamp":1613921774,"path_taken":["M","$","?","M","M","R","M","R","T","M","$","?","?","M","R","BOSS"],"items_purchased_type":[],"build_version":"2020-12-22","purchased_purges":2,"victory":false,"max_hp_per_floor":[72,72,72,72,72,72,72,72,72,72,72,72,72,72,72,72,72],"card_choices":[{"not_picked":["Halt","Consecrate"],"picked":"PathToVictory","floor":0},{"not_picked":["JustLucky","Meditate","Crescendo"],"picked":"SKIP","floor":1},{"not_picked":["SignatureMove","WindmillStrike","Halt"],"picked":"SKIP","floor":4},{"not_picked":["Prostrate","TalkToTheHand","Protect"],"picked":"SKIP","floor":5},{"not_picked":["Protect","Worship","BattleHymn"],"picked":"SKIP","floor":7},{"not_picked":["FlyingSleeves","CutThroughFate","EmptyBody"],"picked":"SKIP","floor":10},{"not_picked":["ThirdEye","BowlingBash","CrushJoints"],"picked":"SKIP","floor":14}],"player_experience":484876,"relics_obtained":[],"event_choices":[{"damage_healed":0,"gold_gain":0,"player_choice":"Leave","damage_taken":0,"max_hp_gain":0,"max_hp_loss":0,"event_name":"The Cleric","floor":3,"gold_loss":0},{"damage_healed":0,"gold_gain":0,"player_choice":"Entered Light","damage_taken":14,"max_hp_gain":0,"max_hp_loss":0,"event_name":"Shining Light","floor":12,"gold_loss":0,"cards_upgraded":["Defend_P","Defend_P"]}],"is_beta":false,"boss_relics":[],"items_purged_floors":[2,11],"is_endless":false,"potions_floor_spawned":[4],"killed_by":"Slime Boss","ascension_level":0}}