{"host":"d2y4rmbezebiv8aj","time":1613869147,"event":{"mods":["AchievementEnabler","BaseMod","Bestiary","BetterRewards","Colored Map","Colored Powertips","Custom Start","Highlight Path","Minty Spire (QoL Compilation)","Quick Restart","Rare Cards Sparkle","Relic Sorter","Relic Stats","Shop Mod","Slay-I","StSLib","SuperFastMode"],"gold_per_floor":[113,127,145,156,331,331,389,389,389],"floor_reached":8,"language":"DEU","playtime":244,"items_purged":[],"score":79,"play_id":"52b4879c-754c-4cb9-bc6b-e0048f638343","local_time":"20210221015907","is_ascension_mode":true,"campfire_choices":[{"data":"Echo Form","floor":6,"key":"SMITH"}],"circlet_count":0,"master_deck":["AscendersBane","Strike_B","Strike_B","Strike_B","Strike_B","Defend_B","Defend_B","Defend_B","Defend_B","Zap","Dualcast","Sweeping Beam","Beam Cell","Sweeping Beam","Echo Form+1","Doubt","Leap"],"relics":["Cracked Core","NeowsBlessing","Omamori"],"acts_visited":["Exordium"],"potions_floor_usage":[7],"damage_taken":[{"damage":0,"enemies":"Small Slimes","floor":1,"turns":1},{"damage":0,"enemies":"2 Louse","floor":2,"turns":1},{"damage":0,"enemies":"Jaw Worm","floor":3,"turns":1},{"damage":9,"enemies":"Large Slime","floor":4,"turns":5},{"damage":43,"enemies":"Lagavulin Event","floor":7,"turns":8},{"damage":31,"enemies":"Lagavulin","floor":8,"turns":7}],"seed_played":"-971214361690972261","potions_obtained":[{"floor":4,"key":"PowerPotion"}],"is_trial":false,"path_per_floor":["M","M","M","M","?","R","?","E"],"character_chosen":"DEFECT","items_purchased":[],"campfire_rested":0,"item_purchase_floors":[],"current_hp_per_floor":[68,68,68,59,59,59,16,0,0],"gold":389,"neow_bonus":"THREE_ENEMY_KILL","is_daily":false,"chose_seed":false,"campfire_upgraded":1,"win_rate":0.0,"timestamp":1613869147,"path_taken":["M","M","M","M","?","R","?","E"],"items_purchased_type":[],"build_version":"2020-12-22","purchased_purges":0,"victory":false,"max_hp_per_floor":[75,75,75,75,75,75,75,75,75],"relic_stats":{"counters":[12,51],"obtain_stats":[{"NeowsBlessing":0,"Strawberry":9,"Juzu Bracelet":6,"Omamori":7,"Cracked Core":0},{"NeowsBlessing":6,"Strawberry":5,"Juzu Bracelet":5,"Omamori":11,"Cracked Core":0},{"NeowsBlessing":28,"Strawberry":22,"Juzu Bracelet":22,"Omamori":44,"Cracked Core":0}]},"card_choices":[{"not_picked":["Turbo","Scrape"],"picked":"Sweeping Beam","floor":1},{"not_picked":["Compile Driver","Scrape"],"picked":"Beam Cell","floor":2},{"not_picked":["Auto Shields","Redo"],"picked":"Sweeping Beam","floor":3},{"not_picked":["Aggregate","Stack"],"picked":"Echo Form","floor":4},{"not_picked":["Blizzard","Scrape"],"picked":"Leap","floor":7}],"player_experience":434357,"relics_obtained":[{"floor":7,"key":"Omamori"}],"event_choices":[{"damage_healed":0,"gold_gain":175,"player_choice":"AGREE","damage_taken":0,"max_hp_gain":0,"max_hp_loss":0,"event_name":"Liars Game","floor":5,"gold_loss":0,"cards_obtained":["Doubt"]},{"damage_healed":0,"gold_gain":0,"player_choice":"Searched \u00271\u0027 times","damage_taken":0,"max_hp_gain":0,"max_hp_loss":0,"event_name":"Dead Adventurer","floor":7,"gold_loss":0}],"is_beta":false,"boss_relics":[],"items_purged_floors":[],"is_endless":false,"potions_floor_spawned":[4],"killed_by":"Lagavulin","ascension_level":13}}