{"host":"ow66nzv2xecjoor3","time":1613938518,"event":{"mods":["BaseMod","Bestiary","Block Reminder","Colored Powertips","Curses Come First","Highlight Path","Keyboard Shortcuts","Minty Spire (QoL Compilation)","Permanent Neow","Relic Stats","StSLib","UnlockEverythingMod"],"gold_per_floor":[109,128,145,145,155,190,190,220,220,220,145,160,174,194,194,265,265,280,308,319,319,337,337,337],"floor_reached":23,"language":"ENG","playtime":685,"items_purged":["Strike_B"],"score":460,"play_id":"3fdbe7eb-6386-4bb8-9320-0fd395a53fe3","local_time":"20210221141518","is_ascension_mode":true,"campfire_choices":[{"data":"Beam Cell","floor":7.0,"key":"SMITH"},{"data":"Steam Power","floor":15.0,"key":"SMITH"}],"circlet_count":0,"master_deck":["AscendersBane","Strike_B","Strike_B","Strike_B","Defend_B","Defend_B","Defend_B","Defend_B","Zap","Dualcast","Hyperbeam+1","Doom and Gloom","Beam Cell+1","Hologram","Chaos","Steam Power+1","Seek","BootSequence+1","Steam Power","Glacier+1"],"relics":["Cracked Core","Boot","Lantern","Tiny Chest","Nuclear Battery","Red Mask","Frozen Egg 2"],"acts_visited":["Exordium","TheCity"],"potions_floor_usage":[23],"damage_taken":[{"damage":3.0,"enemies":"Small Slimes","floor":1.0,"turns":2.0},{"damage":0.0,"enemies":"Cultist","floor":2.0,"turns":2.0},{"damage":4.0,"enemies":"Jaw Worm","floor":3.0,"turns":3.0},{"damage":0.0,"enemies":"Large Slime","floor":5.0,"turns":2.0},{"damage":12.0,"enemies":"3 Sentries","floor":6.0,"turns":3.0},{"damage":0.0,"enemies":"Gremlin Nob","floor":8.0,"turns":2.0},{"damage":0.0,"enemies":"2 Fungi Beasts","floor":12.0,"turns":2.0},{"damage":9.0,"enemies":"Red Slaver","floor":13.0,"turns":2.0},{"damage":10.0,"enemies":"Gremlin Gang","floor":14.0,"turns":2.0},{"damage":12.0,"enemies":"Slime Boss","floor":16.0,"turns":6.0},{"damage":0.0,"enemies":"Chosen","floor":18.0,"turns":2.0},{"damage":23.0,"enemies":"Masked Bandits","floor":19.0,"turns":3.0},{"damage":0.0,"enemies":"3 Byrds","floor":20.0,"turns":2.0},{"damage":0.0,"enemies":"Centurion and Healer","floor":22.0,"turns":2.0},{"damage":34,"enemies":"Gremlin Leader","floor":23,"turns":6}],"seed_played":"4691668188610360234","potions_obtained":[{"floor":1.0,"key":"BlessingOfTheForge"},{"floor":5.0,"key":"SteroidPotion"},{"floor":10.0,"key":"EssenceOfDarkness"},{"floor":10.0,"key":"Swift Potion"},{"floor":12.0,"key":"FocusPotion"},{"floor":18.0,"key":"SkillPotion"}],"is_trial":false,"path_per_floor":["M","M","M","?","M","E","R","E","T","?","$","M","M","M","R","B",null,"M","?","M","T","M","E"],"character_chosen":"DEFECT","items_purchased":[],"campfire_rested":0,"item_purchase_floors":[],"current_hp_per_floor":[61,61,57,57,57,45,45,45,45,45,45,45,36,26,26,14,52,52,29,29,29,29,0,0],"gold":337,"neow_bonus":"THREE_RARE_CARDS","is_daily":false,"chose_seed":false,"campfire_upgraded":2,"win_rate":0.0,"timestamp":1613938518,"path_taken":["M","M","M","?","M","E","R","E","T","?","$","M","M","M","R","BOSS","M","?","M","?","M","E"],"items_purchased_type":[],"build_version":"2020-12-22","purchased_purges":1,"victory":false,"max_hp_per_floor":[64,64,64,64,64,64,64,64,64,64,64,64,64,64,64,64,64,64,64,64,64,64,64,64],"relic_stats":{"counters":[15,41],"Tiny Chest":0,"Boot":[18],"obtain_stats":[{"Lantern":8,"Tiny Chest":9,"Red Mask":19,"Frozen Egg 2":21,"Cracked Core":0,"Boot":6,"Nuclear Battery":17},{"Lantern":6,"Tiny Chest":6,"Red Mask":12,"Frozen Egg 2":13,"Cracked Core":0,"Boot":5,"Nuclear Battery":10},{"Lantern":14,"Tiny Chest":14,"Red Mask":31,"Frozen Egg 2":33,"Cracked Core":0,"Boot":12,"Nuclear Battery":26}]},"card_choices":[{"not_picked":["Amplify","Multi-Cast"],"picked":"Hyperbeam","floor":0.0},{"not_picked":["Leap","Conserve Battery"],"picked":"Doom and Gloom","floor":1.0},{"not_picked":["Self Repair","Coolheaded"],"picked":"Beam Cell","floor":2.0},{"not_picked":["Cold Snap","FTL"],"picked":"Hologram","floor":3.0},{"not_picked":["Reprogram","Turbo","Steam"],"picked":"SKIP","floor":5.0},{"not_picked":["Steam","Force Field"],"picked":"Chaos","floor":6.0},{"not_picked":["Doom and Gloom","Ball Lightning","Rip and Tear"],"picked":"SKIP","floor":8.0},{"not_picked":["Force Field","Sweeping Beam","Doom and Gloom"],"picked":"SKIP","floor":12.0},{"not_picked":["Self Repair","Amplify"],"picked":"Steam Power","floor":13.0},{"not_picked":["Streamline","Aggregate","Tempest"],"picked":"SKIP","floor":14.0},{"not_picked":["Amplify","Reboot"],"picked":"Seek","floor":16.0},{"not_picked":["Reprogram","Compile Driver"],"picked":"BootSequence+1","floor":18.0},{"not_picked":["Cold Snap+1","FTL"],"picked":"Steam Power","floor":20.0},{"not_picked":["Darkness","Gash"],"picked":"Glacier+1","floor":22.0}],"player_experience":2930766,"relics_obtained":[{"floor":6.0,"key":"Boot"},{"floor":8.0,"key":"Lantern"},{"floor":9.0,"key":"Tiny Chest"},{"floor":19.0,"key":"Red Mask"},{"floor":21.0,"key":"Frozen Egg 2"}],"event_choices":[{"damage_healed":0.0,"max_hp_gain":0.0,"max_hp_loss":0.0,"gold_gain":0.0,"event_name":"Living Wall","player_choice":"Grow","floor":4.0,"gold_loss":0.0,"damage_taken":0.0,"cards_upgraded":["Hyperbeam"]},{"damage_healed":0.0,"max_hp_gain":0.0,"max_hp_loss":0.0,"gold_gain":0.0,"event_name":"Lab","player_choice":"Got Potions","floor":10.0,"gold_loss":0.0,"damage_taken":0.0},{"damage_healed":0.0,"max_hp_gain":0.0,"max_hp_loss":0.0,"gold_gain":0.0,"event_name":"Masked Bandits","player_choice":"Fought Bandits","floor":19.0,"gold_loss":0.0,"damage_taken":0.0}],"is_beta":false,"boss_relics":[{"not_picked":["Velvet Choker","Sozu"],"picked":"Nuclear Battery"}],"items_purged_floors":[11],"is_endless":false,"potions_floor_spawned":[1,5,6,12,14,18,20],"killed_by":"Gremlin Leader","ascension_level":20}}