{"host":"nzje4iiglvbyg42x","time":1613883978,"event":{"mods":["BaseMod","Bestiary","Curses Come First","Downfall","Ekko","Minty Spire (QoL Compilation)","Reliquary","Robot Space Explorer","StSLib"],"gold_per_floor":[99,111,286,286,286,286,286,96,127,202,117,117,129,78,97,197,197,197,197,224,242,257,273,327,327,527,545,557,188,216,234,249,354,354,354,370,388,149,168,168,221,232,232,247,247,258,258,268,287,287,287,287],"floor_reached":50,"language":"ENG","playtime":5989,"items_purged":["Doubt","Parasite"],"score":540,"play_id":"5354cde2-83f7-4d7b-a29a-d610dd605f00","local_time":"20210221150618","is_ascension_mode":false,"campfire_choices":[{"data":"Slimebound:SlimeSlap","floor":1,"key":"SMITH"},{"data":"Slimebound:Split","floor":6,"key":"SMITH"},{"data":"Slimebound:Overexert","floor":18,"key":"SMITH"},{"data":"Slimebound:RejuvenatingLick","floor":25,"key":"SMITH"},{"data":"Slimebound:Strike_Slimebound","floor":35,"key":"PURGE"},{"data":"Parasite","floor":45,"key":"PURGE"},{"data":"Slimebound:Defend_Slimebound+1","floor":47,"key":"PURGE"}],"circlet_count":0,"master_deck":["Slimebound:Strike_Slimebound","Slimebound:Strike_Slimebound","Slimebound:Tackle","Slimebound:Defend_Slimebound","Slimebound:Defend_Slimebound","Slimebound:Defend_Slimebound","Slimebound:Split+1","Slimebound:CorrosiveSpit","Slimebound:SlimeSlap+1","Slimebound:Schlurp","Slimebound:LeechEnergy","Slimebound:SplitLeeching","Slimebound:Repurpose","Slimebound:SpikyOuterGoop","Slimebound:LeechLife","Slimebound:AcidTongue","Slimebound:Prepare+1","Slimebound:SpikyOuterGoop","Slimebound:RejuvenatingLick+1","Slimebound:Nibble","Slimebound:Overexert+1","Slimebound:SplitMire","Slimebound:SamplingLick+1","Slimebound:Teamwork","Slimebound:SplitAcid","Slimebound:Schlurp+1","Slimebound:AcidTongue","Slimebound:RainOfGoop","Slimebound:HauntingLick+1","Slimebound:MassRepurpose","Slimebound:Overexert","Slimebound:SamplingLick+1","Slimebound:MassRepurpose","Slimebound:OozeBath","expansioncontent:AwakenDeath","Slimebound:ProtectTheBoss","Slimebound:Repurpose+1","expansioncontent:AwakenDeath","Slimebound:SlimeTap","Slimebound:ComboTackle+1","Slimebound:Replication+1","Slimebound:LevelUp"],"relics":["Slimebound:AbsorbEndCombat","InkBottle","Mercury Hourglass","reliquary:Firecrackers","Cursed Key","Red Mask","reliquary:SilkGlove","Peace Pipe","HandDrill","reliquary:PartyBalloon","reliquary:Craggleroot","War Paint","Spirit Poop"],"acts_visited":["Exordium","TheCity","TheBeyond"],"potions_floor_usage":[11,22,46,50],"damage_taken":[{"damage":0,"enemies":"Small Slimes","floor":2,"turns":3},{"damage":7,"enemies":"downfall:FleeingMerchant","floor":8,"turns":4},{"damage":16,"enemies":"3 Sentries","floor":9,"turns":6},{"damage":9,"enemies":"downfall:FleeingMerchant","floor":11,"turns":4},{"damage":0,"enemies":"2 Louse","floor":13,"turns":2},{"damage":9,"enemies":"downfall:FleeingMerchant","floor":14,"turns":4},{"damage":1,"enemies":"Jaw Worm","floor":15,"turns":3},{"damage":2,"enemies":"SI_SHIV_ARCHETYPE","floor":16,"turns":5},{"damage":37,"enemies":"Masked Bandits","floor":20,"turns":5},{"damage":4,"enemies":"Shell Parasite","floor":21,"turns":5},{"damage":16,"enemies":"downfall:LooterAlt2","floor":22,"turns":4},{"damage":16,"enemies":"Centurion and Healer","floor":23,"turns":5},{"damage":14,"enemies":"3 Cultists","floor":27,"turns":4},{"damage":4,"enemies":"Snake Plant","floor":28,"turns":3},{"damage":14,"enemies":"downfall:FleeingMerchant","floor":29,"turns":4},{"damage":4,"enemies":"Gremlin Leader","floor":30,"turns":5},{"damage":22,"enemies":"Centurion and Healer","floor":31,"turns":3},{"damage":11,"enemies":"Shelled Parasite and Fungi","floor":32,"turns":3},{"damage":30,"enemies":"IC_MUSHROOM_ARCHETYPE","floor":33,"turns":6},{"damage":0,"enemies":"3 Shapes","floor":36,"turns":4},{"damage":28,"enemies":"3 Darklings","floor":37,"turns":4},{"damage":25,"enemies":"Sphere and 2 Shapes","floor":39,"turns":4},{"damage":47,"enemies":"Transient","floor":42,"turns":5},{"damage":25,"enemies":"Writhing Mass","floor":44,"turns":4},{"damage":26,"enemies":"Sphere and 2 Shapes","floor":46,"turns":4},{"damage":57,"enemies":"Transient","floor":48,"turns":5},{"damage":36,"enemies":"Spire Growth","floor":49,"turns":6},{"damage":123,"enemies":"WA_ARCHETYPE_DIVINITY","floor":50,"turns":7}],"seed_played":"6983018640381337925","potions_obtained":[{"floor":9,"key":"AttackPotion"},{"floor":15,"key":"Swift Potion"},{"floor":28,"key":"bronze:BurnAndBuffPotion"},{"floor":30,"key":"Explosive Potion"},{"floor":32,"key":"Strength Potion"},{"floor":33,"key":"DuplicationPotion"},{"floor":42,"key":"AttackPotion"},{"floor":48,"key":"Regen Potion"},{"floor":49,"key":"DuplicationPotion"}],"is_trial":false,"path_per_floor":["R","M","?","?","?","R","T","$","E","?","$","?","M","$","M","B",null,"R","?","?","M","M","M","T","R","?","M","M","$","E","M","M","B",null,"R","M","M","$","M","?","T","M","?","M","R","M","R","M","M","B"],"character_chosen":"SLIMEBOUND","items_purchased":["Slimebound:SplitLeeching","Slimebound:Repurpose","Slimebound:AcidTongue","Slimebound:RejuvenatingLick","Slimebound:AcidTongue","Slimebound:RainOfGoop","Peace Pipe","HandDrill","Slimebound:OozeBath","expansioncontent:AwakenDeath","Slimebound:ProtectTheBoss"],"campfire_rested":0,"item_purchase_floors":[8,8,11,14,29,29,29,29,38,38,38],"current_hp_per_floor":[65,65,65,65,58,58,58,55,45,45,42,47,47,46,47,57,70,70,57,38,46,44,48,48,48,48,56,56,72,68,72,63,41,72,72,72,46,46,23,23,23,72,72,72,69,69,69,18,56,0,0,0],"gold":287,"neow_bonus":"ONE_RANDOM_RARE_CARD","is_daily":false,"chose_seed":false,"campfire_upgraded":4,"win_rate":0.0,"timestamp":1613883978,"path_taken":["R","M","?","?","?","R","T","$","E","?","$","?","M","?","M","BOSS","R","?","?","M","M","M","T","R","?","M","?","$","E","M","M","BOSS","R","M","M","$","M","?","T","M","?","M","R","M","R","?","M","BOSS"],"items_purchased_type":["Card","Card","Card","Card","Card","Card","Relic","Relic","Card","Card","Card"],"build_version":"2020-12-22","purchased_purges":2,"victory":false,"max_hp_per_floor":[65,65,65,65,65,65,65,65,65,65,65,70,70,70,70,70,70,70,75,75,75,75,75,75,75,75,75,75,72,72,72,72,72,72,72,72,72,72,72,72,72,72,72,72,69,69,69,69,69,69,69,69],"card_choices":[{"not_picked":["Slimebound:PressTheAttack","Slimebound:SlimeSpikes"],"picked":"Slimebound:Schlurp","floor":2},{"not_picked":["Slimebound:SlimeBarrage","Slimebound:LivingWall"],"picked":"Slimebound:LeechEnergy","floor":8},{"not_picked":["Slimebound:LeechingTouch","Slimebound:ForwardTackle"],"picked":"Slimebound:SpikyOuterGoop","floor":9},{"not_picked":["Slimebound:GoopTackle","Slimebound:ComboTackle"],"picked":"Slimebound:LeechLife","floor":11},{"not_picked":["Slimebound:GoopTackle","Slimebound:SplitLeeching"],"picked":"Slimebound:Prepare","floor":13},{"not_picked":["Slimebound:LeechEnergy","Slimebound:ForwardTackle"],"picked":"Slimebound:SpikyOuterGoop","floor":14},{"not_picked":["Slimebound:RollThrough","Slimebound:GoopSpray"],"picked":"Slimebound:Nibble","floor":15},{"not_picked":["Slimebound:DouseInSlime","Slimebound:LeechLife"],"picked":"Slimebound:Overexert","floor":16},{"not_picked":["Slimebound:SplitAcid","Slimebound:HauntingLick"],"picked":"Slimebound:SplitMire","floor":20},{"not_picked":["Slimebound:ItLooksTasty","Slimebound:LeechingTouch"],"picked":"Slimebound:SamplingLick+1","floor":21},{"not_picked":["Slimebound:ItLooksTasty+1","Slimebound:SplitAcid+1"],"picked":"Slimebound:Teamwork","floor":22},{"not_picked":["Slimebound:SplitLeeching","Slimebound:HauntingLick","Slimebound:SlimeBrawl"],"picked":"SKIP","floor":23},{"not_picked":["Slimebound:LivingWall","Slimebound:SplitBruiser"],"picked":"Slimebound:SplitAcid","floor":27},{"not_picked":["Slimebound:ComboTackle+1","Slimebound:LivingWall"],"picked":"Slimebound:Schlurp+1","floor":28},{"not_picked":["Slimebound:ItLooksTasty+1","Slimebound:Equalize","Slimebound:LeechingTouch"],"picked":"SKIP","floor":29},{"not_picked":["Slimebound:Schlurp","Slimebound:ViciousTackle"],"picked":"Slimebound:HauntingLick+1","floor":30},{"not_picked":["Slimebound:GoopTackle","Slimebound:ComboTackle+1"],"picked":"Slimebound:MassRepurpose","floor":31},{"not_picked":["Slimebound:GoopSpray+1","Slimebound:ItLooksTasty","Slimebound:TongueLash+1"],"picked":"SKIP","floor":32},{"not_picked":["Slimebound:FirmFortitude","Slimebound:Teamwork"],"picked":"Slimebound:Overexert","floor":33},{"not_picked":["Slimebound:FinishingTackle+1","Slimebound:AcidTongue"],"picked":"Slimebound:SamplingLick+1","floor":36},{"not_picked":["Slimebound:SplitAcid","Slimebound:ComboTackle+1"],"picked":"Slimebound:MassRepurpose","floor":37},{"not_picked":["Slimebound:SplitAcid+1","Slimebound:Schlurp+1"],"picked":"Slimebound:Repurpose+1","floor":39},{"not_picked":["expansioncontent:GuardianWhirl","expansioncontent:YouAreMine"],"picked":"expansioncontent:AwakenDeath","floor":40},{"not_picked":["Slimebound:Grow","Slimebound:RollThrough+1"],"picked":"Slimebound:SlimeTap","floor":42},{"not_picked":["Slimebound:SplitLeeching","Slimebound:RejuvenatingLick","Slimebound:SplitMire"],"picked":"SKIP","floor":44},{"not_picked":["Slimebound:LeechingTouch+1","Slimebound:Replication"],"picked":"Slimebound:ComboTackle+1","floor":46},{"not_picked":["Slimebound:LeechingTouch","Slimebound:LeadByExample"],"picked":"Slimebound:Replication+1","floor":48},{"not_picked":["Slimebound:RollThrough","Slimebound:FinishingTackle+1"],"picked":"Slimebound:LevelUp","floor":49}],"player_experience":61558,"relics_obtained":[{"floor":7,"key":"Mercury Hourglass"},{"floor":9,"key":"reliquary:Firecrackers"},{"floor":20,"key":"Red Mask"},{"floor":24,"key":"reliquary:SilkGlove"},{"floor":30,"key":"reliquary:PartyBalloon"},{"floor":41,"key":"War Paint"}],"event_choices":[{"damage_healed":0,"gold_gain":0,"player_choice":"Success","damage_taken":7,"relics_obtained":["InkBottle"],"max_hp_gain":0,"max_hp_loss":0,"event_name":"Scrap Ooze","floor":5,"gold_loss":0},{"damage_healed":0,"gold_gain":0,"player_choice":"Donut","damage_taken":0,"max_hp_gain":5,"max_hp_loss":0,"event_name":"Big Fish","floor":12,"gold_loss":0},{"damage_healed":0,"gold_gain":0,"player_choice":"Fought Bandits","damage_taken":0,"max_hp_gain":0,"max_hp_loss":0,"event_name":"Masked Bandits","floor":20,"gold_loss":0},{"cards_removed":["Pain"],"damage_healed":0,"gold_gain":0,"player_choice":"Offered Curse","damage_taken":0,"relics_obtained":["Spirit Poop"],"max_hp_gain":0,"max_hp_loss":0,"event_name":"Bonfire Elementals","floor":43,"gold_loss":0}],"is_beta":false,"boss_relics":[{"not_picked":["reliquary:Ember","Snecko Eye"],"picked":"Cursed Key"},{"not_picked":["SacredBark","Tiny House"],"picked":"reliquary:Craggleroot"}],"items_purged_floors":[8,29],"is_endless":false,"potions_floor_spawned":[9,15,28,30,32,33,36,42,48,49],"killed_by":"WA_ARCHETYPE_DIVINITY","ascension_level":0}}