{"host":"7e64twihcj4u7qhg","time":1613949812,"event":{"mods":["Act Like it!","Bard","BaseMod","Better Note","BetterRewards","Card Forge","Clockwork Mod","Colored Map","Colored Powertips","Conspire","Custom Start","Energized Spire","Gensokyo","GungeonMod","Hallownest","Hubris","Infinite Spire","Koishi","Marisa????????","Minty Spire (QoL Compilation)","Quick Restart","Reimu??????","Replay The Spire","Shop Mod","Spikes Relics","StSLib","SuperFastMode","Swap Starting Deck Mod","The Saiyan","The Senshi","The Servant 0.9.4","Wandering Minibosses"],"gold_per_floor":[117,154,164,164,175,175,210,210,257,289,3,32,32,32,32,131,131,142,162,212,262,302,335,354,380,380,380,397,410,430,449,466,466,466,570,570,583,583,594,611,611,611,644,656,668,709,739,776,788,800,812],"floor_reached":53,"language":"ENG","playtime":5256,"items_purged":["Hallucinations"],"score":1329,"play_id":"d6866762-22ce-4cca-b1dd-1f10b5220f39","local_time":"20210221182332","daily_mods":["Elite Swarm","Uncertain Future"],"is_ascension_mode":true,"campfire_choices":[{"data":"Cloak And Dagger","floor":6.0,"key":"SMITH"},{"data":"Cloak And Dagger","floor":8.0,"key":"SMITH"},{"data":"Cloak And Dagger","floor":15.0,"key":"SMITH"},{"data":"Footwork","floor":27.0,"key":"SMITH"},{"data":"Footwork","floor":33.0,"key":"SMITH"},{"data":"Terror","floor":42,"key":"SMITH"},{"data":"ReplayTheSpireMod:Faulty Equipment","floor":44,"key":"SMITH"},{"data":"ReplayTheSpireMod:Faulty Equipment","floor":51,"key":"SMITH"}],"circlet_count":0,"master_deck":["After Image","Accuracy","Accuracy","Footwork+1","Footwork+1","conspire:DoublingDagger","Cloak And Dagger+1","Cloak And Dagger+1","Cloak And Dagger+1","Finisher","Flechettes","ReplayTheSpireMod:From All Sides","ReplayTheSpireMod:Private Reserves","Footwork+1","Dodge and Roll","Backstab","DemoMod:Invincible","Fluid Movement+1","Gensokyo:Dawn+1","Sickly","Hatred"],"relics":["Ring of the Snake","Hammer of Thor","Seething Fire","Anvil of the Gods","DemoMod:VorpalBullet","Thread and Needle","WristBlade","Pondfish Scales","wanderingMiniBosses:Inkheart","Pet Ghost","MiniBlackHole","Akabeko","hubris:MedicalManual","Pear","Gensokyo:PortableGap","ReplayTheSpireMod:DimensionalGlitch","Ring of Greed","MealTicket","Replay:Wax Seal","Ring of Fangs","Tiny House","Singing Bowl","hubris:NiceRug","Regal Pillow","Lee\u0027s Waffle","Replay:Kaleidoscope","Chameleon Ring","DemoMod:RatBoots","DemoMod:ResourcefulSack","DemoMod:PartiallyEatenCheese","hubris:Backtick","DemoMod:Metronome","Pen Nib","MawBank","The Courier","DemoMod:GlassGuonStoneRelic","DemoMod:WhiteGuonStone","Bag of Marbles"],"acts_visited":["Gensokyo:Gensokyo","Gensokyo:Gensokyoer","Gensokyo:Gensokyoer","Gensokyo:Gensokyoest"],"potions_floor_usage":[41,52],"damage_taken":[{"damage":0.0,"enemies":"Gensokyo:2_Kodama","floor":1.0,"turns":4.0},{"damage":5.0,"enemies":"conspire:MimicChest","floor":2.0,"turns":3.0},{"damage":0.0,"enemies":"Gensokyo:3_Fairies","floor":3.0,"turns":6.0},{"damage":0.0,"enemies":"Gensokyo:Gryphon","floor":5.0,"turns":3.0},{"damage":0.0,"enemies":"Gensokyo:Mamizou","floor":7.0,"turns":3.0},{"damage":0.0,"enemies":"Gensokyo:Aya","floor":10.0,"turns":3.0},{"damage":0.0,"enemies":"Gensokyo:Mamizou","floor":12.0,"turns":6.0},{"damage":0.0,"enemies":"Gensokyo:Reimu","floor":16.0,"turns":5.0},{"damage":4.0,"enemies":"Gensokyo:AngelMirror","floor":18.0,"turns":1.0},{"damage":0.0,"enemies":"Gensokyo:3_Dogs","floor":19.0,"turns":3.0},{"damage":11.0,"enemies":"hubris:Merchant","floor":22.0,"turns":7.0},{"damage":0.0,"enemies":"Nightmare","floor":23.0,"turns":4.0},{"damage":15.0,"enemies":"Gensokyo:3_Gloops","floor":24.0,"turns":5.0},{"damage":0.0,"enemies":"Gensokyo:Koishi","floor":25.0,"turns":4.0},{"damage":0.0,"enemies":"DemoMod:Red_and_blue_shotgun_kin","floor":28.0,"turns":1.0},{"damage":0.0,"enemies":"DemoMod:2_Veteran_bullet_kins_and_red_shotgun_kin","floor":29.0,"turns":2.0},{"damage":0.0,"enemies":"DemoMod:2_Mousers","floor":30.0,"turns":6.0},{"damage":9.0,"enemies":"DemoMod:Veteran_shot_gun_kin_and_blue_shotgun_kin_with_gunsinger","floor":31.0,"turns":4.0},{"damage":0.0,"enemies":"DemoMod:Veteran_shot_gun_kin_and_red_shotgun_kin_with_gunsinger","floor":32.0,"turns":2.0},{"damage":17.0,"enemies":"DemoMod:ResourcefulRat","floor":34.0,"turns":9.0},{"damage":0.0,"enemies":"DemoMod:ResourcefulRat","floor":35.0,"turns":7.0},{"damage":0.0,"enemies":"Gensokyo:AncientGuardian","floor":37.0,"turns":5.0},{"damage":0.0,"enemies":"Gensokyo:3_Boulders","floor":39.0,"turns":4.0},{"damage":0.0,"enemies":"Gensokyo:Rafflesia","floor":40.0,"turns":4.0},{"damage":3,"enemies":"Gensokyo:Rafflesia","floor":41,"turns":9},{"damage":0,"enemies":"Gensokyo:Doremy","floor":43,"turns":4},{"damage":0,"enemies":"Nightmare","floor":46,"turns":5},{"damage":0,"enemies":"Gensokyo:AtlasGolem","floor":47,"turns":3},{"damage":0,"enemies":"Gensokyo:Doremy","floor":48,"turns":2},{"damage":0,"enemies":"Gensokyo:Yuyuko","floor":52,"turns":5}],"seed_played":"-7607574003299285297","potions_obtained":[{"floor":1.0,"key":"SkillPotion"},{"floor":5.0,"key":"SpeedPotion"},{"floor":12.0,"key":"EntropicBrew"},{"floor":16.0,"key":"Strength Potion"},{"floor":19.0,"key":"Ancient Potion"},{"floor":22.0,"key":"LifebloodPotion"},{"floor":40.0,"key":"Explosive Potion"},{"floor":47,"key":"Swift Potion"}],"is_trial":true,"path_per_floor":["M","?","M","?","M","R","E","R","T","E","$","E","?","?","R","B",null,"M","M","?","AVR","$","NM","M","E","T","R","M","M","M","M","M","R","B","B",null,"M","AVR","M","M","?","R","E","R","T","NM","M","E","?","R","B",null],"character_chosen":"THE_SILENT","items_purchased":["ReplayTheSpireMod:Private Reserves","DemoMod:GnawedKey","Footwork","Dodge and Roll","Singing Bowl"],"campfire_rested":0,"item_purchase_floors":[11,11,11,11,22],"current_hp_per_floor":[70,65,65,65,65,65,65,65,65,65,65,65,60,60,60,60,72,68,68,68,73,94,96,81,83,98,98,100,102,104,97,99,99,82,86,114,116,116,118,120,120,120,122,122,122,124,126,128,125,125,125],"gold":824,"neow_bonus":"","is_daily":false,"chose_seed":false,"campfire_upgraded":8,"win_rate":0.0,"timestamp":1613949812,"path_taken":["M","?","M","?","M","R","E","R","T","E","$","E","?","?","R","BOSS","M","M","?","AVR","?","NM","M","E","T","R","M","M","M","M","M","R","BOSS","BOSS","M","AVR","?","M","?","R","E","R","T","NM","M","E","?","R","BOSS"],"items_purchased_type":["Card","Relic","Card","Card","Relic"],"build_version":"2020-12-22","purchased_purges":1,"victory":true,"max_hp_per_floor":[70,70,70,70,70,70,70,70,70,70,70,70,80,72,72,72,72,72,72,72,77,94,96,96,98,98,98,100,102,104,106,108,108,108,112,114,116,116,118,120,120,120,122,122,122,124,126,128,125,125,125],"card_choices":[{"not_picked":["Dodge and Roll","Hidden Blade"],"picked":"Flechettes","floor":1.0},{"not_picked":["Distraction","Fluid Movement"],"picked":"Blur","floor":3.0},{"not_picked":["Underhanded Strike","Backflip","Deadly Poison"],"picked":"SKIP","floor":5.0},{"not_picked":["ReplayTheSpireMod:Necrosis","Storm of Steel","Bullet Time"],"picked":"SKIP","floor":7.0},{"not_picked":["Corpse Explosion","Envenom"],"picked":"ReplayTheSpireMod:From All Sides","floor":10.0},{"not_picked":["Venomology","Burst","Grand Finale"],"picked":"SKIP","floor":12.0},{"not_picked":["PiercingWail","Poisoned Stab","Deflect"],"picked":"SKIP","floor":18.0},{"not_picked":["Unload","Slice","Dagger Spray"],"picked":"SKIP","floor":19.0},{"not_picked":[],"picked":"Backstab","floor":22.0},{"not_picked":["Choke"],"picked":"Singing Bowl","floor":22.0},{"not_picked":["Deadly Poison"],"picked":"Singing Bowl","floor":22.0},{"not_picked":["PiercingWail"],"picked":"Singing Bowl","floor":22.0},{"not_picked":["Infinite Blades"],"picked":"Singing Bowl","floor":22.0},{"not_picked":["PanicButton"],"picked":"Singing Bowl","floor":22.0},{"not_picked":[],"picked":"DemoMod:Invincible","floor":22.0},{"not_picked":["Tools of the Trade","Replay:Bag of Tricks","After Image"],"picked":"Singing Bowl","floor":23.0},{"not_picked":["Heel Hook","Deadly Poison"],"picked":"Fluid Movement+1","floor":24.0},{"not_picked":["After Image","Adrenaline","ReplayTheSpireMod:Necrosis"],"picked":"Singing Bowl","floor":25.0},{"not_picked":["conspire:DoublingDagger","Acrobatics+1","Skewer"],"picked":"Singing Bowl","floor":28.0},{"not_picked":["hubris:Sniper","Outmaneuver+1","Bullet Time"],"picked":"Singing Bowl","floor":29.0},{"not_picked":["Poisoned Stab","Backflip+1","hubris:SlightOfHand"],"picked":"Singing Bowl","floor":30.0},{"not_picked":["Quick Slash","PiercingWail","hubris:SlightOfHand+1"],"picked":"Singing Bowl","floor":31.0},{"not_picked":["ReplayTheSpireMod:The Works","Prepared+1","Expertise"],"picked":"Singing Bowl","floor":32.0},{"not_picked":["DemoMod:Elimentaler"],"picked":"Singing Bowl","floor":35.0},{"not_picked":["Burst","Tools of the Trade","Phantasmal Killer"],"picked":"Singing Bowl","floor":35.0},{"not_picked":["Hidden Blade+1","Underhanded Strike+1","Dodge and Roll+1"],"picked":"Singing Bowl","floor":36.0},{"not_picked":["PiercingWail","Bane","hubris:TrickCloak+1"],"picked":"Singing Bowl","floor":37.0},{"not_picked":["PiercingWail+1","Dodge and Roll+1","Backflip"],"picked":"Singing Bowl","floor":39.0},{"not_picked":["Flying Knee+1","Bane+1","Dodge and Roll"],"picked":"Singing Bowl","floor":40.0},{"not_picked":["Gensokyo:RisingWorld+1","Gensokyo:RainbowDanmaku+1"],"picked":"Gensokyo:Dawn+1","floor":41},{"not_picked":["Malaise","Night Terror","Burst"],"picked":"Singing Bowl","floor":43},{"not_picked":["Replay:Bag of Tricks","Corpse Explosion","ReplayTheSpireMod:From All Sides"],"picked":"Singing Bowl","floor":46},{"not_picked":["Blade Dance+1","Quick Slash+1","Deadly Poison+1"],"picked":"Singing Bowl","floor":47},{"not_picked":["Atom Bomb","Corpse Explosion","A Thousand Cuts"],"picked":"Singing Bowl","floor":48}],"player_experience":607187,"relics_obtained":[{"floor":2.0,"key":"Pondfish Scales"},{"floor":3.0,"key":"wanderingMiniBosses:Inkheart"},{"floor":7.0,"key":"Pet Ghost"},{"floor":9.0,"key":"MiniBlackHole"},{"floor":10.0,"key":"Akabeko"},{"floor":12.0,"key":"hubris:MedicalManual"},{"floor":20.0,"key":"Ring of Greed"},{"floor":20.0,"key":"MealTicket"},{"floor":20.0,"key":"Replay:Wax Seal"},{"floor":20.0,"key":"Ring of Fangs"},{"floor":22.0,"key":"Regal Pillow"},{"floor":22.0,"key":"Lee\u0027s Waffle"},{"floor":23.0,"key":"Replay:Kaleidoscope"},{"floor":25.0,"key":"Chameleon Ring"},{"floor":36.0,"key":"DemoMod:RatBoots"},{"floor":36.0,"key":"DemoMod:ResourcefulSack"},{"floor":36.0,"key":"DemoMod:PartiallyEatenCheese"},{"floor":36.0,"key":"hubris:Backtick"},{"floor":43,"key":"MawBank"},{"floor":45,"key":"The Courier"},{"floor":46,"key":"DemoMod:WhiteGuonStone"},{"floor":48,"key":"Bag of Marbles"}],"event_choices":[],"is_beta":false,"boss_relics":[{"not_picked":["Replay:Drink Me","Kintsugi"],"picked":"ReplayTheSpireMod:DimensionalGlitch"},{"not_picked":[]}],"items_purged_floors":[21],"is_endless":false,"potions_floor_spawned":[1,5,12,16,19,24,29,30,31,35,40,47,48],"ascension_level":4}}