{"host":"72n3jwtrlpjobydj","time":1613900562,"event":{"mods":["AchievementEnabler","BaseMod","CapriCore","DeckTracker","Hermit","Koishi","KomeijiMod","Lobotomy","Marisa£¨Ùöéë¡¡Øª×âÞÞ£©","Minty Spire (QoL Compilation)","Permanent Neow","StSLib","SuperFastMode","The Cursed","The Hierophant","The Immortal"],"gold_per_floor":[110,110,127,144,158,158,158],"floor_reached":6,"language":"KOR","playtime":99,"items_purged":[],"score":40,"play_id":"76131ce2-60ef-4b7a-b463-780521a5917a","local_time":"20210221184242","is_ascension_mode":true,"campfire_choices":[],"circlet_count":0,"master_deck":["Strike_P","Strike_P","Strike_P","Strike_P","Defend_P","Defend_P","Defend_P","Defend_P","Eruption","Vigilance"],"relics":["PureWater","NeowsBlessing","Bag of Marbles"],"acts_visited":["Exordium"],"potions_floor_usage":[6,6],"damage_taken":[{"damage":0,"enemies":"Jaw Worm","floor":1,"turns":1},{"damage":0,"enemies":"Small Slimes","floor":3,"turns":1},{"damage":0,"enemies":"2 Louse","floor":4,"turns":1},{"damage":9,"enemies":"Large Slime","floor":5,"turns":4},{"damage":56,"enemies":"Gremlin Nob","floor":6,"turns":4}],"seed_played":"2824474473497178178","potions_obtained":[{"floor":4,"key":"PowerPotion"},{"floor":5,"key":"BottledMiracle"}],"is_trial":false,"path_per_floor":["M","?","M","M","M","E"],"character_chosen":"WATCHER","items_purchased":[],"campfire_rested":0,"item_purchase_floors":[],"current_hp_per_floor":[72,65,65,65,56,0,0],"gold":158,"neow_bonus":"THREE_ENEMY_KILL","is_daily":false,"chose_seed":false,"campfire_upgraded":0,"win_rate":0.0,"timestamp":1613900562,"path_taken":["M","?","M","M","M","E"],"items_purchased_type":[],"build_version":"2020-12-22","purchased_purges":0,"victory":false,"max_hp_per_floor":[72,72,72,72,72,72,72],"card_choices":[{"not_picked":["Protect","FlurryOfBlows","SashWhip"],"picked":"SKIP","floor":1},{"not_picked":["InnerPeace","CutThroughFate","Pray"],"picked":"SKIP","floor":3},{"not_picked":["Wireheading","FlurryOfBlows","Consecrate"],"picked":"SKIP","floor":4},{"not_picked":["ClearTheMind","ThirdEye","Wish"],"picked":"SKIP","floor":5}],"player_experience":111491,"relics_obtained":[],"event_choices":[{"damage_healed":0,"gold_gain":0,"player_choice":"Success","damage_taken":7,"relics_obtained":["Bag of Marbles"],"max_hp_gain":0,"max_hp_loss":0,"event_name":"Scrap Ooze","floor":2,"gold_loss":0}],"is_beta":false,"boss_relics":[],"items_purged_floors":[],"is_endless":false,"potions_floor_spawned":[4,5],"killed_by":"Gremlin Nob","ascension_level":1}}