{"host":"yx5rao87132cy5xq","time":1613922135,"event":{"mods":["2.2 Compatiblity","AchievementEnabler","BaseMod","Bestiary","Colored Map","Colored Powertips","Minty Spire (QoL Compilation)","Quick Restart","Relic Stats","Slay-I","SuperFastMode"],"gold_per_floor":[110,124,199,10,30,30,64,83,83,83,116,22,41,80,80,80,80],"floor_reached":16,"language":"ENG","playtime":5737,"items_purged":["Strike_R"],"score":234,"play_id":"7b773d39-7534-4c32-a909-882f3463f447","local_time":"20210221164215","is_ascension_mode":true,"campfire_choices":[{"data":"Wild Strike","floor":6,"key":"SMITH"},{"floor":15,"key":"REST"}],"circlet_count":0,"master_deck":["AscendersBane","Strike_R","Strike_R","Strike_R","Strike_R","Defend_R","Defend_R","Defend_R","Defend_R","Bash","Headbutt","Wild Strike+1","Second Wind","Blood for Blood","Anger","Barricade","Offering","Dark Embrace","Wild Strike","Cleave"],"relics":["Burning Blood","Potion Belt","Smiling Mask","PreservedInsect","Self Forming Clay","CeramicFish"],"acts_visited":["Exordium"],"potions_floor_usage":[7,7,11,14,14,16],"damage_taken":[{"damage":12,"enemies":"Small Slimes","floor":1,"turns":4},{"damage":4,"enemies":"Jaw Worm","floor":2,"turns":4},{"damage":2,"enemies":"2 Louse","floor":5,"turns":3},{"damage":6,"enemies":"Gremlin Nob","floor":7,"turns":3},{"damage":11,"enemies":"Blue Slaver","floor":8,"turns":3},{"damage":20,"enemies":"Lagavulin","floor":11,"turns":3},{"damage":13,"enemies":"Exordium Wildlife","floor":13,"turns":4},{"damage":15,"enemies":"3 Sentries","floor":14,"turns":6},{"damage":50,"enemies":"Slime Boss","floor":16,"turns":8}],"seed_played":"9132148154992340803","potions_obtained":[{"floor":1,"key":"CultistPotion"},{"floor":5,"key":"SteroidPotion"},{"floor":8,"key":"PowerPotion"},{"floor":14,"key":"FearPotion"}],"is_trial":false,"path_per_floor":["M","M","?","$","M","R","E","M","T","?","E","$","M","E","R","B"],"character_chosen":"IRONCLAD","items_purchased":["Second Wind","Explosive Potion","FearPotion","Dark Embrace"],"campfire_rested":1,"item_purchase_floors":[4,4,4,12],"current_hp_per_floor":[62,64,53,53,57,57,57,52,52,52,38,38,31,22,44,0,0],"gold":80,"neow_bonus":"RANDOM_COMMON_RELIC","is_daily":false,"chose_seed":false,"campfire_upgraded":1,"win_rate":0.0,"timestamp":1613922135,"path_taken":["M","M","?","$","M","R","E","M","T","?","E","?","M","E","R","BOSS"],"items_purchased_type":["Card","Potion","Potion","Card"],"build_version":"2020-12-22","purchased_purges":1,"victory":false,"max_hp_per_floor":[75,75,75,75,75,75,75,75,75,75,75,75,75,75,75,75,75],"relic_stats":{"counters":[9,38],"Self Forming Clay":[30],"CeramicFish":9,"PreservedInsect":63,"Smiling Mask":25,"obtain_stats":[{"Potion Belt":0,"Self Forming Clay":11,"CeramicFish":14,"PreservedInsect":9,"Smiling Mask":7,"Burning Blood":0},{"Potion Belt":0,"Self Forming Clay":6,"CeramicFish":8,"PreservedInsect":5,"Smiling Mask":4,"Burning Blood":0},{"Potion Belt":0,"Self Forming Clay":20,"CeramicFish":30,"PreservedInsect":17,"Smiling Mask":14,"Burning Blood":0}],"Burning Blood":48},"card_choices":[{"not_picked":["Seeing Red","Body Slam"],"picked":"Headbutt","floor":1},{"not_picked":["Anger","Battle Trance"],"picked":"Wild Strike","floor":2},{"not_picked":["Heavy Blade","Searing Blow"],"picked":"Blood for Blood","floor":5},{"not_picked":["Ghostly Armor","Shockwave"],"picked":"Anger","floor":7},{"not_picked":["Flex","Battle Trance"],"picked":"Barricade","floor":8},{"not_picked":["Armaments","Warcry"],"picked":"Offering","floor":11},{"not_picked":["Clothesline","Havoc"],"picked":"Wild Strike","floor":13},{"not_picked":["Wild Strike","Intimidate"],"picked":"Cleave","floor":14}],"player_experience":1090154,"relics_obtained":[{"floor":7,"key":"Smiling Mask"},{"floor":9,"key":"PreservedInsect"},{"floor":11,"key":"Self Forming Clay"},{"floor":14,"key":"CeramicFish"}],"event_choices":[{"damage_healed":0,"gold_gain":75,"player_choice":"Gather Gold","damage_taken":11,"max_hp_gain":0,"max_hp_loss":0,"event_name":"World of Goop","floor":3,"gold_loss":0},{"damage_healed":0,"gold_gain":0,"player_choice":"Ignored","damage_taken":0,"max_hp_gain":0,"max_hp_loss":0,"event_name":"Liars Game","floor":10,"gold_loss":0}],"is_beta":false,"boss_relics":[],"items_purged_floors":[12],"is_endless":false,"potions_floor_spawned":[1,5,8,14],"killed_by":"Slime Boss","ascension_level":19}}