{"host":"5bsc0nab6whpyrbj","time":1613947892,"event":{"mods":["BaseMod","Highlight Path","Minty Spire (QoL Compilation)"],"gold_per_floor":[209,130,130,147,147,147,222,222,222,222,240,255,180,199,199,303,303,321,374,393,393,314,314,347,347,421,421,421,432,432,432],"floor_reached":30,"language":"ENG","playtime":594,"items_purged":[],"score":236,"play_id":"dd468c50-6668-4099-8ece-1998b5464e3a","local_time":"20210221175132","is_ascension_mode":false,"campfire_choices":[{"data":"Loop","floor":6,"key":"SMITH"},{"floor":15,"key":"REST"},{"data":"Electrodynamics","floor":23,"key":"SMITH"},{"floor":25,"key":"REST"}],"circlet_count":0,"master_deck":["Strike_B","Strike_B","Strike_B","Strike_B","Defend_B","Defend_B","Defend_B","Defend_B","Zap+1","Dualcast","Doom and Gloom","Loop+1","Self Repair","Electrodynamics+1","CurseOfTheBell","Doom and Gloom+1","Static Discharge","Barrage+1","Tempest+1"],"relics":["Cracked Core","Mercury Hourglass","Symbiotic Virus","Calling Bell","Dream Catcher","Molten Egg 2","TungstenRod","Tiny Chest","Toxic Egg 2","Darkstone Periapt","InkBottle"],"acts_visited":["Exordium","TheCity"],"potions_floor_usage":[24],"damage_taken":[{"damage":12,"enemies":"2 Louse","floor":1,"turns":3},{"damage":6,"enemies":"Cultist","floor":4,"turns":3},{"damage":0,"enemies":"Small Slimes","floor":11,"turns":2},{"damage":10,"enemies":"Looter","floor":12,"turns":2},{"damage":0,"enemies":"3 Louse","floor":14,"turns":1},{"damage":40,"enemies":"The Guardian","floor":16,"turns":7},{"damage":27,"enemies":"2 Thieves","floor":18,"turns":3},{"damage":0,"enemies":"3 Byrds","floor":20,"turns":4},{"damage":40,"enemies":"Book of Stabbing","floor":24,"turns":5},{"damage":38,"enemies":"Shelled Parasite and Fungi","floor":29,"turns":4},{"damage":18,"enemies":"Centurion and Healer","floor":30,"turns":1}],"seed_played":"6630901298194756041","potions_obtained":[{"floor":1,"key":"SpeedPotion"},{"floor":11,"key":"EssenceOfSteel"},{"floor":24,"key":"FearPotion"}],"is_trial":false,"path_per_floor":["M","$","?","M","$","R","?","T","T","?","M","M","$","M","R","B",null,"M","T","M","?","$","R","E","R","T","?","T","M","M"],"character_chosen":"DEFECT","items_purchased":["Loop","Self Repair","Static Discharge"],"campfire_rested":2,"item_purchase_floors":[2,13,22],"current_hp_per_floor":[63,63,75,69,69,69,58,58,58,58,58,48,48,48,70,37,75,55,55,62,62,62,62,29,51,51,51,51,13,0,0],"gold":432,"neow_bonus":"HUNDRED_GOLD","is_daily":false,"chose_seed":false,"campfire_upgraded":2,"win_rate":0.0,"timestamp":1613947892,"path_taken":["M","$","?","M","?","R","?","?","T","?","M","?","$","M","R","BOSS","M","?","?","?","$","R","E","R","T","?","?","M","M"],"items_purchased_type":["Card","Card","Card"],"build_version":"2020-12-22","purchased_purges":0,"victory":false,"max_hp_per_floor":[75,75,75,75,75,75,75,75,75,75,75,75,75,75,75,75,75,75,75,75,75,75,75,75,75,75,75,75,75,75,75],"card_choices":[{"not_picked":["Stack","Redo"],"picked":"Doom and Gloom","floor":1},{"not_picked":["Beam Cell","Rebound","Conserve Battery"],"picked":"SKIP","floor":4},{"not_picked":["Cold Snap","Rebound","Hologram"],"picked":"SKIP","floor":11},{"not_picked":["Scrape","Streamline","Melter"],"picked":"SKIP","floor":12},{"not_picked":["Beam Cell","Stack","Coolheaded"],"picked":"SKIP","floor":14},{"not_picked":["Echo Form","Biased Cognition"],"picked":"Electrodynamics","floor":16},{"not_picked":["Melter+1","Fusion","Chill"],"picked":"SKIP","floor":18},{"not_picked":["Melter+1","Redo"],"picked":"Doom and Gloom+1","floor":20},{"not_picked":["Glacier+1","Reboot+1"],"picked":"Barrage+1","floor":24},{"not_picked":["Turbo+1","Double Energy+1"],"picked":"Tempest+1","floor":25},{"not_picked":["Auto Shields+1","Steam+1","Blizzard+1"],"picked":"SKIP","floor":29}],"player_experience":88313,"relics_obtained":[{"floor":8,"key":"Mercury Hourglass"},{"floor":9,"key":"Symbiotic Virus"},{"floor":17,"key":"Dream Catcher"},{"floor":17,"key":"Molten Egg 2"},{"floor":17,"key":"TungstenRod"},{"floor":19,"key":"Tiny Chest"},{"floor":24,"key":"Toxic Egg 2"},{"floor":26,"key":"Darkstone Periapt"},{"floor":28,"key":"InkBottle"}],"event_choices":[{"damage_healed":12,"gold_gain":0,"player_choice":"Full Heal","damage_taken":0,"max_hp_gain":0,"max_hp_loss":0,"event_name":"Wheel of Change","floor":3,"gold_loss":0},{"damage_healed":0,"gold_gain":75,"player_choice":"Gather Gold","damage_taken":11,"max_hp_gain":0,"max_hp_loss":0,"event_name":"World of Goop","floor":7,"gold_loss":0},{"damage_healed":0,"gold_gain":0,"player_choice":"Upgraded","damage_taken":0,"max_hp_gain":0,"max_hp_loss":0,"event_name":"Upgrade Shrine","floor":10,"gold_loss":0,"cards_upgraded":["Zap"]},{"damage_healed":0,"gold_gain":0,"player_choice":"Ignored","damage_taken":0,"max_hp_gain":0,"max_hp_loss":0,"event_name":"Vampires","floor":21,"gold_loss":0},{"damage_healed":0,"gold_gain":0,"player_choice":"Ignored","damage_taken":0,"max_hp_gain":0,"max_hp_loss":0,"event_name":"Ghosts","floor":27,"gold_loss":0}],"is_beta":false,"boss_relics":[{"not_picked":["Tiny House","Cursed Key"],"picked":"Calling Bell"}],"items_purged_floors":[],"is_endless":false,"potions_floor_spawned":[1,11,24],"killed_by":"Centurion and Healer","ascension_level":0}}