{"host":"cr9rpoy6dx9riis3","time":1613944150,"event":{"mods":["AchievementEnabler","BaseMod","Better Altar","Better Note","Better Sensory Stone","Better Skull","Better Third Choice","Better-Laid Plans","BetterRewards","Block Reminder","Curses Come First","Displayed Cursed Tome","Emptier Cage","Marked Mod","Minty Spire (QoL Compilation)","Permanent Neow","Relic Sorter","StSLib","The Blue Laboratory","Transform Curses"],"gold_per_floor":[16,91,102,112,132,132,145,145,145,145,160,6,6,25,25,122,122,133,133,133,58,77,105,105,132,183,183,202,221,221,221,221,221,221],"floor_reached":33,"language":"ENG","playtime":1146,"items_purged":["Strike_G"],"score":346,"play_id":"5695da82-c40a-444b-8c75-4e8cce506250","local_time":"20210221224910","is_ascension_mode":true,"campfire_choices":[{"data":"Storm of Steel","floor":6,"key":"SMITH"},{"data":"Survivor","floor":8,"key":"SMITH"},{"data":"Flechettes","floor":10,"key":"SMITH"},{"data":"Storm of Steel","floor":13,"key":"SMITH"},{"data":"Accuracy","floor":15,"key":"SMITH"},{"data":"Terror","floor":24,"key":"SMITH"},{"data":"Night Terror","floor":27,"key":"SMITH"},{"data":"Venomology","floor":30,"key":"SMITH"},{"floor":32,"key":"REST"}],"circlet_count":0,"master_deck":["Strike_G+1","Strike_G","Defend_G","Defend_G","Defend_G","Defend_G","Survivor+1","Neutralize+1","Storm of Steel+1","Blade Dance","Blade Dance","Backflip","Flechettes+1","Accuracy+1","Storm of Steel+1","Venomology+1","Accuracy","Infinite Blades+1","Terror+1","Night Terror+1","Accuracy","Flechettes"],"relics":["Ring of the Snake","Meat on the Bone","White Beast Statue"],"acts_visited":["Exordium","TheCity"],"potions_floor_usage":[11,18,23,23,23,25,28,28,29,29,33],"damage_taken":[{"damage":15,"enemies":"Jaw Worm","floor":1,"turns":6},{"damage":0,"enemies":"Small Slimes","floor":3,"turns":3},{"damage":0,"enemies":"2 Louse","floor":4,"turns":2},{"damage":9,"enemies":"Large Slime","floor":5,"turns":7},{"damage":3,"enemies":"Looter","floor":7,"turns":2},{"damage":0,"enemies":"2 Fungi Beasts","floor":11,"turns":2},{"damage":7,"enemies":"3 Louse","floor":14,"turns":2},{"damage":27,"enemies":"Hexaghost","floor":16,"turns":8},{"damage":14,"enemies":"Shell Parasite","floor":18,"turns":3},{"damage":3,"enemies":"Chosen","floor":22,"turns":2},{"damage":11,"enemies":"Gremlin Leader","floor":23,"turns":5},{"damage":28,"enemies":"Slavers","floor":25,"turns":4},{"damage":26,"enemies":"Snake Plant","floor":28,"turns":5},{"damage":6,"enemies":"Chosen and Byrds","floor":29,"turns":3},{"damage":61,"enemies":"Automaton","floor":33,"turns":6}],"seed_played":"-6972058169750002473","potions_obtained":[{"floor":3,"key":"DistilledChaos"},{"floor":5,"key":"SteroidPotion"},{"floor":7,"key":"FearPotion"},{"floor":22,"key":"blueLaboratory:BottleOfRum"},{"floor":25,"key":"blueLaboratory:FruitPreserves"},{"floor":28,"key":"PowerPotion"},{"floor":29,"key":"Weak Potion"}],"is_trial":false,"path_per_floor":["M","?","M","M","M","R","M","R","T","R","M","$","R","M","R","B",null,"M","?","?","$","M","E","R","E","T","R","M","M","R","?","R","B"],"character_chosen":"THE_SILENT","items_purchased":["Storm of Steel"],"campfire_rested":1,"item_purchase_floors":[12],"current_hp_per_floor":[55,44,44,44,35,35,32,32,32,32,44,44,44,37,37,22,58,44,44,44,44,41,42,42,26,26,26,42,36,36,36,57,0,0],"gold":221,"neow_bonus":"THREE_RARE_CARDS","is_daily":false,"chose_seed":false,"campfire_upgraded":8,"win_rate":0.0,"timestamp":1613944150,"path_taken":["M","?","M","M","M","R","M","R","T","R","M","$","R","M","R","BOSS","M","?","?","$","M","E","R","E","T","R","M","M","R","?","R","BOSS"],"items_purchased_type":["Card"],"build_version":"2020-12-22","purchased_purges":1,"victory":false,"max_hp_per_floor":[70,70,70,70,70,70,70,70,70,70,70,70,70,70,70,70,70,70,70,70,70,70,70,70,70,70,70,70,70,70,70,70,70,70],"card_choices":[{"not_picked":["After Image","Adrenaline"],"picked":"Storm of Steel","floor":0},{"not_picked":["Deadly Poison","Underhanded Strike"],"picked":"Blade Dance","floor":1},{"not_picked":["All Out Attack","Outmaneuver"],"picked":"Blade Dance","floor":3},{"not_picked":["Bouncing Flask","Slice"],"picked":"Backflip","floor":4},{"not_picked":["Underhanded Strike","Dagger Spray"],"picked":"Flechettes","floor":5},{"not_picked":["Acrobatics","Dagger Spray","Leg Sweep"],"picked":"SKIP","floor":7},{"not_picked":["Outmaneuver","Riddle With Holes"],"picked":"Accuracy","floor":11},{"not_picked":["Poisoned Stab","Backstab","Prepared"],"picked":"SKIP","floor":14},{"not_picked":["Tools of the Trade","Unload"],"picked":"Venomology","floor":16},{"not_picked":["Backstab+1","Dagger Throw+1"],"picked":"Accuracy","floor":18},{"not_picked":["Acrobatics","Prepared+1"],"picked":"Infinite Blades+1","floor":22},{"not_picked":["Skewer+1","Slice+1"],"picked":"Terror","floor":23},{"not_picked":["Escape Plan","Riddle With Holes"],"picked":"Night Terror","floor":25},{"not_picked":["Footwork","Flechettes"],"picked":"Accuracy","floor":28},{"not_picked":["Outmaneuver","Prepared+1","Slice"],"picked":"SKIP","floor":29}],"player_experience":774121,"relics_obtained":[{"floor":9,"key":"Meat on the Bone"},{"floor":23,"key":"White Beast Statue"},{"floor":25,"key":"Whetstone"}],"event_choices":[{"damage_healed":0,"gold_gain":75,"player_choice":"Gold","damage_taken":11,"max_hp_gain":0,"max_hp_loss":0,"event_name":"betterThird:BetterGoop","floor":2,"gold_loss":0},{"damage_healed":0,"gold_gain":0,"player_choice":"Ignored","damage_taken":0,"max_hp_gain":0,"max_hp_loss":0,"event_name":"Transmorgrifier","floor":19,"gold_loss":0},{"damage_healed":0,"gold_gain":0,"player_choice":"Bought 0 Potions","damage_taken":0,"max_hp_gain":0,"max_hp_loss":0,"event_name":"The Woman in Blue","floor":20,"gold_loss":0},{"damage_healed":0,"gold_gain":0,"player_choice":"1 cards matched","damage_taken":0,"max_hp_gain":0,"max_hp_loss":0,"event_name":"Match and Keep!","floor":31,"gold_loss":0,"cards_obtained":["Flechettes"]}],"is_beta":false,"boss_relics":[{"not_picked":["Busted Crown","Sozu"],"picked":"Empty Cage"}],"items_purged_floors":[21],"is_endless":false,"potions_floor_spawned":[3,5,7,22,25,28,29],"killed_by":"Automaton","ascension_level":5}}