{"host":"7j2n82b2zha9fuyn","time":1613937282,"event":{"mods":["BaseMod","Block Reminder","Minty Spire (QoL Compilation)","StSLib"],"gold_per_floor":[14,14,28,44,56,56,74,74,128,155,155,183,183,203,203,203,203],"floor_reached":16,"language":"ENG","playtime":2453,"items_purged":[],"score":324,"play_id":"3230826f-f8ab-457e-8705-6cc6ded18965","local_time":"20210221125442","is_ascension_mode":true,"campfire_choices":[{"data":"Hyperbeam","floor":6,"key":"SMITH"},{"data":"Rebound","floor":8,"key":"SMITH"},{"data":"Streamline","floor":13,"key":"SMITH"},{"data":"Undo","floor":15,"key":"SMITH"}],"circlet_count":0,"master_deck":["AscendersBane","Strike_B","Strike_B","Defend_B","Defend_B","Defend_B","Zap","Dualcast","Aggregate","Capacitor","Genetic Algorithm","Hyperbeam+1","Undo+1","Rebound+1","Self Repair+1","FTL","Streamline+1"],"relics":["Cracked Core","Ancient Tea Set","Bottled Flame","Happy Flower"],"acts_visited":["Exordium"],"potions_floor_usage":[12],"damage_taken":[{"damage":8,"enemies":"2 Louse","floor":1,"turns":2},{"damage":5,"enemies":"Cultist","floor":3,"turns":3},{"damage":4,"enemies":"Small Slimes","floor":4,"turns":2},{"damage":10,"enemies":"3 Louse","floor":5,"turns":2},{"damage":7,"enemies":"Exordium Thugs","floor":7,"turns":2},{"damage":2,"enemies":"3 Sentries","floor":10,"turns":3},{"damage":8,"enemies":"Gremlin Nob","floor":12,"turns":3},{"damage":0,"enemies":"Blue Slaver","floor":14,"turns":1},{"damage":30,"enemies":"Hexaghost","floor":16,"turns":8}],"seed_played":"-1565038002876384947","potions_obtained":[{"floor":4,"key":"DistilledChaos"},{"floor":7,"key":"PotionOfCapacity"},{"floor":14,"key":"SteroidPotion"}],"is_trial":false,"path_per_floor":["M","?","M","M","M","R","M","R","T","E","?","E","R","M","R","B"],"character_chosen":"DEFECT","items_purchased":[],"campfire_rested":0,"item_purchase_floors":[],"current_hp_per_floor":[56,56,51,47,37,37,30,30,30,28,28,30,30,30,30,0,0],"gold":203,"neow_bonus":"TRANSFORM_TWO_CARDS","is_daily":false,"chose_seed":false,"campfire_upgraded":4,"win_rate":0.0,"timestamp":1613937282,"path_taken":["M","?","M","M","M","R","M","R","T","E","?","E","R","?","R","BOSS"],"items_purchased_type":[],"build_version":"2020-12-22","purchased_purges":0,"victory":false,"max_hp_per_floor":[71,71,71,71,71,71,71,71,71,71,71,71,71,71,71,71,71],"card_choices":[{"not_picked":["Barrage","Compile Driver"],"picked":"Genetic Algorithm","floor":1},{"not_picked":["White Noise","Stack","Lockon"],"picked":"SKIP","floor":3},{"not_picked":["White Noise","Stack","Lockon"],"picked":"SKIP","floor":3},{"not_picked":["Glacier","Coolheaded"],"picked":"Undo","floor":4},{"not_picked":["Heatsinks","Turbo"],"picked":"Rebound","floor":5},{"not_picked":["Rebound","BootSequence"],"picked":"Self Repair","floor":7},{"not_picked":["Fission","Machine Learning"],"picked":"FTL","floor":10},{"not_picked":["Leap","Coolheaded"],"picked":"Streamline","floor":12},{"not_picked":["Conserve Battery","Force Field","Leap"],"picked":"SKIP","floor":14}],"player_experience":2086537,"relics_obtained":[{"floor":9,"key":"Ancient Tea Set"},{"floor":10,"key":"Bottled Flame"},{"floor":12,"key":"Happy Flower"}],"event_choices":[{"damage_healed":0,"gold_gain":0,"cards_transformed":["Defend_B"],"player_choice":"Change","damage_taken":0,"max_hp_gain":0,"max_hp_loss":0,"event_name":"Living Wall","floor":2,"gold_loss":0,"cards_obtained":["Hyperbeam"]},{"damage_healed":0,"gold_gain":0,"player_choice":"Upgraded","damage_taken":0,"max_hp_gain":0,"max_hp_loss":0,"event_name":"Upgrade Shrine","floor":11,"gold_loss":0,"cards_upgraded":["Self Repair"]}],"is_beta":false,"boss_relics":[],"items_purged_floors":[],"is_endless":false,"potions_floor_spawned":[4,7,14],"killed_by":"Hexaghost","ascension_level":20}}