{"host":"ox77rn1xcurm2t5a","time":1613868554,"event":{"mods":["2.2 Compatiblity","AchievementEnabler","Act Like it!","Aspiration","BaseMod","Best Route Mod","Better Match","Better Note","Better Sensory Stone","Block Reminder","Colored Map","Colored Powertips","Conjunction","Conspire","Custom Start","Energized Spire","GifTheSpireLib","Gold Saver","Gremlin Skip","Halation","Highlight Path","Hubris","Infinite Spire","Minty Spire (QoL Compilation)","Pale of the Ancients","Quick Restart","Reliquary","Replay The Spire","Reworked Bosses","ShortenTheSpire","Spire Exporter","StSLib","Stuff the Spire","Wandering Minibosses"],"gold_per_floor":[929,929,948,948,742,774,774,786,813,813,813,813],"floor_reached":11,"language":"ENG","playtime":212,"items_purged":["Strike_R"],"score":103,"play_id":"f0bd5c15-6a2d-4232-a3e9-3aad798baae8","local_time":"20210221024914","is_ascension_mode":true,"campfire_choices":[{"floor":7.0,"key":"RECALL"},{"data":"Spot Weakness","floor":10.0,"key":"SMITH"}],"circlet_count":0,"master_deck":["Strike_R","Strike_R","Strike_R","Strike_R","Defend_R","Defend_R","Defend_R","Defend_R","Bash+1","Anger","Spot Weakness+1","Thunderclap","Disarm"],"relics":["Burning Blood"],"acts_visited":["Exordium"],"potions_floor_usage":[11],"damage_taken":[{"damage":6.0,"enemies":"Cultist","floor":1.0,"turns":3.0},{"damage":4.0,"enemies":"Small Slimes","floor":3.0,"turns":3.0},{"damage":57.0,"enemies":"Lagavulin","floor":6.0,"turns":8.0},{"damage":7.0,"enemies":"Jaw Worm","floor":8.0,"turns":3.0},{"damage":32,"enemies":"Gremlin Nob","floor":11,"turns":3}],"seed_played":"2920875702125947482","potions_obtained":[{"floor":8.0,"key":"LiquidMemories"}],"is_trial":false,"path_per_floor":["M","?","M","?","$","E","R","M","T","R","E"],"character_chosen":"IRONCLAD","items_purchased":["Spot Weakness","Thunderclap"],"campfire_rested":0,"item_purchase_floors":[5,5],"current_hp_per_floor":[72,77,79,79,79,28,28,27,27,27,0,0],"gold":813,"neow_bonus":"HUNDRED_GOLD","is_daily":false,"chose_seed":false,"campfire_upgraded":1,"win_rate":0.0,"timestamp":1613868554,"path_taken":["M","?","M","?","$","E","R","M","T","R","E"],"items_purchased_type":["Card","Card"],"build_version":"2020-12-22","purchased_purges":1,"victory":false,"max_hp_per_floor":[80,85,85,85,85,85,85,85,85,85,85,85],"card_choices":[{"not_picked":["ReplayTheSpireMod:LeadingStrike","Armaments","Clothesline"],"picked":"SKIP","floor":1.0},{"not_picked":["True Grit","Eclipse"],"picked":"Anger","floor":3.0},{"not_picked":["Wild Strike","Sword Boomerang","Juggernaut"],"picked":"SKIP","floor":6.0},{"not_picked":["Evolve","Intimidate"],"picked":"Disarm","floor":8.0}],"player_experience":3221746,"relics_obtained":[],"event_choices":[{"damage_healed":0.0,"max_hp_gain":5.0,"max_hp_loss":0.0,"gold_gain":0.0,"event_name":"Big Fish","player_choice":"Donut","floor":2.0,"gold_loss":0.0,"damage_taken":0.0}],"is_beta":false,"boss_relics":[],"items_purged_floors":[5],"is_endless":false,"potions_floor_spawned":[8],"killed_by":"Gremlin Nob","ascension_level":9}}