{"host":"n3yraofadl2d9nwo","time":1613911533,"event":{"mods":["BaseMod","Friendly Minions","Marisa????????","Minty Spire (QoL Compilation)","StSLib","The Animator"],"gold_per_floor":[117,217,247,49,72,121,71,71,71,102,102,117,138,59,59,188,188,210,135,172,189,210,210,210],"floor_reached":23,"language":"ENG","playtime":2231,"items_purged":["animator:Strike"],"score":203,"play_id":"36d8bb5a-d4ff-4dd3-b3c7-efcaa4cfd298","local_time":"20210221134533","is_ascension_mode":false,"campfire_choices":[{"data":"animator:Tyuule","floor":8.0,"key":"SMITH"},{"floor":11.0,"key":"REST"},{"floor":15.0,"key":"REST"}],"circlet_count":0,"master_deck":["animator:Strike_TenSura","animator:Defend_TenSura","animator:Defend","animator:Benimaru","animator:Shuna","animator:Kazuma","animator:ElricAlphonse","animator:YaoHaDucy","animator:GuildGirl","animator:Tyuule+1","animator:Millim","animator:Ara","animator:IzunaHatsuse","animator:Boros","animator:Darkness","animator:Shiro","animator:Tatsumaki","animator:Rider","animator:RinTohsaka","animator:ZankiKiguchi"],"relics":["animator:LivingPicture","animator:TheMissingPiece","animator:PurgingStone","InkBottle","Coffee Dripper"],"acts_visited":["Exordium","TheCity"],"potions_floor_usage":[22],"damage_taken":[{"damage":1.0,"enemies":"2 Louse","floor":1.0,"turns":3.0},{"damage":0.0,"enemies":"Cultist","floor":3.0,"turns":3.0},{"damage":0.0,"enemies":"Small Slimes","floor":5.0,"turns":4.0},{"damage":23.0,"enemies":"3 Sentries","floor":6.0,"turns":9.0},{"damage":14.0,"enemies":"Gremlin Nob","floor":10.0,"turns":5.0},{"damage":2.0,"enemies":"Looter","floor":12.0,"turns":4.0},{"damage":3.0,"enemies":"Blue Slaver","floor":13.0,"turns":4.0},{"damage":53.0,"enemies":"Slime Boss","floor":16.0,"turns":12.0},{"damage":10,"enemies":"Shell Parasite","floor":18,"turns":7},{"damage":10,"enemies":"3 Byrds","floor":20,"turns":3},{"damage":15,"enemies":"Snake Plant","floor":21,"turns":7},{"damage":13,"enemies":"Chosen and Byrds","floor":22,"turns":7},{"damage":39,"enemies":"Slavers","floor":23,"turns":3}],"seed_played":"-1131362883227189010","potions_obtained":[{"floor":3.0,"key":"SkillPotion"},{"floor":5.0,"key":"EntropicBrew"},{"floor":10.0,"key":"Regen Potion"},{"floor":13.0,"key":"Dexterity Potion"},{"floor":18,"key":"BlessingOfTheForge"},{"floor":21,"key":"CultistPotion"}],"is_trial":false,"path_per_floor":["M","?","M","$","M","E","?","R","T","E","R","M","M","$","R","B",null,"M","?","M","M","M","E"],"character_chosen":"THE_ANIMATOR","items_purchased":["animator:YaoHaDucy","animator:GuildGirl","animator:Darkness"],"campfire_rested":2,"item_purchase_floors":[4,4,14],"current_hp_per_floor":[47,47,47,47,47,24,24,24,24,10,29,27,24,24,43,4,66,56,56,46,32,34,0,0],"gold":210,"neow_bonus":"REMOVE_TWO","is_daily":false,"chose_seed":false,"campfire_upgraded":1,"win_rate":0.0,"timestamp":1613911533,"path_taken":["M","?","M","?","?","E","?","R","T","E","R","M","M","$","R","BOSS","M","?","M","M","M","E"],"items_purchased_type":["Card","Card","Card"],"build_version":"2020-12-22","purchased_purges":1,"victory":false,"max_hp_per_floor":[66,66,66,66,66,66,66,66,66,66,66,66,66,66,66,66,66,66,66,66,67,67,67,67],"card_choices":[{"not_picked":["animator:Azekura","animator:UneriGinkaku"],"picked":"animator:Kazuma","floor":1.0},{"not_picked":["animator:ZankiKiguchi","animator:Priestess"],"picked":"animator:ElricAlphonse","floor":3.0},{"not_picked":["animator:HighElfArcher","animator:ZankiKiguchi"],"picked":"animator:Tyuule","floor":5.0},{"not_picked":["animator:Hakurou","animator:GazelDwargon"],"picked":"animator:Millim","floor":6.0},{"not_picked":["animator:Guy","animator:Kuribayashi"],"picked":"animator:Ara","floor":10.0},{"not_picked":["animator:TukaLunaMarceau","animator:PandorasActor"],"picked":"animator:IzunaHatsuse","floor":12.0},{"not_picked":["animator:Gillette","animator:Arpeggio"],"picked":"animator:Boros","floor":13.0},{"not_picked":["animator:ItamiYouji","animator:Eve"],"picked":"animator:Shiro","floor":16.0},{"not_picked":["animator:MetalKnight","animator:MumenRider"],"picked":"animator:Tatsumaki","floor":18},{"not_picked":["animator:YachiyoNanami","animator:IzunaHatsuse"],"picked":"animator:Rider","floor":20},{"not_picked":["animator:Shion+1","animator:Shichika"],"picked":"animator:RinTohsaka","floor":21},{"not_picked":["animator:Nanami","animator:Shalltear+1"],"picked":"animator:ZankiKiguchi","floor":22}],"player_experience":859629,"relics_obtained":[{"floor":6.0,"key":"InkBottle"}],"event_choices":[{"damage_healed":0.0,"max_hp_gain":0.0,"max_hp_loss":0.0,"gold_gain":100.0,"event_name":"Golden Shrine","player_choice":"Pray","floor":2.0,"gold_loss":0.0,"damage_taken":0.0},{"cards_removed":["animator:Strike"],"damage_healed":0.0,"max_hp_gain":0.0,"max_hp_loss":0.0,"gold_gain":0.0,"event_name":"The Cleric","player_choice":"Card Removal","floor":7.0,"gold_loss":50.0,"damage_taken":0.0},{"cards_removed":["animator:Defend"],"damage_healed":0,"gold_gain":0,"player_choice":"Gave Gold","damage_taken":0,"max_hp_gain":0,"max_hp_loss":0,"event_name":"Beggar","floor":19,"gold_loss":75}],"is_beta":false,"boss_relics":[{"not_picked":["Philosopher\u0027s Stone","Cursed Key"],"picked":"Coffee Dripper"}],"items_purged_floors":[4],"is_endless":false,"potions_floor_spawned":[3,5,10,13,18,21],"killed_by":"Slavers","ascension_level":0}}