{"host":"o3b7ow6d1xe49css","time":1613866686,"event":{"mods":["Act Like it!","Aspiration","BaseMod","Bestiary","Better Altar","Better Match","Better Note","Better Sensory Stone","Better Skull","Better Third Choice","Colored Powertips","Conspire","Energized Spire","Force Act Four","GifTheSpireLib","Halation","Hermit","Hubris","Infinite Spire","Lobotomy","Minty Spire (QoL Compilation)","Quick Restart","Rare Cards Sparkle","Relic Filter Mod","Reliquary","Replay The Spire","Spicy Shops","Spikes Relics","StSLib","Stuff the Spire","The Blue Laboratory","The Hierophant","The Jungle","Wandering Minibosses"],"gold_per_floor":[119,134,149,149,424,424,458,493,493,525,73,106,106,120,120,219,219,230,115,128,128,128,128,156,199,211,498,510,540,552,595,607,718,730,753,781,793,340,340,340,340],"floor_reached":40,"language":"ENG","playtime":1808,"items_purged":["Regret","Regret","Strike_R","Strike_R"],"score":941,"play_id":"9b403aa1-5d5b-47e7-97b0-402af39b1512","local_time":"20210220151806","daily_mods":["Heirloom","Flight"],"is_ascension_mode":true,"campfire_choices":[{"data":"Bash","floor":6,"key":"SMITH"},{"data":"ReplayTheSpireMod:Muscle Training","floor":13,"key":"SMITH"},{"data":"True Grit","floor":23,"key":"SMITH"},{"data":"Feel No Pain","floor":28,"key":"SMITH"},{"data":"Offering","floor":30,"key":"SMITH"}],"circlet_count":0,"master_deck":["Strike_R","Strike_R","Strike_R","Defend_R","Defend_R","Defend_R","Defend_R","Bash+1","Sword Boomerang+1","Shrug It Off","Battle Trance","Cleave","ReplayTheSpireMod:Muscle Training+1","Offering+1","UniverseFragment","Battle Trance","Thinking Ahead","Fiend Fire","True Grit+1","Feel No Pain+1","StuffTheSpire:Incineration+1","hubris:StunningStrike","ReplayTheSpireMod:Strike From Hell"],"relics":["Burning Blood","Ring of Chaos","hubris:AstralHammer","CogitoBucket","hubris:Towel","Lantern","Quantum Egg","aspiration:HummingbirdHeart","conspire:GiftBox","infinitespire:Bottled Soul","PreservedInsect","Lee\u0027s Waffle","StuffTheSpire:GrapeVine","infinitespire:Burning Sword","Gremlin Horn","MawBank","Dead Branch","Thread and Needle","wanderingMiniBosses:Blackblade","ResearcherNote","hubris:Metronome","Black Star","Dream Catcher","StuffTheSpire:Kangaroo","Bottled Lightning"],"acts_visited":["Exordium","Exordium","TheBeyond"],"potions_floor_usage":[12,16,24,40],"damage_taken":[{"damage":4,"enemies":"2 Louse","floor":1,"turns":3},{"damage":1,"enemies":"Small Slimes","floor":2,"turns":3},{"damage":6,"enemies":"Cultist","floor":3,"turns":3},{"damage":16,"enemies":"Gremlin Nob","floor":7,"turns":3},{"damage":30,"enemies":"Lagavulin","floor":8,"turns":7},{"damage":18,"enemies":"3 Sentries","floor":10,"turns":4},{"damage":7,"enemies":"Gremlin Nob","floor":12,"turns":2},{"damage":12,"enemies":"3 Louse","floor":14,"turns":4},{"damage":14,"enemies":"The Guardian","floor":16,"turns":7},{"damage":12,"enemies":"theJungle:5_Spyders","floor":18,"turns":4},{"damage":0,"enemies":"Shell Parasite","floor":20,"turns":1},{"damage":7,"enemies":"Nightmare","floor":24,"turns":3},{"damage":11,"enemies":"theJungle:2_Phrogs","floor":25,"turns":2},{"damage":22,"enemies":"theJungle:JungleHuntersEncounter","floor":29,"turns":5},{"damage":0,"enemies":"theJungle:Cassacara","floor":31,"turns":1},{"damage":8,"enemies":"theJungle:FunGuy","floor":33,"turns":2},{"damage":3,"enemies":"Orb Walker","floor":35,"turns":3},{"damage":6,"enemies":"3 Darklings","floor":36,"turns":3},{"damage":53,"enemies":"Nightmare_Alpha","floor":40,"turns":3}],"seed_played":"7700133110847714380","potions_obtained":[{"floor":7,"key":"blueLaboratory:BottledHope"},{"floor":8,"key":"Languid Potion"},{"floor":10,"key":"SkillPotion"},{"floor":14,"key":"Fire Potion"},{"floor":16,"key":"blueLaboratory:PyrophylliteBrew"},{"floor":29,"key":"blueLaboratory:Moonshine"},{"floor":31,"key":"BloodPotion"},{"floor":35,"key":"Regen Potion"},{"floor":36,"key":"Block Potion"}],"is_trial":true,"path_per_floor":["M","M","M","?","?","R","E","E","T","E","$","E","R","M","R","B",null,"M","$","M","T","?","R","NM","E","T","?","R","M","R","E","R","B",null,"M","M","AVR","$","?","NM"],"character_chosen":"IRONCLAD","items_purchased":["infinitespire:Bottled Soul","PreservedInsect","Lee\u0027s Waffle","Feel No Pain","Bottled Lightning"],"campfire_rested":0,"item_purchase_floors":[11,11,11,19,38],"current_hp_per_floor":[80,80,80,80,80,80,70,46,46,34,87,86,86,80,80,72,83,77,77,83,83,83,83,82,77,77,77,77,61,61,67,87,85,87,87,87,87,87,87,34,34],"gold":340,"neow_bonus":"","is_daily":false,"chose_seed":false,"campfire_upgraded":5,"win_rate":0.0,"timestamp":1613866686,"path_taken":["M","M","M","?","?","R","E","E","T","E","$","E","R","M","R","BOSS","M","$","?","?","?","R","NM","E","T","?","R","M","R","E","R","BOSS","M","M","AVR","$","?","NM"],"items_purchased_type":["Relic","Relic","Relic","Card","Relic"],"build_version":"2020-12-22","purchased_purges":4,"victory":false,"max_hp_per_floor":[80,80,80,80,80,80,80,80,80,80,87,87,87,87,87,87,87,87,87,87,87,87,87,87,87,87,87,87,87,87,87,87,87,87,87,87,87,87,87,87,87],"card_choices":[{"not_picked":["Replay:Undeath\u0027s Touch","Body Slam"],"picked":"Sword Boomerang","floor":1},{"not_picked":["SpiderBud","WhitesApple","ShyLook"],"picked":"Singing Bowl","floor":1},{"not_picked":["Clash","Reckless Charge"],"picked":"Shrug It Off","floor":2},{"not_picked":["LittleHelper","MHz","Murderer"],"picked":"Singing Bowl","floor":2},{"not_picked":["Clothesline","Sentinel"],"picked":"Battle Trance","floor":3},{"not_picked":["SpiderBud","Alriune","CherryBlossoms"],"picked":"Singing Bowl","floor":3},{"not_picked":["Clothesline","Wild Strike"],"picked":"Cleave","floor":7},{"not_picked":["WhiteNight","Wellcheers","CherryBlossoms"],"picked":"Singing Bowl","floor":7},{"not_picked":["Metallicize","StuffTheSpire:RockThrow"],"picked":"ReplayTheSpireMod:Muscle Training","floor":8},{"not_picked":["WallGazer","QueenBee","SingingMachine"],"picked":"Singing Bowl","floor":8},{"not_picked":["Replay:Many Hands","Berserk"],"picked":"Offering","floor":10},{"not_picked":["CrumblingArmor","FairyFestival","BigBadWolf"],"picked":"Singing Bowl","floor":10},{"not_picked":["Heavy Blade","Run Through","Clothesline"],"picked":"SKIP","floor":10},{"not_picked":["Heavy Blade","Absolvement","Run Through"],"picked":"SKIP","floor":12},{"not_picked":["OldLady","QueenBee"],"picked":"UniverseFragment","floor":14},{"not_picked":["Abandon","StuffTheSpire:Pyroclast"],"picked":"Battle Trance","floor":14},{"not_picked":["Sadistic Nature","ReplayTheSpireMod:Uncanny Aura"],"picked":"Thinking Ahead","floor":15},{"not_picked":["Bludgeon","Berserk"],"picked":"Fiend Fire","floor":16},{"not_picked":["Scorched","Bloodbath","ShyLook"],"picked":"Singing Bowl","floor":16},{"not_picked":["StuffTheSpire:Resist+1","Sword Boomerang+1"],"picked":"True Grit","floor":18},{"not_picked":["ShyLook","MeltingLove","WhitesApple"],"picked":"Singing Bowl","floor":18},{"not_picked":["Sentinel","Evolve","Flex"],"picked":"SKIP","floor":20},{"not_picked":["Headbutt","Massacre"],"picked":"StuffTheSpire:Incineration+1","floor":24},{"not_picked":["Juggernaut","ReplayTheSpireMod:Strike From Hell","Havoc+1"],"picked":"SKIP","floor":25},{"not_picked":["wanderingMiniBosses:FinaleOfPromise"],"picked":"SKIP","floor":29},{"not_picked":["Warcry","hubris:SharpeningStone","Feel No Pain"],"picked":"SKIP","floor":29},{"not_picked":["Defy Death+1","Seeing Red","Perfected Strike+1"],"picked":"SKIP","floor":31},{"not_picked":["Brutality","Feed"],"picked":"hubris:StunningStrike","floor":33},{"not_picked":["hubris:ReadiedAction","Iron Wave+1","Thunderclap+1"],"picked":"SKIP","floor":35},{"not_picked":["Cleave+1","Armaments+1"],"picked":"ReplayTheSpireMod:Strike From Hell","floor":36}],"player_experience":1439165,"relics_obtained":[{"floor":7,"key":"Lantern"},{"floor":8,"key":"Quantum Egg"},{"floor":9,"key":"aspiration:HummingbirdHeart"},{"floor":10,"key":"conspire:GiftBox"},{"floor":12,"key":"StuffTheSpire:GrapeVine"},{"floor":21,"key":"Gremlin Horn"},{"floor":24,"key":"MawBank"},{"floor":25,"key":"Dead Branch"},{"floor":26,"key":"Thread and Needle"},{"floor":29,"key":"wanderingMiniBosses:Blackblade"},{"floor":31,"key":"hubris:Metronome"}],"event_choices":[{"damage_healed":0,"gold_gain":275,"player_choice":"Desecrate","damage_taken":0,"max_hp_gain":0,"max_hp_loss":0,"event_name":"Golden Shrine","floor":5,"gold_loss":0,"cards_obtained":["Regret"]},{"damage_healed":0,"gold_gain":1,"player_choice":"1","damage_taken":0,"max_hp_gain":0,"max_hp_loss":0,"event_name":"betterStone:BetterStone","floor":15,"gold_loss":0},{"cards_removed":["Injury"],"damage_healed":0,"gold_gain":0,"player_choice":"Purged","damage_taken":0,"max_hp_gain":0,"max_hp_loss":0,"event_name":"Purifier","floor":22,"gold_loss":0},{"damage_healed":0,"gold_gain":275,"player_choice":"Desecrate","damage_taken":0,"max_hp_gain":0,"max_hp_loss":0,"event_name":"Golden Shrine","floor":27,"gold_loss":0,"cards_obtained":["Regret"]}],"is_beta":false,"boss_relics":[{"not_picked":["hubris:VirtuousBlindfold","reliquary:RedPaperclip"],"picked":"infinitespire:Burning Sword"},{"not_picked":["halation:LoveArrow","halation:HeavySnake"],"picked":"Black Star"}],"items_purged_floors":[19,37,38,38],"is_endless":true,"potions_floor_spawned":[7,8,10,14,16,20,29,31,33,35,36],"killed_by":"Nightmare_Alpha","ascension_level":5}}