{"host":"nwjx7hbomubpmo86","time":1613947621,"event":{"mods":["AchievementEnabler","BaseMod","Better Note","Downfall","Hubris","Minty Spire (QoL Compilation)","Replay The Spire","StSLib","The Death Knight","slay the spire mod where everything is the same but ironclad has a cowboy hat"],"gold_per_floor":[115,135,85,104,74,107,122,122,148,159,176,191,217,24,24,119,119,87,87,87,87,103,103,132,149,149,149,149],"floor_reached":27,"language":"ENG","playtime":1350,"items_purged":["DeathKnight:Strike_DeathKnight"],"score":310,"play_id":"b4e65745-7a2b-43ab-8997-8067580bb0b6","local_time":"20210221234701","is_ascension_mode":true,"campfire_choices":[{"data":"DeathKnight:FrosPresence","floor":8,"key":"SMITH"},{"data":"DeathKnight:FrosPresence","floor":15,"key":"SMITH"},{"data":"DeathKnight:FrosPresence","floor":23,"key":"SMITH"}],"circlet_count":0,"master_deck":["DeathKnight:Strike_DeathKnight","DeathKnight:Strike_DeathKnight","DeathKnight:Strike_DeathKnight","DeathKnight:Defend_DeathKnight","DeathKnight:Defend_DeathKnight","DeathKnight:Defend_DeathKnight","DeathKnight:Defend_DeathKnight","DeathKnight:Defend_DeathKnight","DeathKnight:RuneTap+1","DeathKnight:RuneStrike","DeathKnight:BoneSpear","DeathKnight:FrosPresence+1","DeathKnight:FrosPresence+1","DeathKnight:DeathCoil","DeathKnight:IceboundArmor","DeathKnight:Rot","DeathKnight:GargoyleSkin","DeathKnight:ScourgeStrike","DeathKnight:Runesurge+1","DeathKnight:WraithWalk","DeathKnight:DreadStrike","DeathKnight:RuneShock","Blind","DeathKnight:BloodEchoes","DeathKnight:Runesurge","AbeCurse","DeathKnight:FrosPresence+1","Slice","CommonCold","DeathKnight:HartStrike+1","DeathKnight:AntiMagicShell","DeathKnight:DeathCoil"],"relics":["DeathKnight:BrokenRuneblade","Blood Vial","Oddly Smooth Stone","DeathKnight:CorpseWagon","BargainBundle","Abe\u0027s Treasure","ReplayTheSpireMod:Ring of Addiction","SacredBark","Potion Belt","Ring of Searing","Onion Ring","Letter Opener"],"acts_visited":["Exordium","TheCity"],"potions_floor_usage":[10,10,16,16,16,24,24],"damage_taken":[{"damage":2,"enemies":"Small Slimes","floor":1,"turns":3},{"damage":2,"enemies":"2 Louse","floor":2,"turns":3},{"damage":5,"enemies":"Cultist","floor":4,"turns":3},{"damage":16,"enemies":"Lagavulin","floor":6,"turns":10},{"damage":8,"enemies":"Lots of Slimes","floor":7,"turns":4},{"damage":4,"enemies":"Exordium Thugs","floor":10,"turns":7},{"damage":9,"enemies":"3 Louse","floor":11,"turns":4},{"damage":2,"enemies":"Blue Slaver","floor":12,"turns":5},{"damage":25,"enemies":"Gremlin Nob","floor":13,"turns":5},{"damage":5,"enemies":"Fading Forest","floor":16,"turns":11},{"damage":12,"enemies":"2 Thieves","floor":18,"turns":5},{"damage":24,"enemies":"Chosen","floor":22,"turns":5},{"damage":42,"enemies":"Slavers","floor":24,"turns":5},{"damage":35,"enemies":"Shelled Parasite and Fungi","floor":25,"turns":7},{"damage":14,"enemies":"Gremlin Leader","floor":27,"turns":1}],"seed_played":"425057179618373240","potions_obtained":[{"floor":1,"key":"SpeedPotion"},{"floor":5,"key":"Weak Potion"},{"floor":5,"key":"Cursed Concoction"},{"floor":7,"key":"Dexterity Potion"},{"floor":10,"key":"DeathKnight:BottledBloodEchoes"},{"floor":13,"key":"Death Potion"},{"floor":16,"key":"Dexterity Potion"},{"floor":20,"key":"FairyPotion"},{"floor":20,"key":"SteroidPotion"},{"floor":20,"key":"Explosive Potion"}],"is_trial":false,"path_per_floor":["M","M","?","M","?","E","M","R","T","M","M","M","E","$","R","B",null,"M","?","?","?","M","R","E","M","T","E"],"character_chosen":"DEATH_KNIGHT","items_purchased":["BargainBundle","DeathKnight:Runesurge+1","DeathKnight:WraithWalk","DeathKnight:DreadStrike","DeathKnight:RuneShock","Blind","LiquidBronze","AttackPotion","DeathKnight:BloodEchoes","Dexterity Potion"],"campfire_rested":0,"item_purchase_floors":[14,14,14,14,14,14,14,14,14,14],"current_hp_per_floor":[73,71,71,66,66,50,44,44,44,42,35,35,12,12,12,19,75,63,63,63,85,61,61,21,12,12,0,0],"gold":149,"neow_bonus":"UPGRADE_CARD","is_daily":false,"chose_seed":false,"campfire_upgraded":3,"win_rate":0.0,"timestamp":1613947621,"path_taken":["M","M","?","M","?","E","?","R","T","?","M","M","E","$","R","BOSS","M","?","?","?","M","R","E","M","T","E"],"items_purchased_type":["Relic","Card","Card","Card","Card","Card","Potion","Potion","Card","Potion"],"build_version":"2020-12-22","purchased_purges":1,"victory":false,"max_hp_per_floor":[75,75,75,75,75,75,75,75,75,75,75,75,75,75,75,75,75,75,75,75,85,85,85,83,83,83,83,83],"card_choices":[{"not_picked":["DeathKnight:PathOfFrost","DeathKnight:Parry"],"picked":"DeathKnight:BoneSpear","floor":1},{"not_picked":["DeathKnight:Rot","DeathKnight:RunicCorruption"],"picked":"DeathKnight:FrosPresence","floor":2},{"not_picked":["DeathKnight:SindragosasBreath","DeathKnight:Lichborne"],"picked":"DeathKnight:FrosPresence","floor":4},{"not_picked":["DeathKnight:MutagenicPlague","DeathKnight:Marrowrend"],"picked":"DeathKnight:DeathCoil","floor":6},{"not_picked":["DeathKnight:MutagenicPlague","DeathKnight:ShatteringStrikes"],"picked":"DeathKnight:IceboundArmor","floor":7},{"not_picked":["DeathKnight:BloodEchoes","DeathKnight:RaiseAlly"],"picked":"DeathKnight:Rot","floor":10},{"not_picked":["DeathKnight:ChainsOfIce","DeathKnight:BoneSpear"],"picked":"DeathKnight:ReapingStrike","floor":11},{"not_picked":["DeathKnight:FrosPresence","DeathKnight:ShatteringStrikes"],"picked":"DeathKnight:GargoyleSkin","floor":12},{"not_picked":["DeathKnight:HornOfWinter","DeathKnight:MarkOfBlood"],"picked":"DeathKnight:ScourgeStrike","floor":13},{"not_picked":["DeathKnight:VampiricBlood","DeathKnight:RunicDetonation"],"picked":"DeathKnight:Runesurge","floor":16},{"not_picked":["DeathKnight:IceboundArmor","DeathKnight:RuneShock"],"picked":"DeathKnight:FrosPresence","floor":18},{"not_picked":["DeathKnight:RunicCorruption","DeathKnight:MindFreeze"],"picked":"DeathKnight:HartStrike+1","floor":22},{"not_picked":["DeathKnight:Marrowrend","DeathKnight:Razorice"],"picked":"DeathKnight:AntiMagicShell","floor":24},{"not_picked":["DeathKnight:RunicCorruption","DeathKnight:Ossuary"],"picked":"DeathKnight:DeathCoil","floor":25}],"player_experience":572725,"relics_obtained":[{"floor":6,"key":"Blood Vial"},{"floor":9,"key":"Oddly Smooth Stone"},{"floor":13,"key":"DeathKnight:CorpseWagon"},{"floor":20,"key":"ReplayTheSpireMod:Ring of Addiction"},{"floor":20,"key":"SacredBark"},{"floor":20,"key":"Potion Belt"},{"floor":20,"key":"Ring of Searing"},{"floor":24,"key":"Onion Ring"},{"floor":26,"key":"Letter Opener"}],"event_choices":[{"cards_removed":["DeathKnight:Strike_DeathKnight"],"damage_healed":0,"gold_gain":0,"player_choice":"Card Removal","damage_taken":0,"max_hp_gain":0,"max_hp_loss":0,"event_name":"The Cleric","floor":3,"gold_loss":50},{"damage_healed":0,"gold_gain":0,"player_choice":"Bought 2 Potions","damage_taken":0,"max_hp_gain":0,"max_hp_loss":0,"event_name":"The Woman in Blue","floor":5,"gold_loss":0},{"damage_healed":0,"gold_gain":0,"player_choice":"Read","damage_taken":0,"max_hp_gain":0,"max_hp_loss":0,"event_name":"The Library","floor":19,"gold_loss":0,"cards_obtained":["Slice"]},{"cards_removed":["DeathKnight:ReapingStrike"],"damage_healed":12,"gold_gain":0,"player_choice":"Offered Rare","damage_taken":0,"max_hp_gain":10,"max_hp_loss":0,"event_name":"Bonfire Elementals","floor":21,"gold_loss":0}],"is_beta":false,"boss_relics":[{"not_picked":["hubris:HollowSoul","SlaversCollar"],"picked":"Abe\u0027s Treasure"}],"items_purged_floors":[14],"is_endless":false,"potions_floor_spawned":[1,7,10,13,16],"killed_by":"Gremlin Leader","ascension_level":1}}