{"host":"fr1l74x1jw61j7hk","time":1613926596,"event":{"mods":["BaseMod","Downfall","Minty Spire (QoL Compilation)","StSLib"],"gold_per_floor":[99,99,9,20,32,32,32,32,46,46,46,46,62,62,74,178,178,178,192,205,224,236,43,92,109,109,109,126,126,126,111,125,227,227,227,243,253,266,266,266,266,14,46,146,181,196,96,58,77,77],"floor_reached":51,"language":"ZHS","playtime":3533,"items_purged":["bronze:Strike","bronze:Strike","bronze:Goto"],"score":724,"play_id":"2eb044a9-16f9-45be-a604-5df6dfc4c12d","local_time":"20210222005636","is_ascension_mode":false,"campfire_choices":[{"data":"bronze:Replicate","floor":1.0,"key":"SMITH"},{"data":"bronze:Break","floor":8.0,"key":"SMITH"},{"data":"bronze:Repair","floor":10.0,"key":"SMITH"},{"data":"bronze:Verify","floor":18.0,"key":"SMITH"},{"data":"bronze:FindAndReplace","floor":27,"key":"SMITH"},{"data":"bronze:RecursiveStrike","floor":30,"key":"SMITH"},{"data":"bronze:SpaghettiCode","floor":35,"key":"SMITH"},{"data":"bronze:Flail","floor":47,"key":"SMITH"}],"circlet_count":0,"master_deck":["bronze:Defend","bronze:Defend","bronze:Replicate+1","bronze:Break+1","bronze:ChosenStrike","bronze:Overheat","bronze:Repair+1","bronze:WhirlingStrike","bronze:RecursiveStrike+1","bronze:FindAndReplace+1","bronze:CutThrough","bronze:Verify+1","bronze:DelayedSlice+1","bronze:FineTuning","bronze:Optimize+1","bronze:Assembly","bronze:ForLoop","bronze:DelayedSlice+1","bronze:DarkDash","bronze:Fortify+1","bronze:Turbo","bronze:Iterate","bronze:SpaghettiCode+1","CurseOfTheBell","bronze:ClassDefault","bronze:ChildClass+1","bronze:BuggyMess+1","expansioncontent:Chronoboost","bronze:Flail+1","bronze:ForceShield","bronze:WhirlingStrike+1","bronze:Allocate+1","bronze:Repulsor"],"relics":["bronze:BronzeCore","HornCleat","Shuriken","Coffee Dripper","bronze:SilverBullet","Calling Bell","Toy Ornithopter","Mummified Hand","Bird Faced Urn","Bottled Lightning","TheAbacus","TungstenRod","downfall:GremlinWheel","InkBottle","downfall:HeartBlessingBlue"],"acts_visited":["Exordium","TheCity","TheBeyond"],"potions_floor_usage":[31,33,43,45,50,50,50],"damage_taken":[{"damage":0.0,"enemies":"downfall:FleeingMerchant","floor":3.0,"turns":4.0},{"damage":1.0,"enemies":"Jaw Worm","floor":4.0,"turns":2.0},{"damage":5.0,"enemies":"Small Slimes","floor":5.0,"turns":4.0},{"damage":0.0,"enemies":"Cultist","floor":6.0,"turns":1.0},{"damage":10.0,"enemies":"Exordium Thugs","floor":9.0,"turns":2.0},{"damage":2.0,"enemies":"Blue Slaver","floor":13.0,"turns":2.0},{"damage":0.0,"enemies":"2 Fungi Beasts","floor":15.0,"turns":2.0},{"damage":46.0,"enemies":"DF_ARCHETYPE_STREAMLINE","floor":16.0,"turns":7.0},{"damage":12.0,"enemies":"Shell Parasite","floor":19.0,"turns":3.0},{"damage":0.0,"enemies":"3 Byrds","floor":20.0,"turns":3.0},{"damage":19.0,"enemies":"Snake Plant","floor":21.0,"turns":3.0},{"damage":24.0,"enemies":"Shelled Parasite and Fungi","floor":22.0,"turns":4.0},{"damage":2.0,"enemies":"downfall:FleeingMerchant","floor":23.0,"turns":4.0},{"damage":13.0,"enemies":"3 Cultists","floor":25.0,"turns":4.0},{"damage":2,"enemies":"Chosen and Byrds","floor":28,"turns":3},{"damage":6,"enemies":"downfall:FleeingMerchant","floor":31,"turns":4},{"damage":0,"enemies":"Snake Plant","floor":32,"turns":2},{"damage":8,"enemies":"WA_ARCHETYPE_CALM","floor":33,"turns":5},{"damage":19,"enemies":"Orb Walker","floor":36,"turns":3},{"damage":5,"enemies":"3 Shapes","floor":37,"turns":2},{"damage":13,"enemies":"Spire Growth","floor":38,"turns":4},{"damage":0,"enemies":"downfall:FleeingMerchant","floor":42,"turns":1},{"damage":19,"enemies":"Giant Head","floor":43,"turns":6},{"damage":0,"enemies":"Giant Head","floor":44,"turns":1},{"damage":39,"enemies":"Reptomancer","floor":45,"turns":5},{"damage":18,"enemies":"Transient","floor":46,"turns":5},{"damage":53,"enemies":"Sphere and 2 Shapes","floor":49,"turns":4},{"damage":31,"enemies":"SI_POISON_ARCHETYPE","floor":50,"turns":8}],"seed_played":"-4903666963670781038","potions_obtained":[{"floor":9.0,"key":"SkillPotion"},{"floor":13.0,"key":"Strength Potion"},{"floor":16.0,"key":"LiquidBronze"},{"floor":21.0,"key":"DuplicationPotion"},{"floor":22.0,"key":"EssenceOfSteel"},{"floor":32,"key":"Ancient Potion"},{"floor":33,"key":"GamblersBrew"},{"floor":38,"key":"SteroidPotion"},{"floor":43,"key":"AttackPotion"},{"floor":46,"key":"bronze:BurnAndBuffPotion"}],"is_trial":false,"path_per_floor":["R","?","$","M","M","M","T","R","M","R","?","?","M","T","M","B",null,"R","M","M","M","M","$","T","M","?","R","M","?","R","$","M","B",null,"R","M","M","M","?","?","T","$","E","?","E","M","R","$","M","B",null],"character_chosen":"THE_AUTOMATON","items_purchased":["bronze:ForLoop","Bottled Lightning","TheAbacus","bronze:ForceShield","bronze:Repulsor"],"campfire_rested":0,"item_purchase_floors":[23,42,42,42,48],"current_hp_per_floor":[77,77,77,76,71,71,71,71,61,61,61,61,59,59,69,31,77,77,75,77,69,55,64,64,61,61,61,69,69,69,77,77,69,77,77,68,63,52,52,52,52,56,58,58,70,59,69,69,22,24],"gold":77,"neow_bonus":"TEN_PERCENT_HP_BONUS","is_daily":false,"chose_seed":false,"campfire_upgraded":8,"win_rate":0.0,"timestamp":1613926596,"path_taken":["R","?","$","M","M","M","T","R","M","R","?","?","?","?","M","BOSS","R","M","M","M","M","$","T","M","?","R","M","?","R","$","M","BOSS","R","M","M","M","?","?","T","$","E","?","E","M","R","$","M","BOSS"],"items_purchased_type":["Card","Relic","Relic","Card","Card"],"build_version":"2020-12-22","purchased_purges":3,"victory":true,"max_hp_per_floor":[77,77,77,77,77,77,77,77,77,77,77,77,77,77,77,77,77,77,77,77,77,77,77,77,77,77,77,77,77,77,77,77,77,77,77,77,77,77,77,77,77,77,77,77,77,77,87,87,87,87],"card_choices":[{"not_picked":["bronze:Fortify","bronze:Boost"],"picked":"bronze:Break","floor":3.0},{"not_picked":["bronze:BuggyMess","bronze:DarkDash"],"picked":"bronze:ChosenStrike","floor":4.0},{"not_picked":["bronze:Deprecate","bronze:ForLoop"],"picked":"bronze:Overheat","floor":5.0},{"not_picked":["bronze:NullPointer","bronze:WildBeam"],"picked":"bronze:Repair","floor":6.0},{"not_picked":["bronze:Shield","bronze:Iterate"],"picked":"bronze:WhirlingStrike","floor":9.0},{"not_picked":["bronze:WhirlingStrike","bronze:Overload"],"picked":"bronze:FindAndReplace","floor":13.0},{"not_picked":["bronze:ForLoop","bronze:WildBeam"],"picked":"bronze:CutThrough","floor":15.0},{"not_picked":["bronze:HyperBeam","bronze:Virus"],"picked":"bronze:Verify","floor":16.0},{"not_picked":["bronze:ClassDefault","bronze:Iterate"],"picked":"bronze:DelayedSlice+1","floor":19.0},{"not_picked":["bronze:MaxOutput","bronze:ClassDefault"],"picked":"bronze:FineTuning","floor":20.0},{"not_picked":["bronze:BitShift","bronze:Turbo"],"picked":"bronze:Optimize+1","floor":21.0},{"not_picked":["bronze:Overheat","bronze:BitShift"],"picked":"bronze:Assembly","floor":22.0},{"not_picked":["bronze:Overheat+1","bronze:Deprecate","bronze:DelayedSlice"],"picked":"SKIP","floor":23.0},{"not_picked":["bronze:Fortify","bronze:CutThrough"],"picked":"bronze:DelayedSlice+1","floor":25.0},{"not_picked":["bronze:BitShift","bronze:Boost"],"picked":"bronze:Fortify+1","floor":28},{"not_picked":["bronze:Safeguard","bronze:Fortify"],"picked":"bronze:Turbo","floor":31},{"not_picked":["bronze:ForLoop","bronze:BitShift"],"picked":"bronze:Iterate","floor":32},{"not_picked":["bronze:AlphaBuild","bronze:FindAndReplace"],"picked":"bronze:SpaghettiCode","floor":33},{"not_picked":["bronze:WhirlingStrike","bronze:OilSpill"],"picked":"bronze:ClassDefault","floor":36},{"not_picked":["bronze:FineTuning+1","bronze:Boost"],"picked":"bronze:ChildClass+1","floor":37},{"not_picked":["bronze:DelayedGuard","bronze:Philosophize"],"picked":"bronze:BuggyMess+1","floor":38},{"not_picked":["expansioncontent:InvincibleStrength","expansioncontent:PolyBeam"],"picked":"expansioncontent:Chronoboost","floor":39},{"not_picked":["bronze:WildBeam","bronze:SpaghettiCode"],"picked":"bronze:Flail","floor":42},{"not_picked":["bronze:OilSpill+1","bronze:DelayedSlice+1"],"picked":"bronze:WhirlingStrike+1","floor":43},{"not_picked":["bronze:FollowUp","bronze:BronzeArmor"],"picked":"bronze:Allocate+1","floor":45},{"not_picked":["bronze:WildBeam","bronze:Deprecate","bronze:ChosenStrike+1"],"picked":"SKIP","floor":46},{"not_picked":["bronze:Branch+1","bronze:ItsAFeature+1","bronze:WildBeam"],"picked":"SKIP","floor":49}],"player_experience":496851,"relics_obtained":[{"floor":7.0,"key":"HornCleat"},{"floor":14.0,"key":"Shuriken"},{"floor":24.0,"key":"bronze:SilverBullet"},{"floor":34,"key":"Toy Ornithopter"},{"floor":34,"key":"Mummified Hand"},{"floor":34,"key":"Bird Faced Urn"},{"floor":43,"key":"TungstenRod"},{"floor":44,"key":"downfall:GremlinWheel"},{"floor":45,"key":"InkBottle"}],"event_choices":[{"damage_healed":0,"gold_gain":0,"player_choice":"Ignored","damage_taken":0,"max_hp_gain":0,"max_hp_loss":0,"event_name":"Ghosts","floor":29,"gold_loss":0},{"cards_removed":["bronze:Defend"],"damage_healed":0,"gold_gain":0,"player_choice":"Removed Skill","damage_taken":0,"max_hp_gain":0,"max_hp_loss":0,"event_name":"Falling","floor":40,"gold_loss":0}],"is_beta":false,"boss_relics":[{"not_picked":["Astrolabe","Sozu"],"picked":"Coffee Dripper"},{"not_picked":["Busted Crown","SacredBark"],"picked":"Calling Bell"}],"items_purged_floors":[3,23,42],"is_endless":false,"potions_floor_spawned":[9,13,16,21,22,28,32,33,38,43,44,46],"ascension_level":0}}