{"host":"sav7uxregyirlf69","time":1613913788,"event":{"mods":["AchievementEnabler","BaseMod","Colored Map","DeckTracker","Keyboard Shortcuts","Minty Spire (QoL Compilation)","READ ME - Guardian Mod","StSLib","SuperFastMode"],"gold_per_floor":[117,117,133,151,167,194,194,204,227,227,227,252,252,273,273,273,273],"floor_reached":16,"language":"KOR","playtime":259,"items_purged":[],"score":207,"play_id":"1166be08-a484-458e-bbc9-13985dc7e8b6","local_time":"20210221222308","is_ascension_mode":true,"campfire_choices":[{"floor":7.0,"key":"REST"},{"data":"Noxious Fumes","floor":15,"key":"SMITH"}],"circlet_count":0,"master_deck":["AscendersBane","Strike_G","Strike_G","Strike_G","Strike_G","Strike_G","Defend_G","Defend_G","Defend_G","Defend_G","Defend_G","Survivor","Neutralize","Infinite Blades","Blade Dance","Backstab","Accuracy","Noxious Fumes+1"],"relics":["Ring of the Snake","Mango","Spirit Poop","Lantern","Omamori","Golden Idol"],"acts_visited":["Exordium"],"potions_floor_usage":[16,16],"damage_taken":[{"damage":4.0,"enemies":"Jaw Worm","floor":1.0,"turns":7.0},{"damage":4.0,"enemies":"Cultist","floor":3.0,"turns":5.0},{"damage":4.0,"enemies":"Small Slimes","floor":4.0,"turns":3.0},{"damage":0.0,"enemies":"Blue Slaver","floor":5.0,"turns":4.0},{"damage":39.0,"enemies":"Gremlin Nob","floor":6.0,"turns":4.0},{"damage":1.0,"enemies":"2 Fungi Beasts","floor":8.0,"turns":3.0},{"damage":0,"enemies":"3 Louse","floor":12,"turns":4},{"damage":7,"enemies":"Exordium Thugs","floor":14,"turns":4},{"damage":42,"enemies":"The Guardian","floor":16,"turns":9}],"seed_played":"411441742161989105","potions_obtained":[{"floor":3.0,"key":"GamblersBrew"},{"floor":5.0,"key":"Fire Potion"},{"floor":14,"key":"AttackPotion"}],"is_trial":false,"path_per_floor":["M","?","M","M","M","E","R","M","T","?","?","M","?","M","R","B"],"character_chosen":"THE_SILENT","items_purchased":[],"campfire_rested":1,"item_purchase_floors":[],"current_hp_per_floor":[69,69,65,61,61,22,46,45,45,45,45,45,45,38,38,0,0],"gold":273,"neow_bonus":"ONE_RARE_RELIC","is_daily":false,"chose_seed":false,"campfire_upgraded":1,"win_rate":0.0,"timestamp":1613913788,"path_taken":["M","?","M","M","M","E","R","?","T","?","?","M","?","M","R","BOSS"],"items_purchased_type":[],"build_version":"2020-12-22","purchased_purges":0,"victory":false,"max_hp_per_floor":[80,80,80,80,80,80,80,80,80,80,80,80,80,80,80,80,80],"card_choices":[{"not_picked":["Slice","Blur"],"picked":"Infinite Blades","floor":1.0},{"not_picked":["Leg Sweep","Distraction"],"picked":"Blade Dance","floor":3.0},{"not_picked":["Backflip","Calculated Gamble"],"picked":"Backstab","floor":4.0},{"not_picked":["Heel Hook","Acrobatics","Well Laid Plans"],"picked":"SKIP","floor":5.0},{"not_picked":["Crippling Poison","Prepared"],"picked":"Accuracy","floor":6.0},{"not_picked":["Eviscerate","Dodge and Roll","Deflect"],"picked":"SKIP","floor":8.0},{"not_picked":["Expertise","Infinite Blades"],"picked":"Noxious Fumes","floor":12},{"not_picked":["PiercingWail","Blade Dance","A Thousand Cuts"],"picked":"SKIP","floor":14}],"player_experience":1646880,"relics_obtained":[{"floor":6.0,"key":"Lantern"},{"floor":9.0,"key":"Omamori"}],"event_choices":[{"cards_removed":["Regret"],"damage_healed":0.0,"max_hp_gain":0.0,"max_hp_loss":0.0,"gold_gain":0.0,"event_name":"Bonfire Elementals","player_choice":"Offered Curse","floor":2.0,"gold_loss":0.0,"damage_taken":0.0,"relics_obtained":["Spirit Poop"]},{"damage_healed":0,"gold_gain":0,"player_choice":"Searched \u00270\u0027 times","damage_taken":0,"max_hp_gain":0,"max_hp_loss":0,"event_name":"Dead Adventurer","floor":10,"gold_loss":0},{"damage_healed":0,"gold_gain":0,"player_choice":"Take Wound","damage_taken":0,"relics_obtained":["Golden Idol"],"max_hp_gain":0,"max_hp_loss":0,"event_name":"Golden Idol","floor":11,"gold_loss":0,"cards_obtained":["Injury"]},{"damage_healed":0,"gold_gain":0,"player_choice":"Ignored","damage_taken":0,"max_hp_gain":0,"max_hp_loss":0,"event_name":"Liars Game","floor":13,"gold_loss":0}],"is_beta":false,"boss_relics":[],"items_purged_floors":[],"is_endless":false,"potions_floor_spawned":[3,5,14],"killed_by":"The Guardian","ascension_level":20}}