{"host":"fy9bu8pyaeb8xhn1","time":1613913584,"event":{"mods":["BaseMod","Infinite Spire","Minty Spire (QoL Compilation)","StSLib"],"gold_per_floor":[119,19,38,52,69,104,104,116,141,141,45,45,70,83,83,183,183,197,12,25,37,37,37,37,37,37,37,37,55,71,21,21,21,21],"floor_reached":33,"language":"ENG","playtime":2420,"items_purged":["Strike_B","Shame"],"score":257,"play_id":"e3b676a7-d423-4a24-87fc-5ed62614f2e0","local_time":"20210221141944","is_ascension_mode":false,"campfire_choices":[{"data":"Self Repair","floor":7,"key":"SMITH"},{"data":"Streamline","floor":10,"key":"SMITH"},{"data":"Darkness","floor":15,"key":"SMITH"},{"data":"Streamline","floor":23,"key":"SMITH"},{"data":"Heatsinks","floor":25,"key":"SMITH"},{"floor":32,"key":"REST"}],"circlet_count":0,"master_deck":["Strike_B","Strike_B+1","Strike_B","Defend_B","Defend_B","Defend_B","Defend_B","Zap+1","Dualcast","Darkness+1","Beam Cell","Cold Snap+1","White Noise","Self Repair+1","Cold Snap","Streamline+1","Bandage Up","White Noise","Heatsinks+1","Multi-Cast","Coolheaded","Sadistic Nature","Coolheaded","Streamline+1","Hologram","Defragment"],"relics":["Cracked Core","NeowsBlessing","Oddly Smooth Stone","Whetstone","Happy Flower","Runic Pyramid","Enchiridion","Smiling Mask","Potion Belt"],"acts_visited":["Exordium","TheCity"],"potions_floor_usage":[5,5,5,6,6,13,21,29],"damage_taken":[{"damage":0,"enemies":"Small Slimes","floor":1,"turns":1},{"damage":0,"enemies":"Cultist","floor":3,"turns":1},{"damage":0,"enemies":"Jaw Worm","floor":4,"turns":1},{"damage":0,"enemies":"3 Louse","floor":5,"turns":2},{"damage":9,"enemies":"Lagavulin","floor":6,"turns":6},{"damage":10,"enemies":"Looter","floor":8,"turns":2},{"damage":18,"enemies":"Gremlin Nob","floor":13,"turns":4},{"damage":2,"enemies":"Blue Slaver","floor":14,"turns":5},{"damage":33,"enemies":"The Guardian","floor":16,"turns":9},{"damage":13,"enemies":"Shell Parasite","floor":18,"turns":4},{"damage":10,"enemies":"3 Byrds","floor":20,"turns":5},{"damage":8,"enemies":"Centurion and Healer","floor":21,"turns":6},{"damage":5,"enemies":"3 Cultists","floor":29,"turns":6},{"damage":36,"enemies":"Shelled Parasite and Fungi","floor":30,"turns":6},{"damage":77,"enemies":"Champ","floor":33,"turns":14}],"seed_played":"-1909042508830390098","potions_obtained":[{"floor":1,"key":"BlessingOfTheForge"},{"floor":4,"key":"EntropicBrew"},{"floor":8,"key":"PowerPotion"},{"floor":16,"key":"Fire Potion"},{"floor":20,"key":"DistilledChaos"}],"is_trial":false,"path_per_floor":["M","$","M","M","M","E","R","M","T","R","$","?","E","M","R","B",null,"M","$","M","M","?","R","?","R","T","?","AVR","M","M","$","R","B"],"character_chosen":"DEFECT","items_purchased":["Beam Cell","Bandage Up","Sadistic Nature"],"campfire_rested":1,"item_purchase_floors":[2,11,19],"current_hp_per_floor":[75,75,75,75,75,73,73,73,73,73,73,73,65,75,75,52,75,75,75,75,75,61,61,45,45,45,45,45,54,32,32,56,0,0],"gold":21,"neow_bonus":"THREE_ENEMY_KILL","is_daily":false,"chose_seed":false,"campfire_upgraded":5,"win_rate":0.0,"timestamp":1613913584,"path_taken":["M","$","M","M","M","E","R","M","T","R","$","?","E","?","R","BOSS","M","$","M","M","?","R","?","R","T","?","AVR","M","M","?","R","BOSS"],"items_purchased_type":["Card","Card","Card"],"build_version":"2020-12-22","purchased_purges":2,"victory":false,"max_hp_per_floor":[75,75,75,75,75,75,75,75,75,75,75,75,75,75,75,75,75,75,75,75,75,80,80,80,80,80,80,80,80,80,80,80,80,80],"card_choices":[{"not_picked":["Force Field","Chill"],"picked":"Darkness","floor":1},{"not_picked":["Compile Driver","Barrage"],"picked":"Cold Snap","floor":3},{"not_picked":["Compile Driver","Beam Cell"],"picked":"White Noise","floor":4},{"not_picked":["Hologram","Melter"],"picked":"Self Repair","floor":5},{"not_picked":["Capacitor","Compile Driver"],"picked":"Cold Snap","floor":6},{"not_picked":["Beam Cell","Leap"],"picked":"Streamline","floor":8},{"not_picked":["Leap","Lockon"],"picked":"White Noise","floor":13},{"not_picked":["Lockon","Redo"],"picked":"Heatsinks","floor":14},{"not_picked":["All For One","Rainbow"],"picked":"Multi-Cast","floor":16},{"not_picked":["Cold Snap","Leap+1"],"picked":"Coolheaded","floor":18},{"not_picked":["Compile Driver+1","Steam"],"picked":"Coolheaded","floor":20},{"not_picked":["Ball Lightning","Static Discharge"],"picked":"Streamline","floor":21},{"not_picked":["Cold Snap+1","Go for the Eyes+1"],"picked":"Hologram","floor":29},{"not_picked":["Force Field","Heatsinks"],"picked":"Defragment","floor":30}],"player_experience":487504,"relics_obtained":[{"floor":6,"key":"Oddly Smooth Stone"},{"floor":9,"key":"Whetstone"},{"floor":13,"key":"Happy Flower"},{"floor":24,"key":"Enchiridion"},{"floor":26,"key":"Smiling Mask"}],"event_choices":[{"damage_healed":0,"gold_gain":0,"player_choice":"Upgraded","damage_taken":0,"max_hp_gain":0,"max_hp_loss":0,"event_name":"Upgrade Shrine","floor":12,"gold_loss":0,"cards_upgraded":["Zap"]},{"damage_healed":0,"gold_gain":0,"player_choice":"Shed Blood","damage_taken":19,"max_hp_gain":5,"max_hp_loss":0,"event_name":"Forgotten Altar","floor":22,"gold_loss":0},{"damage_healed":0,"gold_gain":0,"player_choice":"Obtained Book","damage_taken":16,"max_hp_gain":0,"max_hp_loss":0,"event_name":"Cursed Tome","floor":24,"gold_loss":0},{"damage_healed":0,"gold_gain":0,"player_choice":"Stole Relic","damage_taken":0,"relics_obtained":["Potion Belt"],"max_hp_gain":0,"max_hp_loss":0,"event_name":"Addict","floor":27,"gold_loss":0,"cards_obtained":["Shame"]}],"is_beta":false,"boss_relics":[{"not_picked":["Coffee Dripper","Snecko Eye"],"picked":"Runic Pyramid"}],"items_purged_floors":[2,31],"is_endless":false,"potions_floor_spawned":[1,4,8,16,20],"killed_by":"Champ","ascension_level":0}}