{"host":"7zq0fgva91iwgkd5","time":1613936431,"event":{"mods":["AchievementEnabler","BaseMod","Bestiary","Card Forge","Colored Map","Curses Come First","DeckTracker","Minty Spire (QoL Compilation)","Quick Restart","Rare Cards Sparkle","Remove Card Discount Mod","StSLib"],"gold_per_floor":[113,113,127,137,82,82,115,115,115,140,290,323,339,374,374,467,467,480,480,60,79,103,103,138,153,223,258,258,458,458,473,473,566,566,579,593,593,60,74,112,125,125,125,123,123,154,154,190,190,190],"floor_reached":51,"language":"ENG","playtime":1431,"items_purged":["Injury"],"score":1458,"play_id":"3b096ee9-299f-4fec-8e56-1bcce52cf23b","local_time":"20210221204031","is_ascension_mode":true,"campfire_choices":[{"data":"Bash","floor":6,"key":"SMITH"},{"floor":15,"key":"REST"},{"floor":23,"key":"REST"},{"floor":28,"key":"REST"},{"data":"Barricade","floor":30,"key":"SMITH"},{"floor":32,"key":"REST"},{"data":"Carnage","floor":45,"key":"SMITH"},{"data":"Master of Strategy","floor":47,"key":"SMITH"},{"floor":49,"key":"REST"}],"circlet_count":0,"master_deck":["AscendersBane","Strike_R+1","Strike_R+1","Defend_R+1","Defend_R+1","Defend_R+1","Bash+1","Shockwave+1","Twin Strike+1","Perfected Strike+1","Cleave+1","Cleave+1","Feed+1","Ghostly Armor+1","Immolate+1","Headbutt+1","Iron Wave+1","Barricade+1","Pommel Strike+1","Whirlwind+1","Disarm+1","Clothesline+1","Demon Form+1","Carnage+1","Master of Strategy+1","Transmutation+1"],"relics":["Burning Blood","Hammer of Thor","Seething Fire","Anvil of the Gods","NeowsBlessing","Mercury Hourglass","Golden Idol","Letter Opener","Pocketwatch","War Paint","Black Star","Sling","HornCleat","Unceasing Top","Toy Ornithopter","Meat on the Bone","Whetstone","Nunchaku","Cursed Key","Bag of Marbles","Lantern","Toxic Egg 2","Bottled Lightning","Potion Belt","FossilizedHelix","Mango","Thread and Needle"],"acts_visited":["Exordium","TheCity","TheBeyond"],"potions_floor_usage":[12,14,18,25,33,41,50,50,50],"damage_taken":[{"damage":0,"enemies":"2 Louse","floor":1,"turns":1},{"damage":0,"enemies":"Cultist","floor":3,"turns":1},{"damage":0,"enemies":"Small Slimes","floor":4,"turns":1},{"damage":26,"enemies":"Gremlin Nob","floor":7,"turns":4},{"damage":11,"enemies":"3 Louse","floor":10,"turns":2},{"damage":10,"enemies":"3 Sentries","floor":12,"turns":3},{"damage":4,"enemies":"Gremlin Gang","floor":13,"turns":2},{"damage":12,"enemies":"Gremlin Nob","floor":14,"turns":3},{"damage":39,"enemies":"Hexaghost","floor":16,"turns":8},{"damage":27,"enemies":"3 Byrds","floor":18,"turns":3},{"damage":0,"enemies":"Chosen","floor":21,"turns":4},{"damage":0,"enemies":"Centurion and Healer","floor":22,"turns":3},{"damage":28,"enemies":"Slavers","floor":24,"turns":4},{"damage":20,"enemies":"Shelled Parasite and Fungi","floor":25,"turns":2},{"damage":34,"enemies":"Book of Stabbing","floor":27,"turns":6},{"damage":22,"enemies":"Sentry and Sphere","floor":31,"turns":4},{"damage":49,"enemies":"Collector","floor":33,"turns":11},{"damage":6,"enemies":"3 Darklings","floor":35,"turns":2},{"damage":13,"enemies":"Orb Walker","floor":36,"turns":3},{"damage":2,"enemies":"Sphere and 2 Shapes","floor":39,"turns":3},{"damage":32,"enemies":"Nemesis","floor":40,"turns":7},{"damage":0,"enemies":"3 Darklings","floor":41,"turns":2},{"damage":0,"enemies":"Mind Bloom Boss Battle","floor":46,"turns":3},{"damage":34,"enemies":"Reptomancer","floor":48,"turns":5},{"damage":99,"enemies":"Awakened One","floor":50,"turns":15}],"seed_played":"-6545420790610911099","potions_obtained":[{"floor":4,"key":"BloodPotion"},{"floor":10,"key":"SteroidPotion"},{"floor":13,"key":"Regen Potion"},{"floor":16,"key":"SteroidPotion"},{"floor":18,"key":"ColorlessPotion"},{"floor":27,"key":"HeartOfIron"},{"floor":36,"key":"Regen Potion"},{"floor":41,"key":"BloodPotion"},{"floor":46,"key":"ElixirPotion"}],"is_trial":false,"path_per_floor":["M","?","M","M","$","R","E","?","T","M","?","E","M","E","R","B",null,"M","?","$","M","M","R","E","M","T","E","R","?","R","M","R","B",null,"M","M","?","$","M","E","M","?","T","$","R","?","R","E","R","B",null],"character_chosen":"IRONCLAD","items_purchased":["Cleave","Sling","HornCleat","Bag of Marbles","Lantern","Master of Strategy"],"campfire_rested":5,"item_purchase_floors":[5,20,20,38,38,38],"current_hp_per_floor":[74,74,75,75,75,75,55,55,55,50,50,50,56,63,87,54,79,58,58,58,64,74,91,69,60,60,48,76,76,76,60,88,62,87,91,88,88,88,92,66,97,97,97,97,97,103,103,89,117,74],"gold":190,"neow_bonus":"THREE_ENEMY_KILL","is_daily":false,"chose_seed":false,"campfire_upgraded":4,"win_rate":0.0,"timestamp":1613936431,"path_taken":["M","?","?","M","$","R","E","?","T","M","?","E","M","E","R","BOSS","M","?","$","?","M","R","E","M","T","E","R","?","R","?","R","BOSS","M","M","?","$","M","E","?","?","T","$","R","?","R","E","R","BOSS"],"items_purchased_type":["Card","Relic","Relic","Relic","Relic","Card"],"build_version":"2020-12-22","purchased_purges":1,"victory":true,"max_hp_per_floor":[75,75,75,75,75,75,75,75,75,75,75,79,83,87,87,87,87,87,87,87,87,91,91,91,91,91,95,95,95,95,95,95,95,95,99,103,103,103,103,103,103,103,103,103,103,103,103,117,117,117],"card_choices":[{"not_picked":["Perfected Strike","Headbutt"],"picked":"Shockwave","floor":1},{"not_picked":["Hemokinesis","Inflame"],"picked":"Twin Strike","floor":3},{"not_picked":["True Grit","Fiend Fire"],"picked":"Perfected Strike","floor":4},{"not_picked":["Dark Embrace","Shockwave","Fire Breathing"],"picked":"SKIP","floor":7},{"not_picked":["Metallicize","Infernal Blade"],"picked":"Cleave","floor":10},{"not_picked":["Heavy Blade","Warcry"],"picked":"Headbutt","floor":12},{"not_picked":["Dark Embrace","Hemokinesis","Thunderclap"],"picked":"SKIP","floor":13},{"not_picked":["Body Slam","Headbutt"],"picked":"Iron Wave","floor":14},{"not_picked":["Fiend Fire","Immolate"],"picked":"Barricade","floor":16},{"not_picked":["Body Slam+1","Clash"],"picked":"Pommel Strike+1","floor":18},{"not_picked":["Cleave","Battle Trance","Anger"],"picked":"SKIP","floor":21},{"not_picked":["Hemokinesis","Rupture+1","Sever Soul+1"],"picked":"SKIP","floor":22},{"not_picked":["Armaments","Fire Breathing"],"picked":"Whirlwind","floor":24},{"not_picked":["Iron Wave","Flex"],"picked":"Disarm","floor":25},{"not_picked":["Warcry","True Grit","Whirlwind"],"picked":"SKIP","floor":27},{"not_picked":["Perfected Strike","Pommel Strike"],"picked":"Clothesline","floor":31},{"not_picked":["Barricade","Reaper"],"picked":"Demon Form","floor":33},{"not_picked":["Burning Pact","Cleave"],"picked":"Carnage","floor":35},{"not_picked":["Thunderclap","Cleave","Flex"],"picked":"SKIP","floor":36},{"not_picked":["Flex+1","Warcry","Intimidate"],"picked":"SKIP","floor":39},{"not_picked":["Flex+1","Clothesline","Rage+1"],"picked":"SKIP","floor":40},{"not_picked":["Flex+1","Wild Strike","Whirlwind"],"picked":"SKIP","floor":41},{"not_picked":["Madness+1","Metamorphosis+1"],"picked":"Transmutation+1","floor":42},{"not_picked":["Infernal Blade+1","Havoc+1","Pommel Strike"],"picked":"SKIP","floor":48}],"player_experience":181077,"relics_obtained":[{"floor":7,"key":"Mercury Hourglass"},{"floor":9,"key":"Letter Opener"},{"floor":12,"key":"Pocketwatch"},{"floor":14,"key":"War Paint"},{"floor":24,"key":"Unceasing Top"},{"floor":24,"key":"Toy Ornithopter"},{"floor":26,"key":"Meat on the Bone"},{"floor":27,"key":"Whetstone"},{"floor":27,"key":"Nunchaku"},{"floor":40,"key":"Toxic Egg 2"},{"floor":40,"key":"Bottled Lightning"},{"floor":43,"key":"Potion Belt"},{"floor":46,"key":"FossilizedHelix"},{"floor":48,"key":"Mango"},{"floor":48,"key":"Thread and Needle"}],"event_choices":[{"cards_removed":["Strike_R"],"damage_healed":0,"gold_gain":0,"player_choice":"Purged","damage_taken":0,"max_hp_gain":0,"max_hp_loss":0,"event_name":"Purifier","floor":2,"gold_loss":0},{"damage_healed":0,"gold_gain":0,"player_choice":"Take Wound","damage_taken":0,"relics_obtained":["Golden Idol"],"max_hp_gain":0,"max_hp_loss":0,"event_name":"Golden Idol","floor":8,"gold_loss":0,"cards_obtained":["Injury"]},{"damage_healed":0,"gold_gain":150,"player_choice":"AGREE","damage_taken":0,"max_hp_gain":0,"max_hp_loss":0,"event_name":"Liars Game","floor":11,"gold_loss":0,"cards_obtained":["Doubt"]},{"cards_removed":["Strike_R"],"damage_healed":0,"gold_gain":0,"player_choice":"Purged","damage_taken":0,"max_hp_gain":0,"max_hp_loss":0,"event_name":"Purifier","floor":19,"gold_loss":0},{"damage_healed":0,"gold_gain":200,"player_choice":"Gold","damage_taken":0,"max_hp_gain":0,"max_hp_loss":0,"event_name":"Wheel of Change","floor":29,"gold_loss":0},{"damage_healed":0,"gold_gain":0,"player_choice":"0 cards matched","damage_taken":0,"max_hp_gain":0,"max_hp_loss":0,"event_name":"Match and Keep!","floor":37,"gold_loss":0,"cards_obtained":[]},{"damage_healed":0,"gold_gain":0,"player_choice":"Memory 1","damage_taken":0,"max_hp_gain":0,"max_hp_loss":0,"event_name":"SensoryStone","floor":42,"gold_loss":0},{"damage_healed":0,"gold_gain":0,"player_choice":"Fight","damage_taken":0,"max_hp_gain":0,"max_hp_loss":0,"event_name":"MindBloom","floor":46,"gold_loss":0}],"is_beta":false,"boss_relics":[{"not_picked":["Runic Pyramid","Astrolabe"],"picked":"Black Star"},{"not_picked":["Tiny House","Coffee Dripper"],"picked":"Cursed Key"}],"items_purged_floors":[44],"is_endless":false,"potions_floor_spawned":[4,10,13,16,18,21,27,31,36,41,46],"ascension_level":16}}