{"host":"sav7uxregyirlf69","time":1613908682,"event":{"mods":["AchievementEnabler","BaseMod","Colored Map","DeckTracker","Keyboard Shortcuts","Minty Spire (QoL Compilation)","READ ME - Guardian Mod","StSLib","SuperFastMode"],"gold_per_floor":[109,120,120,138,138,138,182,182,182,213,213,237,237,258,258,347,347,370,370,137,162,185,185,185],"floor_reached":23,"language":"KOR","playtime":311,"items_purged":["Strike_B"],"score":402,"play_id":"ae8d27d8-77c0-488f-a030-92ba32a1a7cb","local_time":"20210221205802","is_ascension_mode":true,"campfire_choices":[{"data":"Defragment","floor":6,"key":"SMITH"},{"floor":11,"key":"REST"},{"data":"Genetic Algorithm","floor":13,"key":"SMITH"},{"data":"Zap","floor":15,"key":"SMITH"}],"circlet_count":0,"master_deck":["AscendersBane","Strike_B","Strike_B","Defend_B","Defend_B","Defend_B","Defend_B","Zap+1","Dualcast","Melter","Ball Lightning","Defragment+1","Genetic Algorithm+1","Go for the Eyes","Echo Form+1","Turbo","Undo","Loop+1"],"relics":["Cracked Core","Akabeko","Golden Idol","Pantograph","Frozen Egg 2","Ornamental Fan","Fusion Hammer","FaceOfCleric","Happy Flower"],"acts_visited":["Exordium","TheCity"],"potions_floor_usage":[16,23,23],"damage_taken":[{"damage":4,"enemies":"Small Slimes","floor":1,"turns":4},{"damage":2,"enemies":"Jaw Worm","floor":2,"turns":2},{"damage":1,"enemies":"Cultist","floor":4,"turns":3},{"damage":25,"enemies":"Lagavulin","floor":7,"turns":6},{"damage":32,"enemies":"Gremlin Nob","floor":10,"turns":4},{"damage":7,"enemies":"Large Slime","floor":12,"turns":4},{"damage":5,"enemies":"Red Slaver","floor":14,"turns":3},{"damage":5,"enemies":"Slime Boss","floor":16,"turns":6},{"damage":6,"enemies":"Spheric Guardian","floor":18,"turns":3},{"damage":40,"enemies":"3 Byrds","floor":21,"turns":4},{"damage":38,"enemies":"Snake Plant","floor":22,"turns":3},{"damage":7,"enemies":"Slavers","floor":23,"turns":2}],"seed_played":"5646874506734196371","potions_obtained":[{"floor":1,"key":"FairyPotion"},{"floor":10,"key":"Fire Potion"},{"floor":16,"key":"PowerPotion"},{"floor":22,"key":"FearPotion"}],"is_trial":false,"path_per_floor":["M","M","?","M","?","R","E","?","T","E","R","M","R","M","R","B",null,"M","?","$","M","M","E"],"character_chosen":"DEFECT","items_purchased":["Happy Flower"],"campfire_rested":1,"item_purchase_floors":[20],"current_hp_per_floor":[60,58,63,62,62,62,37,37,37,5,25,18,18,13,13,33,60,54,54,54,15,3,0,0],"gold":185,"neow_bonus":"RANDOM_COMMON_RELIC","is_daily":false,"chose_seed":false,"campfire_upgraded":3,"win_rate":0.0,"timestamp":1613908682,"path_taken":["M","M","?","M","?","R","E","?","T","E","R","?","R","M","R","BOSS","M","?","$","M","M","E"],"items_purchased_type":["Relic"],"build_version":"2020-12-22","purchased_purges":1,"victory":false,"max_hp_per_floor":[71,71,76,76,69,69,69,69,69,69,69,69,69,69,69,69,69,69,69,69,70,71,71,71],"card_choices":[{"not_picked":["Heatsinks","Beam Cell"],"picked":"Melter","floor":1},{"not_picked":["Turbo","Leap"],"picked":"Ball Lightning","floor":2},{"not_picked":["Leap","Scrape"],"picked":"Defragment","floor":4},{"not_picked":["Meteor Strike","Sweeping Beam"],"picked":"Genetic Algorithm","floor":7},{"not_picked":["FTL","Tempest"],"picked":"Go for the Eyes","floor":10},{"not_picked":["Aggregate","Compile Driver","Tempest"],"picked":"SKIP","floor":12},{"not_picked":["Beam Cell","Go for the Eyes","Turbo"],"picked":"SKIP","floor":14},{"not_picked":["Multi-Cast","Fission"],"picked":"Echo Form+1","floor":16},{"not_picked":["Conserve Battery","Stack"],"picked":"Turbo","floor":18},{"not_picked":["Steam","Compile Driver"],"picked":"Undo","floor":21},{"not_picked":["Redo+1","Sweeping Beam"],"picked":"Loop+1","floor":22}],"player_experience":1644279,"relics_obtained":[{"floor":7,"key":"Pantograph"},{"floor":9,"key":"Frozen Egg 2"},{"floor":10,"key":"Ornamental Fan"}],"event_choices":[{"damage_healed":0,"gold_gain":0,"player_choice":"Donut","damage_taken":0,"max_hp_gain":5,"max_hp_loss":0,"event_name":"Big Fish","floor":3,"gold_loss":0},{"damage_healed":0,"gold_gain":0,"player_choice":"Lose Max HP","damage_taken":0,"relics_obtained":["Golden Idol"],"max_hp_gain":0,"max_hp_loss":7,"event_name":"Golden Idol","floor":5,"gold_loss":0},{"cards_removed":["Strike_B"],"damage_healed":0,"gold_gain":0,"player_choice":"Offered Basic","damage_taken":0,"max_hp_gain":0,"max_hp_loss":0,"event_name":"Bonfire Elementals","floor":8,"gold_loss":0},{"damage_healed":0,"gold_gain":0,"player_choice":"Trade","damage_taken":0,"relics_obtained":["FaceOfCleric"],"max_hp_gain":0,"max_hp_loss":0,"event_name":"FaceTrader","floor":19,"gold_loss":0}],"is_beta":false,"boss_relics":[{"not_picked":["Runic Dome","Tiny House"],"picked":"Fusion Hammer"}],"items_purged_floors":[20],"is_endless":false,"potions_floor_spawned":[1,10,14,16,21,22],"killed_by":"Slavers","ascension_level":20}}