{"host":"p0hktren06injwdf","time":1613881624,"event":{"mods":["AchievementEnabler","BaseMod","Colored Map","DeckTracker","Minty Spire (QoL Compilation)","Permanent Neow","StSLib","SuperFastMode"],"gold_per_floor":[17,35,35,35,55,86,86,105,129,145,170,189,189,224,224,301,301,318,318,86,86,102,142,142,172,172,172,188,205,216,116,116,190,190,200,75,90,90,90,118,118,118,118,128,128,128,128,128],"floor_reached":47,"language":"KOR","playtime":1042,"items_purged":["Strike_P","Defend_P","Defend_P"],"score":1080,"play_id":"58b2d165-e07a-49b2-9814-6270ff68df1a","local_time":"20210221132704","is_ascension_mode":true,"campfire_choices":[{"data":"Eruption","floor":7.0,"key":"SMITH"},{"floor":13.0,"key":"REST"},{"floor":15.0,"key":"RECALL"},{"floor":24.0,"key":"REST"},{"floor":27.0,"key":"REST"},{"floor":32.0,"key":"REST"},{"floor":41.0,"key":"REST"},{"floor":45.0,"key":"REST"}],"circlet_count":0,"master_deck":["AscendersBane","Strike_P","Strike_P","Eruption+1","Vigilance","Apotheosis+1","Consecrate","Halt","Adaptation+1","InnerPeace","Adaptation+1","Halt","TalkToTheHand+1"],"relics":["PureWater","Nunchaku","Omamori","Bag of Preparation","StoneCalendar","Fusion Hammer","DollysMirror","Pear","CeramicFish","Molten Egg 2","Meat on the Bone","Empty Cage"],"acts_visited":["Exordium","TheCity","TheBeyond"],"potions_floor_usage":[],"damage_taken":[{"damage":0.0,"enemies":"Cultist","floor":1.0,"turns":3.0},{"damage":0.0,"enemies":"Jaw Worm","floor":2.0,"turns":3.0},{"damage":3.0,"enemies":"Small Slimes","floor":5.0,"turns":3.0},{"damage":16.0,"enemies":"Gremlin Nob","floor":6.0,"turns":3.0},{"damage":2.0,"enemies":"Red Slaver","floor":8.0,"turns":4.0},{"damage":1.0,"enemies":"Blue Slaver","floor":10.0,"turns":3.0},{"damage":14.0,"enemies":"3 Sentries","floor":11.0,"turns":7.0},{"damage":0.0,"enemies":"Exordium Thugs","floor":12.0,"turns":1.0},{"damage":13.0,"enemies":"Gremlin Nob","floor":14.0,"turns":3.0},{"damage":14.0,"enemies":"The Guardian","floor":16.0,"turns":11.0},{"damage":21.0,"enemies":"Chosen","floor":18.0,"turns":5.0},{"damage":0.0,"enemies":"Shell Parasite","floor":22.0,"turns":1.0},{"damage":26.0,"enemies":"Slavers","floor":23.0,"turns":3.0},{"damage":38.0,"enemies":"Gremlin Leader","floor":25.0,"turns":7.0},{"damage":2.0,"enemies":"Sentry and Sphere","floor":28.0,"turns":6.0},{"damage":21.0,"enemies":"Snake Plant","floor":29.0,"turns":4.0},{"damage":0.0,"enemies":"Centurion and Healer","floor":30.0,"turns":6.0},{"damage":6.0,"enemies":"Automaton","floor":33.0,"turns":7.0},{"damage":14.0,"enemies":"3 Shapes","floor":35.0,"turns":4.0},{"damage":7.0,"enemies":"Orb Walker","floor":37.0,"turns":3.0},{"damage":0.0,"enemies":"Spire Growth","floor":40.0,"turns":2.0},{"damage":0.0,"enemies":"Reptomancer","floor":42.0,"turns":2.0},{"damage":0.0,"enemies":"Transient","floor":44.0,"turns":5.0},{"damage":42,"enemies":"Nemesis","floor":47,"turns":2}],"seed_played":"-5088674200906220577","potions_obtained":[{"floor":4.0,"key":"EntropicBrew"},{"floor":4.0,"key":"Explosive Potion"},{"floor":8.0,"key":"CultistPotion"},{"floor":11.0,"key":"Ancient Potion"},{"floor":16.0,"key":"Ancient Potion"},{"floor":18.0,"key":"SteroidPotion"},{"floor":28.0,"key":"Fire Potion"},{"floor":29.0,"key":"SmokeBomb"}],"is_trial":false,"path_per_floor":["M","M","?","?","M","E","R","M","T","M","E","M","R","E","R","B",null,"M","?","$","T","M","E","R","E","T","R","M","M","M","$","R","B",null,"M","$","M","$","?","M","R","E","T","M","R","?","E"],"character_chosen":"WATCHER","items_purchased":["DollysMirror"],"campfire_rested":6,"item_purchase_floors":[20],"current_hp_per_floor":[61,61,61,61,58,42,42,40,40,39,25,25,45,32,32,18,56,35,35,35,45,45,19,42,4,4,27,37,28,40,40,63,57,73,59,59,52,52,52,52,75,75,75,75,78,78,36,36],"gold":128,"neow_bonus":"RANDOM_COLORLESS_2","is_daily":false,"chose_seed":false,"campfire_upgraded":1,"win_rate":0.0,"timestamp":1613881624,"path_taken":["M","?","?","?","M","E","R","M","T","?","E","M","R","E","R","BOSS","M","?","$","?","?","E","R","E","T","R","M","M","M","$","R","BOSS","M","$","M","$","?","M","R","E","T","?","R","?","E"],"items_purchased_type":["Relic"],"build_version":"2020-12-22","purchased_purges":3,"victory":false,"max_hp_per_floor":[68,68,68,68,68,68,68,68,68,68,68,68,68,68,68,68,68,68,68,68,78,78,78,78,78,78,78,78,78,78,78,78,78,78,78,78,78,78,78,78,78,78,78,78,78,78,78,78],"card_choices":[{"not_picked":["Chrysalis","Mayhem"],"picked":"Apotheosis","floor":0.0},{"not_picked":["Crescendo","Perseverance","Protect"],"picked":"SKIP","floor":1.0},{"not_picked":["SashWhip","ClearTheMind","WaveOfTheHand"],"picked":"SKIP","floor":2.0},{"not_picked":["EmptyFist","WindmillStrike"],"picked":"Consecrate","floor":5.0},{"not_picked":["SandsOfTime","JustLucky"],"picked":"Halt","floor":6.0},{"not_picked":["BowlingBash","EmptyBody"],"picked":"Adaptation","floor":8.0},{"not_picked":["SashWhip","WindmillStrike","Perseverance"],"picked":"SKIP","floor":10.0},{"not_picked":["ThirdEye","Devotion"],"picked":"InnerPeace","floor":11.0},{"not_picked":["EmptyBody","Swivel","ForeignInfluence"],"picked":"SKIP","floor":12.0},{"not_picked":["SandsOfTime","Wish"],"picked":"EmptyFist","floor":14.0},{"not_picked":["Evaluate","Prostrate","BattleHymn"],"picked":"SKIP","floor":18.0},{"not_picked":["Crescendo","Perseverance","BowlingBash"],"picked":"SKIP","floor":22.0},{"not_picked":["CarveReality+1","EmptyBody"],"picked":"Halt","floor":23.0},{"not_picked":["WaveOfTheHand","FlyingSleeves+1","SashWhip+1"],"picked":"SKIP","floor":25.0},{"not_picked":["EmptyFist+1","Sanctity","LikeWater"],"picked":"SKIP","floor":28.0},{"not_picked":["CrushJoints+1","EmptyFist+1","FlurryOfBlows+1"],"picked":"SKIP","floor":29.0},{"not_picked":["FollowUp+1","BowlingBash+1","ThirdEye"],"picked":"SKIP","floor":30.0},{"not_picked":["JustLucky+1","Collect","CrushJoints+1"],"picked":"SKIP","floor":35.0},{"not_picked":["Protect","CrushJoints+1","Evaluate"],"picked":"SKIP","floor":37.0},{"not_picked":["Halt","Study"],"picked":"TalkToTheHand+1","floor":40.0},{"not_picked":["Weave+1","EmptyBody","Pray"],"picked":"SKIP","floor":44.0}],"player_experience":1099463,"relics_obtained":[{"floor":6.0,"key":"Nunchaku"},{"floor":9.0,"key":"Omamori"},{"floor":11.0,"key":"Bag of Preparation"},{"floor":14.0,"key":"StoneCalendar"},{"floor":21.0,"key":"Pear"},{"floor":23.0,"key":"CeramicFish"},{"floor":25.0,"key":"Molten Egg 2"},{"floor":26.0,"key":"Meat on the Bone"}],"event_choices":[{"damage_healed":0.0,"max_hp_gain":0.0,"max_hp_loss":0.0,"gold_gain":0.0,"event_name":"Living Wall","player_choice":"Grow","floor":3.0,"gold_loss":0.0,"damage_taken":0.0,"cards_upgraded":["Apotheosis"]},{"damage_healed":0.0,"max_hp_gain":0.0,"max_hp_loss":0.0,"gold_gain":0.0,"event_name":"Lab","player_choice":"Got Potions","floor":4.0,"gold_loss":0.0,"damage_taken":0.0},{"damage_healed":0.0,"max_hp_gain":0.0,"max_hp_loss":0.0,"gold_gain":0.0,"event_name":"Upgrade Shrine","player_choice":"Upgraded","floor":19.0,"gold_loss":0.0,"damage_taken":0.0,"cards_upgraded":["Adaptation"]},{"cards_removed":["Defend_P"],"damage_healed":0.0,"max_hp_gain":0.0,"max_hp_loss":0.0,"gold_gain":0.0,"event_name":"Bonfire Elementals","player_choice":"Offered Basic","floor":39.0,"gold_loss":0.0,"damage_taken":0.0},{"cards_removed":["EmptyFist"],"damage_healed":0.0,"max_hp_gain":0.0,"max_hp_loss":0.0,"gold_gain":0.0,"event_name":"Falling","player_choice":"Removed Attack","floor":46.0,"gold_loss":0.0,"damage_taken":0.0}],"is_beta":false,"boss_relics":[{"not_picked":["Black Star","Astrolabe"],"picked":"Fusion Hammer"},{"not_picked":["Sozu","VioletLotus"],"picked":"Empty Cage"}],"items_purged_floors":[20,31,36],"is_endless":false,"potions_floor_spawned":[6,8,11,16,18,22,28,29,42],"killed_by":"Nemesis","ascension_level":20}}