{"host":"mvhzznpw3ffw85pv","time":1613920970,"event":{"mods":["AchievementEnabler","BaseMod","Bestiary","Block Reminder","Colored Map","Highlight Path","Minty Spire (QoL Compilation)","Relic Stats"],"gold_per_floor":[114,114,114,64,64,95,95,120,190,190,204,235,250,281,281,380,380,394,394,411,411,427,460,460,485,485,485,500,58,58,83,83,83,83],"floor_reached":33,"language":"ENG","playtime":1589,"items_purged":["Strike_R"],"score":671,"play_id":"2822774d-460a-4f9a-8e49-7d945fc7b74d","local_time":"20210221102250","is_ascension_mode":true,"campfire_choices":[{"data":"Whirlwind","floor":7,"key":"SMITH"},{"data":"Fiend Fire","floor":10,"key":"SMITH"},{"data":"Carnage","floor":15,"key":"SMITH"},{"floor":24,"key":"REST"},{"data":"True Grit","floor":27,"key":"SMITH"},{"data":"Shrug It Off","floor":30,"key":"SMITH"},{"floor":32,"key":"REST"}],"circlet_count":0,"master_deck":["AscendersBane","Strike_R","Strike_R","Strike_R","Defend_R","Defend_R","Defend_R","Defend_R","Bash","Whirlwind+1","Carnage+1","Fiend Fire+1","Pommel Strike","Offering","Inflame","Feel No Pain+1","True Grit+1","Shrug It Off+1","Power Through","Feel No Pain"],"relics":["Burning Blood","NeowsBlessing","Happy Flower","White Beast Statue","Vajra","Matryoshka","Kunai","Paper Frog","Velvet Choker","Question Card","Ancient Tea Set","Lantern","Art of War","Molten Egg 2","Ginger"],"acts_visited":["Exordium","TheCity"],"potions_floor_usage":[11,22,25,28,33,33],"damage_taken":[{"damage":0,"enemies":"2 Louse","floor":1,"turns":1},{"damage":0,"enemies":"Lagavulin","floor":6,"turns":1},{"damage":0,"enemies":"3 Sentries","floor":8,"turns":1},{"damage":0,"enemies":"Small Slimes","floor":11,"turns":1},{"damage":35,"enemies":"Lagavulin","floor":12,"turns":5},{"damage":2,"enemies":"Jaw Worm","floor":13,"turns":2},{"damage":0,"enemies":"Gremlin Nob","floor":14,"turns":2},{"damage":10,"enemies":"Slime Boss","floor":16,"turns":7},{"damage":12,"enemies":"2 Thieves","floor":18,"turns":3},{"damage":12,"enemies":"3 Byrds","floor":20,"turns":3},{"damage":1,"enemies":"Snecko","floor":22,"turns":3},{"damage":36,"enemies":"Gremlin Leader","floor":23,"turns":4},{"damage":40,"enemies":"Book of Stabbing","floor":25,"turns":4},{"damage":0,"enemies":"3 Cultists","floor":28,"turns":1},{"damage":11,"enemies":"Slavers","floor":31,"turns":3},{"damage":85,"enemies":"Automaton","floor":33,"turns":12}],"seed_played":"8671335587900887033","potions_obtained":[{"floor":1,"key":"Fruit Juice"},{"floor":8,"key":"PowerPotion"},{"floor":11,"key":"SpeedPotion"},{"floor":12,"key":"Block Potion"},{"floor":13,"key":"SteroidPotion"},{"floor":22,"key":"SmokeBomb"},{"floor":25,"key":"Fruit Juice"},{"floor":28,"key":"EssenceOfSteel"},{"floor":31,"key":"BloodPotion"}],"is_trial":false,"path_per_floor":["M","?","?","?","$","E","R","E","T","R","M","E","M","E","R","B",null,"M","?","M","?","M","E","R","E","T","R","M","$","R","E","R","B"],"character_chosen":"IRONCLAD","items_purchased":["Power Through","Feel No Pain","Molten Egg 2"],"campfire_rested":2,"item_purchase_floors":[29,29,29],"current_hp_per_floor":[78,71,76,76,76,82,82,85,85,85,90,61,65,71,71,67,84,78,78,72,54,59,29,57,23,23,23,34,34,34,29,59,0,0],"gold":83,"neow_bonus":"THREE_ENEMY_KILL","is_daily":false,"chose_seed":false,"campfire_upgraded":5,"win_rate":0.0,"timestamp":1613920970,"path_taken":["M","?","?","?","?","E","R","E","T","R","M","E","?","E","R","BOSS","M","?","M","?","M","E","R","E","T","R","M","$","R","E","R","BOSS"],"items_purchased_type":["Card","Card","Relic"],"build_version":"2020-12-22","purchased_purges":1,"victory":false,"max_hp_per_floor":[80,80,85,85,85,85,85,85,85,85,90,90,90,90,90,90,90,90,90,90,95,95,95,95,95,95,95,100,100,100,100,100,100,100],"relic_stats":{"Happy Flower":[17],"counters":[16,53],"Art of War":[1],"Kunai":[6],"Ginger":[0],"Question Card":3,"obtain_stats":[{"Lantern":26,"NeowsBlessing":0,"Happy Flower":2,"Vajra":8,"Velvet Choker":17,"Ginger":31,"Question Card":23,"Ancient Tea Set":25,"Burning Blood":0,"White Beast Statue":6,"Matryoshka":9,"Molten Egg 2":29,"Art of War":26,"Kunai":12,"Paper Frog":14},{"Lantern":13,"NeowsBlessing":0,"Happy Flower":1,"Vajra":3,"Velvet Choker":8,"Ginger":15,"Question Card":12,"Ancient Tea Set":13,"Burning Blood":0,"White Beast Statue":2,"Matryoshka":3,"Molten Egg 2":14,"Art of War":13,"Kunai":5,"Paper Frog":7},{"Lantern":37,"NeowsBlessing":0,"Happy Flower":1,"Vajra":3,"Velvet Choker":20,"Ginger":41,"Question Card":33,"Ancient Tea Set":37,"Burning Blood":0,"White Beast Statue":2,"Matryoshka":3,"Molten Egg 2":38,"Art of War":37,"Kunai":9,"Paper Frog":13}],"Burning Blood":81},"card_choices":[{"not_picked":["Combust","Clash"],"picked":"Whirlwind","floor":1},{"not_picked":["Combust","Havoc"],"picked":"Carnage","floor":6},{"not_picked":["Sword Boomerang","Warcry"],"picked":"Fiend Fire","floor":8},{"not_picked":["Twin Strike","Heavy Blade","Flex"],"picked":"SKIP","floor":11},{"not_picked":["Thunderclap","Double Tap","Sword Boomerang"],"picked":"SKIP","floor":12},{"not_picked":["Thunderclap","Double Tap","Sword Boomerang"],"picked":"SKIP","floor":12},{"not_picked":["Perfected Strike","Bloodletting"],"picked":"Pommel Strike","floor":13},{"not_picked":["Rupture","Perfected Strike","Anger"],"picked":"SKIP","floor":14},{"not_picked":["Fiend Fire","Double Tap"],"picked":"Offering","floor":16},{"not_picked":["Sentinel","Wild Strike","Searing Blow+1"],"picked":"SKIP","floor":18},{"not_picked":["Thunderclap","Clash","Body Slam"],"picked":"SKIP","floor":20},{"not_picked":["Second Wind","Sever Soul+1"],"picked":"Inflame","floor":22},{"not_picked":["Feed","Spot Weakness"],"picked":"Feel No Pain+1","floor":23},{"not_picked":["Cleave","Fire Breathing","Flame Barrier"],"picked":"True Grit","floor":25},{"not_picked":["Armaments+1","Combust","Iron Wave"],"picked":"Shrug It Off","floor":28},{"not_picked":["Clash+1","Corruption","Bloodletting","Dual Wield"],"picked":"SKIP","floor":31}],"player_experience":645798,"relics_obtained":[{"floor":6,"key":"White Beast Statue"},{"floor":8,"key":"Vajra"},{"floor":9,"key":"Matryoshka"},{"floor":12,"key":"Kunai"},{"floor":14,"key":"Paper Frog"},{"floor":23,"key":"Question Card"},{"floor":25,"key":"Ancient Tea Set"},{"floor":26,"key":"Lantern"},{"floor":26,"key":"Art of War"},{"floor":31,"key":"Ginger"}],"event_choices":[{"damage_healed":0,"gold_gain":0,"player_choice":"Success","damage_taken":7,"relics_obtained":["Happy Flower"],"max_hp_gain":0,"max_hp_loss":0,"event_name":"Scrap Ooze","floor":2,"gold_loss":0},{"damage_healed":0,"gold_gain":0,"player_choice":"Donut","damage_taken":0,"max_hp_gain":5,"max_hp_loss":0,"event_name":"Big Fish","floor":3,"gold_loss":0},{"cards_removed":["Strike_R"],"damage_healed":0,"gold_gain":0,"player_choice":"Card Removal","damage_taken":0,"max_hp_gain":0,"max_hp_loss":0,"event_name":"The Cleric","floor":4,"gold_loss":50},{"damage_healed":0,"gold_gain":0,"player_choice":"Ignored","damage_taken":0,"max_hp_gain":0,"max_hp_loss":0,"event_name":"The Mausoleum","floor":19,"gold_loss":0},{"damage_healed":0,"gold_gain":0,"player_choice":"Shed Blood","damage_taken":23,"max_hp_gain":5,"max_hp_loss":0,"event_name":"Forgotten Altar","floor":21,"gold_loss":0}],"is_beta":false,"boss_relics":[{"not_picked":["Cursed Key","Runic Dome"],"picked":"Velvet Choker"}],"items_purged_floors":[29],"is_endless":false,"potions_floor_spawned":[1,8,11,12,13,14,16,18,20,22,23,25,28,31],"killed_by":"Automaton","ascension_level":12}}