{"host":"1v3mnj67s3trvm6y","time":1613918301,"event":{"mods":["BaseMod","Challenge The Spire","Minty Spire (QoL Compilation)","StSLib","The Cursed"],"gold_per_floor":[116,131,148,323,333,333,333,333,333,361,93,93,110,121,121,221,221,237,252,76,89,103,193,193,219,244,264,132,166,185,198,198,302,302,314,314,314,33,43,76,0,0,0,55,75,93,93,111,111,111,111,111,38,72,72],"floor_reached":56,"language":"ENG","playtime":3640,"items_purged":["TheCursedMod:Strike_TheCursed","TheCursedMod:Defend_TheCursed","TheCursedMod:Defend_TheCursed","TheCursedMod:Defend_TheCursed"],"score":1271,"play_id":"5ddfb354-3bfe-4e29-aa6b-d000f6471855","local_time":"20210221233821","is_ascension_mode":false,"campfire_choices":[{"data":"TheCursedMod:ReleasedKnowledge","floor":6,"key":"SMITH"},{"data":"TheCursedMod:CleanUpWorkshop","floor":8,"key":"SMITH"},{"data":"TheCursedMod:Evocation","floor":12,"key":"SMITH"},{"data":"TheCursedMod:VoidForm","floor":15,"key":"SMITH"},{"floor":24,"key":"RECALL"},{"data":"TheCursedMod:SpitefulPlan","floor":32,"key":"SMITH"},{"data":"Apotheosis","floor":42,"key":"SMITH"},{"data":"TheCursedMod:ManaCirculation","floor":47,"key":"SMITH"},{"data":"TheCursedMod:VoidForm","floor":49,"key":"SMITH"},{"data":"TheCursedMod:CursedBoomerang","floor":52,"key":"SMITH"}],"circlet_count":0,"master_deck":["TheCursedMod:Strike_TheCursed","TheCursedMod:Strike_TheCursed","TheCursedMod:Defend_TheCursed","TheCursedMod:CursedWand","TheCursedMod:CleanUpWorkshop+1","TheCursedMod:Dregs","TheCursedMod:ReleasedKnowledge+1","TheCursedMod:CursedShiv","Doubt","TheCursedMod:LuckyCharm","TheCursedMod:Evocation+1","Panache","TheCursedMod:VoidForm+1","TheCursedMod:TacticalStrike","TheCursedMod:VoidForm+1","TheCursedMod:SmokeScreen+1","TheCursedMod:LuckyCharm","TheCursedMod:Stretching+1","TheCursedMod:Obscuration","TheCursedMod:SpitefulPray+1","TheCursedMod:SpitefulPlan+1","TheCursedMod:FleshFromBone","TheCursedMod:HellsGateOpen+1","TheCursedMod:CursedBoomerang+1","TheCursedMod:ManaCirculation+1","TheCursedMod:CursedSpellbook","Bandage Up","Master of Strategy","Apotheosis+1","TheCursedMod:LuckyCharm","TheCursedMod:CursedAmulet+1","TheCursedMod:CircleOfBlood+1","TheCursedMod:HellfireBreathing+1","TheCursedMod:LuckyCharm","TheCursedMod:LuckyCharm"],"relics":["TheCursedMod:BlackMagic101","Bird Faced Urn","Coffee Dripper","Smiling Mask","Art of War","Vajra","Black Star","Lee\u0027s Waffle","Mercury Hourglass","Centennial Puzzle","Red Mask","Boot","Turnip","TheCursedMod:DemonicMark","Bottled Tornado"],"acts_visited":["Exordium","TheCity","TheBeyond","TheEnding"],"potions_floor_usage":[10,18,25,30,35,35,39,55,55],"damage_taken":[{"damage":0,"enemies":"Jaw Worm","floor":1,"turns":3},{"damage":0,"enemies":"2 Louse","floor":2,"turns":2},{"damage":0,"enemies":"Cultist","floor":3,"turns":3},{"damage":0,"enemies":"Exordium Thugs","floor":5,"turns":4},{"damage":7,"enemies":"3 Sentries","floor":10,"turns":13},{"damage":0,"enemies":"Lots of Slimes","floor":13,"turns":6},{"damage":0,"enemies":"Looter","floor":14,"turns":4},{"damage":31,"enemies":"Hexaghost","floor":16,"turns":8},{"damage":10,"enemies":"2 Thieves","floor":18,"turns":4},{"damage":14,"enemies":"3 Byrds","floor":19,"turns":5},{"damage":7,"enemies":"Cultist and Chosen","floor":21,"turns":6},{"damage":16,"enemies":"Centurion and Healer","floor":22,"turns":6},{"damage":6,"enemies":"Gremlin Leader","floor":25,"turns":8},{"damage":7,"enemies":"3 Cultists","floor":27,"turns":6},{"damage":3,"enemies":"Book of Stabbing","floor":29,"turns":5},{"damage":1,"enemies":"Shelled Parasite and Fungi","floor":30,"turns":7},{"damage":6,"enemies":"Chosen and Byrds","floor":31,"turns":6},{"damage":13,"enemies":"Automaton","floor":33,"turns":6},{"damage":19,"enemies":"3 Darklings","floor":35,"turns":11},{"damage":10,"enemies":"Orb Walker","floor":39,"turns":4},{"damage":31,"enemies":"Nemesis","floor":40,"turns":7},{"damage":19,"enemies":"2 Orb Walkers","floor":44,"turns":4},{"damage":20,"enemies":"Jaw Worm Horde","floor":45,"turns":5},{"damage":7,"enemies":"4 Shapes","floor":46,"turns":7},{"damage":22,"enemies":"Maw","floor":48,"turns":5},{"damage":11,"enemies":"Time Eater","floor":50,"turns":7},{"damage":37,"enemies":"Shield and Spear","floor":54,"turns":5},{"damage":38,"enemies":"The Heart","floor":55,"turns":10}],"seed_played":"-4407500650460695282","potions_obtained":[{"floor":1,"key":"SteroidPotion"},{"floor":2,"key":"FairyPotion"},{"floor":3,"key":"DuplicationPotion"},{"floor":13,"key":"SteroidPotion"},{"floor":25,"key":"Swift Potion"},{"floor":29,"key":"BlessingOfTheForge"},{"floor":30,"key":"Fruit Juice"},{"floor":31,"key":"LiquidMemories"},{"floor":35,"key":"Swift Potion"},{"floor":45,"key":"Ancient Potion"},{"floor":46,"key":"DuplicationPotion"}],"is_trial":false,"path_per_floor":["M","M","M","?","M","R","?","R","T","E","$","R","M","M","R","B",null,"M","M","$","M","M","?","R","E","T","M","$","E","M","M","R","B",null,"M","?","?","$","M","E","?","R","T","?","M","M","R","M","R","B",null,"R","$","E","B",null],"character_chosen":"THE_CURSED","items_purchased":["Panache","TheCursedMod:LuckyCharm","TheCursedMod:SpitefulPlan","Lee\u0027s Waffle","TheCursedMod:LuckyCharm","TheCursedMod:LuckyCharm"],"campfire_rested":0,"item_purchase_floors":[11,20,28,38,38,53],"current_hp_per_floor":[82,82,82,82,82,82,82,82,82,75,75,75,79,82,82,55,82,74,68,68,71,63,51,51,53,53,56,56,65,79,83,83,78,87,76,76,66,94,84,69,69,69,69,68,74,94,94,88,88,91,94,94,94,87,81],"gold":72,"neow_bonus":"TEN_PERCENT_HP_BONUS","is_daily":false,"chose_seed":false,"campfire_upgraded":9,"win_rate":0.0,"timestamp":1613918301,"path_taken":["M","M","M","?","M","R","?","R","T","E","$","R","M","?","R","BOSS","M","M","$","M","M","?","R","E","T","?","$","E","M","M","R","BOSS","M","?","?","?","?","E","?","R","T","?","M","M","R","M","R","BOSS","R","$","E","BOSS"],"items_purchased_type":["Card","Card","Card","Relic","Card","Card"],"build_version":"2020-12-22","purchased_purges":4,"victory":true,"max_hp_per_floor":[82,82,82,82,82,82,82,82,82,82,82,82,82,82,82,82,82,82,82,82,82,82,82,82,82,82,82,82,82,87,87,87,87,87,87,87,87,94,94,94,94,94,94,94,94,94,94,94,94,94,94,94,94,94,94],"card_choices":[{"not_picked":["TheCursedMod:FuryStrike","TheCursedMod:Stigma"],"picked":"TheCursedMod:CursedStaff","floor":1},{"not_picked":["TheCursedMod:CursedBlade","TheCursedMod:VitalStrike"],"picked":"TheCursedMod:ReleasedKnowledge","floor":2},{"not_picked":["TheCursedMod:CursedBlade","TheCursedMod:SurpriseAttack"],"picked":"TheCursedMod:CursedShiv","floor":3},{"not_picked":["TheCursedMod:DarkBarrier","TheCursedMod:CircleOfBlood"],"picked":"TheCursedMod:LuckyCharm","floor":5},{"not_picked":["TheCursedMod:Stretching","TheCursedMod:VitalStrike"],"picked":"TheCursedMod:Evocation","floor":10},{"not_picked":["TheCursedMod:Wield","TheCursedMod:Stigma"],"picked":"TheCursedMod:VoidForm","floor":13},{"not_picked":["TheCursedMod:CursedAmulet","TheCursedMod:CircleOfFlame"],"picked":"TheCursedMod:TacticalStrike","floor":14},{"not_picked":["TheCursedMod:OutForBlood","TheCursedMod:ParallelWorld"],"picked":"TheCursedMod:VoidForm","floor":16},{"not_picked":["TheCursedMod:Stretching","TheCursedMod:CircleOfCorruption","TheCursedMod:FuryStrike+1"],"picked":"SKIP","floor":18},{"not_picked":["TheCursedMod:CursedSpellbook","TheCursedMod:Stretching"],"picked":"TheCursedMod:SmokeScreen+1","floor":19},{"not_picked":["TheCursedMod:TacticalStrike","TheCursedMod:DarkBarrier"],"picked":"TheCursedMod:Stretching+1","floor":21},{"not_picked":["TheCursedMod:SurpriseAttack","TheCursedMod:Torture+1"],"picked":"TheCursedMod:Obscuration","floor":22},{"not_picked":["TheCursedMod:BloodBarrier+1","TheCursedMod:CursedBlade+1"],"picked":"TheCursedMod:SpitefulPray+1","floor":25},{"not_picked":["TheCursedMod:Stigma","TheCursedMod:SpreadPlague+1","TheCursedMod:TacticalStrike"],"picked":"SKIP","floor":27},{"not_picked":["TheCursedMod:VitalStrike","TheCursedMod:ParallelWorld"],"picked":"TheCursedMod:FleshFromBone","floor":29},{"not_picked":["TheCursedMod:CursedStaff","TheCursedMod:CircleOfFlame"],"picked":"TheCursedMod:HellsGateOpen+1","floor":30},{"not_picked":["TheCursedMod:FuryStrike","TheCursedMod:SpitefulStrike"],"picked":"TheCursedMod:CursedBoomerang","floor":31},{"not_picked":["TheCursedMod:OutForBlood","TheCursedMod:DemonSword"],"picked":"TheCursedMod:ManaCirculation","floor":33},{"not_picked":["TheCursedMod:FleshFromBone+1","TheCursedMod:ManaBullet+1"],"picked":"TheCursedMod:CursedSpellbook","floor":35},{"not_picked":["Good Instincts","Panacea"],"picked":"Bandage Up","floor":37},{"not_picked":["Dark Shackles","PanicButton"],"picked":"Master of Strategy","floor":37},{"not_picked":["Flash of Steel","Enlightenment"],"picked":"Apotheosis","floor":37},{"not_picked":["TheCursedMod:CursedShiv","TheCursedMod:CursedMace+1"],"picked":"TheCursedMod:CursedAmulet+1","floor":39},{"not_picked":["TheCursedMod:FuryStrike","TheCursedMod:FleshFromBone","TheCursedMod:RavingStaff+1"],"picked":"SKIP","floor":40},{"not_picked":["TheCursedMod:SpitefulStrike+1","TheCursedMod:CursedShiv+1"],"picked":"TheCursedMod:CircleOfBlood+1","floor":44},{"not_picked":["TheCursedMod:BloodBarrier+1","TheCursedMod:FleshFromBone","TheCursedMod:UltimatePain"],"picked":"SKIP","floor":45},{"not_picked":["TheCursedMod:CircleOfAmplification+1","TheCursedMod:Stretching"],"picked":"TheCursedMod:HellfireBreathing+1","floor":46},{"not_picked":["TheCursedMod:PrepareRite+1","TheCursedMod:Torture","TheCursedMod:TroublousMinions+1"],"picked":"SKIP","floor":48},{"not_picked":["TheCursedMod:Stigma+1","TheCursedMod:HellfireBreathing"],"picked":"TheCursedMod:LuckyCharm","floor":54}],"player_experience":1589553,"relics_obtained":[{"floor":10,"key":"Bird Faced Urn"},{"floor":25,"key":"Smiling Mask"},{"floor":26,"key":"Art of War"},{"floor":29,"key":"Vajra"},{"floor":40,"key":"Mercury Hourglass"},{"floor":40,"key":"Centennial Puzzle"},{"floor":43,"key":"Boot"},{"floor":44,"key":"Turnip"},{"floor":54,"key":"TheCursedMod:DemonicMark"},{"floor":54,"key":"Bottled Tornado"}],"event_choices":[{"damage_healed":0,"gold_gain":175,"player_choice":"AGREE","damage_taken":0,"max_hp_gain":0,"max_hp_loss":0,"event_name":"Liars Game","floor":4,"gold_loss":0,"cards_obtained":["Doubt"]},{"cards_removed":["TheCursedMod:Strike_TheCursed"],"damage_healed":0,"gold_gain":0,"player_choice":"Card Removal","damage_taken":0,"max_hp_gain":0,"max_hp_loss":0,"event_name":"Wheel of Change","floor":7,"gold_loss":0},{"damage_healed":0,"gold_gain":90,"player_choice":"GOLD ","damage_taken":12,"max_hp_gain":0,"max_hp_loss":0,"event_name":"Knowing Skull","floor":23,"potions_obtained":[],"gold_loss":0,"cards_obtained":[]},{"cards_removed":["TheCursedMod:CursedStaff"],"damage_healed":0,"gold_gain":0,"player_choice":"Removed Attack","damage_taken":0,"max_hp_gain":0,"max_hp_loss":0,"event_name":"Falling","floor":36,"gold_loss":0},{"damage_healed":0,"gold_gain":0,"player_choice":"Memory 3","damage_taken":10,"max_hp_gain":0,"max_hp_loss":0,"event_name":"SensoryStone","floor":37,"gold_loss":0},{"damage_healed":0,"gold_gain":0,"player_choice":"Paid","damage_taken":0,"relics_obtained":["Red Mask"],"max_hp_gain":0,"max_hp_loss":0,"event_name":"Tomb of Lord Red Mask","floor":41,"gold_loss":76},{"damage_healed":0,"gold_gain":0,"player_choice":"Fight","damage_taken":0,"max_hp_gain":0,"max_hp_loss":0,"event_name":"Mysterious Sphere","floor":44,"gold_loss":0}],"is_beta":false,"boss_relics":[{"not_picked":["TheCursedMod:BlackMagicAdvanced","Pandora\u0027s Box"],"picked":"Coffee Dripper"},{"not_picked":["Runic Pyramid","Sozu"],"picked":"Black Star"}],"items_purged_floors":[11,20,28,38],"is_endless":false,"potions_floor_spawned":[1,2,3,13,14,25,29,30,31,35,45,46],"ascension_level":0}}