{"host":"8is2j71l4wmybkoi","time":1613890885,"event":{"mods":["AchievementEnabler","BaseMod","Colored Map","DeckTracker","Minty Spire (QoL Compilation)","Rare Cards Sparkle","Relic Stats","StSLib","SuperFastMode"],"gold_per_floor":[209,209,209,223,1,1,35,50,126,126,202,235,235,251,251,370,370,388,388,411,431,9,9,58,58,108,146,160,0,21,45,45,170,170,194,79,142,162,181,181,224,224,224,248,289,352,352,395,395,395,395,395,32,67,67],"floor_reached":56,"language":"KOR","playtime":2855,"items_purged":["Strike_B","Strike_B"],"score":1895,"play_id":"e944675b-5ae9-4652-ab00-f161410b79db","local_time":"20210221160125","is_ascension_mode":true,"campfire_choices":[{"data":"Defragment","floor":6.0,"key":"SMITH"},{"data":"Biased Cognition","floor":10.0,"key":"SMITH"},{"data":"Zap","floor":13.0,"key":"SMITH"},{"data":"Go for the Eyes","floor":15.0,"key":"SMITH"},{"data":"Fission","floor":23.0,"key":"SMITH"},{"floor":25.0,"key":"REST"},{"floor":32.0,"key":"REST"},{"data":"Skim","floor":40.0,"key":"SMITH"},{"data":"Deep Breath","floor":47.0,"key":"SMITH"},{"floor":49.0,"key":"RECALL"},{"floor":52.0,"key":"REST"}],"circlet_count":0,"master_deck":["AscendersBane","Strike_B","Strike_B","Defend_B","Defend_B","Defend_B","Zap+1","Dualcast","Glacier","Hologram+1","Seek","Cold Snap","Ball Lightning","Defragment+1","Aggregate+1","Turbo","Capacitor","Biased Cognition+1","Go for the Eyes+1","Fission+1","Redo+1","Capacitor+1","Skim+1","Reboot","Lockon","Biased Cognition","Compile Driver","Consume+1","Thinking Ahead","Deep Breath+1","Blizzard+1","Chill"],"relics":["Cracked Core","Golden Idol","Orrery","Pen Nib","The Courier","Kunai","War Paint","Nuclear Battery","Medical Kit","Ice Cream","Potion Belt","Gambling Chip","Cursed Key","OrangePellets","Lizard Tail","Boot","Molten Egg 2","Pocketwatch","Orichalcum","Runic Capacitor","Mercury Hourglass"],"acts_visited":["Exordium","TheCity","TheBeyond","TheEnding"],"potions_floor_usage":[55,55,55],"damage_taken":[{"damage":4.0,"enemies":"Jaw Worm","floor":1.0,"turns":4.0},{"damage":7.0,"enemies":"Small Slimes","floor":4.0,"turns":3.0},{"damage":0.0,"enemies":"Gremlin Nob","floor":7.0,"turns":4.0},{"damage":0.0,"enemies":"Cultist","floor":8.0,"turns":3.0},{"damage":14.0,"enemies":"3 Sentries","floor":12.0,"turns":5.0},{"damage":3.0,"enemies":"Exordium Thugs","floor":14.0,"turns":4.0},{"damage":1.0,"enemies":"Hexaghost","floor":16.0,"turns":8.0},{"damage":0.0,"enemies":"Chosen","floor":18.0,"turns":5.0},{"damage":11.0,"enemies":"3 Byrds","floor":20.0,"turns":5.0},{"damage":7.0,"enemies":"Snake Plant","floor":21.0,"turns":4.0},{"damage":49.0,"enemies":"Slavers","floor":27.0,"turns":8.0},{"damage":1.0,"enemies":"3 Cultists","floor":28.0,"turns":5.0},{"damage":0.0,"enemies":"Sentry and Sphere","floor":30.0,"turns":4.0},{"damage":0.0,"enemies":"Snake Plant","floor":31.0,"turns":4.0},{"damage":3.0,"enemies":"Collector","floor":33.0,"turns":9.0},{"damage":0.0,"enemies":"Orb Walker","floor":35.0,"turns":4.0},{"damage":0.0,"enemies":"2 Orb Walkers","floor":37.0,"turns":6.0},{"damage":2.0,"enemies":"3 Darklings","floor":38.0,"turns":6.0},{"damage":0.0,"enemies":"Sphere and 2 Shapes","floor":39.0,"turns":3.0},{"damage":0.0,"enemies":"Nemesis","floor":41.0,"turns":7.0},{"damage":0.0,"enemies":"Spire Growth","floor":44.0,"turns":3.0},{"damage":0.0,"enemies":"Giant Head","floor":45.0,"turns":8.0},{"damage":18.0,"enemies":"Mind Bloom Boss Battle","floor":46.0,"turns":4.0},{"damage":9.0,"enemies":"Reptomancer","floor":48.0,"turns":5.0},{"damage":20.0,"enemies":"Time Eater","floor":50.0,"turns":10.0},{"damage":0,"enemies":"Shield and Spear","floor":54,"turns":6},{"damage":48,"enemies":"The Heart","floor":55,"turns":7}],"seed_played":"-2678916899226019373","potions_obtained":[{"floor":4.0,"key":"FocusPotion"},{"floor":12.0,"key":"DistilledChaos"},{"floor":16.0,"key":"Ancient Potion"},{"floor":21.0,"key":"SkillPotion"},{"floor":30.0,"key":"Regen Potion"},{"floor":33.0,"key":"EntropicBrew"},{"floor":35.0,"key":"Regen Potion"},{"floor":39.0,"key":"Regen Potion"},{"floor":45.0,"key":"Fire Potion"}],"is_trial":false,"path_per_floor":["M","?","?","M","$","R","E","M","T","R","T","E","R","M","R","B",null,"M","?","M","M","$","R","T","R","T","E","M","?","M","M","R","B",null,"M","$","?","M","M","R","E","?","T","M","E","?","R","E","R","B",null,"R","$","E","B",null],"character_chosen":"DEFECT","items_purchased":["Orrery","Turbo","AttackPotion","Medical Kit","Ice Cream","OrangePellets","Runic Capacitor","FocusPotion","DuplicationPotion","LiquidMemories"],"campfire_rested":3,"item_purchase_floors":[5,5,5,22,22,36,53,53,53,53],"current_hp_per_floor":[64,46,46,39,39,39,39,39,39,39,39,25,25,22,22,21,62,62,62,51,44,44,44,44,66,66,17,16,16,16,28,50,47,68,68,68,75,73,73,73,73,63,63,63,63,50,50,41,41,21,62,75,75,75,27],"gold":67,"neow_bonus":"HUNDRED_GOLD","is_daily":false,"chose_seed":false,"campfire_upgraded":7,"win_rate":0.0,"timestamp":1613890885,"path_taken":["M","?","?","M","$","R","E","M","T","R","?","E","R","M","R","BOSS","M","?","?","M","$","R","?","R","T","E","M","?","M","M","R","BOSS","M","$","?","M","M","R","E","?","T","M","E","?","R","E","R","BOSS","R","$","E","BOSS"],"items_purchased_type":["Relic","Card","Potion","Relic","Relic","Relic","Relic","Potion","Potion","Potion"],"build_version":"2020-12-22","purchased_purges":2,"victory":true,"max_hp_per_floor":[75,75,75,75,75,75,75,75,75,75,75,75,75,75,75,75,75,75,75,75,75,75,75,75,75,75,75,75,75,75,75,75,75,75,75,75,75,75,75,75,75,75,75,75,75,75,75,75,75,75,75,75,75,75,75],"relic_stats":{"counters":[27,144],"Golden Idol":230,"Pen Nib":[30],"War Paint":["Aggregate","Hologram"],"Orichalcum":[54],"Medical Kit":[25],"Cursed Key":0,"Boot":[25],"Mercury Hourglass":[21],"OrangePellets":[27],"Lizard Tail":0,"Gambling Chip":[37],"Kunai":[55],"obtain_stats":[{"Ice Cream":22,"Potion Belt":24,"Golden Idol":2,"Pen Nib":7,"The Courier":9,"Runic Capacitor":53,"War Paint":12,"Orichalcum":48,"Medical Kit":22,"Cursed Key":34,"Boot":41,"Nuclear Battery":17,"Mercury Hourglass":54,"OrangePellets":36,"Lizard Tail":37,"Gambling Chip":27,"Orrery":5,"Molten Egg 2":45,"Kunai":11,"Cracked Core":0,"Pocketwatch":46},{"Ice Cream":10,"Potion Belt":10,"Golden Idol":1,"Pen Nib":3,"The Courier":4,"Runic Capacitor":25,"War Paint":5,"Orichalcum":24,"Medical Kit":10,"Cursed Key":15,"Boot":20,"Nuclear Battery":7,"Mercury Hourglass":26,"OrangePellets":16,"Lizard Tail":17,"Gambling Chip":11,"Orrery":2,"Molten Egg 2":22,"Kunai":4,"Cracked Core":0,"Pocketwatch":23},{"Ice Cream":45,"Potion Belt":45,"Golden Idol":4,"Pen Nib":11,"The Courier":14,"Runic Capacitor":131,"War Paint":19,"Orichalcum":121,"Medical Kit":45,"Cursed Key":75,"Boot":101,"Nuclear Battery":31,"Mercury Hourglass":137,"OrangePellets":79,"Lizard Tail":85,"Gambling Chip":53,"Orrery":7,"Molten Egg 2":112,"Kunai":14,"Cracked Core":0,"Pocketwatch":116}],"Pocketwatch":[15]},"card_choices":[{"not_picked":["Beam Cell","Streamline"],"picked":"Glacier","floor":1.0},{"not_picked":["Stack","Leap"],"picked":"Hologram","floor":4.0},{"not_picked":["Skim","Sunder"],"picked":"Seek","floor":5.0},{"not_picked":["Coolheaded","Rebound"],"picked":"Cold Snap","floor":5.0},{"not_picked":["Barrage","Stack"],"picked":"Ball Lightning","floor":5.0},{"not_picked":["Rebound","Streamline"],"picked":"Defragment","floor":5.0},{"not_picked":["Redo","Conserve Battery"],"picked":"Aggregate","floor":5.0},{"not_picked":["Rebound","Steam"],"picked":"Capacitor","floor":7.0},{"not_picked":["Skim","Turbo"],"picked":"Biased Cognition","floor":8.0},{"not_picked":["Streamline","Leap","Beam Cell"],"picked":"SKIP","floor":12.0},{"not_picked":["Steam Power","Barrage"],"picked":"Go for the Eyes","floor":14.0},{"not_picked":["Machine Learning","Multi-Cast"],"picked":"Fission","floor":16.0},{"not_picked":["Steam","Sweeping Beam"],"picked":"Redo+1","floor":18.0},{"not_picked":["Barrage","Ball Lightning+1","Turbo"],"picked":"SKIP","floor":20.0},{"not_picked":["Stack","Redo","Streamline+1"],"picked":"SKIP","floor":21.0},{"not_picked":["Aggregate","White Noise"],"picked":"Capacitor+1","floor":27.0},{"not_picked":["Streamline+1","Cold Snap"],"picked":"Skim","floor":28.0},{"not_picked":["Gash+1","Ball Lightning"],"picked":"Reboot","floor":30.0},{"not_picked":["Cold Snap","Capacitor"],"picked":"Lockon","floor":31.0},{"not_picked":["Reboot","Multi-Cast"],"picked":"Biased Cognition","floor":33.0},{"not_picked":["Leap+1","Barrage","Stack+1"],"picked":"SKIP","floor":35.0},{"not_picked":["Force Field+1","Turbo"],"picked":"Compile Driver","floor":37.0},{"not_picked":["Capacitor+1","Steam+1","Gash+1"],"picked":"SKIP","floor":38.0},{"not_picked":["Redo","Thunder Strike","Streamline"],"picked":"SKIP","floor":39.0},{"not_picked":["Barrage+1","Compile Driver+1"],"picked":"Consume+1","floor":41.0},{"not_picked":["Forethought","Good Instincts"],"picked":"Thinking Ahead","floor":42.0},{"not_picked":["PanicButton","Sadistic Nature"],"picked":"Deep Breath","floor":42.0},{"not_picked":["Turbo+1","Cold Snap","Streamline"],"picked":"SKIP","floor":44.0},{"not_picked":["Steam","Auto Shields"],"picked":"Blizzard+1","floor":45.0},{"not_picked":["Sweeping Beam+1","Hello World"],"picked":"Chill","floor":46.0},{"not_picked":["Doom and Gloom+1","Machine Learning","Hologram+1"],"picked":"SKIP","floor":48.0},{"not_picked":["Stack+1","Barrage+1","Gash+1"],"picked":"SKIP","floor":54}],"player_experience":1268975,"relics_obtained":[{"floor":7.0,"key":"Pen Nib"},{"floor":9.0,"key":"The Courier"},{"floor":11.0,"key":"Kunai"},{"floor":12.0,"key":"War Paint"},{"floor":24.0,"key":"Potion Belt"},{"floor":27.0,"key":"Gambling Chip"},{"floor":37.0,"key":"Lizard Tail"},{"floor":41.0,"key":"Boot"},{"floor":45.0,"key":"Molten Egg 2"},{"floor":46.0,"key":"Pocketwatch"},{"floor":48.0,"key":"Orichalcum"},{"floor":54,"key":"Mercury Hourglass"}],"event_choices":[{"damage_healed":0.0,"max_hp_gain":0.0,"max_hp_loss":0.0,"gold_gain":0.0,"event_name":"Golden Idol","player_choice":"Take Damage","floor":2.0,"gold_loss":0.0,"damage_taken":18.0,"relics_obtained":["Golden Idol"]},{"cards_removed":["Defend_B"],"damage_healed":0.0,"max_hp_gain":0.0,"max_hp_loss":0.0,"gold_gain":0.0,"event_name":"Living Wall","player_choice":"Forget","floor":3.0,"gold_loss":0.0,"damage_taken":0.0},{"damage_healed":0.0,"max_hp_gain":0.0,"max_hp_loss":0.0,"gold_gain":0.0,"event_name":"NoteForYourself","player_choice":"Ignored","floor":19.0,"gold_loss":0.0,"damage_taken":0.0},{"damage_healed":0.0,"max_hp_gain":0.0,"max_hp_loss":0.0,"gold_gain":0.0,"event_name":"Masked Bandits","player_choice":"Paid Fearfully","floor":29.0,"gold_loss":160.0,"damage_taken":0.0},{"damage_healed":0.0,"max_hp_gain":0.0,"max_hp_loss":0.0,"gold_gain":0.0,"event_name":"Mysterious Sphere","player_choice":"Fight","floor":37.0,"gold_loss":0.0,"damage_taken":0.0},{"damage_healed":0.0,"max_hp_gain":0.0,"max_hp_loss":0.0,"gold_gain":0.0,"event_name":"SensoryStone","player_choice":"Memory 3","floor":42.0,"gold_loss":0.0,"damage_taken":10.0},{"damage_healed":0.0,"max_hp_gain":0.0,"max_hp_loss":0.0,"gold_gain":0.0,"event_name":"MindBloom","player_choice":"Fight","floor":46.0,"gold_loss":0.0,"damage_taken":0.0}],"is_beta":false,"boss_relics":[{"not_picked":["Coffee Dripper","Philosopher\u0027s Stone"],"picked":"Nuclear Battery"},{"not_picked":["Tiny House","Inserter"],"picked":"Cursed Key"}],"items_purged_floors":[22,53],"is_endless":false,"potions_floor_spawned":[4,12,16,21,30,33,35,39,45],"ascension_level":10}}