{"host":"mc5v85iuptizxtr7","time":1613905361,"event":{"mods":["AchievementEnabler","Ascension Reborn","Aspiration","Bard","BaseMod","BetterRewards","Colored Map","Colored Powertips","Conspire","DeckTracker","Downfall","Hermit","Highlight Path","Hubris","Infinite Spire","Minty Spire (QoL Compilation)","Rare Cards Sparkle","Relic Stats","Shop Mod","StSLib","Synergy Search","The Animator","The Bladedancer","The Bug Knight","The Cursed","The Forsaken","The Necromancer","UnlockEverythingMod"],"gold_per_floor":[0,14,114,114,114,114,114,132,132,132,117,149,149,149,169,271,271,271,287,287,300,300,313,313,333,333,107,127,127,267,284,298,395,395,395,410,423,434,445,445,445,457,457,472,490,503,130,130,149,149],"floor_reached":51,"language":"DEU","playtime":4644,"items_purged":[],"score":678,"play_id":"605e1eb0-a3ff-4891-b1b2-8e660bfceee4","local_time":"20210221120241","is_ascension_mode":true,"campfire_choices":[{"data":"Slimebound:Split","floor":1,"key":"SMITH"},{"data":"Slimebound:LeechEnergy","floor":6,"key":"SMITH"},{"data":"infinitespire:Gouge","floor":10,"key":"SMITH"},{"data":"Slimebound:GoopSpray","floor":13,"key":"SMITH"},{"data":"Slimebound:Overexert","floor":18,"key":"SMITH"},{"data":"Slimebound:MegaLick","floor":29,"key":"SMITH"},{"data":"Slimebound:WasteNot","floor":35,"key":"SMITH"},{"data":"Slimebound:Overexert","floor":40,"key":"SMITH"}],"circlet_count":0,"master_deck":["Slimebound:Strike_Slimebound","Slimebound:Strike_Slimebound","Slimebound:Strike_Slimebound","Slimebound:Tackle","Slimebound:Defend_Slimebound","Slimebound:Defend_Slimebound+1","Slimebound:Defend_Slimebound","Slimebound:Defend_Slimebound","Slimebound:Split+1","Slimebound:CorrosiveSpit+1","Slimebound:LeechEnergy+1","Slimebound:PressTheAttack","infinitespire:Gouge+1","Slimebound:ItLooksTasty","Slimebound:GoopSpray+1","Slimebound:LevelUp","Slimebound:Overexert+1","Slimebound:GoopSpray","Slimebound:SlimeSpikes+1","CurseOfTheBell","Slimebound:Overexert+1","Slimebound:LeechLife","Slimebound:MegaLick+1","Slimebound:SplitLeeching","Slimebound:Gluttony","Slimebound:SplitLeeching","Slimebound:SpikyOuterGoop","Slimebound:Schlurp","Slimebound:ViciousTackle","Slimebound:WasteNot+1","Slimebound:AcidTongue+1","Slimebound:SplitAcid+1","Slimebound:HauntingLick+1","Slimebound:Nibble+1","Slimebound:SplitBruiser+1","Slimebound:FirmFortitude","Slimebound:TongueLash+1","Slimebound:SlimeTap","Slimebound:RejuvenatingLick+1","expansioncontent:DashGenerateEvil+1","Slimebound:MegaLick"],"relics":["Slimebound:AbsorbEndCombat","hubris:FunFungus","MealTicket","downfall:ShatteredFragment","Pear","HollowMod:PaleOreRelic","aspiration:SecretTechniqueScroll","hubris:CrystalStatue","Calling Bell","theForsaken:Lifeblossom","Sundial","theForsaken:Kindling","Shuriken","War Paint","infinitespire:Cupcake","HollowMod:StagPassRelic","Lee\u0027s Waffle"],"acts_visited":["Exordium","TheCity","TheBeyond"],"potions_floor_usage":[16,28,33,42,44,46,50],"damage_taken":[{"damage":1,"enemies":"Cultist","floor":2,"turns":3},{"damage":4,"enemies":"2 Louse","floor":8,"turns":3},{"damage":0,"enemies":"downfall:FleeingMerchant","floor":11,"turns":4},{"damage":0,"enemies":"HollowMod:MossKnight","floor":12,"turns":4},{"damage":3,"enemies":"Small Slimes","floor":15,"turns":3},{"damage":23,"enemies":"DF_ARCHETYPE_STREAMLINE","floor":16,"turns":7},{"damage":10,"enemies":"3 Byrds","floor":19,"turns":3},{"damage":5,"enemies":"Spheric Guardian","floor":21,"turns":3},{"damage":2,"enemies":"conspire:HollyBat","floor":23,"turns":5},{"damage":0,"enemies":"Centurion and Healer","floor":25,"turns":3},{"damage":3,"enemies":"downfall:FleeingMerchant","floor":27,"turns":4},{"damage":14,"enemies":"Shelled Parasite and Fungi","floor":28,"turns":4},{"damage":1,"enemies":"downfall:FleeingMerchant","floor":30,"turns":4},{"damage":0,"enemies":"Cultist and Chosen","floor":31,"turns":5},{"damage":0,"enemies":"Chosen and Byrds","floor":32,"turns":3},{"damage":17,"enemies":"SI_MIRROR_ARCHETYPE","floor":33,"turns":10},{"damage":0,"enemies":"Orb Walker","floor":36,"turns":3},{"damage":17,"enemies":"3 Darklings","floor":37,"turns":5},{"damage":0,"enemies":"Jaw Worm Horde","floor":38,"turns":2},{"damage":0,"enemies":"Transient","floor":39,"turns":5},{"damage":31,"enemies":"Writhing Mass","floor":42,"turns":5},{"damage":45,"enemies":"HollowMod:SlobberingHusk","floor":44,"turns":6},{"damage":10,"enemies":"Spire Growth","floor":45,"turns":4},{"damage":20,"enemies":"4 Shapes","floor":46,"turns":3},{"damage":0,"enemies":"Sphere and 2 Shapes","floor":49,"turns":2},{"damage":93,"enemies":"WA_ARCHETYPE_DIVINITY","floor":50,"turns":9}],"seed_played":"4642383044602306744","potions_obtained":[{"floor":8,"key":"LiquidBronze"},{"floor":19,"key":"Guardian:BlockOnCardUsePotion"},{"floor":25,"key":"BlessingOfTheForge"},{"floor":32,"key":"Strength Potion"},{"floor":36,"key":"ColorlessPotion"},{"floor":44,"key":"BlessingOfTheForge"},{"floor":49,"key":"BlessingOfTheForge"}],"is_trial":false,"path_per_floor":["R","M","?","?","?","R","T","M","?","R","$","E","R","?","M","B",null,"R","M","?","M","AVR","M","T","M","?","$","M","R","$","M","M","B",null,"R","M","M","M","M","R","T","M","?","M","M","M","$","?","M","B",null],"character_chosen":"SLIMEBOUND","items_purchased":["War Paint","Slimebound:MegaLick","Slimebound:SplitLeeching","Slimebound:SpikyOuterGoop","Slimebound:Schlurp","Slimebound:RejuvenatingLick","expansioncontent:DashGenerateEvil","Lee\u0027s Waffle"],"campfire_rested":0,"item_purchase_floors":[27,27,30,30,30,47,47,47],"current_hp_per_floor":[65,65,65,58,40,40,50,46,28,28,51,59,59,59,60,45,75,75,73,73,70,70,75,75,75,75,75,69,69,75,75,75,62,75,75,75,65,74,75,75,75,44,44,28,32,25,82,82,82,10],"gold":149,"neow_bonus":"ONE_RARE_RELIC","is_daily":false,"chose_seed":false,"campfire_upgraded":8,"win_rate":0.0,"timestamp":1613905361,"path_taken":["R","M","?","?","?","R","T","?","?","R","$","E","R","?","M","BOSS","R","M","?","M","AVR","M","T","M","?","$","M","R","?","M","M","BOSS","R","M","M","M","?","R","T","M","?","M","M","?","$","?","M","BOSS"],"items_purchased_type":["Relic","Card","Card","Card","Card","Card","Card","Relic"],"build_version":"2020-12-22","purchased_purges":0,"victory":true,"max_hp_per_floor":[65,65,65,65,65,65,75,75,75,75,75,75,75,75,75,75,75,75,75,75,75,75,75,75,75,75,75,75,75,75,75,75,75,75,75,75,75,75,75,75,75,75,75,75,75,75,82,82,82,82],"relic_stats":{"Lee\u0027s Waffle":42,"counters":[26,111],"Sundial":[4],"Shuriken":[31],"MealTicket":36,"War Paint":["Slimebound:CorrosiveSpit","Slimebound:Defend_Slimebound"],"obtain_stats":[{"Lee\u0027s Waffle":47,"downfall:ShatteredFragment":5,"Pear":7,"hubris:CrystalStatue":22,"theForsaken:Lifeblossom":22,"aspiration:SecretTechniqueScroll":17,"War Paint":27,"HollowMod:StagPassRelic":41,"Calling Bell":22,"Sundial":22,"theForsaken:Kindling":22,"Shuriken":24,"MealTicket":4,"hubris:FunFungus":0,"Slimebound:AbsorbEndCombat":0,"HollowMod:PaleOreRelic":12,"infinitespire:Cupcake":34},{"Lee\u0027s Waffle":24,"downfall:ShatteredFragment":1,"Pear":1,"hubris:CrystalStatue":8,"theForsaken:Lifeblossom":8,"aspiration:SecretTechniqueScroll":6,"War Paint":11,"HollowMod:StagPassRelic":20,"Calling Bell":8,"Sundial":8,"theForsaken:Kindling":8,"Shuriken":9,"MealTicket":1,"hubris:FunFungus":0,"Slimebound:AbsorbEndCombat":0,"HollowMod:PaleOreRelic":4,"infinitespire:Cupcake":16},{"Lee\u0027s Waffle":100,"downfall:ShatteredFragment":3,"Pear":3,"hubris:CrystalStatue":30,"theForsaken:Lifeblossom":30,"aspiration:SecretTechniqueScroll":24,"War Paint":42,"HollowMod:StagPassRelic":82,"Calling Bell":30,"Sundial":30,"theForsaken:Kindling":30,"Shuriken":35,"MealTicket":3,"hubris:FunFungus":0,"Slimebound:AbsorbEndCombat":0,"HollowMod:PaleOreRelic":14,"infinitespire:Cupcake":67}]},"card_choices":[{"not_picked":["Slimebound:SplitMire","Slimebound:ProtectTheBoss"],"picked":"Slimebound:LeechEnergy","floor":2},{"not_picked":["Slimebound:GoopSpray","Slimebound:SplitMire"],"picked":"Slimebound:PressTheAttack","floor":8},{"not_picked":["infinitespire:FinalStrike","infinitespire:SevenWalls"],"picked":"infinitespire:Gouge","floor":9},{"not_picked":["Slimebound:LeechEnergy","Slimebound:BestDefense"],"picked":"Slimebound:ItLooksTasty","floor":11},{"not_picked":["Slimebound:HauntingLick","Slimebound:WasteNot"],"picked":"Slimebound:GoopSpray","floor":12},{"not_picked":["Slimebound:DisruptingSlam","Slimebound:ViciousTackle"],"picked":"Slimebound:LevelUp","floor":15},{"not_picked":["Slimebound:MassRepurpose","Slimebound:SelfFormingGoo"],"picked":"Slimebound:Overexert","floor":16},{"not_picked":["Slimebound:Dissolve","Slimebound:LivingWall"],"picked":"Slimebound:GoopSpray","floor":19},{"not_picked":["Slimebound:ViciousTackle","Slimebound:Schlurp"],"picked":"Slimebound:SlimeSpikes+1","floor":21},{"not_picked":["Slimebound:DivideAndConquer","Slimebound:SplitAcid","Slimebound:Dissolve"],"picked":"SKIP","floor":23},{"not_picked":["Slimebound:SplitAcid+1","Slimebound:ComboTackle+1"],"picked":"Slimebound:Overexert","floor":25},{"not_picked":["Slimebound:FinishingTackle","Slimebound:LeechingTouch+1"],"picked":"Slimebound:LeechLife","floor":27},{"not_picked":["Slimebound:LeechEnergy+1","Slimebound:GoopSpray"],"picked":"Slimebound:SplitLeeching","floor":28},{"not_picked":["Slimebound:BestDefense+1","Slimebound:DisruptingSlam"],"picked":"Slimebound:Gluttony","floor":30},{"not_picked":["Slimebound:Schlurp","Slimebound:FormOfPuddle"],"picked":"Slimebound:ViciousTackle","floor":31},{"not_picked":["Slimebound:FormOfPuddle","Slimebound:SlimeSpikes+1","Slimebound:PressTheAttack"],"picked":"SKIP","floor":32},{"not_picked":["Slimebound:DuplicatedForm","Slimebound:DouseInSlime"],"picked":"Slimebound:WasteNot","floor":33},{"not_picked":["Slimebound:SplitAcid","Slimebound:SlimeBarrage+1"],"picked":"Slimebound:AcidTongue+1","floor":36},{"not_picked":["Slimebound:ProtectTheBoss+1","Slimebound:GrowthPunch+1"],"picked":"Slimebound:SplitAcid+1","floor":37},{"not_picked":["Slimebound:GoopSpray+1","Slimebound:SamplingLick"],"picked":"Slimebound:HauntingLick+1","floor":38},{"not_picked":["Slimebound:Replication","Slimebound:ItLooksTasty"],"picked":"Slimebound:Nibble+1","floor":39},{"not_picked":["Slimebound:RollThrough+1","Slimebound:FinishingTackle+1"],"picked":"Slimebound:SplitBruiser+1","floor":42},{"not_picked":["Slimebound:RollThrough","Slimebound:Chomp+1"],"picked":"Slimebound:FirmFortitude","floor":44},{"not_picked":["Slimebound:DivideAndConquer+1","Slimebound:RainOfGoop"],"picked":"Slimebound:TongueLash+1","floor":45},{"not_picked":["Slimebound:GoopTackle","Slimebound:ProtectTheBoss+1"],"picked":"Slimebound:SlimeTap","floor":46},{"not_picked":["Slimebound:DivideAndConquer+1","Slimebound:FinishingTackle+1"],"picked":"Slimebound:MegaLick","floor":49}],"player_experience":191536,"relics_obtained":[{"floor":7,"key":"Pear"},{"floor":12,"key":"HollowMod:PaleOreRelic"},{"floor":22,"key":"theForsaken:Lifeblossom"},{"floor":22,"key":"Sundial"},{"floor":22,"key":"theForsaken:Kindling"},{"floor":24,"key":"Shuriken"},{"floor":41,"key":"HollowMod:StagPassRelic"}],"event_choices":[{"damage_healed":0,"gold_gain":0,"player_choice":"Success","damage_taken":7,"relics_obtained":["MealTicket"],"max_hp_gain":0,"max_hp_loss":0,"event_name":"Scrap Ooze","floor":4,"gold_loss":0},{"damage_healed":0,"gold_gain":0,"player_choice":"Disagree","damage_taken":0,"max_hp_gain":0,"max_hp_loss":0,"event_name":"conspire:LoneGhost","floor":14,"gold_loss":0}],"is_beta":false,"boss_relics":[{"not_picked":["Slimebound:TarBlob","Philosopher\u0027s Stone"],"picked":"aspiration:SecretTechniqueScroll"},{"not_picked":["Runic Dome","Velvet Choker"],"picked":"infinitespire:Cupcake"}],"items_purged_floors":[],"is_endless":false,"potions_floor_spawned":[8,19,25,32,36,39,44,49],"ascension_level":0}}