{"host":"5zhjtp2pgwgfdund","time":1613879966,"event":{"mods":["2.2 Compatiblity","AchievementEnabler","Act Like it!","BaseMod","Colored Map","Colored Powertips","Downfall","Gensokyo","Infinite Spire","Minty Spire (QoL Compilation)","Replay The Spire","Shop Mod","StSLib","The Bug Knight","The Jungle"],"gold_per_floor":[294,304,304,314,329,429,456,456,356,382,396,296,296,47,62,160,160,160,177,277,277,13,31,105,105,105,105,124,139,139,139,158,261,261,261,276,296,296,104,123,123,123,123,142,157,157,157,207,225,225],"floor_reached":51,"language":"ENG","playtime":4620,"items_purged":[],"score":747,"play_id":"2ca3e62b-1e2a-4998-a29d-4c09a7c70128","local_time":"20210220225926","is_ascension_mode":false,"campfire_choices":[{"floor":9.0,"key":"RECALL"},{"floor":12.0,"key":"REST"},{"data":"sneckomod:DiceBoulder","floor":18.0,"key":"SMITH"},{"data":"sneckomod:DiceBoulder+1","floor":25.0,"key":"SMITH"},{"data":"sneckomod:DiceBoulder+2","floor":30.0,"key":"SMITH"},{"floor":47,"key":"REST"}],"circlet_count":0,"master_deck":["sneckomod:Strike","sneckomod:Strike","sneckomod:Strike","sneckomod:Defend","sneckomod:Defend","sneckomod:Defend","sneckomod:TailWhip","sneckomod:SnekBite","sneckomod:Unknown","sneckomod:Unknown","sneckomod:RainOfDice+1","sneckomod:QuickBite","sneckomod:UnknownDraw","sneckomod:SoulExchange","sneckomod:DiceBoulder+3","sneckomod:UnknownUncommonPower","sneckomod:SnekBeam","sneckomod:SnakeSap","sneckomod:UnknownUncommonSkill","sneckomod:DiceCrush","sneckomod:Unknown1Cost","sneckomod:UnlimitedRolls","Hallucinations","m_BronzeSurvivor","sneckomod:UnknownBoss","Impatience","infinitespire:Gouge","sneckomod:RainOfDice+1","sneckomod:UnknownCommonAttack","sneckomod:IronFang+1","sneckomod:QuickMove","Pride","sneckomod:UnknownUncommonPower+1","sneckomod:SlitherStrike+1","infinitespire:Punishment+1","infinitespire:SevenWalls","sneckomod:UnendingSupply","sneckomod:Restock","sneckomod:UnknownCommonAttack+1","sneckomod:UnendingSupply+1","sneckomod:RainOfDice+1","sneckomod:RainOfDice+1","sneckomod:IronFang","sneckomod:UnknownClassTHE_BRONZE_AUTOMATON","sneckomod:SnakeSap+1","sneckomod:Cheat","sneckomod:QuickBite","sneckomod:MorePower","sneckomod:UnknownCommonSkill"],"relics":["sneckomod:SneckoSoul","Blue Candle","infinitespire:WardingShard","downfall:HeartBlessingBlue","White Beast Statue","downfall:HeartBlessingRed","Bag of Marbles","ClockworkSouvenir","ReplayTheSpireMod:SealedPack","infinitespire:Joker Card","infinitespire:FocusingShard","Eternal Feather","Bottled Flame","Mango","HandDrill","SacredBark","Replay:Bottled Eggs","Strawberry","InkBottle","Juzu Bracelet","Replay:Arrowhead"],"acts_visited":["Exordium","TheCity","TheBeyond"],"potions_floor_usage":[33,33,37],"damage_taken":[{"damage":5.0,"enemies":"2 Louse","floor":2.0,"turns":2.0},{"damage":1.0,"enemies":"Cultist","floor":4.0,"turns":3.0},{"damage":6.0,"enemies":"Jaw Worm","floor":5.0,"turns":3.0},{"damage":56.0,"enemies":"Lagavulin","floor":10.0,"turns":8.0},{"damage":0.0,"enemies":"2 Fungi Beasts","floor":11.0,"turns":3.0},{"damage":4.0,"enemies":"downfall:FleeingMerchant","floor":14.0,"turns":4.0},{"damage":0.0,"enemies":"Large Slime","floor":15.0,"turns":2.0},{"damage":37.0,"enemies":"IC_STATUS_ARCHETYPE","floor":16.0,"turns":5.0},{"damage":0.0,"enemies":"Chosen","floor":19.0,"turns":3.0},{"damage":22.0,"enemies":"Colosseum Nobs","floor":20.0,"turns":5.0},{"damage":1.0,"enemies":"downfall:FleeingMerchant","floor":22.0,"turns":4.0},{"damage":19.0,"enemies":"Shell Parasite","floor":23.0,"turns":5.0},{"damage":14.0,"enemies":"Centurion and Healer","floor":28.0,"turns":3.0},{"damage":14.0,"enemies":"Snake Plant","floor":29.0,"turns":4.0},{"damage":15,"enemies":"Shelled Parasite and Fungi","floor":32,"turns":6},{"damage":43,"enemies":"DF_ARCHETYPE_CLAW","floor":33,"turns":8},{"damage":28,"enemies":"3 Darklings","floor":36,"turns":5},{"damage":9,"enemies":"3 Shapes","floor":37,"turns":4},{"damage":5,"enemies":"downfall:FleeingMerchant","floor":39,"turns":3},{"damage":13,"enemies":"3 Darklings","floor":40,"turns":5},{"damage":13,"enemies":"Jaw Worm Horde","floor":44,"turns":6},{"damage":36,"enemies":"Sphere and 2 Shapes","floor":45,"turns":6},{"damage":25,"enemies":"Sphere and 2 Shapes","floor":48,"turns":5},{"damage":27,"enemies":"Maw","floor":49,"turns":6},{"damage":18,"enemies":"SI_POISON_ARCHETYPE","floor":50,"turns":5}],"seed_played":"-9065076050086387325","potions_obtained":[{"floor":5.0,"key":"Elixir"},{"floor":11.0,"key":"ColorlessPotion"},{"floor":14.0,"key":"Energy Potion"},{"floor":15.0,"key":"Toxic Potion"},{"floor":16.0,"key":"infinitespire:BlackPotion"},{"floor":20.0,"key":"Languid Potion"},{"floor":22.0,"key":"Adrenaline Potion"},{"floor":23.0,"key":"PowerPotion"},{"floor":32,"key":"champ:CounterPotion"},{"floor":33,"key":"Weak Potion"},{"floor":35,"key":"SteroidPotion"},{"floor":35,"key":"SneckoOil"},{"floor":36,"key":"SpeedPotion"},{"floor":37,"key":"GamblersBrew"},{"floor":39,"key":"champ:CounterPotion"},{"floor":40,"key":"DuplicationPotion"},{"floor":45,"key":"SmokeBomb"},{"floor":48,"key":"LiquidBronze"}],"is_trial":false,"path_per_floor":["R_BF","M","?","M","M","?","T","?","R","E","M","R","?","$","M","B",null,"R","M","?","?","$","M","T","R","?","?","M","M","R","AVR","M","B",null,"R_BF","M","M","?","$","M","T","?","T","M","M","?","R","?","M","B",null],"character_chosen":"THE_SNECKO","items_purchased":["sneckomod:UnknownUncommonSkill","ClockworkSouvenir","sneckomod:DiceCrush","Eternal Feather","sneckomod:RainOfDice","sneckomod:IronFang","Replay:Bottled Eggs","sneckomod:UnknownClassTHE_BRONZE_AUTOMATON","Strawberry"],"campfire_rested":2,"item_purchase_floors":[14,14,14,22,39,39,39,39,39],"current_hp_per_floor":[90,85,80,79,73,73,73,73,83,27,27,57,50,46,46,9,100,100,100,78,58,64,52,52,70,70,84,70,56,74,74,59,16,119,119,91,82,82,84,71,71,71,71,58,22,22,86,61,44,26],"gold":225,"neow_bonus":"THREE_CARDS","is_daily":false,"chose_seed":false,"campfire_upgraded":3,"win_rate":0.0,"timestamp":1613879966,"path_taken":["R_BF","M","?","M","M","?","T","?","R","E","M","R","?","$","M","BOSS","R","M","?","?","$","M","T","R","?","?","M","M","R","AVR","M","BOSS","R_BF","M","M","?","$","M","T","?","?","M","M","?","R","?","M","BOSS"],"items_purchased_type":["Card","Relic","Card","Relic","Card","Card","Relic","Card","Relic"],"build_version":"2020-12-22","purchased_purges":0,"victory":true,"max_hp_per_floor":[90,90,90,90,90,90,90,90,100,100,100,100,100,100,100,100,100,100,100,100,105,105,105,105,105,105,119,119,119,119,119,119,119,119,119,119,119,119,126,126,126,126,126,126,126,126,126,126,126,126],"card_choices":[{"not_picked":["sneckomod:SoulRoll","sneckomod:UnknownVulnerable"],"picked":"sneckomod:RainOfDice","floor":0.0},{"not_picked":["sneckomod:UnknownDraw","sneckomod:Rotation"],"picked":"sneckomod:QuickBite","floor":1.0},{"not_picked":["sneckomod:RainOfDice","sneckomod:WideSting"],"picked":"sneckomod:UnknownDraw","floor":2.0},{"not_picked":["sneckomod:RainOfDice","sneckomod:UnknownStrike"],"picked":"sneckomod:SoulExchange","floor":4.0},{"not_picked":["sneckomod:SoulDraw","sneckomod:SerpentIdol"],"picked":"sneckomod:DiceBoulder","floor":5.0},{"not_picked":["sneckomod:UnknownVulnerable","sneckomod:UnknownStrike"],"picked":"sneckomod:UnknownUncommonPower","floor":10.0},{"not_picked":["sneckomod:PureSnecko","sneckomod:QuickBite"],"picked":"sneckomod:SnekBeam","floor":11.0},{"not_picked":["sneckomod:PureSnecko","sneckomod:SoulDraw"],"picked":"sneckomod:SnakeSap","floor":14.0},{"not_picked":["sneckomod:QuickMove","sneckomod:Nope"],"picked":"sneckomod:Unknown1Cost","floor":15.0},{"not_picked":["sneckomod:SoulExchange","sneckomod:Mudshield"],"picked":"sneckomod:UnlimitedRolls","floor":16.0},{"not_picked":["Slimebound:Tackle","Slimebound:CorrosiveSpit"],"picked":"m_BronzeSurvivor","floor":17.0},{"not_picked":["sneckomod:UnlimitedRolls","sneckomod:Restock"],"picked":"sneckomod:UnknownBoss","floor":17.0},{"not_picked":["Flash of Steel","Survey Options"],"picked":"Impatience","floor":17.0},{"not_picked":["infinitespire:SealOfDarkness+","ReplayTheSpireMod:??????????????????????"],"picked":"infinitespire:Gouge","floor":17.0},{"not_picked":["sneckomod:UnknownCommonSkill","sneckomod:Unknown0Cost"],"picked":"sneckomod:RainOfDice","floor":19.0},{"not_picked":["sneckomod:Mudshield","sneckomod:UnknownDraw"],"picked":"sneckomod:UnknownCommonAttack","floor":20.0},{"not_picked":["sneckomod:UnknownDraw","sneckomod:Unknown1Cost"],"picked":"sneckomod:IronFang+1","floor":22.0},{"not_picked":["sneckomod:UnknownDraw","sneckomod:Rotation+1"],"picked":"sneckomod:QuickMove","floor":23.0},{"not_picked":["sneckomod:UnknownDraw+1","sneckomod:UnknownUncommonAttack"],"picked":"sneckomod:UnknownUncommonPower+1","floor":28.0},{"not_picked":["sneckomod:SoulDraw","sneckomod:SerpentIdol"],"picked":"sneckomod:SlitherStrike+1","floor":29.0},{"not_picked":["sneckomod:UnknownClassUrban Legend+1","sneckomod:SoulCleanse"],"picked":"sneckomod:UnendingSupply","floor":32},{"not_picked":["sneckomod:UnknownRareSkill","sneckomod:SoulExchange"],"picked":"sneckomod:Restock","floor":33},{"not_picked":["sneckomod:Rotation+1","sneckomod:UnknownStrike"],"picked":"sneckomod:UnknownCommonAttack+1","floor":36},{"not_picked":["sneckomod:UnknownClassUrban Legend","sneckomod:CheapStock"],"picked":"sneckomod:UnendingSupply+1","floor":37},{"not_picked":["sneckomod:Nope","sneckomod:UnknownDraw+1"],"picked":"sneckomod:RainOfDice+1","floor":39},{"not_picked":["sneckomod:CheapStock+1","sneckomod:UnknownClassShop Special+1"],"picked":"sneckomod:SnakeSap+1","floor":40},{"not_picked":["sneckomod:UnknownUncommonSkill","sneckomod:DiceBlock"],"picked":"sneckomod:Cheat","floor":44},{"not_picked":["sneckomod:DefensiveFlair","sneckomod:UnknownCommonSkill"],"picked":"sneckomod:QuickBite","floor":45},{"not_picked":["sneckomod:UnknownUncommonAttack","sneckomod:UnknownUncommonPower"],"picked":"sneckomod:MorePower","floor":48},{"not_picked":["sneckomod:SoulRoll+1","sneckomod:Unknown1Cost"],"picked":"sneckomod:UnknownCommonSkill","floor":49}],"player_experience":170960,"relics_obtained":[{"floor":8.0,"key":"infinitespire:WardingShard"},{"floor":10.0,"key":"White Beast Statue"},{"floor":20.0,"key":"infinitespire:Joker Card"},{"floor":20.0,"key":"infinitespire:FocusingShard"},{"floor":24.0,"key":"Bottled Flame"},{"floor":41,"key":"InkBottle"},{"floor":43,"key":"Juzu Bracelet"},{"floor":48,"key":"Replay:Arrowhead"}],"event_choices":[{"damage_healed":0.0,"max_hp_gain":0.0,"max_hp_loss":0.0,"gold_gain":0.0,"event_name":"Scrap Ooze","player_choice":"Success","floor":13.0,"gold_loss":0.0,"damage_taken":7.0,"relics_obtained":["Bag of Marbles"]},{"damage_healed":0.0,"max_hp_gain":0.0,"max_hp_loss":0.0,"gold_gain":0.0,"event_name":"Ghosts","player_choice":"Ignored","floor":26.0,"gold_loss":0.0,"damage_taken":0.0},{"damage_healed":0.0,"max_hp_gain":0.0,"max_hp_loss":0.0,"gold_gain":0.0,"event_name":"Addict","player_choice":"Stole Relic","floor":27.0,"gold_loss":0.0,"damage_taken":0.0,"relics_obtained":["Mango"],"cards_obtained":["Pride"]},{"damage_healed":0,"gold_gain":0,"player_choice":"Forge","damage_taken":0,"max_hp_gain":0,"max_hp_loss":0,"event_name":"Accursed Blacksmith","floor":46,"gold_loss":0,"cards_upgraded":["infinitespire:Punishment"]}],"is_beta":false,"boss_relics":[{"not_picked":["Coffee Dripper","Replay:Bronze Core"],"picked":"ReplayTheSpireMod:SealedPack"},{"not_picked":["Painkiller Herb","Cursed Key"],"picked":"SacredBark"}],"items_purged_floors":[],"is_endless":false,"potions_floor_spawned":[5,11,14,15,16,19,20,22,23,28,29,32,33,36,37,39,40,44,45,48,49],"ascension_level":0}}