{"host":"s41rn2jhghpwfrvz","time":1613932637,"event":{"mods":["BaseMod","Minty Spire (QoL Compilation)","Quick Restart","Relic Stats","SuperFastMode"],"gold_per_floor":[110,110,121,141,141,171,190,218,291,325,400,412,473,504,504,578,578,589,514,514,514,514,514,548,570,582,594,594],"floor_reached":27,"language":"ENG","playtime":671,"items_purged":["Gash"],"score":768,"play_id":"89a0ae19-a050-47ef-97e3-a18042196075","local_time":"20210221203717","daily_mods":["SealedDeck","Diverse","Elite Swarm"],"is_ascension_mode":true,"campfire_choices":[{"data":"Dark Embrace","floor":15,"key":"SMITH"},{"data":"Feel No Pain","floor":23,"key":"SMITH"}],"circlet_count":0,"master_deck":["AscendersBane","Pommel Strike+1","Accuracy","Accuracy+1","Cloak And Dagger+1","Dark Embrace+1","Blur","Prostrate","Chill","Feel No Pain+1","Writhe"],"relics":["Burning Blood","Bag of Marbles","Du-Vu Doll","HornCleat","Blood Vial","Prayer Wheel","Shovel","Runic Dome","Nilry\u0027s Codex","Oddly Smooth Stone","MawBank"],"acts_visited":["Exordium","TheCity"],"potions_floor_usage":[13,13,25,27,27],"damage_taken":[{"damage":0,"enemies":"Small Slimes","floor":1,"turns":4},{"damage":0,"enemies":"Cultist","floor":3,"turns":3},{"damage":0,"enemies":"2 Louse","floor":4,"turns":3},{"damage":0,"enemies":"Lagavulin","floor":6,"turns":4},{"damage":2,"enemies":"Looter","floor":7,"turns":3},{"damage":22,"enemies":"Gremlin Nob","floor":8,"turns":4},{"damage":0,"enemies":"Lagavulin","floor":10,"turns":5},{"damage":0,"enemies":"Exordium Wildlife","floor":12,"turns":3},{"damage":0,"enemies":"Lagavulin Event","floor":13,"turns":4},{"damage":0,"enemies":"3 Sentries","floor":14,"turns":6},{"damage":0,"enemies":"The Guardian","floor":16,"turns":4},{"damage":0,"enemies":"2 Thieves","floor":18,"turns":3},{"damage":19,"enemies":"Gremlin Leader","floor":24,"turns":4},{"damage":0,"enemies":"3 Byrds","floor":25,"turns":4},{"damage":65,"enemies":"Slavers","floor":27,"turns":5}],"seed_played":"-2232248638240991255","potions_obtained":[{"floor":4,"key":"PowerPotion"},{"floor":7,"key":"SmokeBomb"},{"floor":8,"key":"Swift Potion"},{"floor":13,"key":"ColorlessPotion"},{"floor":14,"key":"LiquidBronze"},{"floor":16,"key":"Block Potion"},{"floor":25,"key":"SpeedPotion"}],"is_trial":true,"path_per_floor":["M","?","M","M","?","E","M","E","T","E","?","M","?","E","R","B",null,"M","$","?","?","?","R","E","M","T","E"],"character_chosen":"IRONCLAD","items_purchased":[],"campfire_rested":0,"item_purchase_floors":[],"current_hp_per_floor":[74,51,57,63,63,69,73,57,57,63,52,60,68,75,75,75,75,75,75,75,54,54,54,43,51,51,0,0],"gold":594,"neow_bonus":"","is_daily":false,"chose_seed":false,"campfire_upgraded":2,"win_rate":0.0,"timestamp":1613932637,"path_taken":["M","?","M","M","?","E","?","E","T","E","?","M","?","E","R","BOSS","M","$","?","?","?","R","E","?","T","E"],"items_purchased_type":[],"build_version":"2020-12-22","purchased_purges":1,"victory":false,"max_hp_per_floor":[75,75,75,75,75,75,75,75,75,75,75,75,75,75,75,75,75,75,75,75,75,75,75,75,75,75,75,75],"relic_stats":{"Blood Vial":12,"Shovel":0,"counters":[15,59],"Prayer Wheel":2,"MawBank":36,"obtain_stats":[{"Du-Vu Doll":8,"Blood Vial":10,"Runic Dome":17,"HornCleat":9,"Shovel":14,"Nilry\u0027s Codex":21,"Oddly Smooth Stone":22,"Prayer Wheel":13,"Bag of Marbles":6,"MawBank":24,"Burning Blood":0},{"Du-Vu Doll":6,"Blood Vial":7,"Runic Dome":11,"HornCleat":6,"Shovel":10,"Nilry\u0027s Codex":12,"Oddly Smooth Stone":12,"Prayer Wheel":9,"Bag of Marbles":4,"MawBank":13,"Burning Blood":0},{"Du-Vu Doll":21,"Blood Vial":26,"Runic Dome":43,"HornCleat":21,"Shovel":39,"Nilry\u0027s Codex":46,"Oddly Smooth Stone":46,"Prayer Wheel":33,"Bag of Marbles":14,"MawBank":50,"Burning Blood":0}],"Burning Blood":71},"card_choices":[{"not_picked":["Wild Strike","EmptyFist","Dropkick"],"picked":"SKIP","floor":1},{"not_picked":["FearNoEvil","Rip and Tear","Prepared"],"picked":"SKIP","floor":3},{"not_picked":["Reinforced Body","Flex"],"picked":"Feel No Pain","floor":4},{"not_picked":["Berserk","Rainbow","A Thousand Cuts"],"picked":"SKIP","floor":6},{"not_picked":["Darkness","Inflame","Clash"],"picked":"SKIP","floor":7},{"not_picked":["Die Die Die","Echo Form","Electrodynamics"],"picked":"SKIP","floor":8},{"not_picked":["Doppelganger","MasterReality","Hyperbeam"],"picked":"SKIP","floor":10},{"not_picked":["Deadly Poison","Sweeping Beam","Perfected Strike"],"picked":"SKIP","floor":12},{"not_picked":["Immolate","Fission","Brilliance"],"picked":"SKIP","floor":14},{"not_picked":["Anger","CrushJoints","Hello World"],"picked":"SKIP","floor":18},{"not_picked":["Cold Snap+1","Dual Wield","Pommel Strike"],"picked":"SKIP","floor":18},{"not_picked":["Reaper","Envenom","LessonLearned"],"picked":"SKIP","floor":24},{"not_picked":["Sanctity","Indignation","Beam Cell"],"picked":"SKIP","floor":25},{"not_picked":["Eviscerate","Dagger Spray","Acrobatics"],"picked":"SKIP","floor":25}],"player_experience":1988137,"relics_obtained":[{"floor":6,"key":"Bag of Marbles"},{"floor":8,"key":"Du-Vu Doll"},{"floor":9,"key":"HornCleat"},{"floor":10,"key":"Blood Vial"},{"floor":13,"key":"Prayer Wheel"},{"floor":14,"key":"Shovel"},{"floor":21,"key":"Nilry\u0027s Codex"},{"floor":24,"key":"MawBank"}],"event_choices":[{"damage_healed":0,"gold_gain":0,"player_choice":"Entered Light","damage_taken":23,"max_hp_gain":0,"max_hp_loss":0,"event_name":"Shining Light","floor":2,"gold_loss":0,"cards_upgraded":["Pommel Strike","Accuracy"]},{"damage_healed":0,"gold_gain":0,"player_choice":"Upgraded","damage_taken":0,"max_hp_gain":0,"max_hp_loss":0,"event_name":"Upgrade Shrine","floor":5,"gold_loss":0,"cards_upgraded":["Cloak And Dagger"]},{"damage_healed":0,"gold_gain":75,"player_choice":"Gather Gold","damage_taken":11,"max_hp_gain":0,"max_hp_loss":0,"event_name":"World of Goop","floor":11,"gold_loss":0},{"damage_healed":0,"gold_gain":0,"player_choice":"Searched \u00271\u0027 times","damage_taken":0,"max_hp_gain":0,"max_hp_loss":0,"event_name":"Dead Adventurer","floor":13,"gold_loss":0},{"cards_removed":["Intimidate"],"damage_healed":0,"gold_gain":0,"player_choice":"Elegance","damage_taken":0,"max_hp_gain":0,"max_hp_loss":0,"event_name":"Back to Basics","floor":20,"gold_loss":0},{"damage_healed":0,"gold_gain":0,"player_choice":"Obtained Book","damage_taken":21,"max_hp_gain":0,"max_hp_loss":0,"event_name":"Cursed Tome","floor":21,"gold_loss":0},{"damage_healed":0,"gold_gain":0,"player_choice":"Opened","damage_taken":0,"relics_obtained":["Oddly Smooth Stone"],"max_hp_gain":0,"max_hp_loss":0,"event_name":"The Mausoleum","floor":22,"gold_loss":0,"cards_obtained":["Writhe"]}],"is_beta":false,"boss_relics":[{"not_picked":["Runic Pyramid","SacredBark"],"picked":"Runic Dome"}],"items_purged_floors":[19],"is_endless":false,"potions_floor_spawned":[4,7,8,13,14,16,25],"killed_by":"Slavers","ascension_level":20}}