{"host":"hf83sijwe64ts2lm","time":1613870314,"event":{"mods":["2.2 Compatiblity","BaseMod","Better Altar","Better Match","Better Note","Better Sensory Stone","Better Skull","Better Third Choice","Colored Map","Colored Powertips","Highlight Path","Hubris","Infinite Spire","Minty Spire (QoL Compilation)","Quick Restart","Rare Cards Sparkle","Relic Stats","Reliquary","Replay The Spire","Shop Mod","Spicy Shops","Spire Arcade","StSLib","Thieving Mod"],"gold_per_floor":[116,132,148,3,13,40,40,70,97,128,203,203,203,203,203,300,300,319,319,619,664,664],"floor_reached":21,"language":"ENG","playtime":373,"items_purged":[],"score":241,"play_id":"978c8e44-92d9-4e00-a883-babe9092031f","local_time":"20210220201834","is_ascension_mode":true,"campfire_choices":[{"floor":7,"key":"RECALL"},{"floor":13,"key":"REST"},{"floor":15,"key":"REST"}],"circlet_count":0,"master_deck":["Strike_R","Strike_R","Strike_R","Strike_R","Strike_R","Defend_R","Defend_R","Defend_R","Defend_R","Bash","Sword Boomerang","Flex","Flame Barrier","Rage","Sword Boomerang","Immolate","Life Link","Flex","The Bomb","Reaper","Zap","Demon Form","Swift Strike","infinitespire:FutureSight","True Grit","infinitespire:DeathsTouch","infinitespire:FutureSight"],"relics":["Burning Blood","reliquary:Knoch","ReplayTheSpireMod:Lightbulb","reliquary:ExpiredCoupon","Omamori","Lantern","ReplayTheSpireMod:SealedPack","Ring of Fury","ReplayTheSpireMod:Ring of Challenge","hubris:Backtick","Regal Pillow","Old Coin"],"acts_visited":["Exordium","TheCity"],"potions_floor_usage":[5,6,10,10,16,21],"damage_taken":[{"damage":1,"enemies":"Cultist","floor":1,"turns":3},{"damage":2,"enemies":"Jaw Worm","floor":2,"turns":3},{"damage":0,"enemies":"Small Slimes","floor":5,"turns":4},{"damage":16,"enemies":"Gremlin Nob","floor":6,"turns":5},{"damage":30,"enemies":"3 Sentries","floor":8,"turns":7},{"damage":17,"enemies":"Gremlin Nob","floor":10,"turns":4},{"damage":47,"enemies":"Hexaghost","floor":16,"turns":6},{"damage":47,"enemies":"2 Thieves","floor":18,"turns":4},{"damage":27,"enemies":"Spheric Guardian","floor":21,"turns":1}],"seed_played":"270196183543607692","potions_obtained":[{"floor":3,"key":"EssenceOfSteel"},{"floor":3,"key":"SkillPotion"},{"floor":3,"key":"Venom Potion"},{"floor":6,"key":"Weak Potion"},{"floor":8,"key":"AttackPotion"},{"floor":10,"key":"Strength Potion"},{"floor":18,"key":"infinitespire:BlackPotion"}],"is_trial":false,"path_per_floor":["M","M","?","$","M","E","R","E","T","E","?","?","R","?","R","B",null,"M","?","AVR","M"],"character_chosen":"IRONCLAD","items_purchased":["reliquary:Knoch"],"campfire_rested":2,"item_purchase_floors":[4],"current_hp_per_floor":[80,80,80,80,80,70,70,46,46,35,24,24,48,48,72,31,68,27,27,27,0,0],"gold":664,"neow_bonus":"THREE_CARDS","is_daily":false,"chose_seed":false,"campfire_upgraded":0,"win_rate":0.0,"timestamp":1613870314,"path_taken":["M","M","?","$","M","E","R","E","T","E","?","?","R","?","R","BOSS","M","?","AVR","M"],"items_purchased_type":["Relic"],"build_version":"2020-12-22","purchased_purges":0,"victory":false,"max_hp_per_floor":[80,80,80,80,80,80,80,80,80,80,80,80,80,80,80,80,80,80,80,80,80,80],"relic_stats":{"Regal Pillow":0,"counters":[9,37],"obtain_stats":[{"reliquary:ExpiredCoupon":8,"Lantern":10,"Regal Pillow":20,"hubris:Backtick":20,"Ring of Fury":19,"ReplayTheSpireMod:SealedPack":17,"Omamori":9,"reliquary:Knoch":4,"ReplayTheSpireMod:Ring of Challenge":19,"ReplayTheSpireMod:Lightbulb":6,"Burning Blood":0,"Old Coin":20},{"reliquary:ExpiredCoupon":5,"Lantern":6,"Regal Pillow":8,"hubris:Backtick":8,"Ring of Fury":8,"ReplayTheSpireMod:SealedPack":7,"Omamori":5,"reliquary:Knoch":2,"ReplayTheSpireMod:Ring of Challenge":8,"ReplayTheSpireMod:Lightbulb":4,"Burning Blood":0,"Old Coin":8},{"reliquary:ExpiredCoupon":22,"Lantern":26,"Regal Pillow":36,"hubris:Backtick":36,"Ring of Fury":36,"ReplayTheSpireMod:SealedPack":32,"Omamori":22,"reliquary:Knoch":6,"ReplayTheSpireMod:Ring of Challenge":36,"ReplayTheSpireMod:Lightbulb":15,"Burning Blood":0,"Old Coin":36}],"Burning Blood":33},"card_choices":[{"not_picked":["Shrug It Off","Replay:Undeath\u0027s Touch"],"picked":"Sword Boomerang","floor":0},{"not_picked":["ReplayReversal","Run Through"],"picked":"Flex","floor":1},{"not_picked":["Dark Embrace","Sever Soul"],"picked":"Flame Barrier","floor":2},{"not_picked":["Sever Soul","Sentinel"],"picked":"Rage","floor":3},{"not_picked":["Warcry","Body Slam"],"picked":"Sword Boomerang","floor":5},{"not_picked":["Havoc","Flex"],"picked":"Immolate","floor":6},{"not_picked":["Twin Strike","True Grit"],"picked":"Life Link","floor":8},{"not_picked":["ReplayTheSpireMod:Strike From Hell","Massacre"],"picked":"Flex","floor":10},{"not_picked":["Transmutation","Survey Options"],"picked":"The Bomb","floor":14},{"not_picked":["Replay:Many Hands","Corruption"],"picked":"Reaper","floor":16},{"not_picked":["Dualcast","Survivor"],"picked":"Zap","floor":17},{"not_picked":["Hemogenesis","Barricade"],"picked":"Demon Form","floor":17},{"not_picked":["ReplayTheSpireMod:Trickstab","Good Instincts"],"picked":"Swift Strike","floor":17},{"not_picked":["ReplayTheSpireMod:Echoes of Time","infinitespire:Oblivion"],"picked":"infinitespire:FutureSight","floor":17},{"not_picked":["Uppercut","Perfected Strike+1"],"picked":"True Grit","floor":18}],"player_experience":189939,"relics_obtained":[{"floor":6,"key":"ReplayTheSpireMod:Lightbulb"},{"floor":8,"key":"reliquary:ExpiredCoupon"},{"floor":9,"key":"Omamori"},{"floor":10,"key":"Lantern"},{"floor":19,"key":"Ring of Fury"},{"floor":19,"key":"ReplayTheSpireMod:Ring of Challenge"}],"event_choices":[{"damage_healed":0,"gold_gain":75,"player_choice":"Gold","damage_taken":11,"max_hp_gain":0,"max_hp_loss":0,"event_name":"betterThird:BetterGoop","floor":11,"gold_loss":0},{"damage_healed":0,"gold_gain":1,"player_choice":"1","damage_taken":0,"max_hp_gain":0,"max_hp_loss":0,"event_name":"betterStone:BetterStone","floor":14,"gold_loss":0}],"is_beta":false,"boss_relics":[{"not_picked":["reliquary:RustamsPendant","Ring of Chaos"],"picked":"ReplayTheSpireMod:SealedPack"}],"items_purged_floors":[],"is_endless":false,"potions_floor_spawned":[6,8,10,18],"killed_by":"Spheric Guardian","ascension_level":5}}