{"host":"d2y4rmbezebiv8aj","time":1613869962,"event":{"mods":["AchievementEnabler","BaseMod","Bestiary","BetterRewards","Colored Map","Colored Powertips","Custom Start","Highlight Path","Minty Spire (QoL Compilation)","Quick Restart","Rare Cards Sparkle","Relic Sorter","Relic Stats","Shop Mod","Slay-I","StSLib","SuperFastMode"],"gold_per_floor":[118,118,39,114,138,176,176,207,207,238,413,427,107,120,120,211,211,229,253,253,24,24,24],"floor_reached":22,"language":"DEU","playtime":736,"items_purged":["Doubt"],"score":375,"play_id":"ddef72c7-3b14-4f40-ac88-80abacaf09fb","local_time":"20210221021242","is_ascension_mode":true,"campfire_choices":[{"data":"Static Discharge","floor":7.0,"key":"SMITH"},{"floor":15.0,"key":"REST"}],"circlet_count":0,"master_deck":["AscendersBane","Strike_B","Strike_B","Strike_B","Strike_B","Defend_B","Defend_B","Defend_B","Defend_B","Zap","Dualcast","Rebound","Injury","Hello World","Conserve Battery","Static Discharge+1","Doom and Gloom+1","Heatsinks+1","Ball Lightning+1","Bandage Up","Magnetism+1","Cold Snap+1","Creative AI+1","CurseOfTheBell","Turbo","Capacitor+1"],"relics":["Cracked Core","NeowsBlessing","Golden Idol","Molten Egg 2","TungstenRod","Frozen Egg 2","Symbiotic Virus","Calling Bell","Orichalcum","Question Card","Pocketwatch","Runic Capacitor"],"acts_visited":["Exordium","TheCity"],"potions_floor_usage":[22,22],"damage_taken":[{"damage":0.0,"enemies":"Jaw Worm","floor":1.0,"turns":1.0},{"damage":0.0,"enemies":"2 Louse","floor":5.0,"turns":1.0},{"damage":0.0,"enemies":"Lagavulin","floor":6.0,"turns":1.0},{"damage":30.0,"enemies":"Gremlin Nob","floor":8.0,"turns":5.0},{"damage":4.0,"enemies":"Lagavulin","floor":10.0,"turns":7.0},{"damage":3.0,"enemies":"Small Slimes","floor":12.0,"turns":3.0},{"damage":8.0,"enemies":"Gremlin Gang","floor":14.0,"turns":2.0},{"damage":15.0,"enemies":"Hexaghost","floor":16.0,"turns":10.0},{"damage":13.0,"enemies":"Shell Parasite","floor":18.0,"turns":8.0},{"damage":30.0,"enemies":"3 Byrds","floor":19.0,"turns":5.0},{"damage":34,"enemies":"3 Cultists","floor":22,"turns":4}],"seed_played":"-4680696426774896809","potions_obtained":[{"floor":1.0,"key":"Energy Potion"},{"floor":5.0,"key":"Ancient Potion"},{"floor":14.0,"key":"SpeedPotion"},{"floor":16.0,"key":"SpeedPotion"}],"is_trial":false,"path_per_floor":["M","?","$","?","M","E","R","E","T","E","?","M","$","M","R","B",null,"M","M","?","$","M"],"character_chosen":"DEFECT","items_purchased":["Hello World","Bandage Up","Magnetism+1","Runic Capacitor","Capacitor+1"],"campfire_rested":1,"item_purchase_floors":[3,13,13,21,21],"current_hp_per_floor":[68,68,68,57,57,57,57,27,27,23,23,20,20,12,34,23,62,53,27,27,27,0,0],"gold":24,"neow_bonus":"THREE_ENEMY_KILL","is_daily":false,"chose_seed":false,"campfire_upgraded":1,"win_rate":0.0,"timestamp":1613869962,"path_taken":["M","?","$","?","M","E","R","E","T","E","?","M","?","M","R","BOSS","M","M","?","$","?"],"items_purchased_type":["Card","Card","Card","Relic","Card"],"build_version":"2020-12-22","purchased_purges":1,"victory":false,"max_hp_per_floor":[75,75,75,75,75,75,75,75,75,75,75,75,75,75,75,75,75,75,75,75,75,75,75],"relic_stats":{"counters":[11,47],"Golden Idol":58,"Orichalcum":[30],"Question Card":2,"obtain_stats":[{"Calling Bell":17,"NeowsBlessing":0,"Golden Idol":2,"Molten Egg 2":6,"Runic Capacitor":21,"Frozen Egg 2":9,"Orichalcum":17,"Cracked Core":0,"Symbiotic Virus":10,"Question Card":17,"TungstenRod":8,"Pocketwatch":17},{"Calling Bell":8,"NeowsBlessing":0,"Golden Idol":1,"Molten Egg 2":3,"Runic Capacitor":10,"Frozen Egg 2":4,"Orichalcum":8,"Cracked Core":0,"Symbiotic Virus":5,"Question Card":8,"TungstenRod":4,"Pocketwatch":8},{"Calling Bell":30,"NeowsBlessing":0,"Golden Idol":1,"Molten Egg 2":3,"Runic Capacitor":43,"Frozen Egg 2":8,"Orichalcum":30,"Cracked Core":0,"Symbiotic Virus":15,"Question Card":30,"TungstenRod":8,"Pocketwatch":30}],"TungstenRod":42,"Pocketwatch":[23]},"card_choices":[{"not_picked":["Force Field","Steam"],"picked":"Rebound","floor":1.0},{"not_picked":["Skim","Coolheaded"],"picked":"Conserve Battery","floor":5.0},{"not_picked":["Gash+1","Ball Lightning+1"],"picked":"Static Discharge","floor":6.0},{"not_picked":["Genetic Algorithm","Storm"],"picked":"Doom and Gloom+1","floor":8.0},{"not_picked":["Biased Cognition+1","Aggregate"],"picked":"Heatsinks+1","floor":10.0},{"not_picked":["Coolheaded","Gash+1"],"picked":"Ball Lightning+1","floor":12.0},{"not_picked":["Steam Power","Steam"],"picked":"Cold Snap+1","floor":14.0},{"not_picked":["Thunder Strike+1","Fission"],"picked":"Creative AI+1","floor":16.0},{"not_picked":["Scrape+1","Aggregate","Streamline+1"],"picked":"Turbo","floor":18.0},{"not_picked":["Coolheaded","Sweeping Beam+1","Turbo","Doom and Gloom+1"],"picked":"SKIP","floor":19.0}],"player_experience":434601,"relics_obtained":[{"floor":6.0,"key":"Molten Egg 2"},{"floor":8.0,"key":"TungstenRod"},{"floor":9.0,"key":"Frozen Egg 2"},{"floor":10.0,"key":"Symbiotic Virus"},{"floor":17.0,"key":"Orichalcum"},{"floor":17.0,"key":"Question Card"},{"floor":17.0,"key":"Pocketwatch"}],"event_choices":[{"damage_healed":0.0,"max_hp_gain":0.0,"max_hp_loss":0.0,"gold_gain":0.0,"event_name":"Golden Idol","player_choice":"Take Wound","floor":2.0,"gold_loss":0.0,"damage_taken":0.0,"relics_obtained":["Golden Idol"],"cards_obtained":["Injury"]},{"damage_healed":0.0,"max_hp_gain":0.0,"max_hp_loss":0.0,"gold_gain":75.0,"event_name":"World of Goop","player_choice":"Gather Gold","floor":4.0,"gold_loss":0.0,"damage_taken":11.0},{"damage_healed":0.0,"max_hp_gain":0.0,"max_hp_loss":0.0,"gold_gain":175.0,"event_name":"Liars Game","player_choice":"AGREE","floor":11.0,"gold_loss":0.0,"damage_taken":0.0,"cards_obtained":["Doubt"]},{"damage_healed":0.0,"max_hp_gain":0.0,"max_hp_loss":0.0,"gold_gain":0.0,"event_name":"The Woman in Blue","player_choice":"Bought 0 Potions","floor":20.0,"gold_loss":0.0,"damage_taken":0.0}],"is_beta":false,"boss_relics":[{"not_picked":["Philosopher\u0027s Stone","Cursed Key"],"picked":"Calling Bell"}],"items_purged_floors":[13],"is_endless":false,"potions_floor_spawned":[1,5,14,16],"killed_by":"3 Cultists","ascension_level":13}}