{"host":"s41rn2jhghpwfrvz","time":1613880942,"event":{"mods":["BaseMod","Minty Spire (QoL Compilation)","Quick Restart","Relic Stats","SuperFastMode"],"gold_per_floor":[111,128,128,128,108,108,134,134,134,151,177,194,219,254,254,326,326,336,261,261,271,296,296,328,328,328,353,262,276,306,320,320,397,397,417,417,417,427,446,446,473,473,473,505,505,537,557,574,574,574,574,574,574,25,58,58],"floor_reached":57,"language":"ENG","playtime":1838,"items_purged":["Streamline","WheelKick","Steam"],"score":3742,"play_id":"97048760-ab21-4807-b8b2-ab2d9d8c2f08","local_time":"20210221061542","daily_mods":["SealedDeck","Diverse","DeadlyEvents"],"is_ascension_mode":true,"campfire_choices":[{"data":"Body Slam","floor":6,"key":"SMITH"},{"data":"Blade Dance","floor":8,"key":"SMITH"},{"data":"Burning Pact","floor":15,"key":"SMITH"},{"data":"Backflip","floor":23,"key":"SMITH"},{"floor":25,"key":"RECALL"},{"data":"Tactician","floor":32,"key":"SMITH"},{"data":"Madness","floor":40,"key":"SMITH"},{"data":"Scrawl","floor":42,"key":"SMITH"},{"data":"Madness","floor":45,"key":"SMITH"},{"data":"Acrobatics","floor":49,"key":"SMITH"},{"data":"Undo","floor":53,"key":"SMITH"}],"circlet_count":0,"master_deck":["AscendersBane","Blade Dance+1","Acrobatics+1","Hologram","Burning Pact+1","Body Slam+1","BootSequence","Core Surge+1","Tactician+1","Scrawl+1","Madness+1","Madness+1","Backflip+1","Undo+1"],"relics":["Burning Blood","Molten Egg 2","Prayer Wheel","InkBottle","Lizard Tail","Nunchaku","Blood Vial","Eternal Feather","Sozu","Darkstone Periapt","Smiling Mask","Self Forming Clay","TungstenRod","Coffee Dripper","Vajra","Charon\u0027s Ashes","Question Card","Ornamental Fan","ClockworkSouvenir","CaptainsWheel","Bag of Preparation"],"acts_visited":["Exordium","TheCity","TheBeyond","TheEnding"],"potions_floor_usage":[13],"damage_taken":[{"damage":0,"enemies":"Cultist","floor":1,"turns":3},{"damage":1,"enemies":"2 Louse","floor":2,"turns":3},{"damage":24,"enemies":"3 Sentries","floor":7,"turns":6},{"damage":0,"enemies":"Small Slimes","floor":10,"turns":3},{"damage":3,"enemies":"Gremlin Nob","floor":11,"turns":3},{"damage":0,"enemies":"3 Louse","floor":12,"turns":2},{"damage":0,"enemies":"Lagavulin","floor":13,"turns":3},{"damage":15,"enemies":"3 Sentries","floor":14,"turns":5},{"damage":29,"enemies":"Hexaghost","floor":16,"turns":5},{"damage":2,"enemies":"Shell Parasite","floor":18,"turns":2},{"damage":0,"enemies":"2 Thieves","floor":21,"turns":2},{"damage":2,"enemies":"Gremlin Leader","floor":22,"turns":5},{"damage":0,"enemies":"Book of Stabbing","floor":24,"turns":4},{"damage":0,"enemies":"Slavers","floor":27,"turns":3},{"damage":0,"enemies":"3 Cultists","floor":29,"turns":3},{"damage":0,"enemies":"Gremlin Leader","floor":30,"turns":3},{"damage":0,"enemies":"Snecko","floor":31,"turns":2},{"damage":0,"enemies":"Champ","floor":33,"turns":2},{"damage":0,"enemies":"3 Darklings","floor":35,"turns":1},{"damage":0,"enemies":"3 Shapes","floor":38,"turns":1},{"damage":0,"enemies":"3 Darklings","floor":39,"turns":1},{"damage":0,"enemies":"Giant Head","floor":41,"turns":1},{"damage":0,"enemies":"Reptomancer","floor":44,"turns":1},{"damage":0,"enemies":"Giant Head","floor":46,"turns":2},{"damage":0,"enemies":"Jaw Worm Horde","floor":47,"turns":2},{"damage":0,"enemies":"Sphere and 2 Shapes","floor":48,"turns":1},{"damage":0,"enemies":"Donu and Deca","floor":50,"turns":1},{"damage":0,"enemies":"Time Eater","floor":51,"turns":4},{"damage":0,"enemies":"Shield and Spear","floor":55,"turns":1},{"damage":0,"enemies":"The Heart","floor":56,"turns":4}],"seed_played":"334513177664287606","potions_obtained":[{"floor":2,"key":"SteroidPotion"},{"floor":5,"key":"EssenceOfSteel"},{"floor":13,"key":"GamblersBrew"},{"floor":14,"key":"LiquidMemories"}],"is_trial":true,"path_per_floor":["M","M","T","?","?","R","E","R","T","M","E","M","E","E","R","B",null,"M","$","?","M","E","R","E","R","T","E","$","M","E","M","R","B",null,"M","?","?","M","M","R","E","R","T","E","R","E","M","M","R","B","B",null,"R","$","E","B",null],"character_chosen":"IRONCLAD","items_purchased":["Tactician","ClockworkSouvenir","CaptainsWheel"],"campfire_rested":0,"item_purchase_floors":[28,54,54],"current_hp_per_floor":[74,75,75,70,70,70,52,52,52,58,61,67,73,66,72,51,69,75,75,75,75,75,75,75,75,75,75,75,75,75,75,75,75,75,75,75,62,70,75,75,75,75,75,75,75,75,75,75,75,75,75,75,75,75,75,75],"gold":58,"neow_bonus":"","is_daily":false,"chose_seed":false,"campfire_upgraded":10,"win_rate":0.0,"timestamp":1613880942,"path_taken":["M","M","?","?","?","R","E","R","T","M","E","M","E","?","R","BOSS","M","$","?","M","?","R","E","R","T","E","?","M","E","M","R","BOSS","M","?","?","?","?","R","E","R","T","?","R","E","M","M","R","BOSS","BOSS","R","$","E","BOSS"],"items_purchased_type":["Card","Relic","Relic"],"build_version":"2020-12-22","purchased_purges":3,"victory":true,"max_hp_per_floor":[75,75,75,75,75,75,75,75,75,75,75,75,75,75,75,75,75,75,75,75,75,75,75,75,75,75,75,75,75,75,75,75,75,75,75,75,75,75,75,75,75,75,75,75,75,75,75,75,75,75,75,75,75,75,75,75],"relic_stats":{"Darkstone Periapt":0,"counters":[30,79],"Self Forming Clay":[0],"Eternal Feather":6,"Charon\u0027s Ashes":[387],"Bag of Preparation":[2],"Smiling Mask":125,"Question Card":6,"Burning Blood":67,"Blood Vial":10,"Sozu":9,"Lizard Tail":0,"Nunchaku":[37],"Ornamental Fan":[84],"Prayer Wheel":11,"obtain_stats":[{"Darkstone Periapt":22,"Self Forming Clay":27,"Vajra":41,"Eternal Feather":14,"Charon\u0027s Ashes":43,"Bag of Preparation":55,"Smiling Mask":24,"Question Card":44,"Burning Blood":0,"ClockworkSouvenir":54,"Blood Vial":13,"Sozu":17,"Lizard Tail":9,"Nunchaku":11,"CaptainsWheel":54,"Ornamental Fan":46,"Molten Egg 2":3,"Prayer Wheel":4,"Coffee Dripper":34,"InkBottle":7,"TungstenRod":30},{"Darkstone Periapt":12,"Self Forming Clay":14,"Vajra":22,"Eternal Feather":8,"Charon\u0027s Ashes":22,"Bag of Preparation":29,"Smiling Mask":13,"Question Card":23,"Burning Blood":0,"ClockworkSouvenir":28,"Blood Vial":7,"Sozu":9,"Lizard Tail":3,"Nunchaku":5,"CaptainsWheel":28,"Ornamental Fan":24,"Molten Egg 2":2,"Prayer Wheel":2,"Coffee Dripper":18,"InkBottle":3,"TungstenRod":16},{"Darkstone Periapt":42,"Self Forming Clay":49,"Vajra":63,"Eternal Feather":28,"Charon\u0027s Ashes":63,"Bag of Preparation":75,"Smiling Mask":46,"Question Card":64,"Burning Blood":0,"ClockworkSouvenir":74,"Blood Vial":23,"Sozu":33,"Lizard Tail":12,"Nunchaku":18,"CaptainsWheel":74,"Ornamental Fan":66,"Molten Egg 2":6,"Prayer Wheel":6,"Coffee Dripper":59,"InkBottle":12,"TungstenRod":55}],"InkBottle":[71],"TungstenRod":1},"card_choices":[{"not_picked":["PathToVictory","Hologram","All Out Attack"],"picked":"SKIP","floor":1},{"not_picked":["Double Energy","WindmillStrike","Deflect"],"picked":"SKIP","floor":2},{"not_picked":["Wallop+1","Crippling Poison","SashWhip+1"],"picked":"SKIP","floor":7},{"not_picked":["EmptyFist+1","Havoc","FlurryOfBlows+1"],"picked":"SKIP","floor":10},{"not_picked":["Cloak And Dagger","Warcry","Lockon+1"],"picked":"SKIP","floor":10},{"not_picked":["Underhanded Strike+1","Compile Driver+1","Limit Break"],"picked":"SKIP","floor":11},{"not_picked":["BowlingBash+1","WindmillStrike+1","Twin Strike+1"],"picked":"SKIP","floor":12},{"not_picked":["Ball Lightning+1","PiercingWail","Deadly Poison"],"picked":"SKIP","floor":12},{"not_picked":["Predator+1","Carnage+1","SandsOfTime+1"],"picked":"SKIP","floor":13},{"not_picked":["Compile Driver+1","MentalFortress","Blade Dance"],"picked":"SKIP","floor":14},{"not_picked":["Malaise","Thunder Strike+1"],"picked":"Core Surge+1","floor":16},{"not_picked":["Thunderclap+1","Beam Cell+1"],"picked":"Backflip","floor":18},{"not_picked":["Armaments","BootSequence","Steam"],"picked":"SKIP","floor":18},{"not_picked":["Steam Power","Beam Cell+1","Protect"],"picked":"SKIP","floor":21},{"not_picked":["Finisher+1","Ball Lightning+1","Flame Barrier"],"picked":"SKIP","floor":21},{"not_picked":["Storm of Steel","ClearTheMind","Flex"],"picked":"SKIP","floor":22},{"not_picked":["Outmaneuver","DeceiveReality+1","ClearTheMind+1"],"picked":"SKIP","floor":24},{"not_picked":["Burning Pact","Pommel Strike+1","Dual Wield"],"picked":"SKIP","floor":27},{"not_picked":["Disarm","Outmaneuver","Wild Strike+1"],"picked":"SKIP","floor":29},{"not_picked":["Consecrate+1","LikeWater","Steam"],"picked":"SKIP","floor":29},{"not_picked":["ThirdEye","SashWhip+1","Quick Slash+1"],"picked":"SKIP","floor":30},{"not_picked":["Conserve Battery","Wallop+1","White Noise"],"picked":"SKIP","floor":31},{"not_picked":["WaveOfTheHand","Multi-Cast","Coolheaded"],"picked":"SKIP","floor":31},{"not_picked":["DeusExMachina","Exhume"],"picked":"Scrawl","floor":33},{"not_picked":["ThirdEye+1","Cloak And Dagger","Burning Pact"],"picked":"SKIP","floor":35},{"not_picked":["Armaments","Rebound+1","Venomology"],"picked":"SKIP","floor":35},{"not_picked":["Quick Slash+1","Heavy Blade+1"],"picked":"Backflip+1","floor":38},{"not_picked":["True Grit","Steam","Worship"],"picked":"SKIP","floor":38},{"not_picked":["Conclude+1","EmptyBody","Blizzard+1"],"picked":"SKIP","floor":39},{"not_picked":["PathToVictory","Clash+1","Double Energy"],"picked":"SKIP","floor":39},{"not_picked":["Calculated Gamble","Tools of the Trade","Compile Driver+1"],"picked":"SKIP","floor":41},{"not_picked":["Concentrate","Adaptation+1","ClearTheMind"],"picked":"SKIP","floor":44},{"not_picked":["WindmillStrike+1","Consume+1","Body Slam+1"],"picked":"Undo","floor":46},{"not_picked":["SandsOfTime+1","Cold Snap+1","Blizzard+1","FlurryOfBlows+1"],"picked":"SKIP","floor":47},{"not_picked":["Wireheading","Redo","Blade Dance","Chill"],"picked":"SKIP","floor":47},{"not_picked":["Dagger Spray+1","Halt","Feed+1","Evolve"],"picked":"SKIP","floor":48},{"not_picked":["Flex","Heavy Blade+1","Consecrate+1","Prostrate"],"picked":"SKIP","floor":48},{"not_picked":["Blood for Blood+1","Ragnarok+1","Auto Shields","Go for the Eyes+1"],"picked":"SKIP","floor":55}],"player_experience":1976340,"relics_obtained":[{"floor":3,"key":"Molten Egg 2"},{"floor":7,"key":"InkBottle"},{"floor":9,"key":"Lizard Tail"},{"floor":11,"key":"Nunchaku"},{"floor":13,"key":"Blood Vial"},{"floor":14,"key":"Eternal Feather"},{"floor":22,"key":"Darkstone Periapt"},{"floor":24,"key":"Smiling Mask"},{"floor":27,"key":"Self Forming Clay"},{"floor":30,"key":"TungstenRod"},{"floor":41,"key":"Vajra"},{"floor":43,"key":"Charon\u0027s Ashes"},{"floor":44,"key":"Question Card"},{"floor":46,"key":"Ornamental Fan"},{"floor":55,"key":"Bag of Preparation"}],"event_choices":[{"damage_healed":0,"gold_gain":0,"player_choice":"Success","damage_taken":5,"relics_obtained":["Prayer Wheel"],"max_hp_gain":0,"max_hp_loss":0,"event_name":"Scrap Ooze","floor":4,"gold_loss":0},{"damage_healed":0,"gold_gain":0,"player_choice":"Bought 1 Potion","damage_taken":0,"max_hp_gain":0,"max_hp_loss":0,"event_name":"The Woman in Blue","floor":5,"gold_loss":0},{"cards_removed":["Go for the Eyes"],"damage_healed":5,"gold_gain":0,"player_choice":"Offered Common","damage_taken":0,"max_hp_gain":0,"max_hp_loss":0,"event_name":"Bonfire Elementals","floor":20,"gold_loss":0},{"cards_removed":["Go for the Eyes"],"damage_healed":5,"gold_gain":0,"player_choice":"Offered Special","damage_taken":0,"max_hp_gain":0,"max_hp_loss":0,"event_name":"Bonfire Elementals","floor":20,"gold_loss":0},{"cards_removed":["Backflip"],"damage_healed":0,"gold_gain":0,"player_choice":"Removed Skill","damage_taken":0,"max_hp_gain":0,"max_hp_loss":0,"event_name":"Falling","floor":36,"gold_loss":0},{"damage_healed":0,"gold_gain":0,"player_choice":"Embrace Madness","damage_taken":14,"max_hp_gain":0,"max_hp_loss":0,"event_name":"Winding Halls","floor":37,"gold_loss":0,"cards_obtained":["Madness","Madness"]}],"is_beta":false,"boss_relics":[{"not_picked":["Ectoplasm","Tiny House"],"picked":"Sozu"},{"not_picked":["Velvet Choker","Runic Pyramid"],"picked":"Coffee Dripper"}],"items_purged_floors":[19,28,54],"is_endless":false,"potions_floor_spawned":[2,11,13,14,16,22,27,29,30,33,35,44,46,48],"ascension_level":20}}