{"host":"f8krwbl1oysf3v6f","time":1613877337,"event":{"mods":["AchievementEnabler","BaseMod","Colored Map","DeckTracker","Minty Spire (QoL Compilation)","Permanent Neow","READ ME - Snecko Mod","StSLib","SuperFastMode","Td1madao Mod"],"gold_per_floor":[113,133,147,160,160,186,200,200,200,219,219,64,75,106,106,210,210,222,222,75,75,75,75,88,88,114,114,114,114,114,114,114,213,213,226,241,11,31,93,93,105,105,132,232,263,0,50,118,118,118],"floor_reached":51,"language":"KOR","playtime":7731,"items_purged":["Infernal Blade+1"],"score":1090,"play_id":"fab17691-de3f-41f3-8e35-221cd2bd213b","local_time":"20210221121537","is_ascension_mode":true,"campfire_choices":[{"data":"Demon Form","floor":8,"key":"SMITH"},{"data":"Bash","floor":11,"key":"SMITH"},{"data":"Flex","floor":15,"key":"SMITH"},{"data":"Shrug It Off","floor":23,"key":"SMITH"},{"data":"Inflame","floor":25,"key":"SMITH"},{"data":"Evolve","floor":27,"key":"SMITH"},{"floor":32,"key":"REST"},{"data":"Limit Break","floor":40,"key":"SMITH"},{"data":"Whirlwind","floor":42,"key":"SMITH"},{"data":"Ghostly","floor":49,"key":"SMITH"}],"circlet_count":0,"master_deck":["Defend_R","Defend_R","Defend_R","Bash+1","Feed+1","Flex+1","Demon Form+1","Limit Break+1","Whirlwind+1","Inflame+1","Shrug It Off+1","Feel No Pain","Evolve+1","Ghostly+1","Ghostly","Ghostly","Ghostly","Ghostly","Limit Break+1","Dropkick+1","Pummel+1"],"relics":["Burning Blood","Strawberry","Pear","Mango","Lee\u0027s Waffle","Singing Bowl","FaceOfCleric","CultistMask","WingedGreaves","Ancient Tea Set","PreservedInsect","Lee\u0027s Waffle","Happy Flower","Runic Pyramid","Orrery","Omamori","SsserpentHead","Astrolabe","Chemical X","Centennial Puzzle","Charon\u0027s Ashes","Self Forming Clay","Red Mask"],"acts_visited":["Exordium","TheCity","TheBeyond"],"potions_floor_usage":[],"damage_taken":[{"damage":19,"enemies":"Small Slimes","floor":1,"turns":4},{"damage":0,"enemies":"Cultist","floor":2,"turns":2},{"damage":7,"enemies":"Jaw Worm","floor":3,"turns":2},{"damage":14,"enemies":"Blue Slaver","floor":4,"turns":4},{"damage":30,"enemies":"Lagavulin","floor":6,"turns":5},{"damage":41,"enemies":"Lots of Slimes","floor":7,"turns":6},{"damage":12,"enemies":"Large Slime","floor":10,"turns":6},{"damage":17,"enemies":"Looter","floor":13,"turns":4},{"damage":16,"enemies":"Gremlin Nob","floor":14,"turns":3},{"damage":56,"enemies":"Slime Boss","floor":16,"turns":8},{"damage":42,"enemies":"3 Byrds","floor":18,"turns":7},{"damage":14,"enemies":"Shell Parasite","floor":24,"turns":3},{"damage":1,"enemies":"Collector","floor":33,"turns":8},{"damage":15,"enemies":"3 Shapes","floor":35,"turns":3},{"damage":2,"enemies":"3 Darklings","floor":36,"turns":5},{"damage":2,"enemies":"Transient","floor":38,"turns":5},{"damage":0,"enemies":"Spire Growth","floor":39,"turns":5},{"damage":1,"enemies":"Maw","floor":41,"turns":5},{"damage":1,"enemies":"Mind Bloom Boss Battle","floor":44,"turns":7},{"damage":1,"enemies":"Giant Head","floor":45,"turns":6},{"damage":6,"enemies":"Sphere and 2 Shapes","floor":48,"turns":5},{"damage":40,"enemies":"Donu and Deca","floor":50,"turns":8}],"seed_played":"-2078853129168713567","potions_obtained":[{"floor":2,"key":"ElixirPotion"},{"floor":4,"key":"DistilledChaos"},{"floor":13,"key":"LiquidBronze"},{"floor":44,"key":"LiquidMemories"}],"is_trial":false,"path_per_floor":["M","M","M","M","?","E","M","R","T","M","R","$","M","E","R","B",null,"M","?","$","?","?","R","M","R","T","R","?","?","?","?","R","B",null,"M","M","$","M","M","R","M","R","T","?","E","?","?","M","R","B",null],"character_chosen":"IRONCLAD","items_purchased":["Lee\u0027s Waffle","Orrery","Chemical X"],"campfire_rested":1,"item_purchase_floors":[12,20,37],"current_hp_per_floor":[77,90,94,93,93,76,48,48,48,49,49,170,162,159,159,116,169,140,140,146,146,146,146,141,141,141,141,141,95,95,95,104,109,109,101,108,108,115,123,123,130,130,130,133,136,136,136,139,139,106],"gold":118,"neow_bonus":"ONE_RARE_RELIC","is_daily":false,"chose_seed":false,"campfire_upgraded":9,"win_rate":0.0,"timestamp":1613877337,"path_taken":["M","M","M","M","?","E","M","R","T","?","R","$","M","E","R","BOSS","M","?","$","?","?","R","?","R","T","R","?","?","?","?","R","BOSS","M","M","$","M","?","R","M","R","T","?","E","?","?","?","R","BOSS"],"items_purchased_type":["Relic","Relic","Relic"],"build_version":"2020-12-22","purchased_purges":1,"victory":true,"max_hp_per_floor":[123,130,135,142,142,149,156,156,156,163,163,170,173,180,180,187,187,194,194,200,200,200,200,203,203,203,203,203,208,104,104,104,109,109,110,113,113,116,123,123,130,130,130,133,136,136,136,139,139,140],"card_choices":[{"not_picked":["Pommel Strike","Searing Blow"],"picked":"Flex","floor":1},{"not_picked":["Warcry","Pommel Strike","Intimidate"],"picked":"Singing Bowl","floor":2},{"not_picked":["Wild Strike","Twin Strike"],"picked":"Demon Form","floor":3},{"not_picked":["Intimidate","Twin Strike","Headbutt"],"picked":"Singing Bowl","floor":4},{"not_picked":["Clothesline","Blood for Blood","Iron Wave"],"picked":"Singing Bowl","floor":6},{"not_picked":["Feel No Pain","Body Slam","Thunderclap"],"picked":"Singing Bowl","floor":7},{"not_picked":["Reckless Charge","Sever Soul","Sword Boomerang"],"picked":"Singing Bowl","floor":10},{"not_picked":["Clothesline","Wild Strike","Dropkick"],"picked":"Singing Bowl","floor":13},{"not_picked":["Flex","Metallicize","Havoc"],"picked":"Singing Bowl","floor":14},{"not_picked":["Bludgeon","Double Tap","Demon Form"],"picked":"Singing Bowl","floor":16},{"not_picked":["Combust","Feel No Pain","True Grit"],"picked":"Singing Bowl","floor":18},{"not_picked":["Dark Embrace","Iron Wave+1","Thunderclap"],"picked":"Singing Bowl","floor":20},{"not_picked":["Clothesline","Power Through","Iron Wave"],"picked":"Singing Bowl","floor":20},{"not_picked":["Thunderclap+1","Perfected Strike"],"picked":"Inflame","floor":20},{"not_picked":["Clash","Heavy Blade"],"picked":"Shrug It Off","floor":20},{"not_picked":["Shrug It Off","Double Tap","Wild Strike+1"],"picked":"Singing Bowl","floor":20},{"not_picked":["Headbutt","Sword Boomerang","Havoc+1"],"picked":"Singing Bowl","floor":24},{"not_picked":["Demon Form","Feed"],"picked":"Limit Break","floor":33},{"not_picked":["Heavy Blade+1","Havoc"],"picked":"Pummel+1","floor":35},{"not_picked":["Armaments","Cleave","Feel No Pain+1"],"picked":"Singing Bowl","floor":36},{"not_picked":["Uppercut","Hemokinesis+1","Thunderclap+1"],"picked":"Singing Bowl","floor":38},{"not_picked":["Clothesline+1","Warcry+1","Searing Blow"],"picked":"Singing Bowl","floor":39},{"not_picked":["Evolve","Dual Wield","Reckless Charge+1"],"picked":"Singing Bowl","floor":41},{"not_picked":["Flex+1","Thunderclap+1","Shrug It Off"],"picked":"Singing Bowl","floor":44},{"not_picked":["Infernal Blade+1","Clash+1","Wild Strike"],"picked":"Singing Bowl","floor":45},{"not_picked":["Corruption","Uppercut","Sentinel+1"],"picked":"Singing Bowl","floor":48}],"player_experience":232121,"relics_obtained":[{"floor":6,"key":"Ancient Tea Set"},{"floor":9,"key":"PreservedInsect"},{"floor":14,"key":"Happy Flower"},{"floor":26,"key":"Omamori"},{"floor":43,"key":"Centennial Puzzle"},{"floor":44,"key":"Charon\u0027s Ashes"},{"floor":45,"key":"Self Forming Clay"}],"event_choices":[{"cards_removed":["Strike_R"],"damage_healed":0,"gold_gain":0,"player_choice":"Offered Basic","damage_taken":0,"max_hp_gain":0,"max_hp_loss":0,"event_name":"Bonfire Elementals","floor":5,"gold_loss":0},{"damage_healed":0,"gold_gain":0,"player_choice":"Read","damage_taken":0,"max_hp_gain":0,"max_hp_loss":0,"event_name":"The Library","floor":19,"gold_loss":0,"cards_obtained":["Whirlwind"]},{"damage_healed":0,"gold_gain":0,"cards_transformed":["Strike_R","Strike_R"],"player_choice":"Became Test Subject","damage_taken":0,"max_hp_gain":0,"max_hp_loss":0,"event_name":"Drug Dealer","floor":21,"gold_loss":0,"cards_obtained":["Feel No Pain","Evolve"]},{"damage_healed":0,"gold_gain":0,"cards_transformed":["Strike_R"],"player_choice":"Transformed","damage_taken":0,"max_hp_gain":0,"max_hp_loss":0,"event_name":"Transmorgrifier","floor":22,"gold_loss":0,"cards_obtained":["Sword Boomerang"]},{"damage_healed":0,"gold_gain":0,"player_choice":"Ignored","damage_taken":0,"max_hp_gain":0,"max_hp_loss":0,"event_name":"The Mausoleum","floor":28,"gold_loss":0},{"damage_healed":0,"gold_gain":0,"player_choice":"Shed Blood","damage_taken":51,"max_hp_gain":5,"max_hp_loss":0,"event_name":"Forgotten Altar","floor":29,"gold_loss":0},{"damage_healed":0,"gold_gain":0,"player_choice":"Became a Ghost","damage_taken":0,"max_hp_gain":0,"max_hp_loss":104,"event_name":"Ghosts","floor":30,"gold_loss":0,"cards_obtained":["Ghostly","Ghostly","Ghostly","Ghostly","Ghostly"]},{"damage_healed":0,"gold_gain":0,"player_choice":"Trade","damage_taken":0,"relics_obtained":["SsserpentHead"],"max_hp_gain":0,"max_hp_loss":0,"event_name":"FaceTrader","floor":31,"gold_loss":0},{"damage_healed":0,"gold_gain":0,"player_choice":"Fight","damage_taken":0,"max_hp_gain":0,"max_hp_loss":0,"event_name":"MindBloom","floor":44,"gold_loss":0},{"damage_healed":0,"gold_gain":0,"player_choice":"Paid","damage_taken":0,"relics_obtained":["Red Mask"],"max_hp_gain":0,"max_hp_loss":0,"event_name":"Tomb of Lord Red Mask","floor":46,"gold_loss":313},{"cards_removed":["Immolate"],"damage_healed":0,"gold_gain":0,"player_choice":"Purged","damage_taken":0,"max_hp_gain":0,"max_hp_loss":0,"event_name":"Purifier","floor":47,"gold_loss":0}],"is_beta":false,"boss_relics":[{"not_picked":["Black Blood","Busted Crown"],"picked":"Runic Pyramid"},{"not_picked":["Black Star","Runic Cube"],"picked":"Astrolabe"}],"items_purged_floors":[37],"is_endless":false,"potions_floor_spawned":[2,4,13,18,36,41,44,45],"ascension_level":10}}