{"host":"bp6b47iftb3mluh0","time":1613907249,"event":{"mods":["100% Spire Juice","Act Like it!","Alarm Clock","Aspiration","Astrologer","BaseMod","Bestiary","Better Third Choice","Better Vampires","Challenge The Spire","Colored Powertips","Conspire","Curses Come First","Dota2Spire","Downfall","Friendly Minions","Gensokyo","Hallownest","Hermit","Kiyohime£®«Âºß£©","Lobotomy","LobotomyExtend","Marisa£®ÏF”Í°°ƒß¿Ì…≥£©","Marked Mod","Minty Spire (QoL Compilation)","Quick Restart","Rare Cards Sparkle","Red Circlet Mod","Relic Filter Mod","Relic Stats","Remilia£®¿Ÿ√◊¿Ú—«£©","Replay The Spire","Reworked Bosses","Ruina","Ryuuou¡˙Õı","Shop Mod","Spicy Shops","StSLib","The Bug Knight","The Invoker Mod","Uncapped","Waifu the Spire","Youmu£®ªÍ∆«—˝√Œ£©","°æ“≈ŒÔø®≈∆°øREMEMod","≤–¡Ù÷ÆŒÔ"],"gold_per_floor":[118,42,42,53,73,73,99,99,99,111,138,150,180,219,231,341,353,379,104,177,177,190,190,206,206,206,206,223,233,251,266,266,363,363,379,398,218,234,234,234,250,250,328,355,84,84,96,124,124,124],"floor_reached":51,"language":"ZHS","playtime":4230,"items_purged":["Strike_YM"],"score":669,"play_id":"5408d194-fa74-4aef-9243-af41433f4f78","local_time":"20210221193409","is_ascension_mode":false,"campfire_choices":[{"data":"HeartBreak","floor":6.0,"key":"SMITH"},{"floor":10.0,"key":"REST"},{"data":"SlashOfMeditation","floor":12.0,"key":"SMITH"},{"floor":15.0,"key":"REST"},{"data":"SlashOfAscensionToBuddhahood","floor":23.0,"key":"SMITH"},{"data":"SlashOfDelusionalInnerEye","floor":25.0,"key":"SMITH"},{"data":"Strike_YM","floor":32.0,"key":"PURGE"},{"data":"FlashingScatteredFlowers","floor":40,"key":"SMITH"},{"data":"HeavenSword","floor":42,"key":"SMITH"},{"floor":49,"key":"DIG"}],"circlet_count":0,"master_deck":["SlashOfPresentWorld","WheelOfPainOfLivingAndDead+1","HeartBreak+1","Wellcheers","SlashOfMeditation+1","SlashOfAscensionToBuddhahood+1","FlashingScatteredFlowers+1","UniverseFragment","SlashOfDelusionalInnerEye+1","CelestialStarSword","Quick Slash","Blade Dance","Freischutz","HeavenSword+1","LongBird","MatsuyoiReflectingSatelliteSlash+1","SpiderLilyBurial+1","RapidSlash+1","CrescentMoonSlash+1","CrescentMoonSlash+1","CrescentMoonSlash+1","LotusPostureSlash+1"],"relics":["HalfPhantom","REME_ComplimentaryCards","CogitoBucket","LetterFromLob","Oddly Smooth Stone","Mummified Hand","Heaven_r","Gambling Chip","aspiration:RitualDagger","MerchantsRug","Meat on the Bone","Mercury Hourglass","ChangeAnything","Molten Egg 2","AspirationHeart","Hallownest:StagBellRelic1","HornCleat","Replay:Wax Seal","War Paint","Dota2Spire:BattleFury","Centennial Puzzle","Shuriken"],"acts_visited":["Exordium","ruina:Briah","Hallownest:KingdomsEdge"],"potions_floor_usage":[47],"damage_taken":[{"damage":0.0,"enemies":"Cultist","floor":1.0,"turns":3.0},{"damage":11.0,"enemies":"Jaw Worm","floor":4.0,"turns":3.0},{"damage":0.0,"enemies":"Small Slimes","floor":5.0,"turns":2.0},{"damage":19.0,"enemies":"Lagavulin","floor":7.0,"turns":5.0},{"damage":54.0,"enemies":"Lagavulin","floor":8.0,"turns":5.0},{"damage":0.0,"enemies":"Exordium Thugs","floor":11.0,"turns":5.0},{"damage":24.0,"enemies":"Blue Slaver","floor":13.0,"turns":4.0},{"damage":0.0,"enemies":"3 Sentries","floor":14.0,"turns":3.0},{"damage":14.0,"enemies":"The Guardian","floor":16.0,"turns":11.0},{"damage":13.0,"enemies":"ruina:Nosferatu","floor":18.0,"turns":4.0},{"damage":32.0,"enemies":"ruina:BadWolf","floor":22.0,"turns":6.0},{"damage":50.0,"enemies":"ruina:KingOfGreed","floor":24.0,"turns":7.0},{"damage":17.0,"enemies":"ruina:KnightOfDespair","floor":28.0,"turns":4.0},{"damage":27.0,"enemies":"ruina:3_Scarecrows","floor":29.0,"turns":5.0},{"damage":21.0,"enemies":"ruina:Nos_and_Bat","floor":30.0,"turns":4.0},{"damage":32.0,"enemies":"ruina:QueenOfHate","floor":31.0,"turns":4.0},{"damage":18.0,"enemies":"ruina:Ozma","floor":33.0,"turns":5.0},{"damage":33.0,"enemies":"Hallownest:2_Littles","floor":35.0,"turns":11.0},{"damage":24,"enemies":"Hallownest:Shield_Heavy","floor":36,"turns":3},{"damage":9,"enemies":"Hallownest:2_Wandering_and_1_Horned","floor":38,"turns":3},{"damage":16,"enemies":"Hallownest:2_Great","floor":41,"turns":3},{"damage":15,"enemies":"Hallownest:eliteHiveKnight","floor":44,"turns":5},{"damage":27,"enemies":"Hallownest:monsterPrimalAspid","floor":47,"turns":2},{"damage":6,"enemies":"Hallownest:StalkingDevout","floor":48,"turns":2},{"damage":12,"enemies":"Hallownest:Radiance","floor":50,"turns":4}],"seed_played":"5598244808064499294","potions_obtained":[{"floor":7.0,"key":"SwordSoul"},{"floor":11.0,"key":"DuplicationPotion"},{"floor":16.0,"key":"FearPotion"},{"floor":22.0,"key":"Dota2Spire:HealingSalve"},{"floor":24.0,"key":"PowerPotion"},{"floor":28.0,"key":"Adrenaline Potion"},{"floor":35.0,"key":"Dota2Spire:Clarity"},{"floor":38,"key":"Dexterity Potion"},{"floor":47,"key":"REME_GoldPotion"},{"floor":48,"key":"ColorlessPotion"}],"is_trial":false,"path_per_floor":["M","$","?","M","M","R","E","?","T","R","M","R","M","E","R","B",null,"M","$","T","?","M","R","M","R","T","?","M","M","M","M","R","B",null,"M","M","?","M","?","R","M","R","T","E","$","?","M","E","R","B",null],"character_chosen":"YOUMU","items_purchased":["Oddly Smooth Stone","MerchantsRug","Meat on the Bone","EntropicBrew","Replay:Wax Seal","War Paint","Dota2Spire:BattleFury","LotusPostureSlash+1"],"campfire_rested":2,"item_purchase_floors":[2,19,19,19,45,45,45,45],"current_hp_per_floor":[75,75,75,64,64,64,48,2,2,24,24,24,3,3,25,26,75,63,63,63,63,49,49,17,17,17,17,24,75,68,52,52,75,75,85,77,77,85,85,85,42,42,42,42,42,42,27,39,39,42],"gold":124,"neow_bonus":"","is_daily":false,"chose_seed":false,"campfire_upgraded":6,"win_rate":0.0,"timestamp":1613907249,"path_taken":["M","$","?","M","M","R","E","?","T","R","M","R","M","E","R","BOSS","M","?","?","?","M","R","M","R","T","?","?","M","M","M","R","BOSS","M","?","?","M","?","R","M","R","T","E","?","?","?","E","R","BOSS"],"items_purchased_type":["Relic","Relic","Relic","Potion","Relic","Relic","Relic","Card"],"build_version":"2020-12-22","purchased_purges":1,"victory":true,"max_hp_per_floor":[75,75,75,75,75,75,75,75,75,75,75,75,75,75,75,75,75,75,75,75,75,75,75,75,75,75,75,75,75,75,75,75,75,75,85,85,85,85,85,85,42,42,42,42,42,42,42,42,42,42],"relic_stats":{"Centennial Puzzle":[3],"counters":[28,116],"Mummified Hand":[90],"Shuriken":[5],"Gambling Chip":[52],"War Paint":["WheelOfPainOfLivingAndDead","SpiderLilyBurial"],"obtain_stats":[{"Hallownest:StagBellRelic1":37,"HalfPhantom":0,"Frozen Eye":29,"CogitoBucket":0,"Centennial Puzzle":48,"HornCleat":43,"Mummified Hand":7,"Gambling Chip":14,"Replay:Wax Seal":45,"MerchantsRug":19,"Oddly Smooth Stone":2,"AspirationHeart":35,"Dota2Spire:BattleFury":45,"War Paint":45,"MawBank":9,"Mercury Hourglass":20,"Heaven_r":8,"conspire:GiftBox":44,"Shuriken":49,"Molten Egg 2":26,"Pandora\u0027s Box":34,"LetterFromLob":1,"aspiration:RitualDagger":17,"ChangeAnything":24,"REME_ComplimentaryCards":0,"Meat on the Bone":19},{"Hallownest:StagBellRelic1":22,"HalfPhantom":0,"Frozen Eye":15,"CogitoBucket":0,"Centennial Puzzle":27,"HornCleat":24,"Mummified Hand":4,"Gambling Chip":9,"Replay:Wax Seal":25,"MerchantsRug":11,"Oddly Smooth Stone":1,"AspirationHeart":21,"Dota2Spire:BattleFury":25,"War Paint":25,"MawBank":5,"Mercury Hourglass":11,"Heaven_r":5,"conspire:GiftBox":25,"Shuriken":27,"Molten Egg 2":14,"Pandora\u0027s Box":19,"LetterFromLob":1,"aspiration:RitualDagger":10,"ChangeAnything":14,"REME_ComplimentaryCards":0,"Meat on the Bone":11},{"Hallownest:StagBellRelic1":97,"HalfPhantom":0,"Frozen Eye":64,"CogitoBucket":0,"Centennial Puzzle":112,"HornCleat":103,"Mummified Hand":13,"Gambling Chip":31,"Replay:Wax Seal":108,"MerchantsRug":46,"Oddly Smooth Stone":3,"AspirationHeart":94,"Dota2Spire:BattleFury":108,"War Paint":108,"MawBank":18,"Mercury Hourglass":46,"Heaven_r":18,"conspire:GiftBox":108,"Shuriken":112,"Molten Egg 2":60,"Pandora\u0027s Box":82,"LetterFromLob":3,"aspiration:RitualDagger":42,"ChangeAnything":60,"REME_ComplimentaryCards":0,"Meat on the Bone":46}],"Meat on the Bone":36,"Mercury Hourglass":[333]},"card_choices":[{"not_picked":["Variant","DespairKnight"],"picked":"Wellcheers","floor":1.0},{"not_picked":["DoubleWheelOfPain","LowerRealmReflectionSlash","ThreeKonsSevenHakus"],"picked":"SKIP","floor":1.0},{"not_picked":["LowerRealmReflectionSlash","RapidSlash"],"picked":"SlashOfMeditation","floor":4.0},{"not_picked":["HumanKnowledgeSword","SpiderLilyBurial","PhosphoricSlash"],"picked":"SKIP","floor":5.0},{"not_picked":["LowerRealmReflectionSlash","CrescentMoonSlash","ThoughtCuttingSword"],"picked":"SKIP","floor":7.0},{"not_picked":["TwoHundredYojanaInOneSlash","LightFlashOfTheNetherworld"],"picked":"SlashOfAscensionToBuddhahood","floor":11.0},{"not_picked":["BloodOfAsura","LotusPostureSlash"],"picked":"FlashingScatteredFlowers","floor":13.0},{"not_picked":["GalaxyChild","HappyTeddy"],"picked":"UniverseFragment","floor":14.0},{"not_picked":["LowerRealmReflectionSlash","PretaSword"],"picked":"SlashOfDelusionalInnerEye","floor":14.0},{"not_picked":["DeadlyForm","StrangeHalfBody"],"picked":"CelestialStarSword","floor":16.0},{"not_picked":["LifeCuttingSword","SlashOfMeditation"],"picked":"AsTheSilentNirvana+1","floor":18.0},{"not_picked":["CrumblingArmor","RedShoes"],"picked":"Freischutz","floor":22.0},{"not_picked":["DispleasureOfTheSevenHakus","SpiritCuttingSword","SanzenSekai"],"picked":"SKIP","floor":22.0},{"not_picked":["SwordExtraction","TwoHundredYojanaInOneSlash"],"picked":"HeavenSword","floor":24.0},{"not_picked":["TwoHundredYojanaInOneSlash+1","SanzenSekai+1","LowerRealmReflectionSlash+1"],"picked":"SKIP","floor":28.0},{"not_picked":["CrescentMoonSlash+1","EchoesOfTheInclemencyOfAllBeings","TurningAngelCut"],"picked":"SKIP","floor":29.0},{"not_picked":["HumanRealmSword","SwordOfBindingDesires+1","PretaSword+1"],"picked":"SKIP","floor":30.0},{"not_picked":["MeltingLove","Alriune"],"picked":"LongBird","floor":31.0},{"not_picked":["TenKingsRetributionOnThePreta+1","PretaSword+1","TwoHundredYojanaInOneSlash+1"],"picked":"SKIP","floor":31.0},{"not_picked":["VoidnessSword","CelestialStarSword"],"picked":"MatsuyoiReflectingSatelliteSlash+1","floor":33.0},{"not_picked":["CherryBlossomSword","SpiritCuttingSword+1","ConstancyOfTheConventionalTruth"],"picked":"SKIP","floor":35.0},{"not_picked":["FlashingScatteredFlowers+1","LifeCuttingSword+1","SanzenSekai+1"],"picked":"SKIP","floor":36},{"not_picked":["LotusPostureSlash+1","HumanKnowledgeSword+1","SlashOfMeditation+1"],"picked":"SKIP","floor":38},{"not_picked":["ThreeKonsSevenHakus","TwoHundredYojanaInOneSlash+1","SpiritCuttingSword+1"],"picked":"SKIP","floor":41},{"not_picked":["HumanKnowledgeSword+1","SpiritCuttingSword+1","KarmicPunishmentOfTheIdleAndUnfocused"],"picked":"SKIP","floor":44},{"not_picked":["HumanKnowledgeSword+1","SpiritCuttingSword+1","KarmicPunishmentOfTheIdleAndUnfocused"],"picked":"SKIP","floor":44},{"not_picked":["ObsessionWithThePresentWorld","PhosphoricSlash+1","HumanKnowledgeSword+1"],"picked":"SKIP","floor":47},{"not_picked":["SlashOfMeditation+1","SwordOfBindingDesires","GhostSword+1"],"picked":"SKIP","floor":48}],"player_experience":217995,"relics_obtained":[{"floor":1.0,"key":"LetterFromLob"},{"floor":7.0,"key":"Mummified Hand"},{"floor":9.0,"key":"MawBank"},{"floor":14.0,"key":"Gambling Chip"},{"floor":20.0,"key":"Mercury Hourglass"},{"floor":26.0,"key":"Molten Egg 2"},{"floor":43,"key":"HornCleat"},{"floor":44,"key":"conspire:GiftBox"},{"floor":48,"key":"Centennial Puzzle"},{"floor":49,"key":"Shuriken"}],"event_choices":[{"damage_healed":0.0,"max_hp_gain":0.0,"max_hp_loss":0.0,"gold_gain":0.0,"event_name":"conspire:LoneGhost","player_choice":"Disagree","floor":3.0,"gold_loss":0.0,"damage_taken":0.0},{"damage_healed":0.0,"max_hp_gain":0.0,"max_hp_loss":0.0,"gold_gain":0.0,"event_name":"conspire:Investor","player_choice":"Leave","floor":27.0,"gold_loss":0.0,"damage_taken":0.0}],"is_beta":false,"boss_relics":[{"not_picked":["REME_ChargedStone","Velvet Choker"],"picked":"aspiration:RitualDagger"},{"not_picked":["MiniYoumu","aspiration:RunicSpoon"],"picked":"Pandora\u0027s Box"}],"items_purged_floors":[19],"is_endless":false,"potions_floor_spawned":[7,8,11,16,22,24,28,35,38,47,48],"ascension_level":0}}