{"host":"l3lzhw5qete3bz2v","time":1613883403,"event":{"mods":["BaseMod","Colored Map","Colored Powertips","Minty Spire (QoL Compilation)","StSLib","SuperFastMode"],"gold_per_floor":[118,135,153,153,8,35,35,67,91,91,122,122,139,151,151,248,248,258,277,376,391,416,416,432,432,432,457,457,507,535,548,548,646,646,657,30,44,266,266,266,295,295,369,369,382,400,417,446,446,446],"floor_reached":51,"language":"JPN","playtime":3341,"items_purged":["Strike_R"],"score":1319,"play_id":"f5d2db01-d2fa-4287-aec7-41a6bf4c15cd","local_time":"20210221135643","is_ascension_mode":true,"campfire_choices":[{"data":"Shrug It Off","floor":7.0,"key":"SMITH"},{"floor":10.0,"key":"REST"},{"data":"Bash","floor":12.0,"key":"SMITH"},{"data":"Armaments","floor":15.0,"key":"SMITH"},{"floor":23.0,"key":"REST"},{"floor":25.0,"key":"REST"},{"data":"Entrench","floor":28.0,"key":"SMITH"},{"data":"True Grit","floor":32.0,"key":"SMITH"},{"data":"Shockwave","floor":40.0,"key":"SMITH"},{"data":"Armaments","floor":42,"key":"SMITH"},{"data":"Burning Pact","floor":44,"key":"SMITH"},{"floor":49,"key":"REST"}],"circlet_count":0,"master_deck":["Strike_R","Strike_R","Strike_R","Strike_R","Defend_R","Defend_R","Defend_R","Defend_R","Bash+1","Iron Wave","Pommel Strike","Barricade+1","Shrug It Off+1","Armaments+1","Body Slam","Entrench+1","Flame Barrier","Offering","Headbutt","Pommel Strike+1","True Grit+1","Burning Pact+1","Impervious","Brutality","Armaments+1","Shrug It Off","Shockwave+1","Dual Wield+1","Battle Trance+1"],"relics":["Philosopher\u0027s Stone","OrangePellets","Vajra","Dream Catcher","Centennial Puzzle","Omamori","Calling Bell","Ancient Tea Set","Letter Opener","TungstenRod","Red Mask","Gremlin Horn","Thread and Needle","Meat on the Bone","Runic Pyramid","ClockworkSouvenir","Red Skull","Potion Belt","Oddly Smooth Stone","Frozen Egg 2","Happy Flower"],"acts_visited":["Exordium","TheCity","TheBeyond"],"potions_floor_usage":[41,46,48,50,50],"damage_taken":[{"damage":8.0,"enemies":"Jaw Worm","floor":1.0,"turns":3.0},{"damage":3.0,"enemies":"Small Slimes","floor":2.0,"turns":4.0},{"damage":0.0,"enemies":"Cultist","floor":3.0,"turns":2.0},{"damage":12.0,"enemies":"Lagavulin","floor":6.0,"turns":7.0},{"damage":15.0,"enemies":"Gremlin Nob","floor":8.0,"turns":4.0},{"damage":0.0,"enemies":"Lagavulin","floor":11.0,"turns":5.0},{"damage":13.0,"enemies":"3 Louse","floor":13.0,"turns":3.0},{"damage":10.0,"enemies":"Exordium Thugs","floor":14.0,"turns":4.0},{"damage":0.0,"enemies":"The Guardian","floor":16.0,"turns":7.0},{"damage":5.0,"enemies":"Shell Parasite","floor":18.0,"turns":3.0},{"damage":5.0,"enemies":"3 Byrds","floor":19.0,"turns":4.0},{"damage":5.0,"enemies":"Centurion and Healer","floor":21.0,"turns":4.0},{"damage":21.0,"enemies":"Masked Bandits","floor":22.0,"turns":4.0},{"damage":14.0,"enemies":"3 Cultists","floor":24.0,"turns":5.0},{"damage":6.0,"enemies":"Slavers","floor":27.0,"turns":4.0},{"damage":0.0,"enemies":"Book of Stabbing","floor":30.0,"turns":4.0},{"damage":5.0,"enemies":"Shelled Parasite and Fungi","floor":31.0,"turns":4.0},{"damage":6.0,"enemies":"Collector","floor":33.0,"turns":6.0},{"damage":4.0,"enemies":"3 Shapes","floor":35.0,"turns":3.0},{"damage":0.0,"enemies":"Orb Walker","floor":37.0,"turns":6.0},{"damage":5,"enemies":"Reptomancer","floor":41,"turns":5},{"damage":0,"enemies":"Sphere and 2 Shapes","floor":45,"turns":8},{"damage":10,"enemies":"Jaw Worm Horde","floor":46,"turns":7},{"damage":5,"enemies":"3 Darklings","floor":47,"turns":7},{"damage":5,"enemies":"Nemesis","floor":48,"turns":5},{"damage":5,"enemies":"Awakened One","floor":50,"turns":12}],"seed_played":"9040322860935514780","potions_obtained":[{"floor":1.0,"key":"Fire Potion"},{"floor":3.0,"key":"SpeedPotion"},{"floor":6.0,"key":"SneckoOil"},{"floor":13.0,"key":"GamblersBrew"},{"floor":19.0,"key":"FearPotion"},{"floor":24.0,"key":"SkillPotion"},{"floor":30.0,"key":"Strength Potion"},{"floor":31.0,"key":"ColorlessPotion"},{"floor":41,"key":"EntropicBrew"},{"floor":45,"key":"LiquidBronze"},{"floor":47,"key":"Weak Potion"},{"floor":48,"key":"FearPotion"}],"is_trial":false,"path_per_floor":["M","M","M","?","$","E","R","E","T","R","E","R","M","M","R","B",null,"M","M","?","M","?","R","M","R","T","E","R","?","E","M","R","B",null,"M","$","M","?","T","R","E","R","T","R","M","M","M","E","R","B",null],"character_chosen":"IRONCLAD","items_purchased":["OrangePellets","PowerPotion","ClockworkSouvenir","Shrug It Off","Shockwave","GamblersBrew","Red Skull"],"campfire_rested":4,"item_purchase_floors":[5,36,36,36,36,36,36],"current_hp_per_floor":[64,61,61,61,61,49,49,34,34,58,58,58,45,35,35,35,69,64,59,59,54,33,57,43,67,67,61,61,61,61,56,56,50,73,69,69,69,69,69,69,64,64,64,64,64,54,49,44,68,63],"gold":446,"neow_bonus":"BOSS_RELIC","is_daily":false,"chose_seed":false,"campfire_upgraded":8,"win_rate":0.0,"timestamp":1613883403,"path_taken":["M","M","M","?","$","E","R","E","T","R","E","R","M","M","R","BOSS","M","M","?","M","?","R","M","R","T","E","R","?","E","?","R","BOSS","M","$","M","?","?","R","E","R","T","R","M","M","M","E","R","BOSS"],"items_purchased_type":["Relic","Potion","Relic","Card","Card","Potion","Relic"],"build_version":"2020-12-22","purchased_purges":1,"victory":true,"max_hp_per_floor":[80,80,80,80,80,80,80,80,80,80,80,80,80,80,80,80,80,80,80,80,80,80,80,80,80,80,80,80,80,80,80,80,80,80,80,80,80,80,80,80,80,80,80,80,80,80,80,80,80,80],"card_choices":[{"not_picked":["Sever Soul","Thunderclap"],"picked":"Iron Wave","floor":1.0},{"not_picked":["Cleave","Reckless Charge"],"picked":"Pommel Strike","floor":2.0},{"not_picked":["True Grit","Shockwave"],"picked":"Barricade","floor":3.0},{"not_picked":["Armaments","Rampage"],"picked":"Shrug It Off","floor":6.0},{"not_picked":["Heavy Blade","Combust"],"picked":"Armaments","floor":8.0},{"not_picked":["Pommel Strike","Sever Soul"],"picked":"Body Slam","floor":10.0},{"not_picked":["Anger","Clash","Perfected Strike"],"picked":"SKIP","floor":11.0},{"not_picked":["Anger","Clash","Perfected Strike"],"picked":"SKIP","floor":11.0},{"not_picked":["Reckless Charge","Juggernaut"],"picked":"Entrench","floor":13.0},{"not_picked":["Pommel Strike","Hemokinesis"],"picked":"Flame Barrier","floor":14.0},{"not_picked":["Double Tap","Feed"],"picked":"Offering","floor":16.0},{"not_picked":["Intimidate","Iron Wave"],"picked":"Headbutt","floor":18.0},{"not_picked":["Fire Breathing","Rampage","Pummel"],"picked":"SKIP","floor":19.0},{"not_picked":["Perfected Strike","Pommel Strike+1","Flex"],"picked":"SKIP","floor":21.0},{"not_picked":["Perfected Strike","Flex"],"picked":"Pommel Strike+1","floor":21.0},{"not_picked":["Sentinel","Dark Embrace+1"],"picked":"True Grit","floor":24.0},{"not_picked":["Flex+1","Infernal Blade"],"picked":"Burning Pact","floor":25.0},{"not_picked":["Armaments","Rupture"],"picked":"Impervious","floor":27.0},{"not_picked":["Flex+1","Cleave","Bloodletting"],"picked":"SKIP","floor":30.0},{"not_picked":["Sword Boomerang","Heavy Blade","Iron Wave"],"picked":"SKIP","floor":31.0},{"not_picked":["Bludgeon","Fiend Fire"],"picked":"Brutality","floor":33.0},{"not_picked":["Blood for Blood","Pommel Strike+1"],"picked":"Armaments","floor":35.0},{"not_picked":["Clothesline+1","Clash+1","Intimidate"],"picked":"SKIP","floor":37.0},{"not_picked":["Dropkick","Clothesline+1","Demon Form"],"picked":"SKIP","floor":41},{"not_picked":["Fire Breathing+1","Rampage+1","Armaments"],"picked":"SKIP","floor":45},{"not_picked":["Rupture+1","Burning Pact","Twin Strike"],"picked":"SKIP","floor":46},{"not_picked":["Flex+1","Power Through"],"picked":"Dual Wield+1","floor":47},{"not_picked":["Dropkick+1","Heavy Blade"],"picked":"Battle Trance+1","floor":48}],"player_experience":136154,"relics_obtained":[{"floor":6.0,"key":"Vajra"},{"floor":8.0,"key":"Dream Catcher"},{"floor":9.0,"key":"Centennial Puzzle"},{"floor":11.0,"key":"Omamori"},{"floor":17.0,"key":"Ancient Tea Set"},{"floor":17.0,"key":"Letter Opener"},{"floor":17.0,"key":"TungstenRod"},{"floor":22.0,"key":"Red Mask"},{"floor":26.0,"key":"Gremlin Horn"},{"floor":27.0,"key":"Thread and Needle"},{"floor":30.0,"key":"Meat on the Bone"},{"floor":39.0,"key":"Potion Belt"},{"floor":41,"key":"Oddly Smooth Stone"},{"floor":43,"key":"Frozen Egg 2"},{"floor":48,"key":"Happy Flower"}],"event_choices":[{"damage_healed":0.0,"max_hp_gain":0.0,"max_hp_loss":0.0,"gold_gain":0.0,"event_name":"Living Wall","player_choice":"Grow","floor":4.0,"gold_loss":0.0,"damage_taken":0.0,"cards_upgraded":["Barricade"]},{"damage_healed":0.0,"max_hp_gain":0.0,"max_hp_loss":0.0,"gold_gain":99.0,"event_name":"Nest","player_choice":"Stole From Cult","floor":20.0,"gold_loss":0.0,"damage_taken":0.0},{"damage_healed":0.0,"max_hp_gain":0.0,"max_hp_loss":0.0,"gold_gain":0.0,"event_name":"Masked Bandits","player_choice":"Fought Bandits","floor":22.0,"gold_loss":0.0,"damage_taken":0.0},{"damage_healed":0.0,"max_hp_gain":0.0,"max_hp_loss":0.0,"gold_gain":100.0,"event_name":"The Joust","player_choice":"Bet on Murderer","floor":29.0,"gold_loss":50.0,"damage_taken":0.0},{"damage_healed":0.0,"max_hp_gain":0.0,"max_hp_loss":0.0,"gold_gain":222.0,"event_name":"Tomb of Lord Red Mask","player_choice":"Wore Mask","floor":38.0,"gold_loss":0.0,"damage_taken":0.0}],"is_beta":false,"boss_relics":[{"not_picked":["Fusion Hammer","Busted Crown"],"picked":"Calling Bell"},{"not_picked":["Runic Dome","Coffee Dripper"],"picked":"Runic Pyramid"}],"items_purged_floors":[36],"is_endless":false,"potions_floor_spawned":[1,3,6,13,19,24,30,31,41,45,47,48],"ascension_level":7}}