{"host":"xjj3c712op3vq4z0","time":1613940850,"event":{"mods":["BaseMod","Challenge The Spire","Curses Come First","Highlight Path","Minty Spire (QoL Compilation)","Permanent Neow","Quick Restart","Relic Stats","StSLib"],"gold_per_floor":[115,115,131,144,159,189,189,201,201,233,233,275,275,305,305,435,435,484,484,257,299,224,252,302,328,409,409,409,456,513,555,555,660,660,705,533,552,652,670,729,440,504,504,515,535,569,569,628,628,628,628,628,120,155,155],"floor_reached":56,"language":"ENG","playtime":3309,"items_purged":["Strike_P","Strike_P","Defend_P","Strike_P+1"],"score":2006,"play_id":"3d440f18-afff-436a-8902-d17f59f756b1","local_time":"20210221215410","is_ascension_mode":true,"campfire_choices":[{"data":"PathToVictory","floor":7.0,"key":"SMITH"},{"data":"Wish","floor":13.0,"key":"SMITH"},{"data":"Vigilance","floor":15.0,"key":"SMITH"},{"floor":32.0,"key":"RECALL"},{"data":"PathToVictory","floor":47,"key":"SMITH"},{"data":"Swivel","floor":49,"key":"SMITH"},{"floor":52,"key":"REST"}],"circlet_count":0,"master_deck":["Defend_P+1","Defend_P+1","Defend_P+1","Eruption+1","Vigilance+1","SandsOfTime+1","ThirdEye+1","Worship+1","PathToVictory+1","Wish+1","SashWhip+1","FollowUp+1","Wallop+1","LessonLearned+1","Evaluate+1","Scrawl+1","WaveOfTheHand+1","Necronomicurse","PathToVictory+1","SpiritShield+1","Protect+1","Wallop+1","PathToVictory+1","Swivel+1","SandsOfTime+1","WheelKick+1"],"relics":["Snecko Eye","Sundial","Molten Egg 2","Ancient Tea Set","Gambling Chip","SlaversCollar","MutagenicStrength","ClockworkSouvenir","Bronze Scales","Centennial Puzzle","Shuriken","Necronomicon","Frozen Egg 2","Busted Crown","Juzu Bracelet","Membership Card","Happy Flower","Strawberry","Ornamental Fan","Eternal Feather","Kunai","White Beast Statue","Medical Kit","Boot"],"acts_visited":["Exordium","TheCity","TheBeyond","TheEnding"],"potions_floor_usage":[46,50,53,55],"damage_taken":[{"damage":0.0,"enemies":"2 Louse","floor":1.0,"turns":3.0},{"damage":0.0,"enemies":"Jaw Worm","floor":3.0,"turns":2.0},{"damage":0.0,"enemies":"Small Slimes","floor":4.0,"turns":2.0},{"damage":5.0,"enemies":"Exordium Wildlife","floor":5.0,"turns":3.0},{"damage":0.0,"enemies":"Lagavulin","floor":6.0,"turns":4.0},{"damage":0.0,"enemies":"3 Louse","floor":8.0,"turns":1.0},{"damage":13.0,"enemies":"3 Sentries","floor":10.0,"turns":5.0},{"damage":0.0,"enemies":"Exordium Thugs","floor":12.0,"turns":4.0},{"damage":0.0,"enemies":"Gremlin Nob","floor":14.0,"turns":1.0},{"damage":0.0,"enemies":"Hexaghost","floor":16.0,"turns":6.0},{"damage":0.0,"enemies":"Chosen","floor":18.0,"turns":2.0},{"damage":0.0,"enemies":"Spheric Guardian","floor":21.0,"turns":1.0},{"damage":0.0,"enemies":"Gremlin Leader","floor":23.0,"turns":6.0},{"damage":0.0,"enemies":"Snecko","floor":24.0,"turns":3.0},{"damage":0.0,"enemies":"Slavers","floor":25.0,"turns":4.0},{"damage":0.0,"enemies":"Sentry and Sphere","floor":29.0,"turns":2.0},{"damage":0.0,"enemies":"Gremlin Leader","floor":30.0,"turns":4.0},{"damage":0.0,"enemies":"Shelled Parasite and Fungi","floor":31.0,"turns":2.0},{"damage":0.0,"enemies":"Collector","floor":33.0,"turns":3.0},{"damage":0.0,"enemies":"3 Shapes","floor":35.0,"turns":8.0},{"damage":0.0,"enemies":"Orb Walker","floor":37.0,"turns":3.0},{"damage":0.0,"enemies":"Jaw Worm Horde","floor":39.0,"turns":4.0},{"damage":0.0,"enemies":"Nemesis","floor":40.0,"turns":5.0},{"damage":0.0,"enemies":"Reptomancer","floor":42.0,"turns":3.0},{"damage":0,"enemies":"3 Darklings","floor":44,"turns":2},{"damage":0,"enemies":"Writhing Mass","floor":45,"turns":2},{"damage":7,"enemies":"Nemesis","floor":46,"turns":5},{"damage":3,"enemies":"Giant Head","floor":48,"turns":5},{"damage":0,"enemies":"Donu and Deca","floor":50,"turns":7},{"damage":14,"enemies":"Shield and Spear","floor":54,"turns":6},{"damage":44,"enemies":"The Heart","floor":55,"turns":8}],"seed_played":"7029589161081108327","potions_obtained":[{"floor":3.0,"key":"SteroidPotion"},{"floor":5.0,"key":"SneckoOil"},{"floor":8.0,"key":"PowerPotion"},{"floor":12.0,"key":"SneckoOil"},{"floor":14.0,"key":"Ancient Potion"},{"floor":21.0,"key":"LiquidMemories"},{"floor":24.0,"key":"ColorlessPotion"},{"floor":31.0,"key":"BottledMiracle"},{"floor":33.0,"key":"Block Potion"},{"floor":46,"key":"BlessingOfTheForge"},{"floor":54,"key":"Regen Potion"}],"is_trial":false,"path_per_floor":["M","?","M","M","M","E","R","M","T","E","?","M","R","E","R","B",null,"M","?","$","M","?","E","M","E","T","?","?","M","E","M","R","B",null,"M","$","M","?","M","E","$","E","T","M","M","E","R","E","R","B",null,"R","$","E","B",null],"character_chosen":"WATCHER","items_purchased":["ClockworkSouvenir","Wallop+1","Membership Card","Happy Flower","Kunai","White Beast Statue","Medical Kit","WheelKick+1","Fruit Juice","Explosive Potion"],"campfire_rested":1,"item_purchase_floors":[20,36,41,41,53,53,53,53,53,53],"current_hp_per_floor":[72,58,58,58,53,53,53,53,53,40,40,40,40,40,40,40,72,72,72,72,72,72,72,72,72,72,56,56,56,56,56,56,56,72,72,72,72,72,72,72,72,79,79,79,79,72,72,69,79,79,79,79,84,70,41],"gold":155,"neow_bonus":"BOSS_RELIC","is_daily":false,"chose_seed":false,"campfire_upgraded":5,"win_rate":0.0,"timestamp":1613940850,"path_taken":["M","?","M","M","M","E","R","M","T","E","?","M","R","E","R","BOSS","M","?","$","M","?","E","M","E","T","?","?","?","E","M","R","BOSS","M","$","M","?","?","E","$","E","T","M","M","E","R","E","R","BOSS","R","$","E","BOSS"],"items_purchased_type":["Relic","Card","Relic","Relic","Relic","Relic","Relic","Card","Potion","Potion"],"build_version":"2020-12-22","purchased_purges":4,"victory":true,"max_hp_per_floor":[72,72,72,72,72,72,72,72,72,72,72,72,72,72,72,72,72,72,72,72,72,72,72,72,72,72,72,72,72,72,72,72,72,72,72,72,72,72,72,72,72,79,79,79,79,79,79,79,79,79,79,79,84,84,84],"relic_stats":{"Happy Flower":[12],"counters":[31,116],"Eternal Feather":10,"Juzu Bracelet":0,"Medical Kit":[6],"Boot":[0],"Centennial Puzzle":[11],"Busted Crown":20,"Sundial":[22],"Shuriken":[31],"Ornamental Fan":[48],"Gambling Chip":[77],"Bronze Scales":[248],"Snecko Eye":[254,243,239,226],"Necronomicon":[30],"Kunai":[7],"obtain_stats":[{"Juzu Bracelet":40,"Ancient Tea Set":10,"Boot":54,"ClockworkSouvenir":20,"Centennial Puzzle":25,"Sundial":6,"Gambling Chip":14,"Strawberry":42,"Necronomicon":27,"Kunai":53,"Happy Flower":41,"Eternal Feather":48,"Frozen Egg 2":30,"Medical Kit":53,"White Beast Statue":53,"SlaversCollar":17,"Busted Crown":34,"Shuriken":26,"Ornamental Fan":46,"MutagenicStrength":19,"Bronze Scales":23,"Snecko Eye":0,"Molten Egg 2":9,"Membership Card":41,"PureWater":0},{"Juzu Bracelet":23,"Ancient Tea Set":7,"Boot":30,"ClockworkSouvenir":11,"Centennial Puzzle":15,"Sundial":5,"Gambling Chip":9,"Strawberry":24,"Necronomicon":15,"Kunai":29,"Happy Flower":23,"Eternal Feather":28,"Frozen Egg 2":17,"Medical Kit":29,"White Beast Statue":29,"SlaversCollar":10,"Busted Crown":19,"Shuriken":15,"Ornamental Fan":27,"MutagenicStrength":11,"Bronze Scales":13,"Snecko Eye":0,"Molten Egg 2":6,"Membership Card":23,"PureWater":0},{"Juzu Bracelet":78,"Ancient Tea Set":20,"Boot":108,"ClockworkSouvenir":33,"Centennial Puzzle":47,"Sundial":14,"Gambling Chip":25,"Strawberry":81,"Necronomicon":47,"Kunai":102,"Happy Flower":78,"Eternal Feather":95,"Frozen Egg 2":53,"Medical Kit":102,"White Beast Statue":102,"SlaversCollar":31,"Busted Crown":58,"Shuriken":47,"Ornamental Fan":90,"MutagenicStrength":33,"Bronze Scales":40,"Snecko Eye":0,"Molten Egg 2":15,"Membership Card":78,"PureWater":0}]},"card_choices":[{"not_picked":["ClearTheMind","CutThroughFate"],"picked":"SandsOfTime","floor":1.0},{"not_picked":["DeceiveReality","Adaptation"],"picked":"ThirdEye","floor":3.0},{"not_picked":["Prostrate","Protect"],"picked":"Worship","floor":4.0},{"not_picked":["BowlingBash","SashWhip"],"picked":"PathToVictory","floor":5.0},{"not_picked":["Conclude","FlyingSleeves","ForeignInfluence"],"picked":"SKIP","floor":6.0},{"not_picked":["Conclude","SashWhip"],"picked":"Wish","floor":8.0},{"not_picked":["EmptyBody","Consecrate+1"],"picked":"SashWhip+1","floor":10.0},{"not_picked":["FlyingSleeves+1","CarveReality+1"],"picked":"FollowUp+1","floor":12.0},{"not_picked":["Indignation","Crescendo"],"picked":"Wallop+1","floor":14.0},{"not_picked":["Brilliance+1","SpiritShield"],"picked":"LessonLearned+1","floor":16.0},{"not_picked":["JustLucky+1","Halt","ClearTheMind"],"picked":"SKIP","floor":18.0},{"not_picked":["FlurryOfBlows+1","BowlingBash+1"],"picked":"Evaluate+1","floor":21.0},{"not_picked":["BattleHymn","InnerPeace","Pray+1"],"picked":"SKIP","floor":23.0},{"not_picked":["FearNoEvil+1","EmptyBody"],"picked":"Scrawl","floor":24.0},{"not_picked":["Prostrate","FearNoEvil+1"],"picked":"WaveOfTheHand","floor":25.0},{"not_picked":["Pray+1","ForeignInfluence","JustLucky+1"],"picked":"SKIP","floor":29.0},{"not_picked":["Vengeance","CrushJoints+1","InnerPeace+1"],"picked":"SKIP","floor":30.0},{"not_picked":["EmptyFist+1","ClearTheMind"],"picked":"PathToVictory+1","floor":31.0},{"not_picked":["Wish","Omniscience"],"picked":"SpiritShield","floor":33.0},{"not_picked":[],"picked":"Protect+1","floor":35.0},{"not_picked":["ClearTheMind+1"],"picked":"SKIP","floor":37.0},{"not_picked":["ClearTheMind"],"picked":"SKIP","floor":39.0},{"not_picked":["ClearTheMind"],"picked":"SKIP","floor":40.0},{"not_picked":[],"picked":"PathToVictory","floor":42.0},{"not_picked":["Wireheading+1"],"picked":"SKIP","floor":44},{"not_picked":["Pray"],"picked":"SKIP","floor":45},{"not_picked":[],"picked":"Swivel","floor":46},{"not_picked":[],"picked":"SandsOfTime+1","floor":48},{"not_picked":["Consecrate+1"],"picked":"SKIP","floor":54}],"player_experience":678997,"relics_obtained":[{"floor":6.0,"key":"Sundial"},{"floor":9.0,"key":"Molten Egg 2"},{"floor":10.0,"key":"Ancient Tea Set"},{"floor":14.0,"key":"Gambling Chip"},{"floor":23.0,"key":"Bronze Scales"},{"floor":25.0,"key":"Centennial Puzzle"},{"floor":26.0,"key":"Shuriken"},{"floor":27.0,"key":"Necronomicon"},{"floor":30.0,"key":"Frozen Egg 2"},{"floor":40.0,"key":"Juzu Bracelet"},{"floor":42.0,"key":"Strawberry"},{"floor":46,"key":"Ornamental Fan"},{"floor":48,"key":"Eternal Feather"},{"floor":54,"key":"Boot"}],"event_choices":[{"damage_healed":0.0,"max_hp_gain":0.0,"max_hp_loss":0.0,"gold_gain":0.0,"event_name":"Shining Light","player_choice":"Entered Light","floor":2.0,"gold_loss":0.0,"damage_taken":14.0,"cards_upgraded":["SandsOfTime","Eruption"]},{"damage_healed":0.0,"max_hp_gain":0.0,"max_hp_loss":0.0,"gold_gain":0.0,"event_name":"Liars Game","player_choice":"Ignored","floor":11.0,"gold_loss":0.0,"damage_taken":0.0},{"damage_healed":0.0,"max_hp_gain":0.0,"max_hp_loss":0.0,"gold_gain":0.0,"event_name":"Drug Dealer","player_choice":"Inject Mutagens","floor":19.0,"gold_loss":0.0,"damage_taken":0.0,"relics_obtained":["MutagenicStrength"]},{"cards_removed":["Strike_P"],"damage_healed":0.0,"max_hp_gain":0.0,"max_hp_loss":0.0,"gold_gain":0.0,"event_name":"Beggar","player_choice":"Gave Gold","floor":22.0,"gold_loss":75.0,"damage_taken":0.0},{"damage_healed":0.0,"max_hp_gain":0.0,"max_hp_loss":0.0,"gold_gain":0.0,"event_name":"Cursed Tome","player_choice":"Obtained Book","floor":27.0,"gold_loss":0.0,"damage_taken":16.0},{"damage_healed":0.0,"max_hp_gain":0.0,"max_hp_loss":0.0,"gold_gain":0.0,"event_name":"Vampires","player_choice":"Ignored","floor":28.0,"gold_loss":0.0,"damage_taken":0.0},{"damage_healed":0.0,"max_hp_gain":0.0,"max_hp_loss":0.0,"gold_gain":100.0,"event_name":"Golden Shrine","player_choice":"Pray","floor":38.0,"gold_loss":0.0,"damage_taken":0.0}],"is_beta":false,"boss_relics":[{"not_picked":["Tiny House","Coffee Dripper"],"picked":"SlaversCollar"},{"not_picked":["Sozu","Calling Bell"],"picked":"Busted Crown"}],"items_purged_floors":[20,36,41,53],"is_endless":false,"potions_floor_spawned":[3,5,8,12,14,21,24,25,31,33,35,45,46,54],"ascension_level":4}}