{"host":"wyy6fgvi1wiq0rmi","time":1613902832,"event":{"mods":["BaseMod","Marisa£®ÏF”Í°°ƒß¿Ì…≥£©","Minty Spire (QoL Compilation)","Remilia£®¿Ÿ√◊¿Ú—«£©","Spicy Shops","StSLib","The Servant 0.9.4","WarShipGirlsR/’ΩΩ¢…Ÿ≈ÆR mod","Youmu£®ªÍ∆«—˝√Œ£©"],"gold_per_floor":[117,135,150,160,176,176,211,286,286,299,312,312,326,326,326,428,428,440,454,454,454,454],"floor_reached":21,"language":"ZHS","playtime":1802,"items_purged":[],"score":185,"play_id":"77d51d0b-d490-4c38-b83e-38828138d503","local_time":"20210221182032","is_ascension_mode":false,"campfire_choices":[{"floor":6,"key":"RECALL"},{"floor":12,"key":"REST"},{"floor":15,"key":"REST"}],"circlet_count":0,"master_deck":["Strike_YM","Strike_YM","Strike_YM","Defend_YM","Defend_YM","Defend_YM","SlashOfPresentWorld","WheelOfPainOfLivingAndDead","TwoHundredYojanaInOneSlash","HumanKnowledgeSword","HesitationCuttingSword","SwordOfBindingDesires","SpiritMediumsBind","CherryBlossomFlashing","CherryBlossomFlashing","Regret","SuddenDivineSeveringOfKarmicWind","HeavenGodSword+1","SpiritMediumsBind+1","SlashOfAscensionToBuddhahood+1","CherryBlossomFlashing","Necronomicurse"],"relics":["HalfPhantom","NeowsBlessing","Vajra","Astrolabe","Necronomicon"],"acts_visited":["Exordium","TheCity"],"potions_floor_usage":[16],"damage_taken":[{"damage":0,"enemies":"Small Slimes","floor":1,"turns":1},{"damage":0,"enemies":"Cultist","floor":2,"turns":1},{"damage":0,"enemies":"Jaw Worm","floor":3,"turns":1},{"damage":0,"enemies":"Large Slime","floor":4,"turns":3},{"damage":8,"enemies":"Red Slaver","floor":5,"turns":4},{"damage":19,"enemies":"Lagavulin","floor":7,"turns":5},{"damage":7,"enemies":"Blue Slaver","floor":10,"turns":3},{"damage":3,"enemies":"Exordium Wildlife","floor":11,"turns":3},{"damage":16,"enemies":"Large Slime","floor":13,"turns":3},{"damage":53,"enemies":"Slime Boss","floor":16,"turns":10},{"damage":8,"enemies":"Shell Parasite","floor":18,"turns":4},{"damage":3,"enemies":"Spheric Guardian","floor":19,"turns":3},{"damage":50,"enemies":"Shelled Parasite and Fungi","floor":21,"turns":4}],"seed_played":"-1086548644058184305","potions_obtained":[{"floor":1,"key":"Strength Potion"},{"floor":4,"key":"Explosive Potion"},{"floor":10,"key":"SmokeBomb"},{"floor":16,"key":"LiquidBronze"},{"floor":18,"key":"FearPotion"}],"is_trial":false,"path_per_floor":["M","M","M","M","M","R","E","?","T","M","M","R","M","?","R","B",null,"M","M","?","M"],"character_chosen":"YOUMU","items_purchased":[],"campfire_rested":2,"item_purchase_floors":[],"current_hp_per_floor":[75,75,75,75,67,67,48,37,37,30,27,49,33,33,55,2,75,67,64,48,0,0],"gold":454,"neow_bonus":"THREE_ENEMY_KILL","is_daily":false,"chose_seed":false,"campfire_upgraded":0,"win_rate":0.0,"timestamp":1613902832,"path_taken":["M","M","M","M","M","R","E","?","T","M","M","R","M","?","R","BOSS","M","?","?","M"],"items_purchased_type":[],"build_version":"2020-12-22","purchased_purges":0,"victory":false,"max_hp_per_floor":[75,75,75,75,75,75,75,75,75,75,75,75,75,75,75,75,75,75,75,75,75,75],"card_choices":[{"not_picked":["SlashOfAscensionToBuddhahood","SpiritCuttingSword"],"picked":"TwoHundredYojanaInOneSlash","floor":1},{"not_picked":["TwoHundredYojanaInOneSlash","FantasyOfEnteringEnlightenment"],"picked":"HumanKnowledgeSword","floor":2},{"not_picked":["DispleasureOfTheSevenHakus","SwordExtraction"],"picked":"HeavenlyHaloSlash","floor":3},{"not_picked":["SpiritCuttingSword","PhosphoricSlash"],"picked":"LifeCuttingSword","floor":4},{"not_picked":["LotusPostureSlash","KarmicPunishmentOfTheIdleAndUnfocused"],"picked":"HesitationCuttingSword","floor":5},{"not_picked":["ThreeKonsSevenHakus","CrescentMoonSlash"],"picked":"SwordOfBindingDesires","floor":7},{"not_picked":["BizarrenessOfSixRealms","ThreeKonsSevenHakus"],"picked":"SpiritMediumsBind","floor":10},{"not_picked":["FantasyOfEnteringEnlightenment","CrescentMoonSlash"],"picked":"CherryBlossomFlashing","floor":11},{"not_picked":["HeavenlyHaloSlash","FlashingScatteredFlowers"],"picked":"CherryBlossomFlashing","floor":13},{"not_picked":["ReincarnationSword","GreatEnlightenmentAppearingAndDisappearing"],"picked":"SuddenDivineSeveringOfKarmicWind","floor":16},{"not_picked":["LifeCuttingSword+1","ConstancyOfTheConventionalTruth"],"picked":"CherryBlossomFlashing","floor":18},{"not_picked":["FlashingScatteredFlowers","DispleasureOfTheSevenHakus","LifeCuttingSword"],"picked":"SKIP","floor":19}],"player_experience":210396,"relics_obtained":[{"floor":7,"key":"Vajra"},{"floor":20,"key":"Necronomicon"}],"event_choices":[{"damage_healed":0,"gold_gain":75,"player_choice":"Gather Gold","damage_taken":11,"max_hp_gain":0,"max_hp_loss":0,"event_name":"World of Goop","floor":8,"gold_loss":0},{"cards_removed":["LifeCuttingSword"],"damage_healed":0,"gold_gain":0,"player_choice":"Took Card","damage_taken":0,"max_hp_gain":0,"max_hp_loss":0,"event_name":"NoteForYourself","floor":14,"gold_loss":0,"cards_obtained":["Regret"]},{"damage_healed":0,"gold_gain":0,"player_choice":"Obtained Book","damage_taken":16,"max_hp_gain":0,"max_hp_loss":0,"event_name":"Cursed Tome","floor":20,"gold_loss":0}],"is_beta":false,"boss_relics":[{"not_picked":["Snecko Eye","Velvet Choker"],"picked":"Astrolabe"}],"items_purged_floors":[],"is_endless":false,"potions_floor_spawned":[1,4,10,16,18],"killed_by":"Shelled Parasite and Fungi","ascension_level":0}}