{"host":"3kq0buktu0qm3oe2","time":1613922865,"event":{"mods":["BaseMod","Hermit","Minty Spire (QoL Compilation)","StSLib"],"gold_per_floor":[214,231,73,83,96,96,116,148,148,148,148,48,75,75,75,75,75],"floor_reached":16,"language":"ENG","playtime":1048,"items_purged":["Strike_G","Defend_G"],"score":171,"play_id":"68f7fe46-a60c-47c6-896d-b9f0898215de","local_time":"20210221095425","is_ascension_mode":true,"campfire_choices":[{"data":"Terror","floor":6,"key":"SMITH"},{"data":"Poisoned Stab","floor":10,"key":"SMITH"},{"data":"Neutralize","floor":15,"key":"SMITH"}],"circlet_count":0,"master_deck":["AscendersBane","Strike_G","Strike_G","Strike_G","Strike_G","Defend_G","Defend_G","Defend_G","Defend_G","Survivor","Neutralize+1","Predator","Distraction","Poisoned Stab+1","Terror+1","Crippling Poison","Cloak And Dagger","Quick Slash","Bane","Backstab"],"relics":["Ring of the Snake","Orichalcum","Question Card","Nunchaku"],"acts_visited":["Exordium"],"potions_floor_usage":[8,13,16],"damage_taken":[{"damage":2,"enemies":"Jaw Worm","floor":1,"turns":6},{"damage":0,"enemies":"Cultist","floor":2,"turns":4},{"damage":0,"enemies":"2 Louse","floor":4,"turns":3},{"damage":24,"enemies":"Gremlin Gang","floor":5,"turns":4},{"damage":9,"enemies":"Large Slime","floor":7,"turns":8},{"damage":7,"enemies":"Lagavulin","floor":8,"turns":5},{"damage":17,"enemies":"3 Sentries","floor":13,"turns":5},{"damage":14,"enemies":"Slime Boss","floor":16,"turns":8}],"seed_played":"1238912669109068147","potions_obtained":[{"floor":4,"key":"BlessingOfTheForge"},{"floor":5,"key":"DistilledChaos"},{"floor":8,"key":"PowerPotion"}],"is_trial":false,"path_per_floor":["M","M","$","M","M","R","M","E","T","R","?","$","E","?","R","B"],"character_chosen":"THE_SILENT","items_purchased":["Poisoned Stab","Terror"],"campfire_rested":0,"item_purchase_floors":[3,3],"current_hp_per_floor":[61,61,61,61,37,37,28,21,21,21,44,44,27,20,20,6,6],"gold":75,"neow_bonus":"HUNDRED_GOLD","is_daily":false,"chose_seed":false,"campfire_upgraded":3,"win_rate":0.0,"timestamp":1613922865,"path_taken":["M","M","$","M","M","R","M","E","T","R","?","$","E","?","R","BOSS"],"items_purchased_type":["Card","Card"],"build_version":"2020-12-22","purchased_purges":2,"victory":false,"max_hp_per_floor":[70,70,70,70,70,70,70,70,70,70,70,70,70,70,70,70,70],"card_choices":[{"not_picked":["PiercingWail","Deflect"],"picked":"Predator","floor":1},{"not_picked":["Setup","Underhanded Strike"],"picked":"Distraction","floor":2},{"not_picked":["Backflip","Accuracy"],"picked":"Crippling Poison","floor":4},{"not_picked":["Slice","Backstab"],"picked":"Cloak And Dagger","floor":5},{"not_picked":["Dagger Throw","Skewer"],"picked":"Quick Slash","floor":7},{"not_picked":["Slice","Endless Agony"],"picked":"Bane","floor":8},{"not_picked":["Slice","Deflect","Dagger Throw"],"picked":"Backstab","floor":13}],"player_experience":524887,"relics_obtained":[{"floor":8,"key":"Orichalcum"},{"floor":9,"key":"Question Card"},{"floor":13,"key":"Nunchaku"}],"event_choices":[{"damage_healed":23,"gold_gain":0,"player_choice":"Banana","damage_taken":0,"max_hp_gain":0,"max_hp_loss":0,"event_name":"Big Fish","floor":11,"gold_loss":0},{"damage_healed":0,"gold_gain":0,"player_choice":"Damaged","damage_taken":7,"max_hp_gain":0,"max_hp_loss":0,"event_name":"Wheel of Change","floor":14,"gold_loss":0}],"is_beta":false,"boss_relics":[],"items_purged_floors":[3,12],"is_endless":false,"potions_floor_spawned":[4,5,8],"killed_by":"Slime Boss","ascension_level":11}}