{"host":"ufhw4cf0hh51lveu","time":1613877664,"event":{"mods":["BaseMod","DeckTracker","Lobotomy","Minty Spire (QoL Compilation)","SuperFastMode"],"gold_per_floor":[112,40,40,40,61,61,82,121,121,121,139,162,8,26,26,26,26],"floor_reached":16,"language":"KOR","playtime":538,"items_purged":["Injury"],"score":102,"play_id":"fbe9526c-1eb8-40ac-86db-d75a7a4e101a","local_time":"20210221122104","is_ascension_mode":false,"campfire_choices":[{"data":"Body Slam","floor":6,"key":"SMITH"},{"data":"Ghostly Armor","floor":10,"key":"SMITH"},{"floor":15,"key":"REST"}],"circlet_count":0,"master_deck":["Strike_R","Strike_R","Strike_R","Strike_R","Strike_R","Defend_R","Defend_R","Defend_R","Defend_R","Bash","Scorched","Body Slam+1","Ghostly Armor+1","Iron Wave","OSAHOGD","Flame Barrier","ShyLook","Anger","Anger","Second Wind","Power Through","Wild Strike","CherryBlossoms"],"relics":["Burning Blood","CogitoBucket","RabbitCall","Golden Idol","Ornamental Fan","The Courier","ResearcherNote"],"acts_visited":["Exordium"],"potions_floor_usage":[11,12,12],"damage_taken":[{"damage":2,"enemies":"2 Louse","floor":1,"turns":3},{"damage":6,"enemies":"Jaw Worm","floor":5,"turns":2},{"damage":6,"enemies":"Cultist","floor":7,"turns":3},{"damage":17,"enemies":"3 Sentries","floor":8,"turns":5},{"damage":3,"enemies":"2 Fungi Beasts","floor":11,"turns":3},{"damage":48,"enemies":"Lots of Slimes","floor":12,"turns":9},{"damage":0,"enemies":"3 Louse","floor":14,"turns":3},{"damage":57,"enemies":"The Guardian","floor":16,"turns":18}],"seed_played":"-8046584236600844442","potions_obtained":[{"floor":1,"key":"LiquidMemories"},{"floor":8,"key":"DistilledChaos"},{"floor":11,"key":"Fruit Juice"}],"is_trial":false,"path_per_floor":["M","$","?","?","M","R","M","E","T","R","M","M","$","M","R","B"],"character_chosen":"IRONCLAD","items_purchased":["Ghostly Armor","Power Through","Wild Strike"],"campfire_rested":1,"item_purchase_floors":[2,13,13],"current_hp_per_floor":[80,80,80,80,80,80,80,69,69,69,77,35,35,41,66,9,9],"gold":26,"neow_bonus":"","is_daily":false,"chose_seed":false,"campfire_upgraded":2,"win_rate":0.0,"timestamp":1613877664,"path_taken":["M","$","?","?","M","R","M","E","T","R","M","M","$","M","R","BOSS"],"items_purchased_type":["Card","Card","Card"],"build_version":"2020-12-22","purchased_purges":1,"victory":false,"max_hp_per_floor":[80,80,80,80,80,80,80,80,80,80,85,85,85,85,85,85,85],"card_choices":[{"not_picked":["WallGazer","Yin"],"picked":"Scorched","floor":1},{"not_picked":["Flame Barrier","Intimidate"],"picked":"Body Slam","floor":1},{"not_picked":["Searing Blow","Heavy Blade"],"picked":"Iron Wave","floor":5},{"not_picked":["SilentOrchestra","FieryBird","GalaxyChild"],"picked":"Singing Bowl","floor":7},{"not_picked":["HeroicMonk","CrumblingArmor"],"picked":"OSAHOGD","floor":7},{"not_picked":["Burning Pact","Dark Embrace"],"picked":"Flame Barrier","floor":7},{"not_picked":["CrumblingArmor","PunishingBird"],"picked":"ShyLook","floor":8},{"not_picked":["Heavy Blade","Pommel Strike"],"picked":"Anger","floor":8},{"not_picked":["Heavy Blade","Pommel Strike"],"picked":"Anger","floor":11},{"not_picked":["Perfected Strike","Armaments"],"picked":"Second Wind","floor":12},{"not_picked":["Scarecrow","Murderer"],"picked":"CherryBlossoms","floor":14},{"not_picked":["Searing Blow","Clothesline","Carnage"],"picked":"SKIP","floor":14}],"player_experience":65785,"relics_obtained":[{"floor":8,"key":"Ornamental Fan"},{"floor":9,"key":"The Courier"}],"event_choices":[{"damage_healed":0,"gold_gain":0,"player_choice":"Leave","damage_taken":0,"max_hp_gain":0,"max_hp_loss":0,"event_name":"The Cleric","floor":3,"gold_loss":0},{"damage_healed":0,"gold_gain":0,"player_choice":"Take Wound","damage_taken":0,"relics_obtained":["Golden Idol"],"max_hp_gain":0,"max_hp_loss":0,"event_name":"Golden Idol","floor":4,"gold_loss":0,"cards_obtained":["Injury"]}],"is_beta":false,"boss_relics":[],"items_purged_floors":[13],"is_endless":false,"potions_floor_spawned":[1,8,11],"killed_by":"The Guardian","ascension_level":0}}