{"host":"nsc6ozq3atyrdr3m","time":1613941921,"event":{"mods":["BaseMod","Colored Map","Minty Spire (QoL Compilation)"],"gold_per_floor":[110,125,51,51,226,226,270,115,139,212,212,212,212,225,225,356,356,371,371,286,269,38,38,51,51,129,162,162,182,217,40,40,159,159,174,49,69,69,69,69,132,156,156,172,54,98,98,111,111,111],"floor_reached":51,"language":"FRA","playtime":1395,"items_purged":["Doubt"],"score":1158,"play_id":"5105fe25-3a79-46c1-a4c2-4bcb75c187fe","local_time":"20210221221201","is_ascension_mode":true,"campfire_choices":[{"data":"Storm","floor":6,"key":"SMITH"},{"floor":11,"key":"REST"},{"data":"Hello World","floor":13,"key":"SMITH"},{"data":"Sunder","floor":15,"key":"SMITH"},{"data":"Amplify","floor":23,"key":"SMITH"},{"data":"Heatsinks","floor":25,"key":"SMITH"},{"data":"Heatsinks","floor":28,"key":"SMITH"},{"data":"Buffer","floor":32,"key":"SMITH"},{"data":"Turbo","floor":40,"key":"SMITH"},{"data":"Reinforced Body","floor":47,"key":"SMITH"},{"data":"BootSequence","floor":49,"key":"SMITH"}],"circlet_count":0,"master_deck":["Strike_B","Strike_B","Strike_B","Defend_B","Defend_B","Defend_B","Defend_B","Zap","Dualcast","Storm+1","Sunder+1","Heatsinks+1","Steam","Heatsinks+1","Hello World+1","Reinforced Body+1","Buffer+1","CurseOfTheBell","Go for the Eyes+1","Coolheaded+1","Self Repair+1","Amplify+1","BootSequence+1","Biased Cognition+1","Electrodynamics+1","Turbo+1","Hello World+1","Defragment+1","Static Discharge+1","Electrodynamics+1","Heatsinks+1","Static Discharge+1","Double Energy+1","Capacitor+1","Force Field+1","Capacitor+1","Static Discharge+1","Loop+1","Capacitor+1"],"relics":["Cracked Core","NeowsBlessing","Golden Idol","StoneCalendar","Lantern","Molten Egg 2","Calling Bell","PreservedInsect","Eternal Feather","Ice Cream","Frozen Egg 2","The Courier","Mummified Hand","Ornamental Fan","Coffee Dripper","Mango","Akabeko","TungstenRod"],"acts_visited":["Exordium","TheCity","TheBeyond"],"potions_floor_usage":[16,27,50,50],"damage_taken":[{"damage":0,"enemies":"Small Slimes","floor":1,"turns":1},{"damage":0,"enemies":"2 Louse","floor":2,"turns":1},{"damage":0,"enemies":"Gremlin Nob","floor":7,"turns":1},{"damage":47,"enemies":"Lagavulin Event","floor":10,"turns":6},{"damage":7,"enemies":"Jaw Worm","floor":14,"turns":3},{"damage":0,"enemies":"Slime Boss","floor":16,"turns":6},{"damage":7,"enemies":"Chosen","floor":18,"turns":4},{"damage":22,"enemies":"2 Thieves","floor":21,"turns":4},{"damage":21,"enemies":"Snake Plant","floor":24,"turns":5},{"damage":12,"enemies":"Gremlin Leader","floor":27,"turns":5},{"damage":4,"enemies":"Snecko","floor":29,"turns":3},{"damage":6,"enemies":"Book of Stabbing","floor":30,"turns":3},{"damage":30,"enemies":"Automaton","floor":33,"turns":7},{"damage":0,"enemies":"3 Shapes","floor":35,"turns":4},{"damage":11,"enemies":"3 Darklings","floor":37,"turns":3},{"damage":0,"enemies":"Mind Bloom Boss Battle","floor":41,"turns":3},{"damage":0,"enemies":"Maw","floor":42,"turns":3},{"damage":7,"enemies":"Transient","floor":44,"turns":5},{"damage":0,"enemies":"Nemesis","floor":46,"turns":4},{"damage":0,"enemies":"Writhing Mass","floor":48,"turns":3},{"damage":5,"enemies":"Donu and Deca","floor":50,"turns":2}],"seed_played":"-6774916048951967331","potions_obtained":[{"floor":1,"key":"LiquidMemories"},{"floor":16,"key":"Ancient Potion"},{"floor":18,"key":"FocusPotion"},{"floor":30,"key":"Energy Potion"},{"floor":35,"key":"EssenceOfSteel"},{"floor":48,"key":"DistilledChaos"}],"is_trial":false,"path_per_floor":["M","M","$","?","?","R","E","$","T","?","R","?","R","M","R","B",null,"M","?","?","M","$","R","M","R","T","E","R","M","E","$","R","B",null,"M","$","M","?","?","R","?","M","T","M","$","E","R","M","R","B",null],"character_chosen":"DEFECT","items_purchased":["Heatsinks","Heatsinks","Self Repair+1","Amplify","BootSequence","Hello World+1","Defragment+1","Static Discharge+1","Heatsinks+1","Static Discharge+1","Capacitor+1","Static Discharge+1"],"campfire_rested":1,"item_purchase_floors":[3,8,22,22,22,31,31,31,36,36,45,45],"current_hp_per_floor":[68,68,68,50,50,50,50,50,50,3,25,50,50,43,43,43,67,60,60,60,38,38,50,39,54,54,42,57,63,67,67,75,55,70,75,75,64,64,64,71,85,85,85,85,85,85,85,85,85,80],"gold":111,"neow_bonus":"THREE_ENEMY_KILL","is_daily":false,"chose_seed":false,"campfire_upgraded":10,"win_rate":0.0,"timestamp":1613941921,"path_taken":["M","M","$","?","?","R","E","$","T","?","R","?","R","?","R","BOSS","M","?","?","M","$","R","M","R","T","E","R","M","E","$","R","BOSS","M","$","M","?","?","R","?","M","T","M","?","E","R","M","R","BOSS"],"items_purchased_type":["Card","Card","Card","Card","Card","Card","Card","Card","Card","Card","Card","Card"],"build_version":"2020-12-22","purchased_purges":1,"victory":true,"max_hp_per_floor":[75,75,75,75,75,75,75,75,75,75,75,75,75,75,75,75,75,75,75,75,75,75,75,75,75,75,75,75,75,75,75,75,75,75,75,75,75,71,71,71,85,85,85,85,85,85,85,85,85,85],"card_choices":[{"not_picked":["Sunder","Beam Cell"],"picked":"Storm","floor":1},{"not_picked":["Conserve Battery","Recycle"],"picked":"Sunder","floor":2},{"not_picked":["Core Surge","Barrage"],"picked":"Steam","floor":7},{"not_picked":["Coolheaded","Sweeping Beam+1"],"picked":"Hello World","floor":10},{"not_picked":["Cold Snap+1","Rebound+1"],"picked":"Reinforced Body","floor":14},{"not_picked":["Fission","Multi-Cast"],"picked":"Buffer","floor":16},{"not_picked":["Stack","Rebound+1"],"picked":"Go for the Eyes+1","floor":18},{"not_picked":["Compile Driver+1","Sweeping Beam+1"],"picked":"Coolheaded+1","floor":21},{"not_picked":["Conserve Battery","Aggregate"],"picked":"Biased Cognition+1","floor":24},{"not_picked":["Compile Driver+1","Go for the Eyes+1"],"picked":"Electrodynamics+1","floor":27},{"not_picked":["Stack","Steam"],"picked":"Turbo","floor":29},{"not_picked":["Turbo","Leap","Streamline+1"],"picked":"SKIP","floor":30},{"not_picked":["Creative AI+1","Meteor Strike+1"],"picked":"Electrodynamics+1","floor":33},{"not_picked":["Cold Snap+1","Ball Lightning+1","Beam Cell+1"],"picked":"SKIP","floor":35},{"not_picked":["Gash+1","Cold Snap+1"],"picked":"Double Energy+1","floor":37},{"not_picked":["Auto Shields","Ball Lightning+1"],"picked":"Capacitor+1","floor":42},{"not_picked":["Chaos","Gash+1"],"picked":"Force Field+1","floor":44},{"not_picked":["Stack+1","Defragment+1"],"picked":"Loop+1","floor":46},{"not_picked":["Aggregate","Conserve Battery"],"picked":"Capacitor+1","floor":48}],"player_experience":441640,"relics_obtained":[{"floor":7,"key":"StoneCalendar"},{"floor":9,"key":"Lantern"},{"floor":10,"key":"Molten Egg 2"},{"floor":17,"key":"PreservedInsect"},{"floor":17,"key":"Eternal Feather"},{"floor":17,"key":"Ice Cream"},{"floor":26,"key":"The Courier"},{"floor":27,"key":"Mummified Hand"},{"floor":30,"key":"Ornamental Fan"},{"floor":41,"key":"Mango"},{"floor":43,"key":"Akabeko"},{"floor":46,"key":"TungstenRod"}],"event_choices":[{"damage_healed":0,"gold_gain":0,"player_choice":"Take Damage","damage_taken":18,"relics_obtained":["Golden Idol"],"max_hp_gain":0,"max_hp_loss":0,"event_name":"Golden Idol","floor":4,"gold_loss":0},{"damage_healed":0,"gold_gain":175,"player_choice":"AGREE","damage_taken":0,"max_hp_gain":0,"max_hp_loss":0,"event_name":"Liars Game","floor":5,"gold_loss":0,"cards_obtained":["Doubt"]},{"damage_healed":0,"gold_gain":0,"player_choice":"Searched \u00271\u0027 times","damage_taken":0,"max_hp_gain":0,"max_hp_loss":0,"event_name":"Dead Adventurer","floor":10,"gold_loss":0},{"damage_healed":25,"gold_gain":0,"player_choice":"Banana","damage_taken":0,"max_hp_gain":0,"max_hp_loss":0,"event_name":"Big Fish","floor":12,"gold_loss":0},{"damage_healed":0,"gold_gain":0,"player_choice":"Ignored","damage_taken":0,"max_hp_gain":0,"max_hp_loss":0,"event_name":"Vampires","floor":19,"gold_loss":0},{"damage_healed":0,"gold_gain":0,"player_choice":"Obtained Relic","damage_taken":0,"relics_obtained":["Frozen Egg 2"],"max_hp_gain":0,"max_hp_loss":0,"event_name":"Addict","floor":20,"gold_loss":85},{"damage_healed":0,"gold_gain":0,"player_choice":"Max HP","damage_taken":0,"max_hp_gain":0,"max_hp_loss":4,"event_name":"Winding Halls","floor":38,"gold_loss":0},{"cards_removed":["Strike_B"],"damage_healed":0,"gold_gain":0,"player_choice":"Removed Attack","damage_taken":0,"max_hp_gain":0,"max_hp_loss":0,"event_name":"Falling","floor":39,"gold_loss":0},{"damage_healed":0,"gold_gain":0,"player_choice":"Fight","damage_taken":0,"max_hp_gain":0,"max_hp_loss":0,"event_name":"MindBloom","floor":41,"gold_loss":0}],"is_beta":false,"boss_relics":[{"not_picked":["Fusion Hammer","Nuclear Battery"],"picked":"Calling Bell"},{"not_picked":["SacredBark","Snecko Eye"],"picked":"Coffee Dripper"}],"items_purged_floors":[8],"is_endless":false,"potions_floor_spawned":[1,16,18,30,35,42,48],"ascension_level":7}}