{"host":"2l5k2wp87eek7qja","time":1613922110,"event":{"mods":["BaseMod","Colored Map","Minty Spire (QoL Compilation)","Relic Stats"],"gold_per_floor":[116,139,157,177,62,62,95,95,167,178,191,191,219,219,219,292,292,308,308,328,688,79,79,93,122,122,122,133,167,182,200,200,275,275,286,302,327,342,617,652,452,482,563,597,610,623,634,116,116,116,116,116,116,49,74,74],"floor_reached":57,"language":"ENG","playtime":3359,"items_purged":["Strike_G","Strike_G","Strike_G"],"score":3163,"play_id":"5761e30a-4c28-4e17-aec9-aec258ffc17d","local_time":"20210221174150","is_ascension_mode":true,"campfire_choices":[{"data":"Neutralize","floor":6.0,"key":"SMITH"},{"data":"Accuracy","floor":12.0,"key":"SMITH"},{"data":"Sucker Punch","floor":15.0,"key":"SMITH"},{"floor":23.0,"key":"REST"},{"floor":27.0,"key":"RECALL"},{"floor":32.0,"key":"REST"},{"floor":49,"key":"REST"},{"floor":53,"key":"REST"}],"circlet_count":0,"master_deck":["AscendersBane","Defend_G","Defend_G","Defend_G","Defend_G","Defend_G","Survivor","Neutralize+1","Flying Knee","Sucker Punch+1","Accuracy+1","Deadly Poison","Blade Dance+1","Cloak And Dagger+1","Doppelganger+1","Corpse Explosion+1","Backflip+1","Leg Sweep+1","Apotheosis+1","Prepared+1","Cloak And Dagger+1","PiercingWail+1","Leg Sweep+1","Burst+1","Concentrate+1","Wraith Form v2","Backflip+1","Deflect+1","Well Laid Plans","Regret","Acrobatics+1","Blade Dance+1","Catalyst+1","Cloak And Dagger+1","Acrobatics+1","Burst+1","Wraith Form v2"],"relics":["Ring of the Snake","NeowsBlessing","PreservedInsect","Tiny Chest","The Courier","Toxic Egg 2","CaptainsWheel","Bottled Lightning","Fusion Hammer","Akabeko","Happy Flower","MealTicket","Bag of Preparation","Centennial Puzzle","Kunai","Pantograph","Empty Cage","Anchor","Pear","Lantern","Ancient Tea Set","DollysMirror","Bag of Marbles","Lizard Tail","Mummified Hand"],"acts_visited":["Exordium","TheCity","TheBeyond","TheEnding"],"potions_floor_usage":[56,56],"damage_taken":[{"damage":0.0,"enemies":"Cultist","floor":1.0,"turns":1.0},{"damage":0.0,"enemies":"2 Louse","floor":3.0,"turns":2.0},{"damage":0.0,"enemies":"Jaw Worm","floor":4.0,"turns":1.0},{"damage":28.0,"enemies":"3 Sentries","floor":7.0,"turns":10.0},{"damage":8.0,"enemies":"Gremlin Gang","floor":10.0,"turns":5.0},{"damage":1.0,"enemies":"Red Slaver","floor":11.0,"turns":5.0},{"damage":0.0,"enemies":"Gremlin Nob","floor":13.0,"turns":2.0},{"damage":4.0,"enemies":"Slime Boss","floor":16.0,"turns":7.0},{"damage":0.0,"enemies":"3 Byrds","floor":18.0,"turns":2.0},{"damage":2.0,"enemies":"Shell Parasite","floor":20.0,"turns":5.0},{"damage":0.0,"enemies":"Cultist and Chosen","floor":24.0,"turns":5.0},{"damage":0.0,"enemies":"Book of Stabbing","floor":25.0,"turns":5.0},{"damage":6.0,"enemies":"Shelled Parasite and Fungi","floor":28.0,"turns":4.0},{"damage":0.0,"enemies":"Slavers","floor":29.0,"turns":3.0},{"damage":0.0,"enemies":"Centurion and Healer","floor":30.0,"turns":3.0},{"damage":0.0,"enemies":"Snecko","floor":31.0,"turns":5.0},{"damage":20.0,"enemies":"Collector","floor":33.0,"turns":8.0},{"damage":1.0,"enemies":"3 Darklings","floor":35.0,"turns":4.0},{"damage":9.0,"enemies":"Orb Walker","floor":36.0,"turns":5.0},{"damage":0,"enemies":"Maw","floor":38,"turns":8},{"damage":2,"enemies":"Giant Head","floor":40,"turns":8},{"damage":9,"enemies":"Reptomancer","floor":42,"turns":7},{"damage":0,"enemies":"Giant Head","floor":44,"turns":5},{"damage":5,"enemies":"Writhing Mass","floor":45,"turns":4},{"damage":0,"enemies":"Transient","floor":46,"turns":6},{"damage":9,"enemies":"4 Shapes","floor":47,"turns":6},{"damage":5,"enemies":"Time Eater","floor":50,"turns":7},{"damage":13,"enemies":"Donu and Deca","floor":51,"turns":5},{"damage":1,"enemies":"Shield and Spear","floor":55,"turns":3},{"damage":44,"enemies":"The Heart","floor":56,"turns":8}],"seed_played":"-2432915783290053182","potions_obtained":[{"floor":3.0,"key":"SkillPotion"},{"floor":7.0,"key":"Weak Potion"},{"floor":11.0,"key":"Regen Potion"},{"floor":18.0,"key":"Energy Potion"},{"floor":28.0,"key":"Energy Potion"},{"floor":31.0,"key":"EssenceOfSteel"},{"floor":35.0,"key":"SteroidPotion"},{"floor":36.0,"key":"SteroidPotion"},{"floor":45,"key":"PowerPotion"}],"is_trial":false,"path_per_floor":["M","T","M","M","$","R","E","?","T","M","M","R","E","T","R","B",null,"M","T","M","?","$","R","M","E","T","R","M","E","M","M","R","B",null,"M","M","T","M","?","E","$","E","T","E","M","M","M","$","R","B","B",null,"R","$","E","B",null],"character_chosen":"THE_SILENT","items_purchased":["Accuracy","Apotheosis+1","Happy Flower","MealTicket","Bag of Preparation","Blade Dance+1","Catalyst+1","DollysMirror","Bag of Marbles","Lizard Tail","Ancient Potion"],"campfire_rested":4,"item_purchase_floors":[5,22,22,22,22,41,41,48,48,48,54],"current_hp_per_floor":[59,59,59,59,59,59,31,31,31,23,22,22,22,22,22,18,54,54,54,52,16,16,35,50,50,50,50,44,44,44,44,63,46,61,60,51,51,51,51,59,74,65,65,65,60,60,51,66,76,71,63,73,76,76,75,32],"gold":74,"neow_bonus":"THREE_ENEMY_KILL","is_daily":false,"chose_seed":false,"campfire_upgraded":3,"win_rate":0.0,"timestamp":1613922110,"path_taken":["M","?","M","?","$","R","E","?","T","M","?","R","E","?","R","BOSS","M","?","?","?","$","R","M","E","T","R","M","E","M","?","R","BOSS","M","M","?","M","?","E","$","E","T","E","M","M","M","$","R","BOSS","BOSS","R","$","E","BOSS"],"items_purchased_type":["Card","Card","Relic","Relic","Relic","Card","Card","Relic","Relic","Relic","Potion"],"build_version":"2020-12-22","purchased_purges":3,"victory":true,"max_hp_per_floor":[66,66,66,66,66,66,66,66,66,66,66,66,66,66,66,66,66,66,66,66,66,66,66,66,66,66,66,66,66,66,66,66,66,66,66,66,66,66,66,76,76,76,76,76,76,76,76,76,76,76,76,76,76,76,76,76],"relic_stats":{"Happy Flower":[36],"counters":[30,149],"PreservedInsect":539,"Bag of Preparation":[40],"Centennial Puzzle":[36],"Lizard Tail":0,"Mummified Hand":[7],"Pantograph":9,"Tiny Chest":2,"MealTicket":30,"Kunai":[67],"obtain_stats":[{"Lantern":42,"Bag of Preparation":22,"Empty Cage":34,"Ancient Tea Set":44,"Centennial Puzzle":25,"Lizard Tail":48,"DollysMirror":48,"Mummified Hand":55,"Pantograph":29,"Tiny Chest":7,"MealTicket":22,"Fusion Hammer":17,"Kunai":26,"Toxic Egg 2":9,"Ring of the Snake":0,"Pear":40,"NeowsBlessing":0,"Happy Flower":22,"PreservedInsect":2,"The Courier":8,"Akabeko":19,"CaptainsWheel":13,"Anchor":37,"Bag of Marbles":48,"Bottled Lightning":14},{"Lantern":22,"Bag of Preparation":10,"Empty Cage":17,"Ancient Tea Set":23,"Centennial Puzzle":12,"Lizard Tail":26,"DollysMirror":26,"Mummified Hand":29,"Pantograph":14,"Tiny Chest":4,"MealTicket":10,"Fusion Hammer":8,"Kunai":12,"Toxic Egg 2":4,"Ring of the Snake":0,"Pear":21,"NeowsBlessing":0,"Happy Flower":10,"PreservedInsect":1,"The Courier":4,"Akabeko":9,"CaptainsWheel":7,"Anchor":19,"Bag of Marbles":26,"Bottled Lightning":7},{"Lantern":105,"Bag of Preparation":40,"Empty Cage":73,"Ancient Tea Set":110,"Centennial Puzzle":50,"Lizard Tail":126,"DollysMirror":126,"Mummified Hand":141,"Pantograph":57,"Tiny Chest":14,"MealTicket":40,"Fusion Hammer":33,"Kunai":50,"Toxic Egg 2":14,"Ring of the Snake":0,"Pear":98,"NeowsBlessing":0,"Happy Flower":40,"PreservedInsect":1,"The Courier":14,"Akabeko":35,"CaptainsWheel":26,"Anchor":82,"Bag of Marbles":126,"Bottled Lightning":26}],"Ring of the Snake":[60]},"card_choices":[{"not_picked":["Bane","Bouncing Flask"],"picked":"Flying Knee","floor":1.0},{"not_picked":["Acrobatics","Bullet Time"],"picked":"Sucker Punch","floor":3.0},{"not_picked":["Deflect","Dodge and Roll","Underhanded Strike"],"picked":"SKIP","floor":4.0},{"not_picked":["Dodge and Roll","Underhanded Strike"],"picked":"Deadly Poison","floor":7.0},{"not_picked":["Sucker Punch","Backflip+1"],"picked":"Blade Dance+1","floor":10.0},{"not_picked":["Caltrops","PiercingWail+1"],"picked":"Cloak And Dagger+1","floor":11.0},{"not_picked":["Prepared+1","Backflip+1"],"picked":"Doppelganger+1","floor":13.0},{"not_picked":["Grand Finale","Adrenaline+1"],"picked":"Corpse Explosion+1","floor":16.0},{"not_picked":["Concentrate+1","All Out Attack"],"picked":"Backflip+1","floor":18.0},{"not_picked":["All Out Attack","Dagger Throw"],"picked":"Leg Sweep+1","floor":20.0},{"not_picked":["All Out Attack","Dash+1"],"picked":"Prepared+1","floor":24.0},{"not_picked":["Poisoned Stab","Quick Slash"],"picked":"Cloak And Dagger+1","floor":25.0},{"not_picked":["Deadly Poison+1","Bouncing Flask+1"],"picked":"PiercingWail+1","floor":28.0},{"not_picked":["Prepared+1","Eviscerate+1"],"picked":"Leg Sweep+1","floor":29.0},{"not_picked":["Calculated Gamble+1","Prepared+1"],"picked":"Burst+1","floor":30.0},{"not_picked":["Backflip+1","Noxious Fumes"],"picked":"Concentrate+1","floor":31.0},{"not_picked":["Adrenaline+1","Storm of Steel+1"],"picked":"Wraith Form v2","floor":33.0},{"not_picked":["Heel Hook","Underhanded Strike+1"],"picked":"Backflip+1","floor":35.0},{"not_picked":["Dagger Spray","Skewer"],"picked":"Deflect+1","floor":36.0},{"not_picked":["PiercingWail+1","Deflect+1"],"picked":"Well Laid Plans","floor":38},{"not_picked":["Dagger Throw","Adrenaline+1"],"picked":"Acrobatics+1","floor":40},{"not_picked":["Deadly Poison+1","Footwork","Slice"],"picked":"SKIP","floor":42},{"not_picked":["Sucker Punch","Dodge and Roll+1"],"picked":"Cloak And Dagger+1","floor":44},{"not_picked":["Flying Knee","Prepared+1"],"picked":"Acrobatics+1","floor":45},{"not_picked":["Skewer+1","Blade Dance+1"],"picked":"Burst+1","floor":46},{"not_picked":["Outmaneuver+1","Slice+1","Bane+1"],"picked":"SKIP","floor":47},{"not_picked":["Bouncing Flask+1","Masterful Stab+1","Deadly Poison+1"],"picked":"SKIP","floor":55}],"player_experience":837456,"relics_obtained":[{"floor":2.0,"key":"PreservedInsect"},{"floor":7.0,"key":"Tiny Chest"},{"floor":9.0,"key":"Toxic Egg 2"},{"floor":13.0,"key":"CaptainsWheel"},{"floor":14.0,"key":"Bottled Lightning"},{"floor":19.0,"key":"Akabeko"},{"floor":25.0,"key":"Centennial Puzzle"},{"floor":26.0,"key":"Kunai"},{"floor":29.0,"key":"Pantograph"},{"floor":37.0,"key":"Anchor"},{"floor":40,"key":"Pear"},{"floor":42,"key":"Lantern"},{"floor":44,"key":"Ancient Tea Set"},{"floor":55,"key":"Mummified Hand"}],"event_choices":[{"damage_healed":0.0,"max_hp_gain":0.0,"max_hp_loss":0.0,"gold_gain":0.0,"event_name":"WeMeetAgain","player_choice":"Gave Potion","floor":8.0,"gold_loss":0.0,"damage_taken":0.0,"relics_obtained":["The Courier"]},{"damage_healed":0.0,"max_hp_gain":0.0,"max_hp_loss":0.0,"gold_gain":360.0,"event_name":"Knowing Skull","player_choice":"GOLD GOLD GOLD GOLD ","floor":21.0,"potions_obtained":[],"gold_loss":0.0,"damage_taken":36.0,"cards_obtained":[]},{"damage_healed":0,"gold_gain":275,"player_choice":"Desecrate","damage_taken":0,"max_hp_gain":0,"max_hp_loss":0,"event_name":"Golden Shrine","floor":39,"gold_loss":0,"cards_obtained":["Regret"]}],"is_beta":false,"boss_relics":[{"not_picked":["Tiny House","Ring of the Serpent"],"picked":"Fusion Hammer"},{"not_picked":["SacredBark","Pandora\u0027s Box"],"picked":"Empty Cage"}],"items_purged_floors":[5,22,41],"is_endless":false,"potions_floor_spawned":[3,7,11,18,28,31,35,36,42,45,47],"ascension_level":20}}