{"host":"sav7uxregyirlf69","time":1613893617,"event":{"mods":["AchievementEnabler","BaseMod","Colored Map","DeckTracker","Keyboard Shortcuts","Minty Spire (QoL Compilation)","READ ME - Guardian Mod","StSLib","SuperFastMode"],"gold_per_floor":[110,110,122,138,151,151,165,165,165,180,8,8,8,39,39,110,110,120,45,62,62,82,82,92,92,92,92,105,105,105],"floor_reached":29,"language":"KOR","playtime":377,"items_purged":[],"score":504,"play_id":"d71f8036-125a-4776-b911-b8353feb8a39","local_time":"20210221164657","is_ascension_mode":true,"campfire_choices":[{"data":"Zap","floor":6,"key":"SMITH"},{"data":"Consume","floor":8,"key":"SMITH"},{"data":"Go for the Eyes","floor":12,"key":"SMITH"},{"data":"Rainbow","floor":15,"key":"SMITH"},{"data":"Multi-Cast","floor":23,"key":"SMITH"},{"floor":27,"key":"REST"}],"circlet_count":0,"master_deck":["AscendersBane","Strike_B","Defend_B","Defend_B","Defend_B","Zap+1","Dualcast","Multi-Cast+1","Beam Cell","Rip and Tear","Go for the Eyes+1","Consume+1","Ball Lightning","Gash","Rainbow+1","Electrodynamics","Cold Snap","Genetic Algorithm","Steam Power","Conserve Battery+1"],"relics":["Cracked Core","InkBottle","Lee\u0027s Waffle","Blue Candle","Sozu","Bag of Marbles"],"acts_visited":["Exordium","TheCity"],"potions_floor_usage":[14,14,29],"damage_taken":[{"damage":1,"enemies":"2 Louse","floor":1,"turns":2},{"damage":0,"enemies":"Small Slimes","floor":3,"turns":2},{"damage":0,"enemies":"Cultist","floor":4,"turns":3},{"damage":9,"enemies":"Blue Slaver","floor":5,"turns":3},{"damage":24,"enemies":"Exordium Wildlife","floor":7,"turns":3},{"damage":6,"enemies":"Looter","floor":10,"turns":2},{"damage":0,"enemies":"3 Sentries","floor":14,"turns":2},{"damage":30,"enemies":"Slime Boss","floor":16,"turns":10},{"damage":2,"enemies":"Chosen","floor":18,"turns":4},{"damage":0,"enemies":"Spheric Guardian","floor":20,"turns":3},{"damage":15,"enemies":"3 Cultists","floor":22,"turns":4},{"damage":29,"enemies":"Sentry and Sphere","floor":24,"turns":4},{"damage":15,"enemies":"Chosen and Byrds","floor":28,"turns":5},{"damage":19,"enemies":"Book of Stabbing","floor":29,"turns":4}],"seed_played":"3980652716287029040","potions_obtained":[{"floor":3,"key":"PowerPotion"},{"floor":10,"key":"Fruit Juice"},{"floor":14,"key":"LiquidMemories"}],"is_trial":false,"path_per_floor":["M","?","M","M","M","R","M","R","T","M","$","R","?","E","R","B",null,"M","?","M","?","M","R","M","?","T","R","M","E"],"character_chosen":"DEFECT","items_purchased":["Lee\u0027s Waffle"],"campfire_rested":1,"item_purchase_floors":[11],"current_hp_per_floor":[63,56,56,56,47,47,23,23,23,17,78,78,78,83,83,53,76,74,74,74,50,35,35,6,6,6,32,17,0,0],"gold":105,"neow_bonus":"ONE_RANDOM_RARE_CARD","is_daily":false,"chose_seed":false,"campfire_upgraded":5,"win_rate":0.0,"timestamp":1613893617,"path_taken":["M","?","M","M","M","R","M","R","T","M","$","R","?","E","R","BOSS","M","?","M","?","M","R","M","?","T","R","M","E"],"items_purchased_type":["Relic"],"build_version":"2020-12-22","purchased_purges":0,"victory":false,"max_hp_per_floor":[71,71,71,71,71,71,71,71,71,71,78,78,78,83,83,83,83,83,83,83,88,88,88,88,88,88,88,88,88,88],"card_choices":[{"not_picked":["Stack","Barrage"],"picked":"Beam Cell","floor":1},{"not_picked":["Compile Driver","Sweeping Beam"],"picked":"Rip and Tear","floor":3},{"not_picked":["Compile Driver","Rip and Tear"],"picked":"Go for the Eyes","floor":4},{"not_picked":["Hologram","Hello World"],"picked":"Consume","floor":5},{"not_picked":["Reboot","Storm"],"picked":"Ball Lightning","floor":7},{"not_picked":["Skim","Stack","Streamline"],"picked":"SKIP","floor":10},{"not_picked":["Gash","Sweeping Beam"],"picked":"Rainbow","floor":14},{"not_picked":["Biased Cognition","Buffer"],"picked":"Electrodynamics","floor":16},{"not_picked":["Reprogram","Blizzard"],"picked":"Cold Snap","floor":18},{"not_picked":["Barrage","Reinforced Body","Compile Driver"],"picked":"SKIP","floor":20},{"not_picked":["Auto Shields","Reprogram"],"picked":"Genetic Algorithm","floor":22},{"not_picked":["Barrage","FTL","Compile Driver"],"picked":"SKIP","floor":24},{"not_picked":["Steam","Redo"],"picked":"Conserve Battery+1","floor":28}],"player_experience":1640388,"relics_obtained":[{"floor":9,"key":"InkBottle"},{"floor":14,"key":"Blue Candle"},{"floor":26,"key":"Bag of Marbles"}],"event_choices":[{"cards_removed":["Strike_B"],"damage_healed":0,"gold_gain":0,"player_choice":"Card Removal","damage_taken":7,"max_hp_gain":0,"max_hp_loss":0,"event_name":"Golden Wing","floor":2,"gold_loss":0},{"damage_healed":0,"gold_gain":0,"cards_transformed":["Strike_B"],"player_choice":"Change","damage_taken":0,"max_hp_gain":0,"max_hp_loss":0,"event_name":"Living Wall","floor":13,"gold_loss":0,"cards_obtained":["Gash"]},{"cards_removed":["Strike_B"],"damage_healed":0,"gold_gain":0,"player_choice":"Gave Gold","damage_taken":0,"max_hp_gain":0,"max_hp_loss":0,"event_name":"Beggar","floor":19,"gold_loss":75},{"damage_healed":0,"gold_gain":0,"player_choice":"Shed Blood","damage_taken":29,"max_hp_gain":5,"max_hp_loss":0,"event_name":"Forgotten Altar","floor":21,"gold_loss":0},{"damage_healed":0,"gold_gain":0,"cards_transformed":["Defend_B"],"player_choice":"Transformed","damage_taken":0,"max_hp_gain":0,"max_hp_loss":0,"event_name":"Transmorgrifier","floor":25,"gold_loss":0,"cards_obtained":["Steam Power"]}],"is_beta":false,"boss_relics":[{"not_picked":["Ectoplasm","Busted Crown"],"picked":"Sozu"}],"items_purged_floors":[],"is_endless":false,"potions_floor_spawned":[3,10,14,20,28],"killed_by":"Book of Stabbing","ascension_level":20}}