{"host":"ztzf20fs6w35ztzf","time":1613919710,"event":{"mods":["AchievementEnabler","AlwaysNeverKeys","BaseMod","BetterRewards","Colored Powertips","DeckTracker","Downfall","Grow up Mod","Lobotomy","Minty Spire (QoL Compilation)","Rare Cards Sparkle","Remove Card Discount Mod","Replay The Spire","StSLib","SuperFastMode"],"gold_per_floor":[116,131,145,137,156,183,132,165,165,190,190,218,218,234,234,234,234],"floor_reached":16,"language":"ENG","playtime":541,"items_purged":["Defend_R","Defend_R","Defend_R","Defend_R"],"score":272,"play_id":"955e40c9-dd3d-42e5-88c2-a1941d00f5e5","local_time":"20210221230150","is_ascension_mode":true,"campfire_choices":[{"data":"Armaments","floor":11,"key":"SMITH"},{"data":"Life Link","floor":13,"key":"SMITH"},{"floor":15,"key":"DIG"}],"circlet_count":0,"master_deck":["AscendersBane","Strike_R","Strike_R","Strike_R","Strike_R","Strike_R","Bash","BlackArmy","Perfected Strike","GreedKing","Life Link","Laetitia","Thunderclap","LongBird","Alriune","Uppercut","Armaments+1","Scorched","Life Link+1","CherryBlossoms","Uppercut","FieryBird","Perfected Strike","OldLady"],"relics":["Burning Blood","CogitoBucket","Replay:Rubber Ducky","Replay:Bottled Steam","Garlic","Golden Egg","Odd Mushroom","SkinProphecy","Ornamental Fan"],"acts_visited":["Exordium"],"potions_floor_usage":[],"damage_taken":[{"damage":12,"enemies":"Cultist","floor":1,"turns":4},{"damage":10,"enemies":"Small Slimes","floor":2,"turns":3},{"damage":9,"enemies":"Jaw Worm","floor":3,"turns":3},{"damage":28,"enemies":"Exordium Thugs","floor":5,"turns":4},{"damage":52,"enemies":"Lagavulin","floor":6,"turns":4},{"damage":26,"enemies":"Gremlin Nob","floor":8,"turns":4},{"damage":30,"enemies":"3 Sentries","floor":10,"turns":4},{"damage":0,"enemies":"The Mushroom Lair","floor":12,"turns":1},{"damage":0,"enemies":"Lots of Slimes","floor":14,"turns":1},{"damage":128,"enemies":"Hexaghost","floor":16,"turns":5}],"seed_played":"-2697098311268979776","potions_obtained":[{"floor":2,"key":"Explosive Potion"},{"floor":3,"key":"sneckomod:MuddlingPotion"}],"is_trial":false,"path_per_floor":["M","M","M","$","M","E","$","E","T","E","R","?","R","M","R","B"],"character_chosen":"IRONCLAD","items_purchased":["Armaments"],"campfire_rested":0,"item_purchase_floors":[7],"current_hp_per_floor":[82,88,97,107,97,62,72,64,74,61,71,87,97,113,123,0,0],"gold":234,"neow_bonus":"","is_daily":false,"chose_seed":false,"campfire_upgraded":2,"win_rate":0.0,"timestamp":1613919710,"path_taken":["M","M","?","?","M","E","$","E","T","E","R","?","R","M","R","BOSS"],"items_purchased_type":["Card"],"build_version":"2020-12-22","purchased_purges":4,"victory":false,"max_hp_per_floor":[95,105,115,125,135,145,155,165,175,185,195,205,215,225,235,237,237],"card_choices":[{"not_picked":["LittleHelper","BeautyBeast"],"picked":"BlackArmy","floor":1},{"not_picked":["Burning Pact","ReplayTheSpireMod:Strike From Hell"],"picked":"Perfected Strike","floor":1},{"not_picked":["Scorched","PunishingBird"],"picked":"GreedKing","floor":2},{"not_picked":["Sword Boomerang","Heavy Blade"],"picked":"Life Link","floor":2},{"not_picked":["NakedNest","Rudolta"],"picked":"Laetitia","floor":3},{"not_picked":["Iron Wave","Wild Strike"],"picked":"Thunderclap","floor":3},{"not_picked":["Murderer","MHz"],"picked":"LongBird","floor":5},{"not_picked":["Sentinel","Reaper","Replay:Undeath\u0027s Touch"],"picked":"SKIP","floor":5},{"not_picked":["BeautyBeast","Bloodbath"],"picked":"Alriune","floor":6},{"not_picked":["ReplayTheSpireMod:Limb From Limb","Sword Boomerang"],"picked":"Uppercut","floor":6},{"not_picked":["Variant","CherryBlossoms"],"picked":"Scorched","floor":8},{"not_picked":["Pommel Strike","Headbutt"],"picked":"Life Link","floor":8},{"not_picked":["UniverseFragment","ShyLook"],"picked":"CherryBlossoms","floor":10},{"not_picked":["Run Through","Headbutt"],"picked":"Uppercut","floor":10},{"not_picked":["ShyLook","CrumblingArmor"],"picked":"FieryBird","floor":12},{"not_picked":["Dropkick","Massacre"],"picked":"Perfected Strike","floor":12},{"not_picked":["MeatLantern","PunishingBird"],"picked":"OldLady","floor":14},{"not_picked":["ReplayReversal","Armaments","Metallicize"],"picked":"SKIP","floor":14},{"not_picked":["ReplayReversal","Armaments","Metallicize"],"picked":"SKIP","floor":14}],"player_experience":149899,"relics_obtained":[{"floor":6,"key":"Replay:Rubber Ducky"},{"floor":8,"key":"Replay:Bottled Steam"},{"floor":9,"key":"Garlic"},{"floor":10,"key":"Golden Egg"},{"floor":12,"key":"Odd Mushroom"},{"floor":15,"key":"Ornamental Fan"}],"event_choices":[{"damage_healed":0,"gold_gain":0,"player_choice":"Fought Mushrooms","damage_taken":0,"max_hp_gain":0,"max_hp_loss":0,"event_name":"Mushrooms","floor":12,"gold_loss":0}],"is_beta":false,"boss_relics":[],"items_purged_floors":[4,4,4,4],"is_endless":false,"potions_floor_spawned":[2,3,6,10],"killed_by":"Hexaghost","ascension_level":17}}