{"host":"gm50ke85n5jz306u","time":1613912987,"event":{"mods":["AchievementEnabler","AlwaysNeverKeys","Aspiration","BaseMod","Bestiary","Better Altar","Better Match","Better Note","Better Sensory Stone","Better Skull","Better Third Choice","Better Vampires","Better-Laid Plans","BetterRewards","Colored Powertips","Curses Come First","DNKmod","Defuse TimeMaze Blight","Disable Question Mark Monsters","Displayed Cursed Tome","Downfall","Emptier Cage","Extra Virgin Snecko Oil","Filter the Spire","Friendly Minions","Gremlin Skip","Hermit","Hubris","Hyrulean Relics","Ironclad Rager","Jorbs\u0027s Wanderer Trilogy","Koishi","Lobotomy","Marisa????????","Marked Mod","Minty Spire (QoL Compilation)","Permanent Neow","Poor People Problems","Quick Restart","Reimu??????","Relic Filter Mod","Relic Sorter","Remilia??????","Remove Card Discount Mod","Reorder Act Four","Replay The Spire","Shop Mod","StSLib","Synergy Search","Td1madao Mod","The Administrix","The Animator","The Blue Laboratory","The Bug Knight","The Construct","The Cursed","The Disciple","The Hierophant","The Necromancer","The Poker Player","The Runesmith","The Senshi","The Servant 0.9.4","Thieving Mod","Transform Curses","WarShipGirlsR/????R mod","Youmu??????"],"gold_per_floor":[10016,10016,10016,10036,10051,10086,9155,9155,9182,9182,9193,9193,9193,9193,9193,9293,9293,9307,9318,9318,9318,8874,8874,8902,8902,8976,8990,9001,8155,8168,7466,7466,7561,7561,7578,7578,7082,7082,7098,7098,7113,7113,7113,7113,7113,6351,6371,6381,6381,6381],"floor_reached":51,"language":"ENG","playtime":5109,"items_purged":["MasterSpark","Strike_MRS","Strike_MRS","Strike_MRS","Strike_MRS","JA","Defend_MRS","DC","DC+1","MilkyWay"],"score":718,"play_id":"39bfd770-bc39-4eb9-9612-d507199c2f1e","local_time":"20210221140947","is_ascension_mode":false,"campfire_choices":[{"data":"Dramatic Entrance","floor":8.0,"key":"SMITH"},{"data":"FairyDestructionRay","floor":10.0,"key":"SMITH"},{"data":"MilkyWay","floor":13.0,"key":"SMITH"},{"data":"MagicChant","floor":23.0,"key":"SMITH"},{"data":"NonDirectionalLaser","floor":25.0,"key":"SMITH"},{"floor":32.0,"key":"REST"},{"data":"SprinkleStarSeal","floor":40.0,"key":"SMITH"},{"data":"PowerUp","floor":44.0,"key":"SMITH"},{"data":"BinaryStars","floor":49,"key":"SMITH"}],"circlet_count":0,"master_deck":["Defend_MRS","Defend_MRS","Defend_MRS","SporeBomb","FairyDestructionRay+1","Dramatic Entrance+1","MilkyWay+1","EnergyFlow+1","Acceleration+1","MagicChant+1","NonDirectionalLaser+1","DeepEcoloBomb+1","PowerUp+1","NonDirectionalLaser+1","Finesse","SprinkleStarSeal+1","PulseMagic+1","EnergyFlow+1","MilkyWay+1","AlicesGift+1","BinaryStars+1","DarkMatter+1"],"relics":["MiniHakkero","Shuriken","Kunai","Nunchaku","InkBottle","Happy Flower","aspiration:WatcherSkillbook","MerchantsRug","Molten Egg 2","Frozen Egg 2","Toy Ornithopter","TheAbacus","Blood Vial","Orichalcum","Bird Faced Urn","hubris:SlimyHat","aspiration:StickyExplosives_weak","Matryoshka","Medical Kit","hubris:MedicalManual","Bottled Flame","hubris:EmptyBottle","Gremlin Food","ReplayTheSpireMod:Shallot","SimpleLauncher","Pet Ghost","Sling","Pear"],"acts_visited":["Exordium","TheCity","TheBeyond"],"potions_floor_usage":[],"damage_taken":[{"damage":1.0,"enemies":"Jaw Worm","floor":1.0,"turns":3.0},{"damage":0.0,"enemies":"Small Slimes","floor":4.0,"turns":2.0},{"damage":0.0,"enemies":"Cultist","floor":5.0,"turns":2.0},{"damage":31.0,"enemies":"Lagavulin","floor":6.0,"turns":7.0},{"damage":10.0,"enemies":"Exordium Thugs","floor":11.0,"turns":2.0},{"damage":16.0,"enemies":"Fading Forest","floor":16.0,"turns":11.0},{"damage":4.0,"enemies":"Chosen","floor":18.0,"turns":4.0},{"damage":0.0,"enemies":"3 Byrds","floor":19.0,"turns":2.0},{"damage":19.0,"enemies":"Replay:Snechameleon","floor":24.0,"turns":4.0},{"damage":6.0,"enemies":"Cultist and Chosen","floor":27.0,"turns":3.0},{"damage":9.0,"enemies":"Snecko","floor":28.0,"turns":4.0},{"damage":13.0,"enemies":"Shelled Parasite and Fungi","floor":30.0,"turns":4.0},{"damage":8.0,"enemies":"Automaton","floor":33.0,"turns":6.0},{"damage":5.0,"enemies":"3 Shapes","floor":35.0,"turns":3.0},{"damage":6.0,"enemies":"3 Darklings","floor":39.0,"turns":3.0},{"damage":9.0,"enemies":"Maw","floor":41.0,"turns":5.0},{"damage":0.0,"enemies":"R_Hoarder","floor":42.0,"turns":2.0},{"damage":0,"enemies":"Sphere and 2 Shapes","floor":47,"turns":1},{"damage":9,"enemies":"4 Shapes","floor":48,"turns":3},{"damage":33,"enemies":"Donu and Deca","floor":50,"turns":6}],"seed_played":"4389356527659804943","potions_obtained":[{"floor":1.0,"key":"blueLaboratory:EnragingPotion"},{"floor":47,"key":"blueLaboratory:HorrorPotion"}],"is_trial":false,"path_per_floor":["M","?","?","M","M","E","$","R","T","R","M","T","R","?","R","B",null,"M","M","T","?","$","R","E","R","T","M","M","$","M","$","R","B",null,"M","?","$","?","M","R","M","E","T","R","?","$","M","M","R","B",null],"character_chosen":"MARISA","items_purchased":["Frozen Egg 2","MerchantsRug","InkBottle","TheAbacus","EnergyFlow+1","SmokeBomb","NonDirectionalLaser","hubris:SlimyHat","aspiration:StickyExplosives_weak","Medical Kit","hubris:MedicalManual","MilkyWay","Bottled Flame","Flashbang","Molten Egg 2","PowerUp","DC+1","hubris:EmptyBottle","Gremlin Food","LiquidMemories","ReplayTheSpireMod:Shallot","SimpleLauncher","Finesse","EnergyFlow+1","Sling","Nunchaku","Pear","MilkyWay+1","AlicesGift+1"],"campfire_rested":1,"item_purchase_floors":[7,7,7,7,7,7,22,22,22,29,29,29,29,29,31,31,31,31,31,31,37,37,37,46,46,46,46,46,46],"current_hp_per_floor":[74,74,74,74,74,43,43,43,43,43,35,35,35,28,50,60,75,71,73,73,73,73,73,56,56,56,54,47,47,38,38,60,56,75,70,70,70,70,65,65,60,67,67,67,67,77,81,74,74,47],"gold":6381,"neow_bonus":"THREE_CARDS","is_daily":false,"chose_seed":false,"campfire_upgraded":8,"win_rate":0.0,"timestamp":1613912987,"path_taken":["M","?","?","?","M","E","$","R","T","R","M","?","R","?","R","BOSS","M","M","?","?","$","R","E","R","T","M","M","$","?","?","R","BOSS","M","?","$","?","M","R","M","E","T","R","?","$","M","?","R","BOSS"],"items_purchased_type":["Relic","Relic","Relic","Relic","Card","Potion","Card","Relic","Relic","Relic","Relic","Card","Relic","Potion","Relic","Card","Card","Relic","Relic","Potion","Relic","Relic","Card","Card","Relic","Relic","Relic","Card","Card"],"build_version":"2020-12-22","purchased_purges":10,"victory":true,"max_hp_per_floor":[75,75,75,75,75,75,75,75,75,75,75,75,75,75,75,75,75,75,75,75,75,75,75,75,75,75,75,75,75,75,75,75,75,75,75,71,71,71,71,71,71,71,71,71,71,81,81,81,81,81],"card_choices":[{"not_picked":["IllusionStar","DarkSpark"],"picked":"SporeBomb","floor":0.0},{"not_picked":["GravityBeat","DarkSpark"],"picked":"FairyDestructionRay","floor":1.0},{"not_picked":["hubris:EnhanceAbility","Bandage Up"],"picked":"Dramatic Entrance","floor":2.0},{"not_picked":["ShootingEcho","SporeBomb"],"picked":"DC","floor":4.0},{"not_picked":["GravityBeat","SporeBomb"],"picked":"MilkyWay","floor":5.0},{"not_picked":["IllusionStar","SporeBomb","GravityBeat"],"picked":"SKIP","floor":6.0},{"not_picked":["SuperPerseids","GrandCross"],"picked":"Acceleration","floor":11.0},{"not_picked":["BigCrunch","CollectingQuirk"],"picked":"JA","floor":16.0},{"not_picked":["MeteoricShower+1","StarlightTyphoon","MysteriousBeam","IllusionStar"],"picked":"SKIP","floor":18.0},{"not_picked":["AsteroidBelt","GravityBeat","6A"],"picked":"MagicChant","floor":19.0},{"not_picked":["EnergyRecoil","SuperPerseids","Orbital+1"],"picked":"DeepEcoloBomb","floor":24.0},{"not_picked":["DragonMeteor","EventHorizon+1","DC","OpenUniverse"],"picked":"SKIP","floor":27.0},{"not_picked":["LuminesStrike","DarkMatter","AsteroidBelt","OrrerysSun+1"],"picked":"SKIP","floor":28.0},{"not_picked":["WitchLeyline","EarthLightRay+1","Acceleration","GrandCross"],"picked":"SKIP","floor":30.0},{"not_picked":["IllusionStar+1","Acceleration+1","StarlightTyphoon"],"picked":"NonDirectionalLaser+1","floor":35.0},{"not_picked":["LuminesStrike+1","UnstableBomb+1","GravityBeat+1","NonDirectionalLaser+1"],"picked":"SKIP","floor":39.0},{"not_picked":["6A+1","EarthLightRay","MysteriousBeam+1"],"picked":"PulseMagic+1","floor":41.0},{"not_picked":["DeepEcoloBomb+1","DragonMeteor+1","Acceleration+1"],"picked":"BinaryStars","floor":47},{"not_picked":["DoubleSpark+1","OneTimeOff+1","MysteriousBeam+1"],"picked":"DarkMatter+1","floor":48}],"player_experience":347997,"relics_obtained":[{"floor":6.0,"key":"Toy Ornithopter"},{"floor":9.0,"key":"Blood Vial"},{"floor":12.0,"key":"Orichalcum"},{"floor":20.0,"key":"Bird Faced Urn"},{"floor":24.0,"key":"Shuriken"},{"floor":26.0,"key":"Matryoshka"},{"floor":43.0,"key":"Happy Flower"},{"floor":43.0,"key":"Pet Ghost"}],"event_choices":[{"damage_healed":0.0,"max_hp_gain":0.0,"max_hp_loss":0.0,"gold_gain":1.0,"event_name":"betterStone:BetterStone","player_choice":"1","floor":2.0,"gold_loss":0.0,"damage_taken":0.0},{"damage_healed":0.0,"max_hp_gain":0.0,"max_hp_loss":0.0,"gold_gain":0.0,"event_name":"Wheel of Change","player_choice":"Damaged","floor":14.0,"gold_loss":0.0,"damage_taken":7.0},{"damage_healed":0.0,"max_hp_gain":0.0,"max_hp_loss":0.0,"gold_gain":0.0,"event_name":"betterNote:BetterNote","player_choice":"Ignored","floor":21.0,"gold_loss":0.0,"damage_taken":0.0,"cards_obtained":["Mayhem"]},{"damage_healed":0.0,"max_hp_gain":0.0,"max_hp_loss":4.0,"gold_gain":0.0,"event_name":"Winding Halls","player_choice":"Max HP","floor":36.0,"gold_loss":0.0,"damage_taken":0.0},{"cards_removed":["UpSweep"],"damage_healed":0,"gold_gain":0,"player_choice":"Removed Attack","damage_taken":0,"max_hp_gain":0,"max_hp_loss":0,"event_name":"Falling","floor":45,"gold_loss":0}],"is_beta":false,"boss_relics":[{"not_picked":["Runic Pyramid","Ring of Chaos"],"picked":"aspiration:WatcherSkillbook"},{"not_picked":["hubris:GrandSneckoEye","Calling Bell"],"picked":"hubris:Backtick"}],"items_purged_floors":[7,7,22,22,22,29,29,31,37,46],"is_endless":false,"potions_floor_spawned":[1,30,33,35,39,47],"ascension_level":0}}