{"host":"x3q4ieql2tr7v8o6","time":1613924044,"event":{"mods":["BaseMod","Bestiary","Better Altar","Better Match","Better Note","Better Sensory Stone","Better Skull","Better Third Choice","Colored Map","Colored Powertips","Curses Come First","Minty Spire (QoL Compilation)","StSLib"],"gold_per_floor":[116,61,61,17,17,17,37,37,37,56,56,81,81,92,92,163,163,183,72,72,246,36,55,73,102,102,102,21,31,31,55,55,128,128,142,142,142,1,17,17,46,66,66,66,94,94,94,130,130,130,130],"floor_reached":50,"language":"ENG","playtime":1628,"items_purged":[],"score":970,"play_id":"ff9fc5b7-20d3-4768-be98-40740295b99d","local_time":"20210221161404","is_ascension_mode":true,"campfire_choices":[{"data":"Shockwave","floor":6.0,"key":"SMITH"},{"floor":8.0,"key":"REST"},{"data":"Infernal Blade","floor":13.0,"key":"SMITH"},{"data":"Flame Barrier","floor":15.0,"key":"SMITH"},{"floor":27.0,"key":"REST"},{"floor":30.0,"key":"REST"},{"data":"Barricade","floor":32.0,"key":"SMITH"},{"data":"Armaments","floor":40.0,"key":"SMITH"},{"data":"Shrug It Off","floor":44.0,"key":"SMITH"},{"floor":47.0,"key":"REST"},{"data":"Body Slam","floor":49.0,"key":"SMITH"}],"circlet_count":0,"master_deck":["AscendersBane","Strike_R","Strike_R","Strike_R","Strike_R","Strike_R","Defend_R","Defend_R","Defend_R","Defend_R","Bash","Sadistic Nature","Headbutt","Shrug It Off+1","Shockwave+1","Infernal Blade+1","Body Slam+1","Inflame","Flame Barrier+1","Barricade+1","Heavy Blade","Feel No Pain","Havoc","Armaments+1","Feel No Pain","Blood for Blood","Pommel Strike","Double Tap","Flex","Battle Trance","Shrug It Off","Rupture","Armaments+1","Body Slam+1"],"relics":["Burning Blood","Boot","Busted Crown","PreservedInsect","Happy Flower","Pantograph","Omamori","Cursed Key","Bronze Scales","Darkstone Periapt","CeramicFish","FossilizedHelix"],"acts_visited":["Exordium","TheCity","TheBeyond"],"potions_floor_usage":[50],"damage_taken":[{"damage":12.0,"enemies":"Jaw Worm","floor":1.0,"turns":4.0},{"damage":0.0,"enemies":"Cultist","floor":7.0,"turns":4.0},{"damage":10.0,"enemies":"2 Louse","floor":10.0,"turns":3.0},{"damage":9.0,"enemies":"3 Sentries","floor":12.0,"turns":5.0},{"damage":11.0,"enemies":"Red Slaver","floor":14.0,"turns":3.0},{"damage":36.0,"enemies":"Slime Boss","floor":16.0,"turns":9.0},{"damage":0.0,"enemies":"Chosen","floor":18.0,"turns":4.0},{"damage":19.0,"enemies":"Spheric Guardian","floor":23.0,"turns":6.0},{"damage":14.0,"enemies":"Snake Plant","floor":24.0,"turns":4.0},{"damage":43.0,"enemies":"Book of Stabbing","floor":25.0,"turns":6.0},{"damage":18.0,"enemies":"3 Cultists","floor":29.0,"turns":6.0},{"damage":35.0,"enemies":"Champ","floor":33.0,"turns":17.0},{"damage":5.0,"enemies":"3 Darklings","floor":35.0,"turns":6.0},{"damage":5.0,"enemies":"3 Shapes","floor":39.0,"turns":7.0},{"damage":9.0,"enemies":"Reptomancer","floor":41.0,"turns":4.0},{"damage":18.0,"enemies":"Jaw Worm Horde","floor":42.0,"turns":3.0},{"damage":38.0,"enemies":"Maw","floor":45.0,"turns":8.0},{"damage":5.0,"enemies":"Nemesis","floor":48.0,"turns":5.0},{"damage":81,"enemies":"Time Eater","floor":50,"turns":9}],"seed_played":"-944609061131133819","potions_obtained":[{"floor":5.0,"key":"FairyPotion"},{"floor":5.0,"key":"DuplicationPotion"},{"floor":12.0,"key":"Energy Potion"},{"floor":16.0,"key":"Block Potion"},{"floor":18.0,"key":"Block Potion"},{"floor":24.0,"key":"ElixirPotion"},{"floor":33.0,"key":"Explosive Potion"},{"floor":45.0,"key":"Block Potion"}],"is_trial":false,"path_per_floor":["M","$","?","$","?","R","M","R","T","M","?","E","R","M","R","B",null,"M","$","?","?","$","M","M","E","T","R","$","M","R","T","R","B",null,"M","?","?","$","M","R","E","M","T","R","M","?","R","E","R","B"],"character_chosen":"IRONCLAD","items_purchased":["Shrug It Off","Shockwave","Feel No Pain","Havoc","Feel No Pain","PreservedInsect","Regen Potion","Battle Trance","Shrug It Off","ColorlessPotion"],"campfire_rested":4,"item_purchase_floors":[2,4,19,19,22,22,28,38,38,38],"current_hp_per_floor":[44,44,40,40,40,40,46,68,68,64,64,61,61,56,56,26,63,69,69,69,49,49,36,28,20,20,42,42,45,67,67,67,46,68,69,69,69,69,70,70,67,55,55,55,23,38,60,61,61,0,0],"gold":130,"neow_bonus":"RANDOM_COLORLESS_2","is_daily":false,"chose_seed":false,"campfire_upgraded":7,"win_rate":0.0,"timestamp":1613924044,"path_taken":["M","$","?","?","?","R","?","R","T","M","?","E","R","M","R","BOSS","M","$","?","?","$","M","?","E","T","R","$","M","R","?","R","BOSS","M","?","?","$","M","R","E","?","T","R","?","?","R","E","R","BOSS"],"items_purchased_type":["Card","Card","Card","Card","Card","Relic","Potion","Card","Card","Potion"],"build_version":"2020-12-22","purchased_purges":0,"victory":false,"max_hp_per_floor":[75,75,75,75,75,75,75,75,75,75,75,75,75,75,75,75,75,75,75,75,75,75,75,75,75,75,75,75,75,75,75,75,75,75,75,75,75,75,75,75,75,75,75,75,75,75,75,75,75,75,75],"card_choices":[{"not_picked":["Secret Weapon","Secret Technique"],"picked":"Sadistic Nature","floor":0.0},{"not_picked":["Intimidate","Iron Wave"],"picked":"Headbutt","floor":1.0},{"not_picked":["Thunderclap","Heavy Blade"],"picked":"Infernal Blade","floor":7.0},{"not_picked":["Thunderclap","Pommel Strike"],"picked":"Body Slam","floor":10.0},{"not_picked":["Heavy Blade","Evolve"],"picked":"Inflame","floor":12.0},{"not_picked":["Metallicize","Fire Breathing"],"picked":"Flame Barrier","floor":14.0},{"not_picked":["Double Tap","Feed"],"picked":"Barricade","floor":16.0},{"not_picked":[],"picked":"Heavy Blade","floor":18.0},{"not_picked":["Reckless Charge"],"picked":"SKIP","floor":23.0},{"not_picked":[],"picked":"Blood for Blood","floor":24.0},{"not_picked":["Bloodletting+1"],"picked":"SKIP","floor":25.0},{"not_picked":[],"picked":"Pommel Strike","floor":29.0},{"not_picked":[],"picked":"Double Tap","floor":33.0},{"not_picked":[],"picked":"Flex","floor":35.0},{"not_picked":["Sword Boomerang"],"picked":"SKIP","floor":39.0},{"not_picked":["Carnage"],"picked":"SKIP","floor":41.0},{"not_picked":[],"picked":"Rupture","floor":42.0},{"not_picked":[],"picked":"Armaments+1","floor":45.0},{"not_picked":[],"picked":"Body Slam","floor":48.0}],"player_experience":746897,"relics_obtained":[{"floor":9.0,"key":"Boot"},{"floor":25.0,"key":"Happy Flower"},{"floor":26.0,"key":"Pantograph"},{"floor":31.0,"key":"Omamori"},{"floor":37.0,"key":"Bronze Scales"},{"floor":41.0,"key":"Darkstone Periapt"},{"floor":43.0,"key":"CeramicFish"},{"floor":48.0,"key":"FossilizedHelix"}],"event_choices":[{"damage_healed":0.0,"max_hp_gain":0.0,"max_hp_loss":0.0,"gold_gain":0.0,"event_name":"The Woman in Blue","player_choice":"Bought 0 Potions","floor":3.0,"gold_loss":0.0,"damage_taken":0.0},{"damage_healed":0.0,"max_hp_gain":0.0,"max_hp_loss":0.0,"gold_gain":0.0,"event_name":"Lab","player_choice":"Got Potions","floor":5.0,"gold_loss":0.0,"damage_taken":0.0},{"damage_healed":0.0,"max_hp_gain":0.0,"max_hp_loss":0.0,"gold_gain":0.0,"event_name":"Living Wall","player_choice":"Grow","floor":11.0,"gold_loss":0.0,"damage_taken":0.0,"cards_upgraded":["Body Slam"]},{"damage_healed":0.0,"max_hp_gain":0.0,"max_hp_loss":0.0,"gold_gain":0.0,"event_name":"The Library","player_choice":"Read","floor":20.0,"gold_loss":0.0,"damage_taken":0.0,"cards_obtained":["Armaments"]},{"damage_healed":0.0,"max_hp_gain":0.0,"max_hp_loss":0.0,"gold_gain":174.0,"event_name":"betterSkull:BetterSkull","player_choice":"GO GO ","floor":21.0,"gold_loss":0.0,"damage_taken":22.0,"cards_upgraded":[],"relics_obtained":[]},{"damage_healed":0.0,"max_hp_gain":0.0,"max_hp_loss":0.0,"gold_gain":0.0,"event_name":"Mysterious Sphere","player_choice":"Ignored","floor":36.0,"gold_loss":0.0,"damage_taken":0.0},{"damage_healed":0.0,"max_hp_gain":0.0,"max_hp_loss":0.0,"gold_gain":0.0,"event_name":"Wheel of Change","player_choice":"Relic","floor":37.0,"gold_loss":0.0,"damage_taken":0.0},{"damage_healed":15.0,"max_hp_gain":0.0,"max_hp_loss":0.0,"gold_gain":0.0,"event_name":"Winding Halls","player_choice":"Writhe","floor":46.0,"gold_loss":0.0,"damage_taken":0.0,"cards_obtained":["Writhe"]}],"is_beta":false,"boss_relics":[{"not_picked":["Tiny House","Ectoplasm"],"picked":"Busted Crown"},{"not_picked":["Mark of Pain","Empty Cage"],"picked":"Cursed Key"}],"items_purged_floors":[],"is_endless":false,"potions_floor_spawned":[7,12,16,18,24,33,39,45],"killed_by":"Time Eater","ascension_level":16}}