{"host":"d8rriawq55pp7qsq","time":1613950354,"event":{"mods":["AchievementEnabler","BaseMod","Minty Spire (QoL Compilation)"],"gold_per_floor":[115,135,135,135,152,186,186,200,200,219,219,238,258,275,275,374,374,354,364,7,26,26,26,26,26,26,60,80,107,32,52,52,150,150,163,0,0,0,0],"floor_reached":38,"language":"ENG","playtime":8410,"items_purged":["Strike_R"],"score":614,"play_id":"1fd760c4-b810-401e-a623-ed065e958796","local_time":"20210221183234","is_ascension_mode":true,"campfire_choices":[{"data":"Feed","floor":7,"key":"SMITH"},{"floor":15,"key":"REST"},{"floor":23,"key":"REST"},{"data":"Inflame","floor":25,"key":"SMITH"},{"floor":32,"key":"REST"}],"circlet_count":0,"master_deck":["Strike_R+1","Strike_R+1","Strike_R","Defend_R","Defend_R","Defend_R","Bash","Sword Boomerang","Feed+1","Hemokinesis","Disarm","Rage+1","Shrug It Off","Pommel Strike","Uppercut","Anger","Inflame+1","Thunderclap","Armaments","Flame Barrier","Demon Form","Secret Technique"],"relics":["Black Blood","Paper Frog","Singing Bowl","Sundial","Black Star","Bronze Scales","Sling","Eternal Feather","Lizard Tail","Akabeko","Dream Catcher","Ancient Tea Set","Red Mask"],"acts_visited":["Exordium","TheCity","TheBeyond"],"potions_floor_usage":[22,29,29,29],"damage_taken":[{"damage":3,"enemies":"2 Louse","floor":1,"turns":4},{"damage":2,"enemies":"Small Slimes","floor":2,"turns":4},{"damage":0,"enemies":"Cultist","floor":5,"turns":2},{"damage":34,"enemies":"3 Sentries","floor":6,"turns":8},{"damage":11,"enemies":"Red Slaver","floor":8,"turns":3},{"damage":21,"enemies":"Large Slime","floor":10,"turns":7},{"damage":2,"enemies":"Exordium Wildlife","floor":12,"turns":3},{"damage":9,"enemies":"Blue Slaver","floor":13,"turns":3},{"damage":1,"enemies":"3 Louse","floor":14,"turns":8},{"damage":33,"enemies":"The Guardian","floor":16,"turns":11},{"damage":18,"enemies":"2 Thieves","floor":18,"turns":4},{"damage":12,"enemies":"3 Byrds","floor":19,"turns":8},{"damage":41,"enemies":"Shelled Parasite and Fungi","floor":21,"turns":5},{"damage":28,"enemies":"Gremlin Leader","floor":27,"turns":6},{"damage":25,"enemies":"Snake Plant","floor":28,"turns":4},{"damage":5,"enemies":"Slavers","floor":29,"turns":4},{"damage":29,"enemies":"3 Cultists","floor":31,"turns":5},{"damage":113,"enemies":"Automaton","floor":33,"turns":11},{"damage":15,"enemies":"Orb Walker","floor":35,"turns":3},{"damage":91,"enemies":"2 Orb Walkers","floor":38,"turns":5}],"seed_played":"5514784554331312903","potions_obtained":[{"floor":2,"key":"LiquidMemories"},{"floor":6,"key":"Fire Potion"},{"floor":10,"key":"Swift Potion"},{"floor":13,"key":"PowerPotion"},{"floor":19,"key":"BloodPotion"},{"floor":28,"key":"Fire Potion"}],"is_trial":false,"path_per_floor":["M","M","?","?","M","E","R","M","T","M","?","M","M","M","R","B",null,"M","M","$","M","?","R","?","R","T","E","M","E","$","M","R","B",null,"M","?","?","?"],"character_chosen":"IRONCLAD","items_purchased":["Bronze Scales","Sling","Inflame"],"campfire_rested":3,"item_purchase_floors":[20,20,20],"current_hp_per_floor":[72,72,58,55,61,33,33,28,28,13,13,21,24,33,58,33,74,64,62,62,33,34,65,65,65,65,43,30,31,31,10,52,8,87,90,90,90,0,0],"gold":0,"neow_bonus":"REMOVE_TWO","is_daily":false,"chose_seed":false,"campfire_upgraded":2,"win_rate":0.0,"timestamp":1613950354,"path_taken":["M","M","?","?","M","E","R","M","T","M","?","M","M","?","R","BOSS","M","M","$","M","?","R","?","R","T","E","M","E","?","M","R","BOSS","M","?","?","?"],"items_purchased_type":["Relic","Relic","Card"],"build_version":"2020-12-22","purchased_purges":1,"victory":false,"max_hp_per_floor":[72,72,72,72,72,72,72,72,72,72,72,76,82,86,86,88,88,90,94,94,100,105,105,105,105,105,105,111,111,111,113,113,113,113,119,119,119,119,119],"card_choices":[{"not_picked":["Clash","Warcry"],"picked":"Sword Boomerang","floor":1},{"not_picked":["Uppercut","Shrug It Off"],"picked":"Feed","floor":2},{"not_picked":["Entrench","Clothesline"],"picked":"Hemokinesis","floor":5},{"not_picked":["Fire Breathing","Iron Wave"],"picked":"Disarm","floor":6},{"not_picked":["Dark Embrace","Feel No Pain"],"picked":"Rage","floor":8},{"not_picked":["True Grit","Intimidate"],"picked":"Shrug It Off","floor":10},{"not_picked":["Power Through","Reckless Charge"],"picked":"Pommel Strike","floor":12},{"not_picked":["Body Slam","Searing Blow","Sword Boomerang"],"picked":"Singing Bowl","floor":13},{"not_picked":["Clothesline","Flex"],"picked":"Uppercut","floor":14},{"not_picked":["Barricade","Berserk","Corruption"],"picked":"Singing Bowl","floor":16},{"not_picked":["Sword Boomerang","Havoc","Heavy Blade"],"picked":"Singing Bowl","floor":18},{"not_picked":["Sentinel+1","Twin Strike"],"picked":"Anger","floor":19},{"not_picked":["Wild Strike","Second Wind","Juggernaut"],"picked":"Singing Bowl","floor":21},{"not_picked":["Second Wind","Armaments"],"picked":"Thunderclap","floor":27},{"not_picked":["Combust+1","Anger","Metallicize"],"picked":"Singing Bowl","floor":28},{"not_picked":["Sentinel","Bludgeon"],"picked":"Armaments","floor":29},{"not_picked":["Flex","Ghostly Armor","Pommel Strike"],"picked":"Singing Bowl","floor":31},{"not_picked":["Perfected Strike+1","Inflame"],"picked":"Flame Barrier","floor":32},{"not_picked":["Offering","Juggernaut"],"picked":"Demon Form","floor":33},{"not_picked":["Wild Strike","Rage","Shrug It Off"],"picked":"Singing Bowl","floor":35},{"not_picked":["HandOfGreed","Metamorphosis"],"picked":"Secret Technique","floor":37}],"player_experience":171665,"relics_obtained":[{"floor":6,"key":"Singing Bowl"},{"floor":9,"key":"Sundial"},{"floor":26,"key":"Eternal Feather"},{"floor":27,"key":"Lizard Tail"},{"floor":27,"key":"Akabeko"},{"floor":29,"key":"Dream Catcher"},{"floor":29,"key":"Ancient Tea Set"}],"event_choices":[{"damage_healed":0,"gold_gain":0,"player_choice":"Entered Light","damage_taken":14,"max_hp_gain":0,"max_hp_loss":0,"event_name":"Shining Light","floor":3,"gold_loss":0,"cards_upgraded":["Strike_R","Strike_R"]},{"damage_healed":0,"gold_gain":0,"player_choice":"Success","damage_taken":3,"relics_obtained":["Paper Frog"],"max_hp_gain":0,"max_hp_loss":0,"event_name":"Scrap Ooze","floor":4,"gold_loss":0},{"damage_healed":0,"gold_gain":0,"player_choice":"Upgraded","damage_taken":0,"max_hp_gain":0,"max_hp_loss":0,"event_name":"Upgrade Shrine","floor":11,"gold_loss":0,"cards_upgraded":["Rage"]},{"damage_healed":0,"gold_gain":0,"player_choice":"Shed Blood","damage_taken":25,"max_hp_gain":5,"max_hp_loss":0,"event_name":"Forgotten Altar","floor":22,"gold_loss":0},{"damage_healed":0,"gold_gain":0,"player_choice":"Paid","damage_taken":0,"relics_obtained":["Red Mask"],"max_hp_gain":0,"max_hp_loss":0,"event_name":"Tomb of Lord Red Mask","floor":36,"gold_loss":163},{"damage_healed":0,"gold_gain":0,"player_choice":"Memory 1","damage_taken":0,"max_hp_gain":0,"max_hp_loss":0,"event_name":"SensoryStone","floor":37,"gold_loss":0},{"damage_healed":0,"gold_gain":0,"player_choice":"Fight","damage_taken":0,"max_hp_gain":0,"max_hp_loss":0,"event_name":"Mysterious Sphere","floor":38,"gold_loss":0}],"is_beta":false,"boss_relics":[{"not_picked":["Runic Dome","SlaversCollar"],"picked":"Black Star"},{"not_picked":["Mark of Pain","SacredBark"],"picked":"Black Blood"}],"items_purged_floors":[30],"is_endless":false,"potions_floor_spawned":[2,6,10,13,19,21,28],"killed_by":"2 Orb Walkers","ascension_level":7}}