{"host":"vl29iwkwnyytuw8q","time":1613940574,"event":{"mods":["BaseMod","Minty Spire (QoL Compilation)","Permanent Neow","Relic Stats","StSLib"],"gold_per_floor":[20,35,47,67,67,99,99,132,157,157,184,184,218,233,233,310,310,323,323,36,49,49,49,77,90,90,90,90,90,123,38,38,117,117,137,151,151,165,191,218,218,247,328,341,11,28,28,0,0,0,0],"floor_reached":50,"language":"ENG","playtime":1826,"items_purged":["Defend_R","Strike_R"],"score":1207,"play_id":"458ec828-6a1d-4f85-a3e9-85a0225ef0ed","local_time":"20210221214934","is_ascension_mode":true,"campfire_choices":[{"data":"Apotheosis","floor":7.0,"key":"SMITH"},{"floor":12.0,"key":"REST"},{"data":"Uppercut","floor":15.0,"key":"SMITH"},{"data":"Limit Break","floor":23.0,"key":"SMITH"},{"data":"Disarm","floor":29.0,"key":"SMITH"},{"data":"Feed","floor":32.0,"key":"SMITH"},{"data":"Double Tap","floor":41.0,"key":"SMITH"},{"data":"Rupture","floor":47,"key":"SMITH"},{"data":"Disarm","floor":49,"key":"SMITH"}],"circlet_count":0,"master_deck":["AscendersBane","Strike_R","Defend_R","Defend_R","Defend_R","Bash","Apotheosis+1","Spot Weakness","Clothesline","Heavy Blade","Uppercut+1","Feed+1","Reaper","True Grit","Whirlwind","Limit Break+1","Iron Wave","Sword Boomerang","Shrug It Off","Disarm+1","Shrug It Off+1","Brutality","Decay","Wild Strike+1","Double Tap+1","Blood for Blood+1","Pommel Strike+1","Parasite","Shrug It Off","Disarm+1","Injury","Rupture+1","Shrug It Off"],"relics":["Burning Blood","Blue Candle","Nunchaku","Tiny Chest","Bag of Marbles","Dead Branch","Empty Cage","Happy Flower","Eternal Feather","Pen Nib","Lantern","Molten Egg 2","Oddly Smooth Stone","Cursed Key","Akabeko","FossilizedHelix","Charon\u0027s Ashes","Mercury Hourglass","Red Mask"],"acts_visited":["Exordium","TheCity","TheBeyond"],"potions_floor_usage":[],"damage_taken":[{"damage":0.0,"enemies":"Cultist","floor":1.0,"turns":4.0},{"damage":8.0,"enemies":"Small Slimes","floor":2.0,"turns":4.0},{"damage":5.0,"enemies":"2 Louse","floor":3.0,"turns":4.0},{"damage":17.0,"enemies":"Large Slime","floor":4.0,"turns":5.0},{"damage":31.0,"enemies":"Lagavulin","floor":6.0,"turns":9.0},{"damage":8.0,"enemies":"Gremlin Nob","floor":8.0,"turns":3.0},{"damage":19.0,"enemies":"Lagavulin","floor":11.0,"turns":6.0},{"damage":6.0,"enemies":"Gremlin Nob","floor":13.0,"turns":3.0},{"damage":13.0,"enemies":"Blue Slaver","floor":14.0,"turns":4.0},{"damage":41.0,"enemies":"Slime Boss","floor":16.0,"turns":10.0},{"damage":48.0,"enemies":"Shell Parasite","floor":18.0,"turns":8.0},{"damage":15.0,"enemies":"2 Thieves","floor":21.0,"turns":3.0},{"damage":41.0,"enemies":"Gremlin Leader","floor":24.0,"turns":9.0},{"damage":30.0,"enemies":"Shelled Parasite and Fungi","floor":25.0,"turns":6.0},{"damage":15.0,"enemies":"Book of Stabbing","floor":30.0,"turns":4.0},{"damage":35.0,"enemies":"Champ","floor":33.0,"turns":8.0},{"damage":3.0,"enemies":"Orb Walker","floor":35.0,"turns":3.0},{"damage":0.0,"enemies":"3 Shapes","floor":36.0,"turns":1.0},{"damage":46.0,"enemies":"Writhing Mass","floor":38.0,"turns":6.0},{"damage":36.0,"enemies":"Reptomancer","floor":40.0,"turns":4.0},{"damage":36.0,"enemies":"Nemesis","floor":42.0,"turns":3.0},{"damage":22.0,"enemies":"4 Shapes","floor":44.0,"turns":3.0},{"damage":14,"enemies":"Transient","floor":46,"turns":6},{"damage":120,"enemies":"Donu and Deca","floor":50,"turns":8}],"seed_played":"-1037633126611356612","potions_obtained":[{"floor":1.0,"key":"DuplicationPotion"},{"floor":2.0,"key":"Strength Potion"},{"floor":4.0,"key":"DuplicationPotion"},{"floor":16.0,"key":"Fire Potion"},{"floor":21.0,"key":"Strength Potion"},{"floor":25.0,"key":"Energy Potion"},{"floor":35.0,"key":"CultistPotion"}],"is_trial":false,"path_per_floor":["M","M","M","M","$","E","R","E","T","?","E","R","E","M","R","B",null,"M","?","$","M","T","R","E","M","T","?","$","R","E","?","R","B",null,"M","M","?","M","T","E","R","E","T","M","$","M","R","?","R","B"],"character_chosen":"IRONCLAD","items_purchased":["Happy Flower","Shrug It Off","Rupture","Shrug It Off","FairyPotion"],"campfire_rested":1,"item_purchase_floors":[20,20,45,45,45],"current_hp_per_floor":[74,72,73,62,62,37,37,39,39,39,26,49,49,46,46,47,74,51,51,51,42,42,54,52,39,39,39,39,54,62,62,77,48,77,80,86,86,65,65,58,76,46,46,54,54,79,91,91,91,0,0],"gold":0,"neow_bonus":"RANDOM_COLORLESS_2","is_daily":false,"chose_seed":false,"campfire_upgraded":8,"win_rate":0.0,"timestamp":1613940574,"path_taken":["M","M","?","M","$","E","R","E","T","?","E","R","E","M","R","BOSS","M","?","$","?","?","R","E","M","T","?","$","R","E","?","R","BOSS","M","M","?","M","?","E","R","E","T","?","?","M","R","?","R","BOSS"],"items_purchased_type":["Relic","Card","Card","Card","Potion"],"build_version":"2020-12-22","purchased_purges":2,"victory":false,"max_hp_per_floor":[75,75,75,75,75,75,75,79,79,79,79,79,79,83,83,83,83,83,83,83,83,83,83,83,83,83,83,83,83,87,87,87,87,87,87,87,87,87,87,91,91,91,91,91,91,91,91,91,91,91,91],"relic_stats":{"Happy Flower":[21],"counters":[24,124],"Blue Candle":[18],"Dead Branch":[94],"Eternal Feather":72,"Pen Nib":[8],"Charon\u0027s Ashes":[155],"Cursed Key":2,"Burning Blood":138,"Mercury Hourglass":[63],"Nunchaku":[14],"Tiny Chest":2,"obtain_stats":[{"Lantern":26,"Happy Flower":20,"Blue Candle":6,"Dead Branch":13,"Oddly Smooth Stone":31,"Eternal Feather":22,"Pen Nib":24,"Charon\u0027s Ashes":42,"Empty Cage":17,"Cursed Key":34,"Burning Blood":0,"Akabeko":39,"Mercury Hourglass":43,"Nunchaku":8,"Tiny Chest":9,"Molten Egg 2":30,"Bag of Marbles":11,"Red Mask":48,"FossilizedHelix":40},{"Lantern":14,"Happy Flower":11,"Blue Candle":5,"Dead Branch":8,"Oddly Smooth Stone":15,"Eternal Feather":12,"Pen Nib":13,"Charon\u0027s Ashes":21,"Empty Cage":10,"Cursed Key":16,"Burning Blood":0,"Akabeko":19,"Mercury Hourglass":21,"Nunchaku":6,"Tiny Chest":6,"Molten Egg 2":15,"Bag of Marbles":7,"Red Mask":23,"FossilizedHelix":20},{"Lantern":78,"Happy Flower":60,"Blue Candle":26,"Dead Branch":38,"Oddly Smooth Stone":82,"Eternal Feather":63,"Pen Nib":72,"Charon\u0027s Ashes":107,"Empty Cage":52,"Cursed Key":90,"Burning Blood":0,"Akabeko":100,"Mercury Hourglass":107,"Nunchaku":29,"Tiny Chest":29,"Molten Egg 2":82,"Bag of Marbles":35,"Red Mask":116,"FossilizedHelix":104}]},"card_choices":[{"not_picked":["Secret Technique","Magnetism"],"picked":"Apotheosis","floor":0.0},{"not_picked":["Infernal Blade","Body Slam"],"picked":"Spot Weakness","floor":1.0},{"not_picked":["Clash","Ghostly Armor"],"picked":"Clothesline","floor":2.0},{"not_picked":["Cleave","Twin Strike"],"picked":"Heavy Blade","floor":3.0},{"not_picked":["Power Through","Headbutt"],"picked":"Uppercut","floor":4.0},{"not_picked":["Barricade","Fire Breathing"],"picked":"Feed","floor":6.0},{"not_picked":["Wild Strike","Combust"],"picked":"Bloodletting","floor":8.0},{"not_picked":["Inflame","Cleave"],"picked":"Reaper","floor":11.0},{"not_picked":["Body Slam","Heavy Blade"],"picked":"True Grit","floor":13.0},{"not_picked":["Rampage","Iron Wave"],"picked":"Whirlwind","floor":14.0},{"not_picked":["Berserk","Brutality"],"picked":"Limit Break","floor":16.0},{"not_picked":["Body Slam","Rupture"],"picked":"Iron Wave","floor":18.0},{"not_picked":["Body Slam","Rampage"],"picked":"Disarm","floor":21.0},{"not_picked":["Headbutt","Twin Strike"],"picked":"Shrug It Off+1","floor":24.0},{"not_picked":["Iron Wave","Twin Strike"],"picked":"Brutality","floor":25.0},{"not_picked":["Body Slam+1","Power Through"],"picked":"Wild Strike+1","floor":30.0},{"not_picked":["Limit Break","Barricade"],"picked":"Double Tap","floor":33.0},{"not_picked":["True Grit","Clash+1"],"picked":"Blood for Blood+1","floor":35.0},{"not_picked":["Wild Strike+1","Body Slam+1"],"picked":"Pommel Strike+1","floor":36.0},{"not_picked":["Body Slam+1","Perfected Strike+1","Clothesline+1"],"picked":"SKIP","floor":38.0},{"not_picked":["Clothesline+1","Rage"],"picked":"Shrug It Off","floor":40.0},{"not_picked":["Clothesline+1","Iron Wave+1"],"picked":"Disarm","floor":42.0},{"not_picked":["Demon Form","Headbutt+1","Perfected Strike+1"],"picked":"SKIP","floor":44.0},{"not_picked":["Body Slam+1","Headbutt+1","Seeing Red"],"picked":"SKIP","floor":46}],"player_experience":707230,"relics_obtained":[{"floor":6.0,"key":"Blue Candle"},{"floor":8.0,"key":"Nunchaku"},{"floor":9.0,"key":"Tiny Chest"},{"floor":11.0,"key":"Bag of Marbles"},{"floor":13.0,"key":"Dead Branch"},{"floor":22.0,"key":"Eternal Feather"},{"floor":24.0,"key":"Pen Nib"},{"floor":26.0,"key":"Lantern"},{"floor":30.0,"key":"Molten Egg 2"},{"floor":39.0,"key":"Akabeko"},{"floor":40.0,"key":"FossilizedHelix"},{"floor":42.0,"key":"Charon\u0027s Ashes"},{"floor":43.0,"key":"Mercury Hourglass"}],"event_choices":[{"damage_healed":0.0,"max_hp_gain":0.0,"max_hp_loss":0.0,"gold_gain":0.0,"event_name":"Shining Light","player_choice":"Ignored","floor":10.0,"gold_loss":0.0,"damage_taken":0.0},{"damage_healed":0.0,"max_hp_gain":0.0,"max_hp_loss":0.0,"gold_gain":0.0,"cards_transformed":["Strike_R"],"event_name":"Transmorgrifier","player_choice":"Transformed","floor":19.0,"gold_loss":0.0,"damage_taken":0.0,"cards_obtained":["Sword Boomerang"]},{"damage_healed":0.0,"max_hp_gain":0.0,"max_hp_loss":0.0,"gold_gain":0.0,"event_name":"Forgotten Altar","player_choice":"Smashed Altar","floor":27.0,"gold_loss":0.0,"damage_taken":0.0,"cards_obtained":["Decay"]},{"damage_healed":0.0,"max_hp_gain":0.0,"max_hp_loss":0.0,"gold_gain":0.0,"event_name":"Addict","player_choice":"Obtained Relic","floor":31.0,"gold_loss":85.0,"damage_taken":0.0,"relics_obtained":["Oddly Smooth Stone"]},{"cards_removed":["Bloodletting"],"damage_healed":0.0,"max_hp_gain":0.0,"max_hp_loss":0.0,"gold_gain":0.0,"event_name":"Falling","player_choice":"Removed Skill","floor":37.0,"gold_loss":0.0,"damage_taken":0.0},{"damage_healed":0,"gold_gain":0,"player_choice":"Paid","damage_taken":0,"relics_obtained":["Red Mask"],"max_hp_gain":0,"max_hp_loss":0,"event_name":"Tomb of Lord Red Mask","floor":48,"gold_loss":28}],"is_beta":false,"boss_relics":[{"not_picked":["SacredBark","Ectoplasm"],"picked":"Empty Cage"},{"not_picked":["Runic Dome","Black Star"],"picked":"Cursed Key"}],"items_purged_floors":[20,45],"is_endless":false,"potions_floor_spawned":[1,2,4,16,21,25,30,35,40,46],"killed_by":"Donu and Deca","ascension_level":20}}