{"host":"xxj0bkgoog7xyy18","time":1613876605,"event":{"mods":["BaseMod","Colored Map","Colored Powertips","Downfall","Googly Eyes","Minty Spire (QoL Compilation)","StSLib"],"gold_per_floor":[117,130,140,151,151,182,182,195,243,243,258,270,285,302,302,398,398,412,412],"floor_reached":18,"language":"ENG","playtime":858,"items_purged":[],"score":170,"play_id":"b7fc58d2-4eb0-46e7-91bd-7cfeb956ebcf","local_time":"20210220200325","is_ascension_mode":false,"campfire_choices":[{"floor":7,"key":"REST"},{"floor":10,"key":"REST"},{"floor":15,"key":"REST"}],"circlet_count":0,"master_deck":["Strike_P","Strike_P","Strike_P","Strike_P","Defend_P","Defend_P","Defend_P","Defend_P","Eruption+1","Vigilance","Adaptation","Indignation","Wireheading","BowlingBash","MentalFortress","Perseverance","JustLucky","CutThroughFate","BattleHymn","Vault","CurseOfTheBell"],"relics":["PureWater","StrikeDummy","Matryoshka","Centennial Puzzle","PreservedInsect","Calling Bell","Regal Pillow","Shuriken","GoldenEye"],"acts_visited":["Exordium","TheCity"],"potions_floor_usage":[11],"damage_taken":[{"damage":0,"enemies":"Small Slimes","floor":1,"turns":2},{"damage":0,"enemies":"Cultist","floor":2,"turns":2},{"damage":6,"enemies":"Jaw Worm","floor":3,"turns":3},{"damage":12,"enemies":"Looter","floor":4,"turns":3},{"damage":41,"enemies":"Lagavulin","floor":6,"turns":4},{"damage":15,"enemies":"3 Louse","floor":8,"turns":4},{"damage":0,"enemies":"Exordium Thugs","floor":11,"turns":2},{"damage":17,"enemies":"Exordium Wildlife","floor":12,"turns":4},{"damage":2,"enemies":"Blue Slaver","floor":13,"turns":5},{"damage":0,"enemies":"2 Fungi Beasts","floor":14,"turns":3},{"damage":13,"enemies":"Slime Boss","floor":16,"turns":5},{"damage":40,"enemies":"Shell Parasite","floor":18,"turns":5}],"seed_played":"-3579283325530679032","potions_obtained":[{"floor":2,"key":"BlessingOfTheForge"},{"floor":4,"key":"BlessingOfTheForge"},{"floor":8,"key":"Explosive Potion"},{"floor":12,"key":"SteroidPotion"},{"floor":18,"key":"SmokeBomb"}],"is_trial":false,"path_per_floor":["M","M","M","M","?","E","R","M","T","R","M","M","M","M","R","B",null,"M"],"character_chosen":"WATCHER","items_purchased":[],"campfire_rested":3,"item_purchase_floors":[],"current_hp_per_floor":[72,72,66,54,54,13,34,19,19,40,40,23,21,21,42,29,72,32,32],"gold":412,"neow_bonus":"UPGRADE_CARD","is_daily":false,"chose_seed":false,"campfire_upgraded":0,"win_rate":0.0,"timestamp":1613876605,"path_taken":["M","M","M","M","?","E","R","M","T","R","M","M","?","M","R","BOSS","M"],"items_purchased_type":[],"build_version":"2020-12-22","purchased_purges":0,"victory":false,"max_hp_per_floor":[72,72,72,72,72,72,72,72,72,72,72,72,72,72,72,72,72,72,72],"card_choices":[{"not_picked":["FollowUp","Pray"],"picked":"Adaptation","floor":1},{"not_picked":["ThirdEye","EmptyBody"],"picked":"Indignation","floor":2},{"not_picked":["CarveReality","Consecrate"],"picked":"Wireheading","floor":3},{"not_picked":["WreathOfFlame","Establishment"],"picked":"BowlingBash","floor":4},{"not_picked":["DeceiveReality","SignatureMove"],"picked":"MentalFortress","floor":6},{"not_picked":["SignatureMove","TalkToTheHand"],"picked":"Perseverance","floor":8},{"not_picked":["ClearTheMind","CrushJoints"],"picked":"JustLucky","floor":11},{"not_picked":["ThirdEye","FearNoEvil"],"picked":"CutThroughFate","floor":12},{"not_picked":["Protect","Crescendo","Fasting2"],"picked":"SKIP","floor":13},{"not_picked":["WaveOfTheHand","Collect"],"picked":"BattleHymn","floor":14},{"not_picked":["DeusExMachina","Alpha"],"picked":"Vault","floor":16}],"player_experience":198113,"relics_obtained":[{"floor":6,"key":"Matryoshka"},{"floor":9,"key":"Centennial Puzzle"},{"floor":9,"key":"PreservedInsect"},{"floor":17,"key":"Regal Pillow"},{"floor":17,"key":"Shuriken"},{"floor":17,"key":"GoldenEye"}],"event_choices":[{"damage_healed":0,"gold_gain":0,"player_choice":"Gave Potion","damage_taken":0,"relics_obtained":["StrikeDummy"],"max_hp_gain":0,"max_hp_loss":0,"event_name":"WeMeetAgain","floor":5,"gold_loss":0}],"is_beta":false,"boss_relics":[{"not_picked":["Empty Cage","Sozu"],"picked":"Calling Bell"}],"items_purged_floors":[],"is_endless":false,"potions_floor_spawned":[2,4,8,12,18],"killed_by":"Shell Parasite","ascension_level":0}}