{"host":"af4pzp5tm7cfibaw","time":1613882788,"event":{"mods":["AchievementEnabler","BaseMod","BetterRewards","Highlight Path","Minty Spire (QoL Compilation)","StSLib","SuperFastMode"],"gold_per_floor":[116,116,134,152,164,164,193,193,218,218,218,238,238,268,268,367,367,378,389,407,424,21,47,47,47,47,65,65,65,65,80,80,180,180,198,198,209,559,559,586,33,33,84,100,100,114,114,126,126,126],"floor_reached":51,"language":"ENG","playtime":1877,"items_purged":["True Grit","Clash"],"score":1211,"play_id":"8f2dd4ad-2f06-4339-9827-782dd63e5e4c","local_time":"20210221174628","is_ascension_mode":true,"campfire_choices":[{"floor":6.0,"key":"REST"},{"floor":11.0,"key":"REST"},{"data":"Rampage","floor":13.0,"key":"SMITH"},{"floor":15.0,"key":"REST"},{"data":"Corruption","floor":24.0,"key":"SMITH"},{"data":"Demon Form","floor":28.0,"key":"SMITH"},{"data":"Rampage","floor":30.0,"key":"SMITH"},{"data":"Mind Blast","floor":32.0,"key":"SMITH"},{"floor":42,"key":"REST"},{"floor":47,"key":"REST"},{"floor":49,"key":"REST"}],"circlet_count":0,"master_deck":["AscendersBane","Bash","Double Tap+1","Iron Wave","Rampage+1","Spot Weakness","Double Tap","Pommel Strike","Shrug It Off","Demon Form+1","Sentinel","Feed","Corruption+1","Shockwave","Impervious","Sentinel+1","Pommel Strike","Heavy Blade+1","Burning Pact","Rampage+1","Mind Blast+1","Bludgeon","Pommel Strike","Battle Trance","Demon Form","Heavy Blade+1","Armaments+1","Writhe","Dark Embrace+1","Pommel Strike+1","Burning Pact","Burning Pact"],"relics":["Burning Blood","Happy Flower","Omamori","FaceOfCleric","Toy Ornithopter","Pandora\u0027s Box","Bag of Preparation","Kunai","Necronomicon","Torii","Boot","Calling Bell","Art of War","InkBottle","Du-Vu Doll","Old Coin","Strawberry","Frozen Egg 2","Brimstone","Vajra"],"acts_visited":["Exordium","TheCity","TheBeyond"],"potions_floor_usage":[46,46,50,50],"damage_taken":[{"damage":18.0,"enemies":"Small Slimes","floor":1.0,"turns":4.0},{"damage":1.0,"enemies":"Cultist","floor":3.0,"turns":4.0},{"damage":9.0,"enemies":"Jaw Worm","floor":4.0,"turns":3.0},{"damage":32.0,"enemies":"Exordium Thugs","floor":5.0,"turns":7.0},{"damage":20.0,"enemies":"3 Sentries","floor":7.0,"turns":5.0},{"damage":13.0,"enemies":"3 Louse","floor":12.0,"turns":4.0},{"damage":28.0,"enemies":"Gremlin Nob","floor":14.0,"turns":4.0},{"damage":27.0,"enemies":"The Guardian","floor":16.0,"turns":6.0},{"damage":9.0,"enemies":"Shell Parasite","floor":18.0,"turns":4.0},{"damage":9.0,"enemies":"2 Thieves","floor":19.0,"turns":5.0},{"damage":10.0,"enemies":"Shelled Parasite and Fungi","floor":20.0,"turns":5.0},{"damage":15.0,"enemies":"Centurion and Healer","floor":21.0,"turns":5.0},{"damage":0.0,"enemies":"Slavers","floor":23.0,"turns":3.0},{"damage":24.0,"enemies":"Snake Plant","floor":27.0,"turns":2.0},{"damage":13.0,"enemies":"Snecko","floor":31.0,"turns":5.0},{"damage":28.0,"enemies":"Champ","floor":33.0,"turns":6.0},{"damage":22.0,"enemies":"3 Shapes","floor":35.0,"turns":6.0},{"damage":10.0,"enemies":"3 Darklings","floor":37.0,"turns":4.0},{"damage":19.0,"enemies":"Mind Bloom Boss Battle","floor":38.0,"turns":4.0},{"damage":68.0,"enemies":"Nemesis","floor":40.0,"turns":7.0},{"damage":12,"enemies":"Jaw Worm Horde","floor":44,"turns":2},{"damage":49,"enemies":"4 Shapes","floor":46,"turns":3},{"damage":13,"enemies":"Writhing Mass","floor":48,"turns":2},{"damage":33,"enemies":"Donu and Deca","floor":50,"turns":4}],"seed_played":"4420969657360225217","potions_obtained":[{"floor":3.0,"key":"Swift Potion"},{"floor":5.0,"key":"AttackPotion"},{"floor":7.0,"key":"ElixirPotion"},{"floor":14.0,"key":"LiquidMemories"},{"floor":16.0,"key":"Explosive Potion"},{"floor":18.0,"key":"Explosive Potion"},{"floor":20.0,"key":"BloodPotion"},{"floor":21.0,"key":"Swift Potion"},{"floor":33.0,"key":"SteroidPotion"},{"floor":38.0,"key":"FearPotion"},{"floor":44,"key":"Energy Potion"},{"floor":46,"key":"PowerPotion"}],"is_trial":false,"path_per_floor":["M","?","M","M","M","R","E","$","T","?","R","M","R","E","R","B",null,"M","M","M","M","$","E","R","?","T","M","R","?","R","M","R","B",null,"M","?","M","?","?","E","$","R","T","M","?","M","R","M","R","B",null],"character_chosen":"IRONCLAD","items_purchased":["Rampage","Bag of Preparation","Mind Blast","Armaments","Frozen Egg 2","Dark Embrace+1","Brimstone"],"campfire_rested":6,"item_purchase_floors":[22,22,22,22,41,41,41],"current_hp_per_floor":[60,60,65,62,36,60,46,46,46,46,70,64,64,43,67,52,75,81,89,89,84,84,99,99,83,83,91,91,91,91,88,88,67,99,92,92,89,77,106,52,52,88,88,83,83,54,92,86,124,103],"gold":126,"neow_bonus":"TRANSFORM_CARD","is_daily":false,"chose_seed":false,"campfire_upgraded":5,"win_rate":0.0,"timestamp":1613882788,"path_taken":["M","?","M","?","M","R","E","$","T","?","R","M","R","E","R","BOSS","M","M","M","M","$","E","R","?","T","M","R","?","R","M","R","BOSS","M","?","M","?","?","E","?","R","T","M","?","?","R","M","R","BOSS"],"items_purchased_type":["Card","Relic","Card","Card","Relic","Card","Relic"],"build_version":"2020-12-22","purchased_purges":2,"victory":true,"max_hp_per_floor":[80,80,80,80,80,80,80,80,80,80,80,81,81,82,82,83,83,87,91,95,99,99,103,103,103,103,104,104,104,104,108,108,109,109,113,113,114,115,115,123,123,123,123,124,124,128,128,129,129,130],"card_choices":[{"not_picked":["Clash","Flex"],"picked":"Iron Wave","floor":1.0},{"not_picked":["Infernal Blade","Wild Strike","Sword Boomerang"],"picked":"SKIP","floor":3.0},{"not_picked":["Heavy Blade","Headbutt"],"picked":"Rampage","floor":4.0},{"not_picked":["Infernal Blade","True Grit"],"picked":"Spot Weakness","floor":5.0},{"not_picked":["Wild Strike","Fire Breathing"],"picked":"Double Tap","floor":7.0},{"not_picked":["True Grit","Armaments"],"picked":"Pommel Strike","floor":12.0},{"not_picked":["Wild Strike","Blood for Blood"],"picked":"Shrug It Off","floor":14.0},{"not_picked":["Limit Break","Offering"],"picked":"Demon Form","floor":16.0},{"not_picked":["Cleave+1","Pommel Strike"],"picked":"Sentinel+1","floor":18.0},{"not_picked":["Cleave","Iron Wave"],"picked":"Pommel Strike","floor":19.0},{"not_picked":["Warcry","Sever Soul"],"picked":"Heavy Blade+1","floor":20.0},{"not_picked":["Clothesline","Thunderclap+1"],"picked":"Burning Pact","floor":21.0},{"not_picked":["Shrug It Off","Warcry"],"picked":"Bludgeon","floor":23.0},{"not_picked":["Combust","Searing Blow"],"picked":"Pommel Strike","floor":27.0},{"not_picked":["Flame Barrier","Wild Strike+1"],"picked":"Battle Trance","floor":31.0},{"not_picked":["Fiend Fire","Bludgeon"],"picked":"Demon Form","floor":33.0},{"not_picked":["Rampage+1","Spot Weakness+1"],"picked":"Heavy Blade+1","floor":35.0},{"not_picked":["Whirlwind","Disarm+1"],"picked":"Armaments+1","floor":37.0},{"not_picked":["Entrench+1","Perfected Strike+1","Second Wind"],"picked":"SKIP","floor":40.0},{"not_picked":["Intimidate","Sever Soul"],"picked":"Pommel Strike+1","floor":44},{"not_picked":["Dark Embrace+1","Shockwave"],"picked":"Burning Pact","floor":46},{"not_picked":["Sword Boomerang+1","True Grit+1","Cleave"],"picked":"SKIP","floor":48}],"player_experience":332204,"relics_obtained":[{"floor":7.0,"key":"Happy Flower"},{"floor":9.0,"key":"Omamori"},{"floor":14.0,"key":"Toy Ornithopter"},{"floor":23.0,"key":"Kunai"},{"floor":25.0,"key":"Necronomicon"},{"floor":26.0,"key":"Torii"},{"floor":34.0,"key":"Art of War"},{"floor":34.0,"key":"InkBottle"},{"floor":34.0,"key":"Du-Vu Doll"},{"floor":38.0,"key":"Old Coin"},{"floor":40.0,"key":"Strawberry"},{"floor":43,"key":"Vajra"}],"event_choices":[{"damage_healed":0.0,"max_hp_gain":0.0,"max_hp_loss":0.0,"gold_gain":0.0,"event_name":"Upgrade Shrine","player_choice":"Upgraded","floor":2.0,"gold_loss":0.0,"damage_taken":0.0,"cards_upgraded":["Double Tap"]},{"damage_healed":0.0,"max_hp_gain":0.0,"max_hp_loss":0.0,"gold_gain":0.0,"event_name":"FaceTrader","player_choice":"Trade","floor":10.0,"gold_loss":0.0,"damage_taken":0.0,"relics_obtained":["FaceOfCleric"]},{"damage_healed":0.0,"max_hp_gain":0.0,"max_hp_loss":0.0,"gold_gain":0.0,"event_name":"Cursed Tome","player_choice":"Obtained Book","floor":25.0,"gold_loss":0.0,"damage_taken":16.0},{"damage_healed":0.0,"max_hp_gain":0.0,"max_hp_loss":0.0,"gold_gain":0.0,"event_name":"The Mausoleum","player_choice":"Opened","floor":29.0,"gold_loss":0.0,"damage_taken":0.0,"relics_obtained":["Boot"]},{"cards_removed":["Anger"],"damage_healed":0.0,"max_hp_gain":0.0,"max_hp_loss":0.0,"gold_gain":0.0,"event_name":"Falling","player_choice":"Removed Attack","floor":36.0,"gold_loss":0.0,"damage_taken":0.0},{"damage_healed":0.0,"max_hp_gain":0.0,"max_hp_loss":0.0,"gold_gain":0.0,"event_name":"MindBloom","player_choice":"Fight","floor":38.0,"gold_loss":0.0,"damage_taken":0.0},{"damage_healed":29.0,"max_hp_gain":0.0,"max_hp_loss":0.0,"gold_gain":0.0,"event_name":"Winding Halls","player_choice":"Writhe","floor":39.0,"gold_loss":0.0,"damage_taken":0.0,"cards_obtained":["Writhe"]},{"damage_healed":0,"gold_gain":0,"cards_transformed":["Armaments"],"player_choice":"Transformed","damage_taken":0,"max_hp_gain":0,"max_hp_loss":0,"event_name":"Transmorgrifier","floor":45,"gold_loss":0,"cards_obtained":["Burning Pact"]}],"is_beta":false,"boss_relics":[{"not_picked":["Mark of Pain","Astrolabe"],"picked":"Pandora\u0027s Box"},{"not_picked":["Runic Cube","Sozu"],"picked":"Calling Bell"}],"items_purged_floors":[22,41],"is_endless":false,"potions_floor_spawned":[3,5,7,14,16,18,20,21,33,38,44,46],"ascension_level":10}}