{"host":"a70birb7gb03c330","time":1613866514,"event":{"mods":["Act Like it!","BaseMod","Better Vampires","Disable Question Mark Monsters","Hubris","Infinite Spire","Minty Spire (QoL Compilation)","Permanent Neow","Replay The Spire","StSLib","UnlockEverythingMod"],"gold_per_floor":[117,143,157,157,157,157,187,62,62,93,93,105,140,150,150,255,255,268,268,268,268,278,307,257,257,333,333,361,394,237,248,248,345,345,357,357,135,151,151,179,179,192,272,36,48,48,48],"floor_reached":46,"language":"ENG","playtime":1780,"items_purged":["Spreading Infection","Defend_G","Defend_G","Defend_G","Writhe"],"score":553,"play_id":"8bd94fbc-5e55-4ba9-aa82-80a6d66d27e7","local_time":"20210220161514","is_ascension_mode":true,"campfire_choices":[{"data":"Neutralize","floor":6,"key":"SMITH"},{"data":"Blade Dance","floor":11,"key":"SMITH"},{"floor":15,"key":"REST"},{"data":"ReplayTheSpireMod:Scrap Shanks","floor":25,"key":"SMITH"},{"data":"infinitespire:Gouge","floor":27,"key":"SMITH"},{"floor":32,"key":"REST"},{"data":"Reflex","floor":41,"key":"SMITH"}],"circlet_count":0,"master_deck":["Strike_G","Strike_G","Strike_G","Strike_G","Strike_G","Defend_G","Defend_G","Survivor","Neutralize+1","Storm of Steel+1","Reflex","Blade Dance+1","Reflex+1","Adrenaline","infinitespire:Gouge+1","ReplayTheSpireMod:Scrap Shanks+1","Cloak And Dagger","Bandage Up+1","Choke+1","Finisher+1"],"relics":["Ring of the Snake","Centennial Puzzle","Ring of Fury","ReplayTheSpireMod:Ring of Exchange","Replay:Baseball","Ninja Scroll","Bag of Preparation","Juzu Bracelet","TwistedFunnel","Du-Vu Doll","Replay:Bronze Core","hubris:BottledRain","The Courier","hubris:AncientText","Red Mask","Lee\u0027s Waffle","Orichalcum","infinitespire:Lucky Rock","Frozen Egg 2","Pet Ghost"],"acts_visited":["Exordium","TheCity","TheBeyond"],"potions_floor_usage":[14,16,16,29,33,40,45],"damage_taken":[{"damage":1,"enemies":"Cultist","floor":1,"turns":4},{"damage":2,"enemies":"Small Slimes","floor":3,"turns":3},{"damage":16,"enemies":"Lagavulin","floor":7,"turns":7},{"damage":0,"enemies":"Gremlin Nob","floor":10,"turns":2},{"damage":0,"enemies":"2 Louse","floor":12,"turns":1},{"damage":10,"enemies":"Lagavulin","floor":13,"turns":3},{"damage":0,"enemies":"Large Slime","floor":14,"turns":1},{"damage":28,"enemies":"The Guardian","floor":16,"turns":9},{"damage":2,"enemies":"Chosen","floor":18,"turns":2},{"damage":0,"enemies":"Shell Parasite","floor":22,"turns":1},{"damage":26,"enemies":"Nightmare","floor":23,"turns":5},{"damage":20,"enemies":"Slavers","floor":28,"turns":3},{"damage":0,"enemies":"Masked Bandits","floor":29,"turns":3},{"damage":4,"enemies":"Snake Plant","floor":31,"turns":3},{"damage":42,"enemies":"Champ","floor":33,"turns":9},{"damage":15,"enemies":"3 Darklings","floor":35,"turns":6},{"damage":7,"enemies":"Orb Walker","floor":38,"turns":3},{"damage":34,"enemies":"Nemesis","floor":40,"turns":4},{"damage":0,"enemies":"Jaw Worm Horde","floor":42,"turns":2},{"damage":0,"enemies":"Spire Growth","floor":45,"turns":2},{"damage":70,"enemies":"Nightmare","floor":46,"turns":5}],"seed_played":"2580478385843188529","potions_obtained":[{"floor":1,"key":"Dexterity Potion"},{"floor":7,"key":"infinitespire:BlackPotion"},{"floor":12,"key":"SteroidPotion"},{"floor":14,"key":"Elixir"},{"floor":28,"key":"ColorlessPotion"},{"floor":31,"key":"AttackPotion"},{"floor":38,"key":"Energy Potion"}],"is_trial":false,"path_per_floor":["M","T","M","?","?","R","E","$","T","E","R","M","E","M","R","B",null,"M","AVR","?","?","M","NM","?","R","T","R","E","?","$","M","R","B",null,"M","?","$","M","?","E","R","M","T","$","M","NM"],"character_chosen":"THE_SILENT","items_purchased":["Blade Dance","Bandage Up","Orichalcum","Pet Ghost"],"campfire_rested":2,"item_purchase_floors":[8,30,37,44],"current_hp_per_floor":[48,48,46,46,46,46,30,30,30,30,30,30,20,20,41,13,70,68,68,68,68,68,42,42,42,42,42,22,22,22,22,43,5,77,66,66,66,65,77,49,49,55,55,55,61,0,0],"gold":48,"neow_bonus":"THREE_RARE_CARDS","is_daily":false,"chose_seed":false,"campfire_upgraded":5,"win_rate":0.0,"timestamp":1613866514,"path_taken":["M","?","?","?","?","R","E","$","T","E","R","M","E","M","R","BOSS","M","AVR","?","?","M","NM","?","R","T","R","E","?","$","M","R","BOSS","M","?","$","M","?","E","R","M","T","$","M","NM"],"items_purchased_type":["Card","Card","Relic","Relic"],"build_version":"2020-12-22","purchased_purges":5,"victory":false,"max_hp_per_floor":[70,70,70,70,70,70,70,70,70,70,70,70,70,70,70,70,70,70,70,70,70,70,70,70,70,70,70,70,70,70,70,70,70,77,77,77,77,77,77,77,77,77,77,77,77,77,77],"card_choices":[{"not_picked":["A Thousand Cuts","Bullet Time"],"picked":"Storm of Steel","floor":0},{"not_picked":["Bane","Sneak Up"],"picked":"Reflex","floor":1},{"not_picked":["Outmaneuver","Prepared","ReplayTheSpireMod:The Works"],"picked":"SKIP","floor":3},{"not_picked":["Slice","Dodge and Roll","Sucker Punch"],"picked":"SKIP","floor":7},{"not_picked":["ReplayTheSpireMod:Tripwire","Hidden Blade"],"picked":"Reflex","floor":10},{"not_picked":["Flying Knee","Acrobatics","Deadly Poison"],"picked":"SKIP","floor":12},{"not_picked":["Noxious Fumes","Prepared"],"picked":"Adrenaline","floor":13},{"not_picked":["Reflex","Slice","Dodge and Roll"],"picked":"SKIP","floor":14},{"not_picked":["Infinite Blades","hubris:SlightOfHand","Noxious Fumes"],"picked":"SKIP","floor":18},{"not_picked":["Caltrops","Flying Knee","Replay:Poison Smokescreen"],"picked":"SKIP","floor":22},{"not_picked":["Prepared","ReplayTheSpireMod:The Works"],"picked":"ReplayTheSpireMod:Scrap Shanks","floor":23},{"not_picked":["Blur","Malaise"],"picked":"Cloak And Dagger","floor":28},{"not_picked":["Dodge and Roll","Blade Dance","Poisoned Stab+1"],"picked":"SKIP","floor":31},{"not_picked":["Flying Knee","PiercingWail+1"],"picked":"Choke+1","floor":35},{"not_picked":["ReplayTheSpireMod:Scrap Shanks","Deflect+1","Bane"],"picked":"SKIP","floor":38},{"not_picked":["Reflex","Acrobatics+1","Deflect+1"],"picked":"SKIP","floor":40},{"not_picked":["Outmaneuver+1","Sneak Up"],"picked":"Finisher+1","floor":42},{"not_picked":["Cloak And Dagger","Deadly Poison+1","hubris:SlightOfHand+1"],"picked":"SKIP","floor":45}],"player_experience":7075,"relics_obtained":[{"floor":2,"key":"Centennial Puzzle"},{"floor":5,"key":"Ring of Fury"},{"floor":5,"key":"ReplayTheSpireMod:Ring of Exchange"},{"floor":7,"key":"Replay:Baseball"},{"floor":9,"key":"Ninja Scroll"},{"floor":10,"key":"Bag of Preparation"},{"floor":13,"key":"Juzu Bracelet"},{"floor":23,"key":"hubris:BottledRain"},{"floor":26,"key":"The Courier"},{"floor":28,"key":"hubris:AncientText"},{"floor":29,"key":"Red Mask"},{"floor":40,"key":"infinitespire:Lucky Rock"},{"floor":43,"key":"Frozen Egg 2"}],"event_choices":[{"damage_healed":0,"gold_gain":0,"player_choice":"0 cards matched","damage_taken":0,"max_hp_gain":0,"max_hp_loss":0,"event_name":"Match and Keep!","floor":21,"gold_loss":0,"cards_obtained":[]},{"damage_healed":0,"gold_gain":0,"player_choice":"Bet on Owner","damage_taken":0,"max_hp_gain":0,"max_hp_loss":0,"event_name":"The Joust","floor":24,"gold_loss":50},{"damage_healed":0,"gold_gain":0,"player_choice":"Fought Bandits","damage_taken":0,"max_hp_gain":0,"max_hp_loss":0,"event_name":"Masked Bandits","floor":29,"gold_loss":0},{"damage_healed":19,"gold_gain":0,"player_choice":"Writhe","damage_taken":0,"max_hp_gain":0,"max_hp_loss":0,"event_name":"Winding Halls","floor":39,"gold_loss":0,"cards_obtained":["Writhe"]}],"is_beta":false,"boss_relics":[{"not_picked":["Frozen Eye","Sozu"],"picked":"TwistedFunnel"},{"not_picked":["ClockworkSouvenir","ReplayTheSpireMod:DimensionalGlitch"],"picked":"Lee\u0027s Waffle"}],"items_purged_floors":[8,19,30,37,44],"is_endless":true,"potions_floor_spawned":[1,7,12,14,28,31,38],"killed_by":"Nightmare","ascension_level":1}}