{"host":"xp5rvh2jwe2ejyfm","time":1613922881,"event":{"mods":["2.2 Compatiblity","Aspiration","Bard","BaseMod","Beaked The Cultist","Better Altar","Better Match","Better Note","Better Sensory Stone","Better Skull","BetterRewards","Colored Powertips","Conspire","Downfall","GifTheSpireLib","Gremlin Mod","GungeonMod","Hermit","Hubris","Jorbs\u0027s Wanderer Trilogy","Mad Scientist","Minty Spire (QoL Compilation)","Potionbrewer","Quick Restart","Replay The Spire","Robot Space Explorer","Shade Mod","Somnambulant","StSLib","The Bug Knight","The Clintock","The Construct","The Cursed","The Disciple","The Forsaken","The Hierophant","The Marked","The Mystic","The Necromancer","The Runesmith","The Servant 0.9.4","The Valiant","The Witch","TheFirefly","TheVacant","thorton"],"gold_per_floor":[117,5,5,15,25,25,25,35,35,35,53,68,139,174,174,174,174],"floor_reached":16,"language":"ENG","playtime":597,"items_purged":[],"score":135,"play_id":"f55332b8-5dd1-46a2-80d7-458dcd4598f5","local_time":"20210221105441","is_ascension_mode":false,"campfire_choices":[{"floor":6,"key":"RECALL"},{"floor":15,"key":"REST"}],"circlet_count":0,"master_deck":["MadScienceMod:Strike_MadScience","MadScienceMod:Strike_MadScience","MadScienceMod:Strike_MadScience","MadScienceMod:Strike_MadScience","MadScienceMod:Defend_MadScience","MadScienceMod:Defend_MadScience","MadScienceMod:Defend_MadScience","MadScienceMod:Defend_MadScience","MadScienceMod:PoweredStrike","MadScienceMod:HideBehindJunk","MadScienceMod:Strafe","MadScienceMod:Probe","MadScienceMod:ExtractOil+1","MadScienceMod:SelfDestruct","MadScienceMod:ImposingConstruct","Regret","MadScienceMod:MindControlBeam","Injury","MadScienceMod:RadioactiveSword","MadScienceMod:FumeHood","MadScienceMod:AssemblyLine"],"relics":["MadScienceMod:FuelTank","NeowsBlessing","hubris:TinFlute","Golden Idol","Regal Pillow","conspire:DecoderRing"],"acts_visited":["Exordium"],"potions_floor_usage":[12,14],"damage_taken":[{"damage":0,"enemies":"2 Louse","floor":1,"turns":1},{"damage":0,"enemies":"Small Slimes","floor":4,"turns":1},{"damage":0,"enemies":"conspire:RoseBush","floor":5,"turns":1},{"damage":3,"enemies":"Looter","floor":8,"turns":3},{"damage":24,"enemies":"Exordium Thugs","floor":11,"turns":4},{"damage":2,"enemies":"HollowMod:MossKnight","floor":12,"turns":4},{"damage":20,"enemies":"Gremlin Nob","floor":14,"turns":5},{"damage":69,"enemies":"Fading Forest","floor":16,"turns":11}],"seed_played":"-492820786904958671","potions_obtained":[{"floor":1,"key":"Block Potion"},{"floor":11,"key":"AttackPotion"}],"is_trial":false,"path_per_floor":["M","$","?","M","M","R","?","M","T","?","M","E","?","E","R","B"],"character_chosen":"MAD_SCIENTIST","items_purchased":["MadScienceMod:Probe","MadScienceMod:ExtractOil"],"campfire_rested":1,"item_purchase_floors":[2,2],"current_hp_per_floor":[75,75,75,75,75,75,75,72,72,72,48,46,46,26,63,0,0],"gold":174,"neow_bonus":"THREE_ENEMY_KILL","is_daily":false,"chose_seed":false,"campfire_upgraded":0,"win_rate":0.0,"timestamp":1613922881,"path_taken":["M","$","?","M","M","R","?","M","T","?","M","E","?","E","R","BOSS"],"items_purchased_type":["Card","Card"],"build_version":"2020-12-22","purchased_purges":0,"victory":false,"max_hp_per_floor":[75,75,75,75,75,75,75,75,75,75,75,75,75,75,75,75,75],"card_choices":[{"not_picked":["MadScienceMod:LightOnFire","MadScienceMod:EnergyBarrier"],"picked":"MadScienceMod:Strafe","floor":1},{"not_picked":["MadScienceMod:FlexibleSpear","MadScienceMod:LightOnFire"],"picked":"MadScienceMod:SelfDestruct","floor":4},{"not_picked":["MadScienceMod:ShrinkRay","MadScienceMod:Refuel"],"picked":"MadScienceMod:ImposingConstruct","floor":5},{"not_picked":["MadScienceMod:AssemblyLine","MadScienceMod:Sprocket"],"picked":"MadScienceMod:MindControlBeam","floor":8},{"not_picked":["MadScienceMod:FlexibleSpear","MadScienceMod:Retarget"],"picked":"MadScienceMod:RadioactiveSword","floor":11},{"not_picked":["MadScienceMod:RadioactiveSword","MadScienceMod:ParticleBeam"],"picked":"MadScienceMod:FumeHood","floor":12},{"not_picked":["MadScienceMod:NowOrNever","MadScienceMod:MechanicalClaw"],"picked":"MadScienceMod:AssemblyLine","floor":14}],"player_experience":546238,"relics_obtained":[{"floor":12,"key":"Regal Pillow"},{"floor":14,"key":"conspire:DecoderRing"}],"event_choices":[{"damage_healed":0,"gold_gain":0,"player_choice":"Box","damage_taken":0,"relics_obtained":["hubris:TinFlute"],"max_hp_gain":0,"max_hp_loss":0,"event_name":"Big Fish","floor":7,"gold_loss":0,"cards_obtained":["Regret"]},{"damage_healed":0,"gold_gain":0,"player_choice":"Take Wound","damage_taken":0,"relics_obtained":["Golden Idol"],"max_hp_gain":0,"max_hp_loss":0,"event_name":"Golden Idol","floor":10,"gold_loss":0,"cards_obtained":["Injury"]},{"damage_healed":0,"gold_gain":71,"player_choice":"Gained Gold","damage_taken":0,"max_hp_gain":0,"max_hp_loss":0,"event_name":"Golden Wing","floor":13,"gold_loss":0}],"is_beta":false,"boss_relics":[],"items_purged_floors":[],"is_endless":false,"potions_floor_spawned":[1,11],"killed_by":"Fading Forest","ascension_level":0}}