{"host":"vdpaduzlq0qlaikq","time":1613875149,"event":{"mods":["AchievementEnabler","BaseMod","Better Third Choice","BetterRewards","Colored Map","Downfall","Gold Saver","Hermit","Jorbs\u0027s Wanderer Trilogy","Minty Spire (QoL Compilation)","Relic Filter","Spicy Shops","StSLib","The Necromancer"],"gold_per_floor":[788,788,425,370,388,388,388,137,137,137,147,199,227,238,238,309,309,326,73,123,123,123,123,157,157,157,174,174,224,224,243,243,319,319,339,352,268,285,158,158,183,203,203,223,249,275,275,307,307,307,307,307,45,72,72],"floor_reached":56,"language":"ENG","playtime":2064,"items_purged":[],"score":3054,"play_id":"18ea506e-f3ba-4469-96d3-95d168ff0c79","local_time":"20210220233909","is_ascension_mode":true,"campfire_choices":[{"data":"Creative AI","floor":6,"key":"SMITH"},{"data":"Storm","floor":10,"key":"SMITH"},{"data":"Storm","floor":15,"key":"SMITH"},{"data":"Storm","floor":23,"key":"SMITH"},{"data":"White Noise","floor":28,"key":"SMITH"},{"data":"Capacitor","floor":30,"key":"SMITH"},{"data":"Consume","floor":32,"key":"SMITH"},{"data":"Defragment","floor":40,"key":"SMITH"},{"floor":49,"key":"RECALL"},{"data":"Storm","floor":52,"key":"SMITH"}],"circlet_count":0,"master_deck":["AscendersBane","Strike_B","Strike_B","Defend_B","Defend_B","Defend_B+1","Zap","Dualcast","Creative AI+1","Heatsinks","Heatsinks+1","Conserve Battery","Capacitor+1","Storm+1","Storm+1","Electrodynamics","Machine Learning","Storm+1","Heatsinks","White Noise+1","Consume+1","Buffer","Rebound+1","Rainbow+1","White Noise+1","Stack+1","Storm+1","Defragment+1","Echo Form","BootSequence","Defragment+1","White Noise"],"relics":["Cracked Core","Mummified Hand","Calipers","Blood Vial","Tiny Chest","Eternal Feather","Mango","White Beast Statue","Matryoshka","betterThird:SlimedRelic","DollysMirror","MealTicket","Art of War","Bag of Preparation","Girya","Anchor","Prayer Wheel","Boot","Guardian:GemstoneGun","Shuriken","Astrolabe","Bottled Lightning","Pen Nib","Lizard Tail","Potion Belt","Bronze Scales","Bottled Tornado","Ice Cream"],"acts_visited":["Exordium","TheCity","TheBeyond","TheEnding"],"potions_floor_usage":[11,13,14,55,55,55,55],"damage_taken":[{"damage":14,"enemies":"2 Louse","floor":1,"turns":3},{"damage":4,"enemies":"Cultist","floor":5,"turns":5},{"damage":7,"enemies":"Small Slimes","floor":11,"turns":2},{"damage":0,"enemies":"Gremlin Nob","floor":13,"turns":3},{"damage":0,"enemies":"Exordium Thugs","floor":14,"turns":2},{"damage":0,"enemies":"Slime Boss","floor":16,"turns":4},{"damage":0,"enemies":"3 Byrds","floor":18,"turns":2},{"damage":0,"enemies":"Slavers","floor":24,"turns":1},{"damage":0,"enemies":"Shell Parasite","floor":27,"turns":2},{"damage":0,"enemies":"Snake Plant","floor":31,"turns":2},{"damage":29,"enemies":"Champ","floor":33,"turns":4},{"damage":0,"enemies":"3 Shapes","floor":35,"turns":2},{"damage":0,"enemies":"Orb Walker","floor":36,"turns":1},{"damage":0,"enemies":"4 Shapes","floor":38,"turns":2},{"damage":0,"enemies":"Giant Head","floor":41,"turns":3},{"damage":0,"enemies":"Spire Growth","floor":42,"turns":2},{"damage":0,"enemies":"Transient","floor":44,"turns":6},{"damage":0,"enemies":"Reptomancer","floor":45,"turns":2},{"damage":0,"enemies":"Nemesis","floor":48,"turns":1},{"damage":4,"enemies":"Donu and Deca","floor":50,"turns":2},{"damage":0,"enemies":"Shield and Spear","floor":54,"turns":2},{"damage":73,"enemies":"The Heart","floor":55,"turns":5}],"seed_played":"-4090595520781197225","potions_obtained":[{"floor":1,"key":"Swift Potion"},{"floor":2,"key":"FocusPotion"},{"floor":5,"key":"EssenceOfSteel"},{"floor":11,"key":"bronze:BurnAndBuffPotion"},{"floor":13,"key":"Block Potion"},{"floor":14,"key":"FearPotion"},{"floor":16,"key":"Weak Potion"},{"floor":24,"key":"Block Potion"},{"floor":38,"key":"DuplicationPotion"},{"floor":44,"key":"FocusPotion"},{"floor":48,"key":"hexamod:SoulburnPotion"},{"floor":54,"key":"Strength Potion"}],"is_trial":false,"path_per_floor":["M","?","$","?","M","R","?","$","T","R","M","T","E","M","R","B",null,"M","$","?","$","T","R","E","T","T","M","R","?","R","M","R","B",null,"M","M","$","M","$","R","E","M","T","M","E","T","?","E","R","B",null,"R","$","E","B",null],"character_chosen":"DEFECT","items_purchased":["Mummified Hand","Calipers","Creative AI","Blood Vial","Tiny Chest","Eternal Feather","Heatsinks","Mango","White Beast Statue","Heatsinks","Conserve Battery","Capacitor","Matryoshka","Storm","DollysMirror","Storm","Anchor","Storm","Defragment","Bottled Tornado"],"campfire_rested":0,"item_purchase_floors":[0,0,0,0,0,0,0,0,0,0,0,3,3,8,8,19,19,37,39,53],"current_hp_per_floor":[66,66,66,55,53,62,36,36,36,45,40,40,42,44,53,55,78,80,85,85,85,85,85,85,85,85,85,85,85,85,85,85,56,78,80,82,85,85,85,85,85,85,85,85,85,85,81,81,81,77,80,81,81,81,8],"gold":72,"neow_bonus":"","is_daily":false,"chose_seed":false,"campfire_upgraded":9,"win_rate":0.0,"timestamp":1613875149,"path_taken":["M","?","$","?","M","R","?","$","T","R","M","?","E","M","R","BOSS","M","$","?","?","?","R","E","?","T","?","R","?","R","M","R","BOSS","M","M","$","?","$","R","E","M","T","M","E","?","?","E","R","BOSS","R","$","E","BOSS"],"items_purchased_type":["Relic","Relic","Card","Relic","Relic","Relic","Card","Relic","Relic","Card","Card","Card","Relic","Card","Relic","Card","Relic","Card","Card","Relic"],"build_version":"2020-12-22","purchased_purges":0,"victory":true,"max_hp_per_floor":[85,85,85,85,85,85,85,85,85,85,85,85,85,85,85,85,85,85,85,85,85,85,85,85,85,85,85,85,85,85,85,85,85,85,85,85,85,85,85,85,85,85,85,85,85,85,81,81,81,81,81,81,81,81,81],"card_choices":[{"not_picked":["Rebound","Go for the Eyes","Beam Cell"],"picked":"SKIP","floor":1},{"not_picked":["Cold Snap","Streamline","Doom and Gloom"],"picked":"SKIP","floor":5},{"not_picked":["Fusion","Reprogram","Undo"],"picked":"SKIP","floor":11},{"not_picked":["Multi-Cast","Heatsinks"],"picked":"Electrodynamics","floor":13},{"not_picked":["Steam","Hologram","FTL"],"picked":"SKIP","floor":14},{"not_picked":["Thunder Strike","Meteor Strike"],"picked":"Machine Learning","floor":16},{"not_picked":["Skim","Conserve Battery","Redo"],"picked":"SKIP","floor":18},{"not_picked":["Glacier","Redo"],"picked":"Heatsinks","floor":24},{"not_picked":["Steam","Recycle"],"picked":"White Noise","floor":27},{"not_picked":["Steam Power+1","Aggregate","Undo"],"picked":"SKIP","floor":27},{"not_picked":["Conserve Battery","Rip and Tear"],"picked":"Consume","floor":31},{"not_picked":["Leap","Go for the Eyes","Scrape+1"],"picked":"SKIP","floor":31},{"not_picked":["Reboot","Multi-Cast"],"picked":"Buffer","floor":33},{"not_picked":["Fusion","Rebound+1","Coolheaded+1"],"picked":"SKIP","floor":35},{"not_picked":["Go for the Eyes+1","Leap","Chaos"],"picked":"SKIP","floor":35},{"not_picked":["Steam","Rip and Tear"],"picked":"Stack+1","floor":36},{"not_picked":["FTL","Leap","Cold Snap+1"],"picked":"SKIP","floor":36},{"not_picked":["Ball Lightning","Redo","Beam Cell"],"picked":"SKIP","floor":38},{"not_picked":["Barrage","Ball Lightning","Rebound"],"picked":"SKIP","floor":38},{"not_picked":["Barrage","Steam","Rebound+1"],"picked":"SKIP","floor":41},{"not_picked":["Compile Driver","Tempest"],"picked":"Echo Form","floor":42},{"not_picked":["Streamline","Chill"],"picked":"BootSequence","floor":42},{"not_picked":["Steam","Streamline"],"picked":"Defragment+1","floor":44},{"not_picked":["Reinforced Body","Compile Driver","Turbo+1"],"picked":"SKIP","floor":44},{"not_picked":["Compile Driver","Beam Cell+1","Sweeping Beam"],"picked":"SKIP","floor":45},{"not_picked":["Stack","Hello World"],"picked":"White Noise","floor":48},{"not_picked":["Blizzard","Compile Driver","Conserve Battery+1"],"picked":"SKIP","floor":54}],"player_experience":760103,"relics_obtained":[{"floor":9,"key":"MealTicket"},{"floor":12,"key":"Art of War"},{"floor":12,"key":"Bag of Preparation"},{"floor":13,"key":"Girya"},{"floor":22,"key":"Prayer Wheel"},{"floor":24,"key":"Boot"},{"floor":25,"key":"Guardian:GemstoneGun"},{"floor":26,"key":"Shuriken"},{"floor":41,"key":"Bottled Lightning"},{"floor":43,"key":"Pen Nib"},{"floor":45,"key":"Lizard Tail"},{"floor":46,"key":"Potion Belt"},{"floor":48,"key":"Bronze Scales"},{"floor":54,"key":"Ice Cream"}],"event_choices":[{"damage_healed":0,"gold_gain":0,"player_choice":"Got Potions","damage_taken":0,"max_hp_gain":0,"max_hp_loss":0,"event_name":"Lab","floor":2,"gold_loss":0},{"damage_healed":0,"gold_gain":0,"player_choice":"Slimed","damage_taken":11,"max_hp_gain":0,"max_hp_loss":0,"event_name":"betterThird:BetterGoop","floor":4,"gold_loss":55},{"damage_healed":62,"gold_gain":0,"player_choice":"Upgrade","damage_taken":26,"max_hp_gain":0,"max_hp_loss":85,"event_name":"betterThird:BetterShining","floor":7,"gold_loss":0,"cards_upgraded":["Heatsinks","Defend_B"]},{"damage_healed":0,"gold_gain":50,"player_choice":"Steal","damage_taken":0,"max_hp_gain":0,"max_hp_loss":0,"event_name":"betterThird:BetterNest","floor":20,"gold_loss":0},{"damage_healed":0,"gold_gain":50,"player_choice":"Pray","damage_taken":0,"max_hp_gain":0,"max_hp_loss":0,"event_name":"Golden Shrine","floor":29,"gold_loss":0},{"damage_healed":0,"gold_gain":0,"player_choice":"Max HP","damage_taken":0,"max_hp_gain":0,"max_hp_loss":4,"event_name":"Winding Halls","floor":47,"gold_loss":0}],"is_beta":false,"boss_relics":[{"not_picked":["Runic Dome","Sozu","Pandora\u0027s Box"]},{"not_picked":["Velvet Choker","bronze:MakeshiftBattery"],"picked":"Astrolabe"}],"items_purged_floors":[],"is_endless":false,"potions_floor_spawned":[1,5,11,13,14,16,18,24,27,31,33,35,36,38,41,42,44,45,48,54],"ascension_level":19}}