{"host":"7j96kgp47d19w6vo","time":1613933787,"event":{"mods":["BaseMod","BetterRewards","Custom Start","Friendly Minions","Gold Saver","Minty Spire (QoL Compilation)","Remove Card Discount Mod","StSLib","UnlockEverythingMod"],"gold_per_floor":[3731,3731,2363,2381,2400,2400,2412,2412,2412,2412,2428,2499,2674,1728,1728,1829,1879,1899,1899,1911,1929,719,719,745,745,745,763,763,780,780,800,800,904,904,919,973,992,299,399,399,425,444,444,444,460,460,46,60,60,60,60,60,42,72,72,72],"floor_reached":55,"language":"JPN","playtime":6604,"items_purged":["Doubt"],"score":892,"play_id":"50f1a054-3834-42c9-9858-4916cb9c9d9d","local_time":"20210222035627","is_ascension_mode":false,"campfire_choices":[{"data":"Magnetism","floor":6.0,"key":"SMITH"},{"data":"BowlingBash","floor":8.0,"key":"SMITH"},{"data":"FlurryOfBlows","floor":10.0,"key":"SMITH"},{"data":"Mayhem","floor":15.0,"key":"SMITH"},{"data":"HandOfGreed","floor":23.0,"key":"SMITH"},{"data":"Enlightenment","floor":25.0,"key":"SMITH"},{"data":"FollowUp","floor":30.0,"key":"SMITH"},{"floor":32.0,"key":"REST"},{"floor":40.0,"key":"RECALL"},{"floor":44,"key":"REST"},{"floor":46,"key":"REST"},{"floor":49,"key":"REST"},{"data":"Secret Technique","floor":52,"key":"SMITH"}],"circlet_count":0,"master_deck":["Strike_P","Strike_P+1","Strike_P","Strike_P","Defend_P","Defend_P+1","Defend_P","Defend_P+1","Eruption","Vigilance","Consecrate","Nirvana","Prostrate","Perseverance","Magnetism+1","Bandage Up","ReachHeaven+1","Wallop","FlurryOfBlows+1","DeceiveReality","BowlingBash+1","FollowUp+1","PathToVictory","Mayhem+1","Bandage Up","Judgement","BattleHymn","Evaluate","BowlingBash","Devotion","Swivel","WaveOfTheHand+1","RitualDagger","SandsOfTime","Halt","Enlightenment+1","HandOfGreed+1","ClearTheMind","Adaptation+1","Tantrum+1","DevaForm+1","PathToVictory","Protect+1","ThirdEye","Scrawl","CurseOfTheBell","Wireheading+1","Wireheading+1","FlurryOfBlows+1","Wallop+1","Nirvana+1","Madness","PathToVictory","Brilliance+1","CutThroughFate+1","Judgement","Secret Technique+1","FollowUp+1","SashWhip+1","Sanctity","LikeWater+1","DevaForm+1","Fasting2+1","FollowUp+1","FlyingSleeves+1","Swivel","Sadistic Nature+1","ClearTheMind","Jack Of All Trades","Prostrate+1","Halt+1","Nirvana+1","PathToVictory"],"relics":["PureWater","Turnip","Question Card","Toolbox","Darkstone Periapt","Singing Bowl","CloakClasp","Happy Flower","Tiny House","Frozen Egg 2","Mango","ClockworkSouvenir","Pear","Bottled Lightning","Calling Bell","War Paint","Matryoshka","Girya","Prayer Wheel","Membership Card","Bag of Preparation","Molten Egg 2","Omamori","Whetstone","StrikeDummy","Blood Vial"],"acts_visited":["Exordium","TheCity","TheBeyond","TheEnding"],"potions_floor_usage":[45,48,55,55,55,55,55],"damage_taken":[{"damage":0.0,"enemies":"2 Louse","floor":1.0,"turns":2.0},{"damage":2.0,"enemies":"Jaw Worm","floor":4.0,"turns":3.0},{"damage":0.0,"enemies":"Small Slimes","floor":5.0,"turns":1.0},{"damage":2.0,"enemies":"2 Fungi Beasts","floor":7.0,"turns":4.0},{"damage":3.0,"enemies":"3 Louse","floor":11.0,"turns":3.0},{"damage":6.0,"enemies":"3 Sentries","floor":12.0,"turns":6.0},{"damage":9.0,"enemies":"Slime Boss","floor":16.0,"turns":6.0},{"damage":0.0,"enemies":"Spheric Guardian","floor":18.0,"turns":2.0},{"damage":14.0,"enemies":"3 Byrds","floor":20.0,"turns":5.0},{"damage":22.0,"enemies":"Snake Plant","floor":21.0,"turns":6.0},{"damage":18.0,"enemies":"Book of Stabbing","floor":24.0,"turns":7.0},{"damage":0.0,"enemies":"Chosen and Byrds","floor":27.0,"turns":7.0},{"damage":22.0,"enemies":"Shelled Parasite and Fungi","floor":29.0,"turns":5.0},{"damage":8.0,"enemies":"Centurion and Healer","floor":31.0,"turns":6.0},{"damage":20.0,"enemies":"Automaton","floor":33.0,"turns":7.0},{"damage":13.0,"enemies":"3 Shapes","floor":35.0,"turns":8.0},{"damage":33.0,"enemies":"2 Orb Walkers","floor":36.0,"turns":5.0},{"damage":25.0,"enemies":"3 Darklings","floor":37.0,"turns":7.0},{"damage":44,"enemies":"Giant Head","floor":41,"turns":9},{"damage":0,"enemies":"4 Shapes","floor":42,"turns":5},{"damage":41,"enemies":"Writhing Mass","floor":45,"turns":7},{"damage":41,"enemies":"Transient","floor":48,"turns":5},{"damage":101,"enemies":"Time Eater","floor":50,"turns":13},{"damage":87,"enemies":"Shield and Spear","floor":54,"turns":11},{"damage":57,"enemies":"The Heart","floor":55,"turns":5}],"seed_played":"-1273804168766094806","potions_obtained":[{"floor":1.0,"key":"SmokeBomb"},{"floor":7.0,"key":"EssenceOfSteel"},{"floor":16.0,"key":"DistilledChaos"},{"floor":24.0,"key":"Explosive Potion"},{"floor":37.0,"key":"Swift Potion"},{"floor":45,"key":"FearPotion"},{"floor":48,"key":"BlessingOfTheForge"},{"floor":54,"key":"EntropicBrew"}],"is_trial":false,"path_per_floor":["M","?","$","M","M","R","M","R","T","R","M","E","?","$","R","B",null,"M","?","M","M","$","R","E","R","T","M","?","M","R","M","R","B",null,"M","?","M","$","?","R","E","M","T","R","M","R","$","M","R","B",null,"R","$","E","B"],"character_chosen":"WATCHER","items_purchased":["Turnip","Question Card","Toolbox","Nirvana","Prostrate","Perseverance","FairyPotion","Magnetism","Bandage Up","ReachHeaven","Wallop","CloakClasp","Happy Flower","Mayhem","Bandage Up","Judgement","BattleHymn","Evaluate","BowlingBash","Frozen Egg 2","Mango","ClockworkSouvenir","Halt","Enlightenment","HandOfGreed","ClearTheMind","Adaptation+1","Tantrum","Membership Card","Bag of Preparation","Molten Egg 2","Nirvana+1","Madness","PathToVictory","Brilliance+1","CutThroughFate+1","Judgement","Secret Technique","Fasting2+1","FollowUp+1","FlyingSleeves+1","Swivel","Sadistic Nature+1","ClearTheMind","Jack Of All Trades","Block Potion","StrikeDummy","Nirvana+1"],"campfire_rested":4,"item_purchase_floors":[3,3,3,3,3,3,3,3,3,3,3,14,14,14,14,14,14,14,14,22,22,22,22,22,22,22,22,22,38,38,38,38,38,38,38,38,38,38,47,47,47,47,47,47,47,47,47,53],"current_hp_per_floor":[79,79,79,79,79,79,79,79,79,79,79,73,79,79,79,78,90,90,84,82,66,80,80,76,76,76,84,84,62,62,60,94,86,122,109,76,59,59,59,59,23,31,31,67,34,70,70,29,65,17,122,122,122,47,0,0],"gold":72,"neow_bonus":"TEN_PERCENT_HP_BONUS","is_daily":false,"chose_seed":false,"campfire_upgraded":8,"win_rate":0.0,"timestamp":1613933787,"path_taken":["M","?","$","M","M","R","M","R","T","R","M","E","?","$","R","BOSS","M","?","M","M","$","R","E","R","T","M","?","M","R","M","R","BOSS","M","?","M","$","?","R","E","?","T","R","M","R","$","M","R","BOSS","R","$","E","BOSS"],"items_purchased_type":["Relic","Relic","Relic","Card","Card","Card","Potion","Card","Card","Card","Card","Relic","Relic","Card","Card","Card","Card","Card","Card","Relic","Relic","Relic","Card","Card","Card","Card","Card","Card","Relic","Relic","Relic","Card","Card","Card","Card","Card","Card","Card","Card","Card","Card","Card","Card","Card","Card","Potion","Relic","Card"],"build_version":"2020-12-22","purchased_purges":1,"victory":false,"max_hp_per_floor":[79,79,79,79,79,79,79,79,79,79,79,79,85,85,85,85,90,90,90,90,92,106,106,116,116,116,116,116,116,116,116,116,116,122,122,122,122,122,122,122,122,122,122,122,122,122,122,122,122,122,122,122,122,122,122,122],"card_choices":[{"not_picked":["SignatureMove","ThirdEye"],"picked":"Consecrate","floor":1.0},{"not_picked":["EmptyFist","Consecrate","WindmillStrike"],"picked":"FlurryOfBlows","floor":4.0},{"not_picked":["Meditate","InnerPeace","Protect"],"picked":"DeceiveReality","floor":5.0},{"not_picked":["SignatureMove","Omniscience","Evaluate"],"picked":"BowlingBash","floor":7.0},{"not_picked":["Worship","Prostrate","FearNoEvil"],"picked":"FollowUp","floor":11.0},{"not_picked":["ForeignInfluence","EmptyFist","CutThroughFate"],"picked":"PathToVictory","floor":12.0},{"not_picked":["Scrawl","ConjureBlade","SpiritShield"],"picked":"Devotion","floor":16.0},{"not_picked":["EmptyFist","BowlingBash","Evaluate"],"picked":"Swivel","floor":17.0},{"not_picked":["EmptyFist","ForeignInfluence","Halt"],"picked":"WaveOfTheHand+1","floor":18.0},{"not_picked":["EmptyMind","JustLucky","EmptyBody"],"picked":"SandsOfTime","floor":20.0},{"not_picked":["InnerPeace","SignatureMove","ForeignInfluence","WaveOfTheHand"],"picked":"Singing Bowl","floor":21.0},{"not_picked":["LikeWater+1","EmptyMind","CrushJoints"],"picked":"DevaForm+1","floor":24.0},{"not_picked":["Conclude","ClearTheMind","DeceiveReality+1"],"picked":"PathToVictory","floor":27.0},{"not_picked":["Halt","FlurryOfBlows","WreathOfFlame"],"picked":"Protect+1","floor":29.0},{"not_picked":["CutThroughFate+1","Consecrate","SignatureMove+1"],"picked":"ThirdEye","floor":31.0},{"not_picked":["Ragnarok","ConjureBlade","Alpha"],"picked":"Scrawl","floor":33.0},{"not_picked":["Consecrate","Protect","EmptyBody+1"],"picked":"Wireheading+1","floor":35.0},{"not_picked":["TalkToTheHand","SashWhip+1","Omniscience"],"picked":"Wireheading+1","floor":36.0},{"not_picked":["Protect","WaveOfTheHand+1","WindmillStrike+1"],"picked":"FlurryOfBlows+1","floor":37.0},{"not_picked":["ForeignInfluence","Prostrate+1","BattleHymn+1"],"picked":"Wallop+1","floor":37.0},{"not_picked":["JustLucky+1","ThirdEye+1","EmptyFist+1"],"picked":"FollowUp+1","floor":41},{"not_picked":["Protect+1","Vengeance+1","FlyingSleeves+1"],"picked":"SashWhip+1","floor":42},{"not_picked":["TalkToTheHand+1","Swivel+1","Perseverance"],"picked":"Sanctity","floor":42},{"not_picked":["Collect","PathToVictory","Consecrate+1"],"picked":"LikeWater+1","floor":45},{"not_picked":["PathToVictory","Halt","EmptyMind"],"picked":"DevaForm+1","floor":45},{"not_picked":["Protect","ReachHeaven+1","ConjureBlade"],"picked":"Prostrate+1","floor":48},{"not_picked":["Meditate","ReachHeaven+1","BowlingBash+1"],"picked":"Halt+1","floor":48},{"not_picked":["CarveReality+1","EmptyFist+1","Conclude+1"],"picked":"PathToVictory","floor":54}],"player_experience":884103,"relics_obtained":[{"floor":9.0,"key":"Darkstone Periapt"},{"floor":12.0,"key":"Singing Bowl"},{"floor":24.0,"key":"Pear"},{"floor":26.0,"key":"Bottled Lightning"},{"floor":34.0,"key":"War Paint"},{"floor":34.0,"key":"Matryoshka"},{"floor":34.0,"key":"Girya"},{"floor":36.0,"key":"Prayer Wheel"},{"floor":41,"key":"Omamori"},{"floor":43,"key":"Whetstone"},{"floor":54,"key":"Blood Vial"}],"event_choices":[{"damage_healed":0.0,"max_hp_gain":0.0,"max_hp_loss":0.0,"gold_gain":0.0,"event_name":"The Cleric","player_choice":"Leave","floor":2.0,"gold_loss":0.0,"damage_taken":0.0},{"damage_healed":0.0,"max_hp_gain":0.0,"max_hp_loss":0.0,"gold_gain":175.0,"event_name":"Liars Game","player_choice":"AGREE","floor":13.0,"gold_loss":0.0,"damage_taken":0.0,"cards_obtained":["Doubt"]},{"damage_healed":0.0,"max_hp_gain":0.0,"max_hp_loss":0.0,"gold_gain":0.0,"event_name":"Nest","player_choice":"Joined the Cult","floor":19.0,"gold_loss":0.0,"damage_taken":6.0,"cards_obtained":["RitualDagger"]},{"damage_healed":0.0,"max_hp_gain":0.0,"max_hp_loss":0.0,"gold_gain":0.0,"event_name":"Vampires","player_choice":"Ignored","floor":28.0,"gold_loss":0.0,"damage_taken":0.0},{"damage_healed":0.0,"max_hp_gain":0.0,"max_hp_loss":0.0,"gold_gain":0.0,"event_name":"Mysterious Sphere","player_choice":"Fight","floor":36.0,"gold_loss":0.0,"damage_taken":0.0},{"damage_healed":0.0,"max_hp_gain":0.0,"max_hp_loss":0.0,"gold_gain":100.0,"event_name":"Golden Shrine","player_choice":"Pray","floor":39.0,"gold_loss":0.0,"damage_taken":0.0}],"is_beta":false,"boss_relics":[{"not_picked":["Coffee Dripper","Ectoplasm"],"picked":"Tiny House"},{"not_picked":["SacredBark","Fusion Hammer"],"picked":"Calling Bell"}],"items_purged_floors":[14],"is_endless":false,"potions_floor_spawned":[1,7,16,24,31,33,37,45,48,54],"killed_by":"The Heart","ascension_level":0}}