{"host":"zc0hgfo9wozyb2ss","time":1613892340,"event":{"mods":["BaseMod","Downfall","Minty Spire (QoL Compilation)","StSLib"],"gold_per_floor":[99,109,121,132,148,148,148,176,626,726,726,737,36,49,67,172,172,72,87,107,107,107,107,189,207,226,252,252,352,376,376,376,376],"floor_reached":31,"language":"ENG","playtime":3185,"items_purged":["Pain"],"score":316,"play_id":"f0648c6e-327b-48a8-99de-d02a408102ec","local_time":"20210221182540","is_ascension_mode":false,"campfire_choices":[{"data":"hexamod:Float","floor":1,"key":"SMITH"},{"data":"hexamod:PhantomCloak","floor":6,"key":"SMITH"},{"data":"hexamod:ForkedFlame","floor":18,"key":"SMITH"}],"circlet_count":0,"master_deck":["hexamod:Strike","hexamod:Strike","hexamod:Strike","hexamod:Defend","hexamod:Defend","hexamod:Defend","hexamod:Defend","hexamod:Sear","hexamod:Float+1","hexamod:Hexaguard","hexamod:HauntingEcho","hexamod:ChargedBarrage","hexamod:PhantomCloak+1","hexamod:VolcanoVisage+1","downfall:Icky","downfall:Icky","hexamod:HeatShield","hexamod:ChargedBarrage","hexamod:FirstSeal","hexamod:ThirdSeal","expansioncontent:DashGenerateEvil","hexamod:WildfireWeapon","hexamod:GhostOfSpireFuture","hexamod:FastForward","hexamod:ForkedFlame+1","hexamod:SecondSeal","hexamod:ForkedFlame","hexamod:TimeOfNeed","hexamod:StepThrough","hexamod:AdvancingGuard+1","hexamod:RadiantFlame+1","hexamod:FastForward+1","hexamod:FourthSeal","hexamod:ForkedFlame+1","hexamod:HeatCrush+1","hexamod:HeatShield","hexamod:PhantomCloak","hexamod:SpectersWail+1","hexamod:StepThrough+1","Injury","J.A.X.","hexamod:FastForward+1","hexamod:HeatMetal+1","hexamod:FastForward+1","hexamod:SearingWound"],"relics":["hexamod:SpiritBrand","Kunai","Bag of Marbles","WarpedTongs","Shovel","Cursed Key","downfall:HeartBlessingGreen","Molten Egg 2","Potion Belt","MutagenicStrength"],"acts_visited":["Exordium","TheCity"],"potions_floor_usage":[8,15,16,29,29,29],"damage_taken":[{"damage":5,"enemies":"Small Slimes","floor":2,"turns":4},{"damage":0,"enemies":"Cultist","floor":3,"turns":3},{"damage":0,"enemies":"Jaw Worm","floor":4,"turns":3},{"damage":4,"enemies":"Blue Slaver","floor":5,"turns":3},{"damage":8,"enemies":"3 Sentries","floor":8,"turns":10},{"damage":23,"enemies":"downfall:Heads","floor":10,"turns":6},{"damage":12,"enemies":"Large Slime","floor":12,"turns":5},{"damage":3,"enemies":"downfall:FleeingMerchant","floor":13,"turns":4},{"damage":1,"enemies":"Exordium Thugs","floor":14,"turns":6},{"damage":2,"enemies":"downfall:LooterAlt","floor":15,"turns":6},{"damage":7,"enemies":"IC_STATUS_ARCHETYPE","floor":16,"turns":7},{"damage":0,"enemies":"Spheric Guardian","floor":19,"turns":3},{"damage":0,"enemies":"Shell Parasite","floor":20,"turns":5},{"damage":12,"enemies":"Snake Plant","floor":25,"turns":3},{"damage":20,"enemies":"Sentry and Sphere","floor":26,"turns":5},{"damage":9,"enemies":"Centurion and Healer","floor":27,"turns":6},{"damage":31,"enemies":"downfall:Augmenter","floor":29,"turns":6},{"damage":0,"enemies":"Cultist and Chosen","floor":30,"turns":3},{"damage":7,"enemies":"downfall:FleeingMerchant","floor":31,"turns":2}],"seed_played":"-7162564094827841985","potions_obtained":[{"floor":4,"key":"AttackPotion"},{"floor":5,"key":"Weak Potion"},{"floor":8,"key":"Block Potion"},{"floor":10,"key":"DuplicationPotion"},{"floor":15,"key":"AttackPotion"},{"floor":19,"key":"LiquidBronze"},{"floor":25,"key":"Weak Potion"},{"floor":26,"key":"LiquidBronze"},{"floor":26,"key":"EntropicBrew"},{"floor":29,"key":"Strength Potion"}],"is_trial":false,"path_per_floor":["R","M","M","M","M","R","T","E","?","?","?","M","$","M","M","B",null,"R","M","M","?","?","?","T","M","M","M","?","?","M","$"],"character_chosen":"THE_SPIRIT","items_purchased":["Shovel","expansioncontent:DashGenerateEvil","hexamod:WildfireWeapon"],"campfire_rested":0,"item_purchase_floors":[13,13,13],"current_hp_per_floor":[77,72,72,72,68,68,68,60,60,37,37,25,22,28,33,33,77,77,77,77,63,63,63,63,51,38,36,36,5,5,0,0,0],"gold":376,"neow_bonus":"TEN_PERCENT_HP_BONUS","is_daily":false,"chose_seed":false,"campfire_upgraded":3,"win_rate":0.0,"timestamp":1613892340,"path_taken":["R","M","M","M","M","R","T","E","?","?","?","M","$","?","M","BOSS","R","M","M","?","?","?","T","M","M","?","?","?","M","?"],"items_purchased_type":["Relic","Card","Card"],"build_version":"2020-12-22","purchased_purges":1,"victory":false,"max_hp_per_floor":[77,77,77,77,77,77,77,77,77,77,77,77,77,77,77,77,77,77,77,77,82,82,82,82,82,82,82,82,82,82,82,82,82],"card_choices":[{"not_picked":["hexamod:ThermalTransfer","hexamod:GhostLash"],"picked":"hexamod:Hexaguard","floor":2},{"not_picked":["hexamod:NecessarySacrifice","hexamod:InspiringFlames"],"picked":"hexamod:HauntingEcho","floor":3},{"not_picked":["hexamod:Incineration","hexamod:BurningTouch"],"picked":"hexamod:ChargedBarrage","floor":4},{"not_picked":["hexamod:FourthSeal","hexamod:AdvancingGuard"],"picked":"hexamod:PhantomCloak","floor":5},{"not_picked":["hexamod:CatchUp","hexamod:GhostflameBarrier"],"picked":"hexamod:VolcanoVisage","floor":8},{"not_picked":["hexamod:ShieldOfDarkness","hexamod:SwordOfDarkness"],"picked":"hexamod:HeatShield","floor":10},{"not_picked":["hexamod:FastForward","hexamod:HeatCrush"],"picked":"hexamod:FirstSeal","floor":12},{"not_picked":["hexamod:NightmareGuise","hexamod:GhostOfSpirePast"],"picked":"hexamod:ThirdSeal","floor":13},{"not_picked":["hexamod:FastForward","hexamod:FirstSeal"],"picked":"hexamod:GhostOfSpireFuture","floor":14},{"not_picked":["hexamod:SpectersWail","hexamod:NightmareStrike"],"picked":"hexamod:FastForward","floor":14},{"not_picked":["hexamod:AdvancingGuard","hexamod:SpectralAdrenaline"],"picked":"hexamod:ForkedFlame","floor":15},{"not_picked":["hexamod:ThermalTransfer","hexamod:ShieldOfDarkness"],"picked":"hexamod:SecondSeal","floor":15},{"not_picked":["hexamod:VolcanoVisage","hexamod:WildfireWeapon"],"picked":"hexamod:ForkedFlame","floor":16},{"not_picked":["hexamod:GhostflameInferno","hexamod:ParanormalForm"],"picked":"hexamod:TimeOfNeed","floor":16},{"not_picked":["hexamod:Firestarter","hexamod:FirstSeal"],"picked":"hexamod:StepThrough","floor":19},{"not_picked":["hexamod:HeatMetal","hexamod:PhantomFireball"],"picked":"hexamod:AdvancingGuard+1","floor":19},{"not_picked":["hexamod:RecurringNightmare+1","hexamod:InspiringFlames"],"picked":"hexamod:RadiantFlame+1","floor":20},{"not_picked":["hexamod:GhostShield+1","hexamod:AdvancingGuard"],"picked":"hexamod:FastForward+1","floor":20},{"not_picked":["hexamod:GhostOfSpirePast","hexamod:FourthSeal"],"picked":"hexamod:HeatCrush+1","floor":25},{"not_picked":["hexamod:BacktrackSmack+1","hexamod:Incineration+1","hexamod:GhostflameInferno"],"picked":"SKIP","floor":25},{"not_picked":["hexamod:ThermalTransfer+1","hexamod:AdvancingGuard"],"picked":"hexamod:HeatShield","floor":26},{"not_picked":["hexamod:FastForward","hexamod:ChargedBarrage"],"picked":"hexamod:PhantomCloak","floor":26},{"not_picked":["hexamod:RainOfEmbers+1","hexamod:ThirdSeal"],"picked":"hexamod:SpectersWail+1","floor":27},{"not_picked":["hexamod:Firestarter+1","hexamod:SpectersWail+1"],"picked":"hexamod:StepThrough+1","floor":27},{"not_picked":[],"picked":"J.A.X.","floor":29},{"not_picked":["hexamod:HeatMetal+1","hexamod:NightmareGuise"],"picked":"hexamod:FastForward+1","floor":29},{"not_picked":["hexamod:ShieldOfDarkness","hexamod:HeatCrush+1"],"picked":"hexamod:HeatMetal+1","floor":29},{"not_picked":["hexamod:NecessarySacrifice+1","hexamod:GhostLash+1"],"picked":"hexamod:FastForward+1","floor":30},{"not_picked":["hexamod:Again","hexamod:FastForward"],"picked":"hexamod:SearingWound","floor":30}],"player_experience":33951,"relics_obtained":[{"floor":7,"key":"Kunai"},{"floor":8,"key":"Bag of Marbles"},{"floor":24,"key":"Molten Egg 2"},{"floor":29,"key":"MutagenicStrength"}],"event_choices":[{"damage_healed":0,"gold_gain":0,"player_choice":"Rummage","damage_taken":0,"relics_obtained":["WarpedTongs"],"max_hp_gain":0,"max_hp_loss":0,"event_name":"Accursed Blacksmith","floor":11,"gold_loss":0,"cards_obtained":["Pain"]}],"is_beta":false,"boss_relics":[{"not_picked":["hexamod:UnbrokenSoul","Empty Cage"],"picked":"Cursed Key"}],"items_purged_floors":[13],"is_endless":false,"potions_floor_spawned":[4,5,8,10,14,15,19,25,26,27],"killed_by":"downfall:FleeingMerchant","ascension_level":0}}