{"host":"m8y8nvvez5gwh4s7","time":1613941962,"event":{"mods":["AchievementEnabler","BaseMod","Bestiary","Colored Map","Colored Powertips","Minty Spire (QoL Compilation)","Rare Cards Sparkle","Relic Stats","Replay The Spire","StSLib","Together in Spire"],"gold_per_floor":[118,130,149,163,161,161,188,188,188,201,201,211,239,259,259,357,357,368,378,394,86,104,139,149,179,258,272,283,300,300,315,315,411,411,430,36,53,71,89,124,190,217,253,276,303,341,353,353],"floor_reached":47,"language":"ENG","playtime":4114,"items_purged":[],"score":573,"play_id":"4a4ae3c2-44d6-4de7-824f-c54afbe8671e","local_time":"20210221151242","is_ascension_mode":false,"campfire_choices":[{"data":"Whirlwind","floor":6,"key":"SMITH"},{"data":"Life Link","floor":15,"key":"SMITH"},{"floor":30,"key":"REST"},{"data":"Barricade","floor":32,"key":"SMITH"}],"circlet_count":0,"master_deck":["Strike_R","Strike_R","Strike_R","Strike_R","Defend_R","Defend_R","Defend_R","Defend_R","Bash","Mind Blast+1","Dropkick","Heavy Blade","Headbutt","Whirlwind+1","Warcry","ReplayTheSpireMod:Stacked","ReplayTheSpireMod:Limb From Limb","True Grit","Seeing Red","Heavy Blade","Burning Pact","Life Link+1","Barricade+1","Sever Soul","Run Through","Dropkick+1","Disarm","Carnage","Massacre+1","Run Through+1","Dual Wield+1","Intimidate","Power Through","Offering","Exhume","Warcry+1","Flex","Body Slam+1","Havoc+1","Clash+1","ReplayTheSpireMod:Limb From Limb","Shrug It Off","Defy Death+1","Replay:Many Hands","ReplayTheSpireMod:Strike From Hell","Cleave+1","Blood for Blood+1","Clash+1","Thunderclap","Shockwave","Clash+1","Clothesline+1","Clash+1","Thunderclap","Eclipse","Spot Weakness","Infernal Blade+1","Perfected Strike+1","Spot Weakness","Sever Soul+1"],"relics":["Burning Blood","Happy Flower","Ornamental Fan","Prayer Wheel","Sozu","Pet Ghost","Bronze Scales","Bottled Tornado","Replay:Rubber Ducky","InkBottle","Ring of Chaos","Darkstone Periapt","Lee\u0027s Waffle","MawBank","Ice Cream","Blood Vial","Nunchaku"],"acts_visited":["Exordium","TheCity","TheBeyond"],"potions_floor_usage":[5,19,31,33],"damage_taken":[{"damage":5,"enemies":"Small Slimes","floor":1,"turns":2},{"damage":0,"enemies":"Cultist","floor":2,"turns":2},{"damage":1,"enemies":"Jaw Worm","floor":3,"turns":2},{"damage":12,"enemies":"Exordium Thugs","floor":4,"turns":3},{"damage":5,"enemies":"Looter","floor":5,"turns":2},{"damage":4,"enemies":"3 Sentries","floor":7,"turns":3},{"damage":10,"enemies":"Exordium Wildlife","floor":10,"turns":2},{"damage":0,"enemies":"Lots of Slimes","floor":12,"turns":1},{"damage":0,"enemies":"Gremlin Nob","floor":13,"turns":2},{"damage":0,"enemies":"Blue Slaver","floor":14,"turns":1},{"damage":50,"enemies":"The Guardian","floor":16,"turns":5},{"damage":0,"enemies":"3 Byrds","floor":18,"turns":2},{"damage":0,"enemies":"Shell Parasite","floor":19,"turns":4},{"damage":4,"enemies":"Snecko","floor":20,"turns":3},{"damage":19,"enemies":"3 Cultists","floor":22,"turns":4},{"damage":13,"enemies":"Replay:Snechameleon","floor":23,"turns":2},{"damage":10,"enemies":"Snake Plant","floor":24,"turns":3},{"damage":30,"enemies":"Book of Stabbing","floor":25,"turns":4},{"damage":0,"enemies":"Chosen and Byrds","floor":27,"turns":4},{"damage":6,"enemies":"Snecko","floor":28,"turns":3},{"damage":0,"enemies":"Snake Plant","floor":29,"turns":3},{"damage":6,"enemies":"Cultist and Chosen","floor":31,"turns":2},{"damage":0,"enemies":"Pondfish","floor":33,"turns":4},{"damage":1,"enemies":"3 Shapes","floor":35,"turns":2},{"damage":5,"enemies":"3 Darklings","floor":37,"turns":2},{"damage":0,"enemies":"Maw","floor":38,"turns":4},{"damage":0,"enemies":"Transient","floor":39,"turns":1},{"damage":0,"enemies":"Giant Head","floor":40,"turns":4},{"damage":45,"enemies":"2 Orb Walkers","floor":41,"turns":3},{"damage":14,"enemies":"Writhing Mass","floor":42,"turns":4},{"damage":7,"enemies":"3 Darklings","floor":44,"turns":3},{"damage":41,"enemies":"Sphere and 2 Shapes","floor":45,"turns":4}],"seed_played":"-9181316489129734552","potions_obtained":[{"floor":2,"key":"AttackPotion"},{"floor":4,"key":"Elixir"},{"floor":12,"key":"PowerPotion"},{"floor":13,"key":"SkillPotion"},{"floor":16,"key":"Regen Potion"}],"is_trial":false,"path_per_floor":["M","M","M","M","M","R","E","?","T","M","?","M","E","M","R","B",null,"M","M","M","$","M","E","M","E","T","M","M","M","R","M","R","B",null,"M","$","M","M","M","E","?","M","T","M","M","T","M"],"character_chosen":"IRONCLAD","items_purchased":["Pet Ghost","Bronze Scales","Darkstone Periapt","Lee\u0027s Waffle"],"campfire_rested":1,"item_purchase_floors":[21,21,36,36],"current_hp_per_floor":[80,80,80,74,75,75,77,77,77,73,73,79,80,80,80,36,80,80,80,80,80,67,60,56,32,32,38,38,44,68,73,73,79,80,80,87,87,87,87,87,48,40,40,41,8,8,0,0],"gold":353,"neow_bonus":"RANDOM_COLORLESS","is_daily":false,"chose_seed":false,"campfire_upgraded":3,"win_rate":0.0,"timestamp":1613941962,"path_taken":["M","M","M","M","M","R","E","?","T","M","?","?","E","M","R","BOSS","M","M","M","$","M","E","M","E","T","M","M","M","R","M","R","BOSS","M","$","M","M","M","E","?","M","T","M","M","?","?"],"items_purchased_type":["Relic","Relic","Relic","Relic"],"build_version":"2020-12-22","purchased_purges":0,"victory":false,"max_hp_per_floor":[80,80,80,80,80,80,80,80,80,80,80,80,80,80,80,80,80,80,80,80,80,80,80,80,80,80,80,80,80,80,80,80,80,80,80,87,87,87,87,87,87,87,87,87,87,87,87,87],"relic_stats":{"Darkstone Periapt":0,"Lee\u0027s Waffle":7,"Happy Flower":[26],"counters":[33,93],"MawBank":84,"Burning Blood":131,"Sozu":10,"Blood Vial":6,"Nunchaku":[0],"Ornamental Fan":[72],"Bronze Scales":[123],"Prayer Wheel":17,"obtain_stats":[{"Darkstone Periapt":36,"Ice Cream":41,"Lee\u0027s Waffle":36,"Happy Flower":7,"Ring of Chaos":34,"Bottled Tornado":23,"MawBank":40,"Burning Blood":0,"Pet Ghost":21,"Replay:Rubber Ducky":25,"Sozu":17,"Blood Vial":43,"Nunchaku":46,"Ornamental Fan":9,"Bronze Scales":21,"Prayer Wheel":13,"InkBottle":26},{"Darkstone Periapt":24,"Ice Cream":29,"Lee\u0027s Waffle":24,"Happy Flower":6,"Ring of Chaos":23,"Bottled Tornado":16,"MawBank":28,"Burning Blood":0,"Pet Ghost":14,"Replay:Rubber Ducky":18,"Sozu":11,"Blood Vial":30,"Nunchaku":32,"Ornamental Fan":6,"Bronze Scales":14,"Prayer Wheel":9,"InkBottle":18},{"Darkstone Periapt":65,"Ice Cream":79,"Lee\u0027s Waffle":65,"Happy Flower":14,"Ring of Chaos":63,"Bottled Tornado":40,"MawBank":76,"Burning Blood":0,"Pet Ghost":34,"Replay:Rubber Ducky":47,"Sozu":25,"Blood Vial":83,"Nunchaku":90,"Ornamental Fan":14,"Bronze Scales":34,"Prayer Wheel":19,"InkBottle":47}],"InkBottle":[19]},"card_choices":[{"not_picked":["Trip","Replay:Sssssssssstrike"],"picked":"Mind Blast","floor":0},{"not_picked":["Perfected Strike","Warcry"],"picked":"Dropkick","floor":1},{"not_picked":["Combust","Pummel"],"picked":"Heavy Blade","floor":2},{"not_picked":["ReplayTheSpireMod:Corrosion Curse","Sever Soul"],"picked":"Headbutt","floor":3},{"not_picked":["ReplayTheSpireMod:Strike From Hell","Armaments"],"picked":"Whirlwind","floor":4},{"not_picked":["Pummel","Rupture"],"picked":"Warcry","floor":5},{"not_picked":["Cleave","Shrug It Off"],"picked":"ReplayTheSpireMod:Stacked","floor":7},{"not_picked":["Fire Breathing","Twin Strike"],"picked":"ReplayTheSpireMod:Limb From Limb","floor":10},{"not_picked":["Clothesline","Dual Wield"],"picked":"Seeing Red","floor":12},{"not_picked":["Thunderclap","ReplayReversal"],"picked":"Heavy Blade","floor":13},{"not_picked":["Hemokinesis","Fire Breathing"],"picked":"Burning Pact","floor":14},{"not_picked":["Whirlwind","Pommel Strike"],"picked":"Life Link","floor":14},{"not_picked":["Eclipse","Exhume"],"picked":"Barricade","floor":16},{"not_picked":["Armaments","Thunderclap"],"picked":"Sever Soul","floor":18},{"not_picked":["ReplayTheSpireMod:Muscle Training","Reckless Charge"],"picked":"Run Through","floor":18},{"not_picked":["ReplayTheSpireMod:Strike From Hell","Replay:Undeath\u0027s Touch"],"picked":"Dropkick+1","floor":19},{"not_picked":["Pommel Strike","Body Slam"],"picked":"Disarm","floor":19},{"not_picked":["Iron Wave","ReplayTheSpireMod:Strike From Hell"],"picked":"Carnage","floor":20},{"not_picked":["True Grit","Pommel Strike"],"picked":"Massacre+1","floor":20},{"not_picked":["Pommel Strike","Shrug It Off"],"picked":"Run Through+1","floor":22},{"not_picked":["Run Through","ReplayTheSpireMod:Strike From Hell"],"picked":"Dual Wield+1","floor":22},{"not_picked":["Carnage","Defy Death"],"picked":"Intimidate","floor":23},{"not_picked":["Heavy Blade+1","Massacre"],"picked":"Power Through","floor":24},{"not_picked":["Rage","Hemokinesis"],"picked":"Offering","floor":24},{"not_picked":["Anger","Shockwave"],"picked":"Exhume","floor":25},{"not_picked":["Dropkick","Run Through"],"picked":"Warcry+1","floor":27},{"not_picked":["ReplayTheSpireMod:Corrosion Curse","Thunderclap"],"picked":"Flex","floor":27},{"not_picked":["Burning Pact","Pommel Strike"],"picked":"Body Slam+1","floor":28},{"not_picked":["Perfected Strike","Defy Death"],"picked":"Havoc+1","floor":28},{"not_picked":["Dropkick","ReplayTheSpireMod:Strike From Hell"],"picked":"Clash+1","floor":29},{"not_picked":["Whirlwind","Disarm"],"picked":"ReplayTheSpireMod:Limb From Limb","floor":29},{"not_picked":["Warcry","Flame Barrier"],"picked":"Shrug It Off","floor":31},{"not_picked":["Shrug It Off+1","True Grit"],"picked":"Defy Death+1","floor":31},{"not_picked":["Exhume","Eclipse"],"picked":"Replay:Many Hands","floor":33},{"not_picked":["Wild Strike","True Grit"],"picked":"ReplayTheSpireMod:Strike From Hell","floor":35},{"not_picked":["Shrug It Off","Hemokinesis+1"],"picked":"Cleave+1","floor":35},{"not_picked":["Shrug It Off","Wild Strike+1"],"picked":"Blood for Blood+1","floor":37},{"not_picked":["True Grit+1","Dark Embrace+1"],"picked":"Clash+1","floor":37},{"not_picked":["Shrug It Off","Armaments"],"picked":"Thunderclap","floor":38},{"not_picked":["Heavy Blade","Power Through+1"],"picked":"Shockwave","floor":38},{"not_picked":["Evolve","Dropkick+1"],"picked":"Clash+1","floor":39},{"not_picked":["Heavy Blade","ReplayTheSpireMod:Strike From Hell+1"],"picked":"Clothesline+1","floor":39},{"not_picked":["Exhume","Thunderclap"],"picked":"Clash+1","floor":40},{"not_picked":["Clash","Headbutt+1"],"picked":"Thunderclap","floor":41},{"not_picked":["Shockwave","Perfected Strike"],"picked":"Eclipse","floor":42},{"not_picked":["Thunderclap+1","Cleave+1"],"picked":"Spot Weakness","floor":42},{"not_picked":["ReplayTheSpireMod:Stacked","Headbutt"],"picked":"Infernal Blade+1","floor":44},{"not_picked":["Body Slam+1","Massacre"],"picked":"Perfected Strike+1","floor":44},{"not_picked":["Thunderclap","Headbutt"],"picked":"Spot Weakness","floor":45},{"not_picked":["True Grit","Spot Weakness+1"],"picked":"Sever Soul+1","floor":45}],"player_experience":31092,"relics_obtained":[{"floor":7,"key":"Happy Flower"},{"floor":9,"key":"Ornamental Fan"},{"floor":13,"key":"Prayer Wheel"},{"floor":23,"key":"Bottled Tornado"},{"floor":25,"key":"Replay:Rubber Ducky"},{"floor":26,"key":"InkBottle"},{"floor":40,"key":"MawBank"},{"floor":41,"key":"Ice Cream"},{"floor":43,"key":"Blood Vial"},{"floor":46,"key":"Nunchaku"}],"event_choices":[{"damage_healed":0,"gold_gain":0,"player_choice":"Grow","damage_taken":0,"max_hp_gain":0,"max_hp_loss":0,"event_name":"Living Wall","floor":8,"gold_loss":0,"cards_upgraded":["Mind Blast"]},{"damage_healed":0,"gold_gain":0,"cards_transformed":["Strike_R"],"player_choice":"Transformed","damage_taken":0,"max_hp_gain":0,"max_hp_loss":0,"event_name":"Transmorgrifier","floor":11,"gold_loss":0,"cards_obtained":["True Grit"]},{"damage_healed":0,"gold_gain":0,"player_choice":"Fight","damage_taken":0,"max_hp_gain":0,"max_hp_loss":0,"event_name":"Mysterious Sphere","floor":41,"gold_loss":0}],"is_beta":false,"boss_relics":[{"not_picked":["ReplayTheSpireMod:DimensionalGlitch","Replay:Grab Bag"],"picked":"Sozu"},{"not_picked":["Velvet Choker","Runic Dome"],"picked":"Ring of Chaos"}],"items_purged_floors":[],"is_endless":false,"potions_floor_spawned":[2,4,12,13,16,19,23,24,25,28,31,37,39,40,41],"killed_by":"4 Shapes","ascension_level":0}}