{"host":"qm4rv4rkpk76sbxu","time":1613896173,"event":{"mods":["BaseMod","Bestiary","Block Reminder","DeckTracker","Filter the Spire","Keyboard Shortcuts","Minty Spire (QoL Compilation)","MonsterHotkey","Quick Restart","Random Character Button","Relic Stats","Slay-I","StSLib","Unceasing Turn Reminder","Weighted Paths","ojb\u0027s Better Paths Mod","ojb\u0027s Info Mod"],"gold_per_floor":[115,115,135,135,153,182,182,199,199,199,229,249,249,277,277,372,372,382,399,399,399,413,413,430,459,459,309,343,363,363,388,388,488,488,507,112,124,124,140,140,170,170,170,195,210,243,243,275,275,275,275,275,71,105,105],"floor_reached":56,"language":"ENG","playtime":10313,"items_purged":["Strike_B","Writhe"],"score":1497,"play_id":"4f664818-4188-4749-9185-0b4c0e74fbfb","local_time":"20210221092933","is_ascension_mode":true,"campfire_choices":[{"data":"Sunder","floor":7.0,"key":"SMITH"},{"data":"Doom and Gloom","floor":10.0,"key":"SMITH"},{"data":"Static Discharge","floor":13.0,"key":"SMITH"},{"data":"Zap","floor":15.0,"key":"SMITH"},{"floor":23.0,"key":"REST"},{"floor":32.0,"key":"REST"},{"data":"1","floor":40,"key":"LIFT"},{"floor":47,"key":"RECALL"},{"data":"2","floor":49,"key":"LIFT"},{"data":"3","floor":52,"key":"LIFT"}],"circlet_count":0,"master_deck":["Strike_B","Strike_B","Defend_B","Defend_B","Defend_B","Defend_B","Zap+1","Dualcast","Cold Snap","Cold Snap","Doom and Gloom+1","Self Repair","Static Discharge+1","BootSequence","Reboot","Heatsinks+1","Cold Snap","Force Field","Undo","Creative AI","Core Surge","Coolheaded+1","Conserve Battery+1","Defragment+1","Skim+1","Core Surge","White Noise+1","Ball Lightning+1","Blizzard","Thunder Strike"],"relics":["Cracked Core","NeowsBlessing","Symbiotic Virus","StoneCalendar","Bird Faced Urn","Art of War","Fusion Hammer","Centennial Puzzle","Nunchaku","Boot","Girya","Bottled Flame","Coffee Dripper","Bronze Scales","Orrery","Blue Candle","Mango","Sundial","PreservedInsect","TheAbacus","Mercury Hourglass"],"acts_visited":["Exordium","TheCity","TheBeyond","TheEnding"],"potions_floor_usage":[39,44,53,55,55],"damage_taken":[{"damage":0.0,"enemies":"2 Louse","floor":1.0,"turns":1.0},{"damage":0.0,"enemies":"Cultist","floor":3.0,"turns":1.0},{"damage":0.0,"enemies":"Small Slimes","floor":5.0,"turns":1.0},{"damage":22.0,"enemies":"Lagavulin","floor":6.0,"turns":5.0},{"damage":5.0,"enemies":"Gremlin Gang","floor":8.0,"turns":3.0},{"damage":3.0,"enemies":"3 Sentries","floor":11.0,"turns":4.0},{"damage":7.0,"enemies":"Blue Slaver","floor":12.0,"turns":3.0},{"damage":6.0,"enemies":"Gremlin Nob","floor":14.0,"turns":3.0},{"damage":21.0,"enemies":"Hexaghost","floor":16.0,"turns":4.0},{"damage":4.0,"enemies":"3 Byrds","floor":18.0,"turns":3.0},{"damage":8.0,"enemies":"Chosen","floor":19.0,"turns":3.0},{"damage":46.0,"enemies":"Shelled Parasite and Fungi","floor":22.0,"turns":5.0},{"damage":16.0,"enemies":"Snecko","floor":24.0,"turns":3.0},{"damage":11.0,"enemies":"Gremlin Leader","floor":25.0,"turns":5.0},{"damage":10.0,"enemies":"Slavers","floor":28.0,"turns":6.0},{"damage":14.0,"enemies":"Cultist and Chosen","floor":29.0,"turns":4.0},{"damage":60.0,"enemies":"Gremlin Leader","floor":31.0,"turns":8.0},{"damage":61.0,"enemies":"Automaton","floor":33.0,"turns":10.0},{"damage":14.0,"enemies":"3 Darklings","floor":35.0,"turns":4.0},{"damage":0,"enemies":"Orb Walker","floor":37,"turns":3},{"damage":2,"enemies":"Sphere and 2 Shapes","floor":39,"turns":4},{"damage":4,"enemies":"Reptomancer","floor":41,"turns":8},{"damage":70,"enemies":"Nemesis","floor":44,"turns":7},{"damage":16,"enemies":"Maw","floor":45,"turns":7},{"damage":7,"enemies":"Reptomancer","floor":46,"turns":6},{"damage":20,"enemies":"Nemesis","floor":48,"turns":5},{"damage":37,"enemies":"Donu and Deca","floor":50,"turns":7},{"damage":34,"enemies":"Shield and Spear","floor":54,"turns":7},{"damage":43,"enemies":"The Heart","floor":55,"turns":12}],"seed_played":"6887626956688315607","potions_obtained":[{"floor":1.0,"key":"Strength Potion"},{"floor":5.0,"key":"Energy Potion"},{"floor":6.0,"key":"FocusPotion"},{"floor":16.0,"key":"Regen Potion"},{"floor":19.0,"key":"FairyPotion"},{"floor":22.0,"key":"PotionOfCapacity"},{"floor":28.0,"key":"FocusPotion"},{"floor":29.0,"key":"FairyPotion"},{"floor":33.0,"key":"SkillPotion"},{"floor":35.0,"key":"ColorlessPotion"},{"floor":41,"key":"BlessingOfTheForge"},{"floor":45,"key":"Fruit Juice"}],"is_trial":false,"path_per_floor":["M","?","M","?","M","E","R","M","T","R","E","M","R","E","R","B",null,"M","M","?","?","M","R","M","E","T","$","E","M","?","E","R","B",null,"M","$","M","?","M","R","E","?","T","E","M","E","R","E","R","B",null,"R","$","E","B",null],"character_chosen":"DEFECT","items_purchased":["DistilledChaos","Bronze Scales","Orrery","TheAbacus","FocusPotion"],"campfire_rested":2,"item_purchase_floors":[27,36,36,53,53],"current_hp_per_floor":[75,75,75,75,75,53,53,48,48,48,45,47,47,52,52,42,75,75,74,74,60,27,51,48,64,64,64,67,68,68,39,63,33,80,80,80,80,80,80,80,80,80,80,51,60,72,72,69,69,65,94,94,99,94,96],"gold":105,"neow_bonus":"THREE_ENEMY_KILL","is_daily":false,"chose_seed":false,"campfire_upgraded":4,"win_rate":0.0,"timestamp":1613896173,"path_taken":["M","?","?","?","?","E","R","M","T","R","E","M","R","E","R","BOSS","M","M","?","?","M","R","M","E","T","$","E","M","?","E","R","BOSS","M","$","M","?","M","R","E","?","T","E","?","E","R","E","R","BOSS","R","$","E","BOSS"],"items_purchased_type":["Potion","Relic","Relic","Relic","Potion"],"build_version":"2020-12-22","purchased_purges":2,"victory":true,"max_hp_per_floor":[75,75,75,75,75,75,75,75,75,75,75,75,75,75,75,75,75,75,75,75,80,80,80,80,80,80,80,80,80,80,80,80,80,80,80,80,80,80,80,80,80,80,80,94,94,94,94,94,94,94,94,94,99,99,99],"relic_stats":{"counters":[29,142],"Blue Candle":[0],"StoneCalendar":[230],"PreservedInsect":68,"Boot":[26],"Mercury Hourglass":[36],"Centennial Puzzle":[42],"Nunchaku":[13],"TheAbacus":[42],"Sundial":[6],"Bird Faced Urn":[252],"Bronze Scales":[297],"Art of War":[24],"obtain_stats":[{"Girya":30,"NeowsBlessing":0,"Blue Candle":41,"StoneCalendar":9,"Mango":44,"PreservedInsect":48,"Boot":28,"Mercury Hourglass":54,"Centennial Puzzle":25,"Nunchaku":26,"Bottled Flame":31,"TheAbacus":53,"Sundial":46,"Bird Faced Urn":11,"Bronze Scales":36,"Orrery":36,"Fusion Hammer":17,"Art of War":14,"Coffee Dripper":34,"Cracked Core":0,"Symbiotic Virus":6},{"Girya":16,"NeowsBlessing":0,"Blue Candle":22,"StoneCalendar":5,"Mango":23,"PreservedInsect":26,"Boot":15,"Mercury Hourglass":28,"Centennial Puzzle":14,"Nunchaku":14,"Bottled Flame":17,"TheAbacus":27,"Sundial":25,"Bird Faced Urn":6,"Bronze Scales":19,"Orrery":19,"Fusion Hammer":9,"Art of War":8,"Coffee Dripper":18,"Cracked Core":0,"Symbiotic Virus":4},{"Girya":54,"NeowsBlessing":0,"Blue Candle":91,"StoneCalendar":11,"Mango":98,"PreservedInsect":116,"Boot":50,"Mercury Hourglass":130,"Centennial Puzzle":44,"Nunchaku":44,"Bottled Flame":62,"TheAbacus":123,"Sundial":111,"Bird Faced Urn":15,"Bronze Scales":76,"Orrery":76,"Fusion Hammer":25,"Art of War":21,"Coffee Dripper":72,"Cracked Core":0,"Symbiotic Virus":8}]},"card_choices":[{"not_picked":["Capacitor","Undo"],"picked":"Cold Snap","floor":1.0},{"not_picked":["Recycle","Coolheaded"],"picked":"Cold Snap","floor":3.0},{"not_picked":["Go for the Eyes","Streamline"],"picked":"Sunder","floor":5.0},{"not_picked":["Meteor Strike","Leap","Sweeping Beam"],"picked":"SKIP","floor":6.0},{"not_picked":["Compile Driver","Sweeping Beam"],"picked":"Doom and Gloom","floor":8.0},{"not_picked":["All For One","Stack"],"picked":"Self Repair","floor":11.0},{"not_picked":["Reprogram","Skim"],"picked":"Static Discharge","floor":12.0},{"not_picked":["Hologram","Stack"],"picked":"BootSequence","floor":14.0},{"not_picked":["Machine Learning","Fission"],"picked":"Reboot","floor":16.0},{"not_picked":["Double Energy","Fusion"],"picked":"Heatsinks+1","floor":18.0},{"not_picked":["Cold Snap","Coolheaded","Rebound"],"picked":"SKIP","floor":19.0},{"not_picked":["Barrage","BootSequence"],"picked":"Cold Snap","floor":22.0},{"not_picked":["Streamline","Reprogram"],"picked":"Force Field","floor":24.0},{"not_picked":["Compile Driver","Turbo"],"picked":"Undo","floor":25.0},{"not_picked":["Loop+1","Steam"],"picked":"Creative AI","floor":28.0},{"not_picked":["Steam+1","Sweeping Beam","Gash"],"picked":"SKIP","floor":29.0},{"not_picked":["Coolheaded","Gash","Cold Snap"],"picked":"SKIP","floor":31.0},{"not_picked":["Buffer","Reboot"],"picked":"Core Surge","floor":33.0},{"not_picked":["Reinforced Body","Darkness"],"picked":"Coolheaded+1","floor":35.0},{"not_picked":["Stack+1","Coolheaded"],"picked":"Conserve Battery+1","floor":36.0},{"not_picked":["Biased Cognition","Gash"],"picked":"Defragment+1","floor":36.0},{"not_picked":["Redo+1","Go for the Eyes"],"picked":"Skim+1","floor":36.0},{"not_picked":["Rebound","Sweeping Beam","Streamline"],"picked":"SKIP","floor":37},{"not_picked":["Cold Snap","Stack","Hello World"],"picked":"SKIP","floor":39},{"not_picked":["Compile Driver","Barrage+1","Stack"],"picked":"SKIP","floor":41},{"not_picked":["Scrape+1","Storm+1"],"picked":"White Noise+1","floor":44},{"not_picked":["Darkness+1","Turbo"],"picked":"Ball Lightning+1","floor":45},{"not_picked":["Stack+1","Redo"],"picked":"Blizzard","floor":46},{"not_picked":["Storm","Chill"],"picked":"Thunder Strike","floor":48},{"not_picked":["Leap","Steam Power+1","Streamline"],"picked":"SKIP","floor":54}],"player_experience":1585666,"relics_obtained":[{"floor":6.0,"key":"Symbiotic Virus"},{"floor":9.0,"key":"StoneCalendar"},{"floor":11.0,"key":"Bird Faced Urn"},{"floor":14.0,"key":"Art of War"},{"floor":25.0,"key":"Centennial Puzzle"},{"floor":26.0,"key":"Nunchaku"},{"floor":28.0,"key":"Boot"},{"floor":31.0,"key":"Bottled Flame"},{"floor":41,"key":"Blue Candle"},{"floor":44,"key":"Mango"},{"floor":46,"key":"Sundial"},{"floor":48,"key":"PreservedInsect"},{"floor":54,"key":"Mercury Hourglass"}],"event_choices":[{"damage_healed":0.0,"max_hp_gain":0.0,"max_hp_loss":0.0,"gold_gain":0.0,"event_name":"NoteForYourself","player_choice":"Ignored","floor":2.0,"gold_loss":0.0,"damage_taken":0.0},{"cards_removed":["Strike_B"],"damage_healed":0.0,"max_hp_gain":0.0,"max_hp_loss":0.0,"gold_gain":0.0,"event_name":"Bonfire Elementals","player_choice":"Offered Basic","floor":4.0,"gold_loss":0.0,"damage_taken":0.0},{"damage_healed":0.0,"max_hp_gain":0.0,"max_hp_loss":0.0,"gold_gain":0.0,"event_name":"Vampires","player_choice":"Ignored","floor":20.0,"gold_loss":0.0,"damage_taken":0.0},{"damage_healed":0.0,"max_hp_gain":5.0,"max_hp_loss":0.0,"gold_gain":0.0,"event_name":"Forgotten Altar","player_choice":"Shed Blood","floor":21.0,"gold_loss":0.0,"damage_taken":19.0},{"damage_healed":0.0,"max_hp_gain":0.0,"max_hp_loss":0.0,"gold_gain":0.0,"event_name":"The Mausoleum","player_choice":"Opened","floor":30.0,"gold_loss":0.0,"damage_taken":0.0,"relics_obtained":["Girya"],"cards_obtained":["Writhe"]},{"cards_removed":["Sunder"],"damage_healed":0,"gold_gain":0,"player_choice":"Removed Attack","damage_taken":0,"max_hp_gain":0,"max_hp_loss":0,"event_name":"Falling","floor":38,"gold_loss":0},{"damage_healed":0,"gold_gain":0,"player_choice":"Copied","damage_taken":0,"max_hp_gain":0,"max_hp_loss":0,"event_name":"Duplicator","floor":42,"gold_loss":0,"cards_obtained":["Core Surge"]}],"is_beta":false,"boss_relics":[{"not_picked":["Ectoplasm","Sozu"],"picked":"Fusion Hammer"},{"not_picked":["SlaversCollar","Astrolabe"],"picked":"Coffee Dripper"}],"items_purged_floors":[27,36],"is_endless":false,"potions_floor_spawned":[1,5,6,16,19,22,28,29,33,35,41,45],"ascension_level":4}}