{"host":"4a6fro0of1ie0h2w","time":1613928691,"event":{"mods":["Aspiration","BaseMod","CCEM2","Colored Map","Conspire","Downfall","GifTheSpireLib","Halation","Highlight Path","Hubris","Infinite Spire","Marisa????????","Minty Spire (QoL Compilation)","Permanent Neow","Replay The Spire","StSLib","Stuff the Spire","The Servant 0.9.4"],"gold_per_floor":[99,119,138,138,138,149,149,149,149,149,149],"floor_reached":9,"language":"ENG","playtime":240,"items_purged":[],"score":59,"play_id":"f13845b4-0f4e-47d5-8ca5-6ba773478760","local_time":"20210221193131","is_ascension_mode":true,"campfire_choices":[{"data":"champ:Taunt","floor":1,"key":"SMITH"},{"data":"champ:Improvising","floor":8,"key":"SMITH"}],"circlet_count":0,"master_deck":["champ:Strike","champ:Strike","champ:Strike","champ:Strike","champ:Defend","champ:Defend","champ:Defend","champ:Defend","champ:Execute","champ:Taunt+1","champ:Improvising+1","champ:StanceDance","champ:FancyFootwork","Looming Evil","champ:FancyFootwork","champ:ViciousMockery"],"relics":["champ:ChampionCrown","Ring of Fury","Ring of Panic","halation:PromiseList"],"acts_visited":["Exordium"],"potions_floor_usage":[],"damage_taken":[{"damage":24,"enemies":"Jaw Worm","floor":2,"turns":6},{"damage":17,"enemies":"2 Louse","floor":3,"turns":3},{"damage":10,"enemies":"Cultist","floor":6,"turns":2},{"damage":70,"enemies":"Gremlin Nob","floor":9,"turns":4}],"seed_played":"5566290296568795170","potions_obtained":[{"floor":2,"key":"BlessingOfTheForge"}],"is_trial":false,"path_per_floor":["R","M","M","?","?","M","T","R","E"],"character_chosen":"THE_CHAMP","items_purchased":[],"campfire_rested":0,"item_purchase_floors":[],"current_hp_per_floor":[63,54,47,47,47,47,47,47,0,0,0],"gold":149,"neow_bonus":"THREE_RARE_CARDS","is_daily":false,"chose_seed":false,"campfire_upgraded":2,"win_rate":0.0,"timestamp":1613928691,"path_taken":["R","M","M","?","?","?","T","R","E"],"items_purchased_type":[],"build_version":"2020-12-22","purchased_purges":0,"victory":false,"max_hp_per_floor":[90,90,90,90,90,90,90,90,90,90,90],"card_choices":[{"not_picked":["champ:UltimateStance","champ:IgnorePain"],"picked":"champ:Improvising","floor":0},{"not_picked":["champ:SkillfulDodge","champ:RageSigil"],"picked":"champ:StanceDance","floor":2},{"not_picked":["champ:ArenaPreparation","champ:GutPunch"],"picked":"champ:FancyFootwork","floor":3},{"not_picked":["champ:FancyFootwork","champ:EndlessRage"],"picked":"champ:ViciousMockery","floor":6}],"player_experience":245336,"relics_obtained":[{"floor":4,"key":"Ring of Fury"},{"floor":4,"key":"Ring of Panic"},{"floor":7,"key":"halation:PromiseList"}],"event_choices":[],"is_beta":false,"boss_relics":[],"items_purged_floors":[],"is_endless":false,"potions_floor_spawned":[2],"killed_by":"Gremlin Nob","ascension_level":3}}