{"host":"s2xhrqek2k470vtc","time":1613883908,"event":{"mods":["AchievementEnabler","BaseMod","Better Match","Better Note","Block Reminder","Colored Map","Colored Powertips","Curses Come First","DeckTracker","Highlight Path","Minty Spire (QoL Compilation)","Quick Restart","Random Character Button","StSLib","SuperFastMode","Unceasing Turn Reminder"],"gold_per_floor":[114,189,189,199,111,136,155,173,173,173,173],"floor_reached":10,"language":"ENG","playtime":502,"items_purged":[],"score":186,"play_id":"5d5830c7-553e-4bb7-834e-1ad69b506f23","local_time":"20210220230508","is_ascension_mode":true,"campfire_choices":[],"circlet_count":0,"master_deck":["AscendersBane","Strike_G","Strike_G","Strike_G","Strike_G","Defend_G","Defend_G","Defend_G","Defend_G","Defend_G","Survivor","Neutralize","Dash","PiercingWail","Cloak And Dagger","Dagger Throw","Storm of Steel","Cloak And Dagger"],"relics":["Ring of the Snake","NeowsBlessing","InkBottle"],"acts_visited":["Exordium"],"potions_floor_usage":[8,10,10,10],"damage_taken":[{"damage":0,"enemies":"Small Slimes","floor":1,"turns":1},{"damage":0,"enemies":"Cultist","floor":4,"turns":1},{"damage":0,"enemies":"3 Sentries","floor":6,"turns":1},{"damage":7,"enemies":"Jaw Worm","floor":7,"turns":4},{"damage":0,"enemies":"Large Slime","floor":8,"turns":1},{"damage":42,"enemies":"Lagavulin","floor":10,"turns":12}],"seed_played":"3035125089624809392","potions_obtained":[{"floor":1,"key":"EntropicBrew"},{"floor":6,"key":"SteroidPotion"}],"is_trial":false,"path_per_floor":["M","?","?","M","$","E","M","M","T","E"],"character_chosen":"THE_SILENT","items_purchased":["Cloak And Dagger","Dagger Throw"],"campfire_rested":0,"item_purchase_floors":[5,5],"current_hp_per_floor":[59,48,48,48,48,48,41,41,41,0,0],"gold":173,"neow_bonus":"THREE_ENEMY_KILL","is_daily":false,"chose_seed":false,"campfire_upgraded":0,"win_rate":0.0,"timestamp":1613883908,"path_taken":["M","?","?","?","$","E","M","M","T","E"],"items_purchased_type":["Card","Card"],"build_version":"2020-12-22","purchased_purges":0,"victory":false,"max_hp_per_floor":[66,66,66,66,66,66,66,66,66,66,66],"card_choices":[{"not_picked":["Underhanded Strike","Expertise"],"picked":"Dash","floor":1},{"not_picked":["Tactician","Skewer"],"picked":"PiercingWail","floor":4},{"not_picked":["Quick Slash","Deflect"],"picked":"Storm of Steel","floor":6},{"not_picked":["Expertise","Dodge and Roll","Bane"],"picked":"SKIP","floor":7},{"not_picked":["Flying Knee","Acrobatics"],"picked":"Cloak And Dagger","floor":8}],"player_experience":2303683,"relics_obtained":[{"floor":6,"key":"InkBottle"}],"event_choices":[{"damage_healed":0,"gold_gain":75,"player_choice":"Gather Gold","damage_taken":11,"max_hp_gain":0,"max_hp_loss":0,"event_name":"World of Goop","floor":2,"gold_loss":0},{"cards_removed":["Strike_G"],"damage_healed":0,"gold_gain":0,"player_choice":"Purged","damage_taken":0,"max_hp_gain":0,"max_hp_loss":0,"event_name":"Purifier","floor":3,"gold_loss":0}],"is_beta":false,"boss_relics":[],"items_purged_floors":[],"is_endless":false,"potions_floor_spawned":[1,6,7],"killed_by":"Lagavulin","ascension_level":20}}