{"host":"ow66nzv2xecjoor3","time":1613866508,"event":{"mods":["BaseMod","Bestiary","Block Reminder","Colored Powertips","Curses Come First","Highlight Path","Keyboard Shortcuts","Minty Spire (QoL Compilation)","Permanent Neow","Relic Stats","StSLib","UnlockEverythingMod"],"gold_per_floor":[111,67,67,142,161,161,208,208,232,266,231,231,284,308,308,401,428,462,480,480,503,503,503,503],"floor_reached":23,"language":"ENG","playtime":513,"items_purged":[],"score":410,"play_id":"fd4ce1f7-ee41-4702-b2b2-5e069a619f0e","local_time":"20210220181508","is_ascension_mode":true,"campfire_choices":[{"data":"Rip and Tear","floor":6,"key":"SMITH"},{"floor":8,"key":"REST"},{"floor":15,"key":"REST"}],"circlet_count":0,"master_deck":["AscendersBane","Defend_B","Defend_B","Defend_B","Zap","Dualcast","Genetic Algorithm","Rip and Tear+1","Ball Lightning","Rebound","Doom and Gloom","Reinforced Body","Aggregate+1","Cold Snap+1","Heatsinks+1","Doom and Gloom","Compile Driver","Conserve Battery","Beam Cell+1"],"relics":["Cracked Core","Boot","Bloody Idol","CeramicFish","Potion Belt","Bronze Scales","HornCleat","Ancient Tea Set","Astrolabe","Lantern"],"acts_visited":["Exordium","TheCity"],"potions_floor_usage":[7],"damage_taken":[{"damage":0,"enemies":"2 Louse","floor":1,"turns":2},{"damage":2,"enemies":"Small Slimes","floor":5,"turns":4},{"damage":37,"enemies":"3 Sentries","floor":7,"turns":7},{"damage":6,"enemies":"Gremlin Nob","floor":10,"turns":3},{"damage":30,"enemies":"3 Sentries","floor":13,"turns":5},{"damage":3,"enemies":"Jaw Worm","floor":14,"turns":2},{"damage":17,"enemies":"Slime Boss","floor":16,"turns":6},{"damage":1,"enemies":"3 Byrds","floor":18,"turns":3},{"damage":15,"enemies":"2 Thieves","floor":21,"turns":4},{"damage":55,"enemies":"Book of Stabbing","floor":23,"turns":5}],"seed_played":"2657592884440159782","potions_obtained":[{"floor":5,"key":"Swift Potion"},{"floor":10,"key":"PotionOfCapacity"},{"floor":14,"key":"DistilledChaos"},{"floor":18,"key":"Ancient Potion"}],"is_trial":false,"path_per_floor":["M","$","?","?","M","R","E","R","T","E","?","T","E","M","R","B",null,"M","?","?","M","T","E"],"character_chosen":"DEFECT","items_purchased":["Rip and Tear"],"campfire_rested":2,"item_purchase_floors":[2],"current_hp_per_floor":[64,64,64,53,51,51,14,33,33,27,43,43,13,10,29,12,51,50,50,50,50,50,0,0],"gold":503,"neow_bonus":"RANDOM_COMMON_RELIC","is_daily":false,"chose_seed":false,"campfire_upgraded":1,"win_rate":0.0,"timestamp":1613866508,"path_taken":["M","$","?","?","M","R","E","R","T","E","?","?","E","M","R","BOSS","M","?","?","M","?","E"],"items_purchased_type":["Card"],"build_version":"2020-12-22","purchased_purges":0,"victory":false,"max_hp_per_floor":[71,71,64,64,64,64,64,64,64,64,64,64,64,64,64,64,64,64,64,64,64,64,64,64],"relic_stats":{"counters":[10,41],"Bloody Idol":15,"CeramicFish":90,"Bronze Scales":[134],"Astrolabe":["Aggregate","Cold Snap","Heatsinks"],"Boot":[11],"obtain_stats":[{"Potion Belt":9,"Lantern":22,"HornCleat":12,"Golden Idol":3,"CeramicFish":7,"Bronze Scales":10,"Astrolabe":17,"Bloody Idol":20,"Cracked Core":0,"Boot":0,"Ancient Tea Set":13},{"Potion Belt":3,"Lantern":9,"HornCleat":4,"Golden Idol":1,"CeramicFish":3,"Bronze Scales":4,"Astrolabe":7,"Bloody Idol":8,"Cracked Core":0,"Boot":0,"Ancient Tea Set":5},{"Potion Belt":13,"Lantern":36,"HornCleat":16,"Golden Idol":2,"CeramicFish":13,"Bronze Scales":16,"Astrolabe":29,"Bloody Idol":32,"Cracked Core":0,"Boot":0,"Ancient Tea Set":21}]},"card_choices":[{"not_picked":["Turbo","Fusion"],"picked":"Genetic Algorithm","floor":1},{"not_picked":["Leap","Barrage"],"picked":"Ball Lightning","floor":5},{"not_picked":["Heatsinks","Gash"],"picked":"Rebound","floor":7},{"not_picked":["Storm","Streamline","Genetic Algorithm"],"picked":"SKIP","floor":10},{"not_picked":["Stack","Chaos"],"picked":"Doom and Gloom","floor":13},{"not_picked":["Rebound","Barrage"],"picked":"Reinforced Body","floor":14},{"not_picked":["Beam Cell","Melter"],"picked":"Doom and Gloom","floor":18},{"not_picked":["Steam Power","Conserve Battery"],"picked":"Beam Cell+1","floor":21}],"player_experience":2913907,"relics_obtained":[{"floor":7,"key":"CeramicFish"},{"floor":9,"key":"Potion Belt"},{"floor":10,"key":"Bronze Scales"},{"floor":12,"key":"HornCleat"},{"floor":13,"key":"Ancient Tea Set"},{"floor":22,"key":"Lantern"}],"event_choices":[{"damage_healed":0,"gold_gain":0,"player_choice":"Lose Max HP","damage_taken":0,"relics_obtained":["Golden Idol"],"max_hp_gain":0,"max_hp_loss":7,"event_name":"Golden Idol","floor":3,"gold_loss":0},{"damage_healed":0,"gold_gain":75,"player_choice":"Gather Gold","damage_taken":11,"max_hp_gain":0,"max_hp_loss":0,"event_name":"World of Goop","floor":4,"gold_loss":0},{"damage_healed":16,"gold_gain":0,"player_choice":"Healed","damage_taken":0,"max_hp_gain":0,"max_hp_loss":0,"event_name":"The Cleric","floor":11,"gold_loss":35},{"damage_healed":0,"gold_gain":0,"cards_transformed":["Strike_B","Defend_B"],"player_choice":"Became Test Subject","damage_taken":0,"max_hp_gain":0,"max_hp_loss":0,"event_name":"Drug Dealer","floor":19,"gold_loss":0,"cards_obtained":["Compile Driver","Conserve Battery"]},{"damage_healed":0,"gold_gain":0,"player_choice":"Gave Idol","damage_taken":0,"relics_obtained":["Bloody Idol"],"max_hp_gain":0,"max_hp_loss":0,"event_name":"Forgotten Altar","floor":20,"relics_lost":["Golden Idol"],"gold_loss":0}],"is_beta":false,"boss_relics":[{"not_picked":["Coffee Dripper","Empty Cage"],"picked":"Astrolabe"}],"items_purged_floors":[],"is_endless":false,"potions_floor_spawned":[5,10,14,18],"killed_by":"Book of Stabbing","ascension_level":20}}