{"host":"py7qdianp3jrm8dm","time":1613933631,"event":{"mods":["AchievementEnabler","BaseMod","Bestiary","Downfall","Highlight Path","Minty Spire (QoL Compilation)","StSLib"],"gold_per_floor":[113,130,80,91,91,91,102,116,116,116,116,128,128,50,50,148,148,162,162,87,101,114,114,128,128,128,128,143,143,155,166,166,263,263,279,296,296,43,57,57,74,91,91,111,111,111,130,141,141,141],"floor_reached":51,"language":"ENG","playtime":3141,"items_purged":["Strike_R","Strike_R"],"score":647,"play_id":"fbed0ea8-5ae7-4ee1-ac14-e7054488c48a","local_time":"20210221185351","is_ascension_mode":false,"campfire_choices":[{"data":"Juggernaut","floor":6,"key":"SMITH"},{"data":"Body Slam","floor":10,"key":"SMITH"},{"data":"Metallicize","floor":13,"key":"SMITH"},{"data":"Shrug It Off","floor":15,"key":"SMITH"},{"data":"Barricade","floor":23,"key":"SMITH"},{"data":"Ghostly Armor","floor":25,"key":"SMITH"},{"data":"Metallicize","floor":29,"key":"SMITH"},{"floor":32,"key":"REST"},{"data":"True Grit","floor":40,"key":"SMITH"},{"data":"Impervious","floor":46,"key":"SMITH"},{"floor":49,"key":"REST"}],"circlet_count":0,"master_deck":["Defend_R","Defend_R","Defend_R","Defend_R","Juggernaut+1","Shrug It Off+1","Clothesline","Second Wind","Body Slam+1","Metallicize+1","Impervious+1","Barricade+1","Ghostly Armor+1","Shrug It Off+1","Disarm","Metallicize+1","True Grit+1","Parasite","Entrench+1"],"relics":["Burning Blood"],"acts_visited":["Exordium","TheCity","TheBeyond"],"potions_floor_usage":[16,33,39,50,50],"damage_taken":[{"damage":6,"enemies":"Jaw Worm","floor":1,"turns":5},{"damage":5,"enemies":"Small Slimes","floor":2,"turns":4},{"damage":0,"enemies":"2 Louse","floor":4,"turns":4},{"damage":5,"enemies":"2 Fungi Beasts","floor":7,"turns":4},{"damage":13,"enemies":"Large Slime","floor":8,"turns":6},{"damage":13,"enemies":"Lots of Slimes","floor":12,"turns":5},{"damage":33,"enemies":"The Guardian","floor":16,"turns":10},{"damage":7,"enemies":"Shell Parasite","floor":18,"turns":5},{"damage":16,"enemies":"2 Thieves","floor":21,"turns":5},{"damage":7,"enemies":"Snecko","floor":22,"turns":5},{"damage":20,"enemies":"Snake Plant","floor":24,"turns":6},{"damage":2,"enemies":"Chosen and Byrds","floor":28,"turns":6},{"damage":13,"enemies":"Shelled Parasite and Fungi","floor":30,"turns":6},{"damage":19,"enemies":"Snecko","floor":31,"turns":8},{"damage":14,"enemies":"Collector","floor":33,"turns":10},{"damage":4,"enemies":"3 Shapes","floor":35,"turns":6},{"damage":6,"enemies":"Orb Walker","floor":36,"turns":6},{"damage":15,"enemies":"Transient","floor":39,"turns":5},{"damage":11,"enemies":"Maw","floor":41,"turns":8},{"damage":14,"enemies":"Sphere and 2 Shapes","floor":42,"turns":7},{"damage":16,"enemies":"Writhing Mass","floor":44,"turns":6},{"damage":18,"enemies":"Transient","floor":47,"turns":5},{"damage":0,"enemies":"Spire Growth","floor":48,"turns":8},{"damage":11,"enemies":"Time Eater","floor":50,"turns":16}],"seed_played":"-6843003945868112686","potions_obtained":[{"floor":1,"key":"Regen Potion"},{"floor":8,"key":"BloodPotion"},{"floor":22,"key":"HeartOfIron"},{"floor":30,"key":"GamblersBrew"},{"floor":35,"key":"DistilledChaos"},{"floor":39,"key":"HeartOfIron"}],"is_trial":false,"path_per_floor":["M","M","?","M","?","R","M","M","T","R","?","M","R","$","R","B",null,"M","?","$","M","M","R","M","R","T","?","M","R","M","M","R","B",null,"M","M","?","$","M","R","M","M","T","M","T","R","M","M","R","B",null],"character_chosen":"IRONCLAD","items_purchased":["Impervious","HeartOfIron","True Grit"],"campfire_rested":2,"item_purchase_floors":[14,38,38],"current_hp_per_floor":[80,80,80,80,80,80,80,73,73,73,73,66,66,66,66,54,80,79,79,79,69,68,68,54,54,54,54,58,58,51,38,62,54,80,80,80,80,80,71,71,66,58,58,48,48,48,36,42,66,61],"gold":141,"neow_bonus":"ONE_RANDOM_RARE_CARD","is_daily":false,"chose_seed":false,"campfire_upgraded":9,"win_rate":0.0,"timestamp":1613933631,"path_taken":["M","M","?","M","?","R","M","M","T","R","?","M","R","$","R","BOSS","M","?","$","M","M","R","M","R","T","?","M","R","M","M","R","BOSS","M","M","?","$","M","R","M","?","T","M","?","R","M","M","R","BOSS"],"items_purchased_type":["Card","Potion","Card"],"build_version":"2020-12-22","purchased_purges":2,"victory":true,"max_hp_per_floor":[80,80,80,80,80,80,80,80,80,80,80,80,80,80,80,80,80,80,80,80,80,80,80,80,80,80,80,80,80,80,80,80,80,80,80,80,80,80,80,80,80,80,80,80,80,80,80,80,80,80],"card_choices":[{"not_picked":["Bloodletting","Pommel Strike"],"picked":"Shrug It Off","floor":1},{"not_picked":["Pommel Strike","Cleave"],"picked":"Clothesline","floor":2},{"not_picked":["Clothesline","Headbutt"],"picked":"Second Wind","floor":4},{"not_picked":["Rupture","Second Wind"],"picked":"Body Slam","floor":7},{"not_picked":["Iron Wave","Sever Soul"],"picked":"Metallicize","floor":8},{"not_picked":["Warcry","Twin Strike","Rampage"],"picked":"SKIP","floor":12},{"not_picked":["Juggernaut","Berserk"],"picked":"Barricade","floor":16},{"not_picked":["Heavy Blade","Cleave"],"picked":"Ghostly Armor","floor":18},{"not_picked":["Spot Weakness","Cleave+1","Twin Strike"],"picked":"SKIP","floor":21},{"not_picked":["Clash","Havoc"],"picked":"Shrug It Off+1","floor":22},{"not_picked":["Reaper","Warcry","Cleave+1"],"picked":"SKIP","floor":24},{"not_picked":["Heavy Blade+1","Searing Blow","Iron Wave"],"picked":"SKIP","floor":28},{"not_picked":["Anger","Pummel+1","Feel No Pain"],"picked":"SKIP","floor":30},{"not_picked":["Clothesline","Inflame+1","Wild Strike"],"picked":"SKIP","floor":31},{"not_picked":["Infernal Blade+1","Shockwave+1","Sword Boomerang"],"picked":"SKIP","floor":35},{"not_picked":["Anger","Wild Strike","Armaments+1"],"picked":"SKIP","floor":36},{"not_picked":["Carnage","Iron Wave","Second Wind+1"],"picked":"SKIP","floor":39},{"not_picked":["Cleave+1","Thunderclap+1","Perfected Strike+1"],"picked":"SKIP","floor":41},{"not_picked":["Iron Wave+1","Combust","Perfected Strike"],"picked":"SKIP","floor":42},{"not_picked":["Thunderclap+1","Sentinel+1","Sever Soul"],"picked":"SKIP","floor":44},{"not_picked":["Sentinel","Armaments"],"picked":"Entrench+1","floor":47},{"not_picked":["Inflame","Blood for Blood","Rupture"],"picked":"SKIP","floor":48}],"player_experience":645218,"relics_obtained":[],"event_choices":[{"cards_removed":["Strike_R"],"damage_healed":0,"gold_gain":0,"player_choice":"Card Removal","damage_taken":0,"max_hp_gain":0,"max_hp_loss":0,"event_name":"The Cleric","floor":3,"gold_loss":50},{"damage_healed":0,"gold_gain":0,"player_choice":"Ignored","damage_taken":0,"max_hp_gain":0,"max_hp_loss":0,"event_name":"Golden Idol","floor":5,"gold_loss":0},{"damage_healed":0,"gold_gain":0,"player_choice":"Searched \u00270\u0027 times","damage_taken":0,"max_hp_gain":0,"max_hp_loss":0,"event_name":"Dead Adventurer","floor":11,"gold_loss":0},{"damage_healed":0,"gold_gain":0,"cards_transformed":["Strike_R","Strike_R"],"player_choice":"Became Test Subject","damage_taken":0,"max_hp_gain":0,"max_hp_loss":0,"event_name":"Drug Dealer","floor":27,"gold_loss":0,"cards_obtained":["Disarm","Metallicize"]},{"cards_removed":["Bash"],"damage_healed":0,"gold_gain":0,"player_choice":"Offered Basic","damage_taken":0,"max_hp_gain":0,"max_hp_loss":0,"event_name":"Bonfire Elementals","floor":37,"gold_loss":0}],"is_beta":false,"boss_relics":[{"not_picked":[]},{"not_picked":[]}],"items_purged_floors":[20,38],"is_endless":false,"potions_floor_spawned":[1,8,22,30,31,35,39,42,44],"ascension_level":0}}