{"host":"s4ojoik2izpnmj7q","time":1613938108,"event":{"mods":["ATMod(°¢èªMod)","Act Like it!","BaseMod","Minty Spire (QoL Compilation)","MostiFishMod","StSLib"],"gold_per_floor":[110,110,124,20,34,67,67,100,100,100,132,132,144,161,161,234,234,253,18,36,36,63,94,104,123,123,158,175,175,206,656,656,733,733,749,971,971,981,992,992,1022,1041,1068,1068,1068,1080,1112,693,693,693,693,693,693,-1268,-1242,-1242],"floor_reached":57,"language":"ZHS","playtime":3476,"items_purged":["Strike_B","Strike_B","Strike_B"],"score":3355,"play_id":"81a67459-8eee-4981-aa78-fe6cabfb2d8e","local_time":"20210222040828","is_ascension_mode":true,"campfire_choices":[{"data":"Dualcast","floor":7.0,"key":"SMITH"},{"data":"1","floor":10.0,"key":"LIFT"},{"data":"2","floor":12.0,"key":"LIFT"},{"data":"3","floor":15.0,"key":"LIFT"},{"data":"MostiFishMod:SeaWaves","floor":29.0,"key":"SMITH"},{"data":"AT_RightCognition","floor":32.0,"key":"SMITH"},{"data":"AT_RightCognition","floor":40.0,"key":"SMITH"},{"data":"Heatsinks","floor":45.0,"key":"SMITH"},{"floor":49.0,"key":"RECALL"},{"data":"MostiFishMod:Impulse","floor":53.0,"key":"SMITH"}],"circlet_count":0,"master_deck":["AscendersBane","Defend_B","Defend_B","Defend_B","Defend_B","Zap","Dualcast+1","AT_EMC2","Cold Snap","Heatsinks+1","Ball Lightning","Skim","White Noise","MostiFishMod:Impulse+1","Coolheaded","Skim","Creative AI","AT_DarkMatter","AT_RightCognition+1","Ball Lightning","MostiFishMod:GatherIntelligence","MostiFishMod:SeaWaves+1","AT_RightCognition+1","MostiFishMod:ReadyAimFire","Coolheaded+1","Hologram+1","Turbo+1"],"relics":["DaveBox","AT_ATBox","MetatronsCube","JellyFishMachine","SynthV:TestCard","Singing Bowl","AT_LudenTempest","Girya","TungstenRod","xbg","OrangePellets","Red Mask","Pocketwatch","Bottled Tornado","Tiny Chest","AT_RedTearstoneRing","Black Star","AT_BladeRuinedKing","CaptainsWheel","Oddly Smooth Stone","AT_RedNoBalance","Omamori","Blood Vial","Strawberry","PreservedInsect","Bronze Scales","Happy Flower","SynthV:MejaisSoulstealer","AT_SpeedBoots","CombinedTypeHook"],"acts_visited":["Exordium","TheCity","TheBeyond","TheEnding"],"potions_floor_usage":[],"damage_taken":[{"damage":0.0,"enemies":"2 Louse","floor":1.0,"turns":2.0},{"damage":0.0,"enemies":"Cultist","floor":3.0,"turns":3.0},{"damage":0.0,"enemies":"Small Slimes","floor":5.0,"turns":2.0},{"damage":8.0,"enemies":"Gremlin Nob","floor":6.0,"turns":3.0},{"damage":8.0,"enemies":"Lagavulin","floor":8.0,"turns":4.0},{"damage":8.0,"enemies":"3 Sentries","floor":11.0,"turns":4.0},{"damage":0.0,"enemies":"3 Louse","floor":13.0,"turns":2.0},{"damage":0.0,"enemies":"2 Fungi Beasts","floor":14.0,"turns":2.0},{"damage":0.0,"enemies":"Slime Boss","floor":16.0,"turns":6.0},{"damage":10.0,"enemies":"2 Thieves","floor":18.0,"turns":3.0},{"damage":0.0,"enemies":"Spheric Guardian","floor":20.0,"turns":3.0},{"damage":1.0,"enemies":"Masked Bandits","floor":22.0,"turns":3.0},{"damage":0.0,"enemies":"Gremlin Leader","floor":23.0,"turns":3.0},{"damage":0.0,"enemies":"Snake Plant","floor":24.0,"turns":2.0},{"damage":0.0,"enemies":"Snecko","floor":25.0,"turns":3.0},{"damage":12.0,"enemies":"Slavers","floor":27.0,"turns":3.0},{"damage":0.0,"enemies":"3 Cultists","floor":28.0,"turns":3.0},{"damage":8.0,"enemies":"Gremlin Leader","floor":30.0,"turns":4.0},{"damage":14.0,"enemies":"Collector","floor":33.0,"turns":5.0},{"damage":4.0,"enemies":"3 Darklings","floor":35.0,"turns":3.0},{"damage":0.0,"enemies":"3 Shapes","floor":38.0,"turns":2.0},{"damage":0.0,"enemies":"Sphere and 2 Shapes","floor":39.0,"turns":4.0},{"damage":0.0,"enemies":"Reptomancer","floor":41.0,"turns":4.0},{"damage":1.0,"enemies":"Jaw Worm Horde","floor":42.0,"turns":3.0},{"damage":8.0,"enemies":"Transient","floor":46.0,"turns":6.0},{"damage":0.0,"enemies":"Nemesis","floor":47.0,"turns":5.0},{"damage":0.0,"enemies":"Time Eater","floor":50.0,"turns":5.0},{"damage":0.0,"enemies":"Donu and Deca","floor":51.0,"turns":5.0},{"damage":12,"enemies":"Shield and Spear","floor":55,"turns":5},{"damage":13,"enemies":"The Heart","floor":56,"turns":5}],"seed_played":"6850884985469335404","potions_obtained":[{"floor":3.0,"key":"FairyPotion"},{"floor":6.0,"key":"AttackPotion"},{"floor":11.0,"key":"SpeedPotion"},{"floor":16.0,"key":"EntropicBrew"},{"floor":23.0,"key":"LiquidMemories"},{"floor":30.0,"key":"FearPotion"},{"floor":39.0,"key":"GamblersBrew"}],"is_trial":false,"path_per_floor":["M","?","M","$","M","E","R","E","T","R","E","R","M","M","R","B",null,"M","$","M","?","?","E","M","M","T","E","M","R","E","?","R","B",null,"M","?","T","M","M","R","E","M","T","T","R","M","E","$","R","B","B",null,"R","$","E","B",null],"character_chosen":"DEFECT","items_purchased":["Strength Potion","Ball Lightning","OrangePellets","Strawberry","PreservedInsect","Bronze Scales","Happy Flower","FairyPotion","SynthV:MejaisSoulstealer"],"campfire_rested":0,"item_purchase_floors":[4,4,19,48,48,54,54,54,54],"current_hp_per_floor":[64,64,64,64,64,56,56,48,48,48,40,40,40,42,42,42,65,57,57,57,57,56,58,58,60,60,48,48,48,42,19,19,5,62,58,58,58,60,60,60,62,63,63,63,63,35,45,52,52,50,50,85,85,85,40,29],"gold":-1242,"neow_bonus":"BOSS_RELIC","is_daily":false,"chose_seed":false,"campfire_upgraded":6,"win_rate":0.0,"timestamp":1613938108,"path_taken":["M","?","M","$","M","E","R","E","T","R","E","R","?","M","R","BOSS","M","$","M","?","?","E","M","M","T","E","M","R","E","?","R","BOSS","M","?","?","M","M","R","E","M","T","?","R","M","E","$","R","BOSS","BOSS","R","$","E","BOSS"],"items_purchased_type":["Potion","Card","Relic","Relic","Relic","Relic","Relic","Potion","Relic"],"build_version":"2020-12-22","purchased_purges":3,"victory":true,"max_hp_per_floor":[71,71,71,71,71,71,71,71,71,71,71,71,71,73,73,73,73,75,75,75,75,75,77,77,79,79,79,79,79,81,81,81,81,81,81,81,81,83,83,83,85,87,87,87,87,87,89,96,96,96,96,96,96,96,98,98],"card_choices":[{"not_picked":["Rebound","MostiFishMod:PushDownKick"],"picked":"Cold Snap","floor":1.0},{"not_picked":["AT_DarkMatter","AT_StudyProgram","MostiFishMod:IceShield","Recycle"],"picked":"Heatsinks","floor":3.0},{"not_picked":["Compile Driver","Beam Cell","MostiFishMod:ReprogramOld","Darkness"],"picked":"Skim","floor":5.0},{"not_picked":["Fission","Turbo","Streamline","Ball Lightning"],"picked":"White Noise","floor":6.0},{"not_picked":["Ball Lightning","Conserve Battery","Tempest","Heatsinks"],"picked":"MostiFishMod:Impulse","floor":8.0},{"not_picked":["Steam","Multi-Cast","Melter","Doom and Gloom"],"picked":"Coolheaded","floor":11.0},{"not_picked":["AT_DarkMatter","Self Repair","Barrage","Go for the Eyes"],"picked":"Skim","floor":13.0},{"not_picked":["Conserve Battery","Rebound","Redo","MostiFishMod:ReprogramOld","Aggregate"],"picked":"Singing Bowl","floor":14.0},{"not_picked":["Echo Form","Machine Learning","Hyperbeam","MostiFishMod:InterfaceCompatibility"],"picked":"Creative AI","floor":16.0},{"not_picked":["Stack","MostiFishMod:PushDownKick","Cold Snap","Leap","Steam"],"picked":"Singing Bowl","floor":18.0},{"not_picked":["Barrage","Glacier","AT_WarpDrive","Redo"],"picked":"AT_DarkMatter","floor":20.0},{"not_picked":["Storm","Redo","Steam","Cold Snap"],"picked":"Ball Lightning","floor":22.0},{"not_picked":["Cold Snap+1","Ball Lightning","Double Energy+1","AT_HeatAcrobatics","AT_EMC2"],"picked":"Singing Bowl","floor":23.0},{"not_picked":["AT_EMC2","MostiFishMod:Impulse","Leap","Glacier"],"picked":"MostiFishMod:GatherIntelligence","floor":24.0},{"not_picked":["AT_HeatAcrobatics","Rebound","Skim","Barrage","Fusion+1"],"picked":"Singing Bowl","floor":25.0},{"not_picked":["Heatsinks+1","Steam","Aggregate","Fusion+1"],"picked":"MostiFishMod:SeaWaves","floor":27.0},{"not_picked":["Redo+1","Turbo","Hologram","Cold Snap"],"picked":"AT_RightCognition","floor":28.0},{"not_picked":["Conserve Battery","Chaos","Steam","Compile Driver","Sunder"],"picked":"Singing Bowl","floor":30.0},{"not_picked":["MostiFishMod:DeathFromBelow","MostiFishMod:DawningShadow","MostiFishMod:StarOceanB","MostiFishMod:Nova"],"picked":"MostiFishMod:ReadyAimFire","floor":33.0},{"not_picked":["Blizzard","Aggregate","Beam Cell","Barrage"],"picked":"Coolheaded+1","floor":35.0},{"not_picked":["Leap","Hello World","Stack+1","Go for the Eyes","Barrage"],"picked":"Singing Bowl","floor":38.0},{"not_picked":["Streamline","Steam+1","Redo","Self Repair"],"picked":"Hologram+1","floor":39.0},{"not_picked":["Reinforced Body","Streamline+1","MostiFishMod:InterfaceCompatibility","MostiFishMod:FluxCapactior","Blizzard"],"picked":"Singing Bowl","floor":41.0},{"not_picked":["Rebound","Ball Lightning+1","Conserve Battery","Compile Driver","AT_HeatAcrobatics+1"],"picked":"Singing Bowl","floor":42.0},{"not_picked":["Melter","Loop+1","Coolheaded+1","Barrage"],"picked":"Turbo+1","floor":46.0},{"not_picked":["MostiFishMod:Impulse","BootSequence","Amplify","Hologram","Glacier"],"picked":"Singing Bowl","floor":47.0},{"not_picked":["MostiFishMod:FluxCapactior","Rip and Tear","Compile Driver","Ball Lightning+1","Lockon+1"],"picked":"Singing Bowl","floor":55}],"player_experience":627524,"relics_obtained":[{"floor":1.0,"key":"SynthV:TestCard"},{"floor":6.0,"key":"Singing Bowl"},{"floor":8.0,"key":"AT_LudenTempest"},{"floor":9.0,"key":"Girya"},{"floor":11.0,"key":"TungstenRod"},{"floor":22.0,"key":"Red Mask"},{"floor":23.0,"key":"Pocketwatch"},{"floor":26.0,"key":"Bottled Tornado"},{"floor":27.0,"key":"Tiny Chest"},{"floor":30.0,"key":"AT_RedTearstoneRing"},{"floor":41.0,"key":"AT_BladeRuinedKing"},{"floor":41.0,"key":"CaptainsWheel"},{"floor":43.0,"key":"Oddly Smooth Stone"},{"floor":44.0,"key":"AT_SilverBalance"},{"floor":47.0,"key":"Omamori"},{"floor":47.0,"key":"Blood Vial"},{"floor":55,"key":"AT_SpeedBoots"},{"floor":55,"key":"CombinedTypeHook"}],"event_choices":[{"cards_removed":["Strike_B"],"damage_healed":0.0,"max_hp_gain":0.0,"max_hp_loss":0.0,"gold_gain":0.0,"event_name":"Bonfire Elementals","player_choice":"Offered Basic","floor":2.0,"gold_loss":0.0,"damage_taken":0.0},{"damage_healed":0.0,"max_hp_gain":0.0,"max_hp_loss":0.0,"gold_gain":0.0,"event_name":"The Library","player_choice":"Read","floor":21.0,"gold_loss":0.0,"damage_taken":0.0,"cards_obtained":["AT_RightCognition"]},{"damage_healed":0.0,"max_hp_gain":0.0,"max_hp_loss":0.0,"gold_gain":0.0,"event_name":"Masked Bandits","player_choice":"Fought Bandits","floor":22.0,"gold_loss":0.0,"damage_taken":0.0},{"damage_healed":0.0,"max_hp_gain":0.0,"max_hp_loss":0.0,"gold_gain":450.0,"event_name":"Knowing Skull","player_choice":"POTION POTION GOLD GOLD GOLD GOLD GOLD ","floor":31.0,"potions_obtained":["LiquidMemories","FairyPotion"],"gold_loss":0.0,"damage_taken":59.0,"cards_obtained":[]},{"damage_healed":0.0,"max_hp_gain":0.0,"max_hp_loss":0.0,"gold_gain":222.0,"event_name":"Tomb of Lord Red Mask","player_choice":"Wore Mask","floor":36.0,"gold_loss":0.0,"damage_taken":0.0}],"is_beta":false,"boss_relics":[{"not_picked":["EE1DDrone","PatriotShield"],"picked":"xbg"},{"not_picked":["RhineCircuit","Snecko Eye"],"picked":"Black Star"}],"items_purged_floors":[19,48,54],"is_endless":false,"potions_floor_spawned":[3,6,11,13,16,20,23,24,27,30,39,41,42,46],"ascension_level":20}}