{"host":"6h53a8yusadhw57r","time":1613927602,"event":{"mods":["BaseMod","Infinite Spire","KomeijiMod","Minty Spire (QoL Compilation)","StSLib"],"gold_per_floor":[117,42,42,42,57,88,150,160,160,192,204,215,235,246,246,345,345,365,380,480,480,495,506,536,536,536,566,566,579,579,591,591,694,694,710,723,733,733,175,205,205,239,239,239,289,301,301,301,301,301,301,301,67,101,101],"floor_reached":56,"language":"FRA","playtime":5281,"items_purged":["Strike_Komeiji","Defend_Komeiji","SeekerWire+1"],"score":1594,"play_id":"769cf27e-8b35-455e-9091-05011fdf40a1","local_time":"20210221181322","is_ascension_mode":true,"campfire_choices":[{"data":"Dash_Komeiji","floor":15.0,"key":"SMITH"},{"data":"KimairaNoYoku","floor":25,"key":"SMITH"},{"floor":28,"key":"REST"},{"data":"AbyssNova","floor":30,"key":"SMITH"},{"floor":32,"key":"REST"},{"floor":41,"key":"RECALL"},{"data":"LunaDial","floor":44,"key":"SMITH"},{"floor":47,"key":"REST"},{"data":"MakuraSeki","floor":49,"key":"SMITH"},{"data":"ShanghaiNingyou","floor":52,"key":"SMITH"}],"circlet_count":0,"master_deck":["Strike_Komeiji","Strike_Komeiji","Defend_Komeiji","Defend_Komeiji","Dash_Komeiji+1","BlessingOfTime","AbyssNova+1","KeiseiJin+1","KimairaNoYoku+1","ShanghaiNingyou+1","MusouMyousyu","NarrowSpark+1","MakuraSeki+1","LunaDial+1","AbyssNova+1","KeiseiJin+1","CS_Yukari","HenyouMirume+1"],"relics":["KomeijisEye","SpellCardsRule","MusicBox","NeowsBlessing","ColorfulQuillpen","CrystalOfMemory","infinitespire:Bottled Soul","Strawberry","Turnip","Velvet Choker","Akabeko","Empty Cage","infinitespire:EmpoweringShard","Ancient Tea Set","infinitespire:CheckeredPen","Snecko Eye","DollysMirror","Bottled Flame","HoshigumaDish","Bronze Scales","Eternal Feather","FossilizedHelix","Bag of Marbles","Oddly Smooth Stone"],"acts_visited":["Exordium","TheCity","TheBeyond","TheEnding"],"potions_floor_usage":[22,27,37,42,46,55,55,55],"damage_taken":[{"damage":0.0,"enemies":"Cultist","floor":1.0,"turns":4.0},{"damage":0.0,"enemies":"Jaw Worm","floor":5.0,"turns":1.0},{"damage":0.0,"enemies":"Gremlin Nob","floor":6.0,"turns":1.0},{"damage":16.0,"enemies":"Gremlin Nob","floor":7.0,"turns":4.0},{"damage":4.0,"enemies":"2 Louse","floor":8.0,"turns":5.0},{"damage":20.0,"enemies":"3 Sentries","floor":10.0,"turns":4.0},{"damage":2.0,"enemies":"Blue Slaver","floor":11.0,"turns":13.0},{"damage":1.0,"enemies":"Red Slaver","floor":12.0,"turns":14.0},{"damage":0.0,"enemies":"2 Fungi Beasts","floor":13.0,"turns":5.0},{"damage":12.0,"enemies":"Exordium Thugs","floor":14.0,"turns":3.0},{"damage":24.0,"enemies":"The Guardian","floor":16.0,"turns":16.0},{"damage":5.0,"enemies":"Spheric Guardian","floor":18.0,"turns":5.0},{"damage":19.0,"enemies":"2 Thieves","floor":19.0,"turns":3.0},{"damage":0,"enemies":"3 Cultists","floor":22,"turns":3},{"damage":0,"enemies":"Centurion and Healer","floor":23,"turns":2},{"damage":9,"enemies":"Book of Stabbing","floor":24,"turns":3},{"damage":13,"enemies":"Gremlin Leader","floor":27,"turns":3},{"damage":0,"enemies":"Snake Plant","floor":29,"turns":1},{"damage":0,"enemies":"Sentry and Sphere","floor":31,"turns":1},{"damage":0,"enemies":"Champ","floor":33,"turns":6},{"damage":0,"enemies":"Orb Walker","floor":35,"turns":1},{"damage":25,"enemies":"3 Darklings","floor":36,"turns":3},{"damage":3,"enemies":"Sphere and 2 Shapes","floor":37,"turns":3},{"damage":2,"enemies":"Reptomancer","floor":40,"turns":3},{"damage":4,"enemies":"Nemesis","floor":42,"turns":3},{"damage":0,"enemies":"Mind Bloom Boss Battle","floor":45,"turns":3},{"damage":0,"enemies":"Jaw Worm Horde","floor":46,"turns":3},{"damage":12,"enemies":"infinitespire:MassOfShapes","floor":50,"turns":7},{"damage":27,"enemies":"Shield and Spear","floor":54,"turns":3},{"damage":59,"enemies":"The Heart","floor":55,"turns":5}],"seed_played":"8579413924876965230","potions_obtained":[{"floor":6.0,"key":"CalmPotion"},{"floor":7.0,"key":"Swift Potion"},{"floor":10.0,"key":"PpointPotion"},{"floor":13.0,"key":"Dexterity Potion"},{"floor":16.0,"key":"SteroidPotion"},{"floor":18.0,"key":"PpointPotion"},{"floor":29,"key":"Regen Potion"},{"floor":31,"key":"CalmPotion"},{"floor":33,"key":"Dexterity Potion"},{"floor":37,"key":"FearPotion"},{"floor":40,"key":"Block Potion"},{"floor":42,"key":"Weak Potion"},{"floor":54,"key":"FearPotion"}],"is_trial":false,"path_per_floor":["M","$","?","?","M","E","?","M","T","E","M","M","M","M","R","B",null,"M","M","?","AVR","M","M","E","R","T","E","R","M","R","M","R","B",null,"M","M","M","T","$","E","R","E","T","R","?","M","R","?","R","B",null,"R","$","E","B",null],"character_chosen":"KomeijiSatori","items_purchased":["DollysMirror","PpointPotion","Bottled Flame","Bag of Marbles","Regen Potion"],"campfire_rested":3,"item_purchase_floors":[39,39,39,53,53],"current_hp_per_floor":[45,45,45,45,45,45,33,33,40,20,20,39,39,27,27,3,44,47,28,28,28,28,28,19,19,19,6,23,23,23,23,40,40,53,53,28,34,34,34,32,32,28,28,37,37,37,57,54,54,42,51,54,54,27,12],"gold":101,"neow_bonus":"THREE_ENEMY_KILL","is_daily":false,"chose_seed":false,"campfire_upgraded":6,"win_rate":0.0,"timestamp":1613927602,"path_taken":["M","?","?","?","M","E","?","M","T","E","M","M","M","M","R","BOSS","M","M","?","AVR","M","M","E","R","T","E","R","M","R","M","R","BOSS","M","M","M","?","$","E","R","E","T","R","?","?","R","?","R","BOSS","R","$","E","BOSS"],"items_purchased_type":["Relic","Potion","Relic","Relic","Potion"],"build_version":"2020-12-22","purchased_purges":3,"victory":true,"max_hp_per_floor":[50,50,50,50,50,50,50,50,57,57,57,57,57,57,57,57,57,57,57,57,57,57,57,57,57,57,57,57,57,57,57,57,57,57,57,57,57,57,57,57,57,57,57,57,57,57,57,54,54,54,54,54,54,54,54],"card_choices":[{"not_picked":["NingyouSousou+1","KeiseiJin+1"],"picked":"SeekerWire+1","floor":1.0},{"not_picked":["ArtfulChanter","TenguNoTaiko","NingyouOkisou+1"],"picked":"SKIP","floor":5.0},{"not_picked":["KeiseiJin+1","HagoromoKu"],"picked":"AbyssNova","floor":6.0},{"not_picked":["SatsujinDooru","NingyouFukuhei+1"],"picked":"KeiseiJin+1","floor":7.0},{"not_picked":["GroundStardust+1","NingyouSousou+1","EnMu+1"],"picked":"SKIP","floor":8.0},{"not_picked":["NingyouSP+1","SemiAutomaton","KeiseiJin+1"],"picked":"SKIP","floor":10.0},{"not_picked":["NingyouSousou+1","NingyouSP+1"],"picked":"KimairaNoYoku","floor":11.0},{"not_picked":["ShyakuBuku","Melting","Mishyaguji+1"],"picked":"SKIP","floor":12.0},{"not_picked":["MusuNoYume","KeiseiJin+1"],"picked":"ShanghaiNingyou","floor":13.0},{"not_picked":["LittleLegion","SuitokuNoKyoryu","KeiseiJin+1"],"picked":"SKIP","floor":14.0},{"not_picked":["LittleLegion","SuitokuNoKyoryu","KeiseiJin+1"],"picked":"SKIP","floor":14.0},{"not_picked":["AbyssNova","JigokuNoTaiyou"],"picked":"MusouMyousyu","floor":16.0},{"not_picked":["NingyouMusou+1","NingyouYunhei+1","JyouchiJin+1"],"picked":"SKIP","floor":18.0},{"not_picked":["SelfTokamak","SenseofElegance","Melting"],"picked":"SKIP","floor":19.0},{"not_picked":["NarrowSpark+1","MusuNoYume","GroundStardust+1"],"picked":"SKIP","floor":22},{"not_picked":["MusuNoYume","GroundStardust+1"],"picked":"NarrowSpark+1","floor":22},{"not_picked":["FreezeTouchMe","GroundStardust+1","RikonNoKama+1"],"picked":"SKIP","floor":23},{"not_picked":["NingyouSousou+1","NingyouKisou+1","NingyouMusou+1"],"picked":"SKIP","floor":24},{"not_picked":["SuitokuNoKyoryu","YuumeiNoKurin"],"picked":"MakuraSeki","floor":27},{"not_picked":["TenguNoTaiko","NingyouSP+1","RikonNoKama+1"],"picked":"SKIP","floor":29},{"not_picked":["OoedoNingyou+1","NingyouSP+1","HisouNoKen"],"picked":"SKIP","floor":31},{"not_picked":["AbyssNova","ShanghaiNingyou"],"picked":"LunaDial","floor":33},{"not_picked":["ShyakuBuku","VampireKiss","RikonNoKama+1"],"picked":"SKIP","floor":35},{"not_picked":["NingyouFukuhei+1","NingyouShinki+1","HagoromoKu"],"picked":"SKIP","floor":36},{"not_picked":["Melting+1","TenguNoTaiko","NingyouKisou+1"],"picked":"SKIP","floor":37},{"not_picked":["NingyouKisou+1","SeekerWire+1","OoedoNingyou+1"],"picked":"SKIP","floor":40},{"not_picked":["RoshinSou+1","MissingPower+1","LunaticRedEyes"],"picked":"SKIP","floor":42},{"not_picked":["MusuNoYume+1","SatsujinDooru+1"],"picked":"KeiseiJin+1","floor":45},{"not_picked":["NingyouShinki+1","NingyouSP+1"],"picked":"HenyouMirume+1","floor":46},{"not_picked":["NingyouYunhei+1","KinbakuJin+1","DemonsDinnerFork"],"picked":"SKIP","floor":54}],"player_experience":416247,"relics_obtained":[{"floor":6.0,"key":"ColorfulQuillpen"},{"floor":6.0,"key":"CrystalOfMemory"},{"floor":7.0,"key":"infinitespire:Bottled Soul"},{"floor":9.0,"key":"Strawberry"},{"floor":10.0,"key":"Turnip"},{"floor":24,"key":"infinitespire:EmpoweringShard"},{"floor":26,"key":"Ancient Tea Set"},{"floor":27,"key":"infinitespire:CheckeredPen"},{"floor":40,"key":"HoshigumaDish"},{"floor":42,"key":"Bronze Scales"},{"floor":43,"key":"Eternal Feather"},{"floor":45,"key":"FossilizedHelix"},{"floor":54,"key":"Oddly Smooth Stone"}],"event_choices":[{"damage_healed":0.0,"max_hp_gain":0.0,"max_hp_loss":0.0,"gold_gain":0.0,"event_name":"The Cleric","player_choice":"Leave","floor":4.0,"gold_loss":0.0,"damage_taken":0.0},{"damage_healed":0.0,"max_hp_gain":0.0,"max_hp_loss":0.0,"gold_gain":30.0,"event_name":"Dead Adventurer","player_choice":"Searched \u00273\u0027 times","floor":7.0,"gold_loss":0.0,"damage_taken":0.0},{"damage_healed":0.0,"max_hp_gain":0.0,"max_hp_loss":0.0,"gold_gain":100.0,"event_name":"Golden Shrine","player_choice":"Pray","floor":20.0,"gold_loss":0.0,"damage_taken":0.0},{"damage_healed":0,"gold_gain":0,"player_choice":"Fight","damage_taken":0,"max_hp_gain":0,"max_hp_loss":0,"event_name":"MindBloom","floor":45,"gold_loss":0},{"damage_healed":0,"gold_gain":0,"player_choice":"Max HP","damage_taken":0,"max_hp_gain":0,"max_hp_loss":3,"event_name":"Winding Halls","floor":48,"gold_loss":0}],"is_beta":false,"boss_relics":[{"not_picked":["infinitespire:Cupcake","Pandora\u0027s Box"],"picked":"Velvet Choker"},{"not_picked":["Tiny House","Philosopher\u0027s Stone"],"picked":"Snecko Eye"}],"items_purged_floors":[2,21,39],"is_endless":false,"potions_floor_spawned":[6,7,10,13,16,18,29,31,33,37,40,42,45,54],"ascension_level":6}}