{"host":"oigynbtg272c19pw","time":1613910793,"event":{"mods":["BaseMod","Colored Map","Minty Spire (QoL Compilation)","Relic Stats","Slay the Relics Exporter","StSLib"],"gold_per_floor":[117,128,128,139,149,178,178,23,23,23,82,98,123,123,123,197,197,210,223,240,35,49,49,49,49],"floor_reached":24,"playtime":987,"items_purged":["Strike_B","Strike_B"],"score":516,"play_id":"336150bb-3d5a-4a96-93a1-f5149a3ecd74","local_time":"20210221133313","is_ascension_mode":true,"campfire_choices":[{"data":"Sweeping Beam","floor":7.0,"key":"SMITH"},{"data":"Defragment","floor":10.0,"key":"SMITH"},{"data":"Ball Lightning","floor":15.0,"key":"SMITH"},{"floor":23,"key":"REST"}],"circlet_count":0,"master_deck":["AscendersBane","Strike_B","Defend_B","Defend_B","Defend_B","Defend_B","Zap","Dualcast","Cold Snap","Conserve Battery","Capacitor","Sweeping Beam+1","Echo Form","Defragment+1","Undo","Ball Lightning+1","Rainbow","Electrodynamics","Storm","Barrage","Loop","Compile Driver"],"relics":["Cracked Core","NeowsBlessing","Bag of Preparation","Meat on the Bone","CaptainsWheel","Gremlin Horn","Shuriken","Inserter"],"acts_visited":["Exordium","TheCity"],"potions_floor_usage":[22,24],"damage_taken":[{"damage":0.0,"enemies":"Small Slimes","floor":1.0,"turns":1.0},{"damage":0.0,"enemies":"Cultist","floor":2.0,"turns":1.0},{"damage":0.0,"enemies":"Jaw Worm","floor":4.0,"turns":1.0},{"damage":11.0,"enemies":"Blue Slaver","floor":5.0,"turns":4.0},{"damage":8.0,"enemies":"3 Sentries","floor":6.0,"turns":7.0},{"damage":41.0,"enemies":"Gremlin Nob","floor":11.0,"turns":5.0},{"damage":1.0,"enemies":"Looter","floor":12.0,"turns":4.0},{"damage":2.0,"enemies":"Gremlin Nob","floor":13.0,"turns":4.0},{"damage":0.0,"enemies":"Slime Boss","floor":16.0,"turns":7.0},{"damage":7.0,"enemies":"Spheric Guardian","floor":18.0,"turns":6.0},{"damage":28.0,"enemies":"2 Thieves","floor":19.0,"turns":3.0},{"damage":27.0,"enemies":"Snake Plant","floor":20.0,"turns":4.0},{"damage":15,"enemies":"Centurion and Healer","floor":22,"turns":4},{"damage":50,"enemies":"Book of Stabbing","floor":24,"turns":5}],"seed_played":"5180562329384275649","potions_obtained":[{"floor":1.0,"key":"AttackPotion"},{"floor":2.0,"key":"Dexterity Potion"},{"floor":11.0,"key":"Explosive Potion"},{"floor":13.0,"key":"AttackPotion"},{"floor":19.0,"key":"Explosive Potion"},{"floor":22,"key":"EssenceOfSteel"}],"is_trial":false,"path_per_floor":["M","M","?","M","M","E","R","$","T","R","?","M","E","T","R","B",null,"M","M","M","$","M","R","E"],"character_chosen":"DEFECT","items_purchased":["Defragment","Loop","Compile Driver"],"campfire_rested":1,"item_purchase_floors":[8,21,21],"current_hp_per_floor":[64,64,64,64,53,45,45,45,45,45,16,27,37,37,37,37,63,56,40,25,25,22,43,0,0],"gold":49,"neow_bonus":"THREE_ENEMY_KILL","is_daily":false,"chose_seed":false,"campfire_upgraded":3,"win_rate":0.0,"timestamp":1613910793,"path_taken":["M","M","?","?","?","E","R","$","T","R","?","M","E","?","R","BOSS","M","M","M","$","M","R","E"],"items_purchased_type":["Card","Card","Card"],"build_version":"2020-12-13","purchased_purges":2,"victory":false,"max_hp_per_floor":[71,71,71,71,71,71,71,71,71,71,71,71,71,71,71,71,71,71,71,71,71,71,71,71,71],"relic_stats":{"Inserter":[11],"Gremlin Horn":[2,2],"counters":[14,56],"Shuriken":[1],"Bag of Preparation":[18],"obtain_stats":[{"CaptainsWheel":11,"Inserter":17,"NeowsBlessing":0,"Gremlin Horn":13,"Shuriken":14,"Bag of Preparation":6,"Cracked Core":0,"Meat on the Bone":9},{"CaptainsWheel":6,"Inserter":9,"NeowsBlessing":0,"Gremlin Horn":8,"Shuriken":8,"Bag of Preparation":5,"Cracked Core":0,"Meat on the Bone":5},{"CaptainsWheel":19,"Inserter":34,"NeowsBlessing":0,"Gremlin Horn":27,"Shuriken":27,"Bag of Preparation":14,"Cracked Core":0,"Meat on the Bone":14}],"Meat on the Bone":72},"card_choices":[{"not_picked":["Auto Shields","Skim"],"picked":"Cold Snap","floor":1.0},{"not_picked":["Stack","Turbo"],"picked":"Conserve Battery","floor":2.0},{"not_picked":["Compile Driver","Steam"],"picked":"Capacitor","floor":4.0},{"not_picked":["Go for the Eyes","Redo"],"picked":"Sweeping Beam","floor":5.0},{"not_picked":["Compile Driver","Barrage"],"picked":"Echo Form","floor":6.0},{"not_picked":["Steam","Scrape"],"picked":"Undo","floor":11.0},{"not_picked":["Sweeping Beam","Streamline"],"picked":"Ball Lightning","floor":12.0},{"not_picked":["Redo","Barrage"],"picked":"Rainbow","floor":13.0},{"not_picked":["Biased Cognition","Fission"],"picked":"Electrodynamics","floor":16.0},{"not_picked":["Fusion","Capacitor","Steam Power"],"picked":"SKIP","floor":18.0},{"not_picked":["Rebound","Steam"],"picked":"Storm","floor":19.0},{"not_picked":["Steam","Beam Cell"],"picked":"Barrage","floor":20.0},{"not_picked":["Streamline+1","Meteor Strike","Compile Driver+1"],"picked":"SKIP","floor":22}],"player_experience":1639337,"relics_obtained":[{"floor":6.0,"key":"Bag of Preparation"},{"floor":9.0,"key":"Meat on the Bone"},{"floor":11.0,"key":"CaptainsWheel"},{"floor":13.0,"key":"Gremlin Horn"},{"floor":14.0,"key":"Shuriken"}],"event_choices":[{"cards_removed":["Strike_B"],"damage_healed":0.0,"max_hp_gain":0.0,"max_hp_loss":0.0,"gold_gain":0.0,"event_name":"Purifier","player_choice":"Purged","floor":3.0,"gold_loss":0.0,"damage_taken":0.0},{"damage_healed":0.0,"max_hp_gain":0.0,"max_hp_loss":0.0,"gold_gain":0.0,"event_name":"Dead Adventurer","player_choice":"Searched \u00271\u0027 times","floor":11.0,"gold_loss":0.0,"damage_taken":0.0}],"is_beta":false,"boss_relics":[{"not_picked":["Calling Bell","Coffee Dripper"],"picked":"Inserter"}],"items_purged_floors":[8,21],"is_endless":false,"potions_floor_spawned":[1,2,11,13,19,22],"killed_by":"Book of Stabbing","ascension_level":20}}