{"host":"o5jvvi5yapo90aia","time":1613907427,"event":{"mods":["BaseMod","CapriCore","Minty Spire (QoL Compilation)","MostiFishMod","Prisma Mod","Spicy Shops","StSLib","TestMod","The Immortal","Yakumo Yukari mod","【人物mod】游戏王New YuGiOh mod","【功能Mod】Neow奖励"],"gold_per_floor":[116,128,128,143,68,97,97,97,97,129,169,181,293,331,343,438,450,482,518,548,586,608,645,657,707,719,766,796,266,266,287,287,369,369,384,384,404,404,426,426,460,476,476,490,521,521,553,591,591,623,649,649,649,51,93,133],"floor_reached":57,"language":"ZHS","playtime":3367,"items_purged":["Defend_P","Strike_P+1"],"score":3890,"play_id":"d1376145-23f5-40a8-bc07-8d00920c1010","local_time":"20210221193707","is_ascension_mode":true,"campfire_choices":[{"data":"Defend_P","floor":7.0,"key":"PURGE"},{"data":"Defend_P","floor":12.0,"key":"PURGE"},{"data":"Strike_P","floor":15.0,"key":"PURGE"},{"data":"Strike_P","floor":24.0,"key":"PURGE"},{"data":"Strike_P+1","floor":30.0,"key":"PURGE"},{"data":"WindmillStrike+1","floor":32.0,"key":"PURGE"},{"floor":40.0,"key":"RECALL"},{"data":"Eruption+1","floor":49,"key":"PURGE"},{"data":"Vigilance+1","floor":53,"key":"PURGE"}],"circlet_count":0,"master_deck":["Tantrum+1","LessonLearned+1","TalkToTheHand+1","MostiFishMod:Speedup+1","Adaptation+1","InnerPeace+1","MentalFortress+1","FearNoEvil+1"],"relics":["DaveBox","testmod-TestBox","testmod-Recursion","OneHitWonderSystem","testmod-ObsoleteBoomerang","SynthV:TestCard","Matryoshka","CeramicFish","MawBank","PreservedInsect","Nunchaku","FeatherPendant","ImprovedEquipment","Boot","Lantern","testmod-CrystalShield","TheAbacus","Bronze Scales","Black Star","Singing Bowl","testmod-OneHitWonder","Eternal Feather","Mercury Hourglass","ThornShield","testmod-Acrobat","Toxic Egg 2","Damaru","testmod-Maize","ClockworkSouvenir","Shuriken","War Paint"],"acts_visited":["Exordium","TheCity","TheBeyond","TheEnding"],"potions_floor_usage":[56],"damage_taken":[{"damage":0.0,"enemies":"Small Slimes","floor":1.0,"turns":2.0},{"damage":0.0,"enemies":"Cultist","floor":2.0,"turns":2.0},{"damage":0.0,"enemies":"2 Louse","floor":4.0,"turns":2.0},{"damage":0.0,"enemies":"Gremlin Nob","floor":6.0,"turns":2.0},{"damage":0.0,"enemies":"Lots of Slimes","floor":10.0,"turns":2.0},{"damage":0.0,"enemies":"Lagavulin","floor":11.0,"turns":4.0},{"damage":0.0,"enemies":"Gremlin Nob","floor":14.0,"turns":2.0},{"damage":0.0,"enemies":"Slime Boss","floor":16.0,"turns":3.0},{"damage":0.0,"enemies":"2 Thieves","floor":18.0,"turns":2.0},{"damage":0.0,"enemies":"Chosen","floor":19.0,"turns":1.0},{"damage":0.0,"enemies":"Snake Plant","floor":20.0,"turns":2.0},{"damage":0.0,"enemies":"Centurion and Healer","floor":21.0,"turns":2.0},{"damage":0.0,"enemies":"3 Cultists","floor":22.0,"turns":2.0},{"damage":0.0,"enemies":"Slavers","floor":23.0,"turns":1.0},{"damage":0.0,"enemies":"Book of Stabbing","floor":25.0,"turns":2.0},{"damage":0.0,"enemies":"Gremlin Leader","floor":27.0,"turns":1.0},{"damage":0.0,"enemies":"Cultist and Chosen","floor":31.0,"turns":1.0},{"damage":0.0,"enemies":"Automaton","floor":33.0,"turns":1.0},{"damage":0.0,"enemies":"3 Shapes","floor":35.0,"turns":2.0},{"damage":0.0,"enemies":"Orb Walker","floor":37.0,"turns":1.0},{"damage":0.0,"enemies":"Transient","floor":39.0,"turns":1.0},{"damage":0.0,"enemies":"Giant Head","floor":41.0,"turns":1.0},{"damage":0.0,"enemies":"Sphere and 2 Shapes","floor":42.0,"turns":1.0},{"damage":0.0,"enemies":"Sphere and 2 Shapes","floor":44.0,"turns":1.0},{"damage":0.0,"enemies":"Reptomancer","floor":45.0,"turns":1.0},{"damage":0,"enemies":"3 Darklings","floor":47,"turns":1},{"damage":0,"enemies":"Nemesis","floor":48,"turns":1},{"damage":0,"enemies":"Awakened One","floor":50,"turns":2},{"damage":0,"enemies":"Donu and Deca","floor":51,"turns":1},{"damage":0,"enemies":"Shield and Spear","floor":55,"turns":1},{"damage":0,"enemies":"The Heart","floor":56,"turns":6}],"seed_played":"733587057522075692","potions_obtained":[{"floor":1.0,"key":"SteroidPotion"},{"floor":4.0,"key":"DuplicationPotion"},{"floor":42.0,"key":"testmod-SpacePotion"},{"floor":48,"key":"ColorlessPotion"}],"is_trial":false,"path_per_floor":["M","M","?","M","$","E","R","$","T","M","E","R","?","E","R","B",null,"M","M","M","M","M","E","R","E","T","E","?","$","R","M","R","B",null,"M","?","M","T","M","R","E","M","T","?","E","$","M","E","R","B","B",null,"R","$","E","B",null],"character_chosen":"WATCHER","items_purchased":["TheAbacus","Bronze Scales","MentalFortress","testmod-Maize","ClockworkSouvenir","SkillPotion"],"campfire_rested":0,"item_purchase_floors":[29,29,29,54,54,54],"current_hp_per_floor":[1,1,1,1,1,1,1,1,1,1,1,1,1,1,1,1,1,1,1,1,1,1,1,1,1,1,1,1,1,1,1,1,1,1,1,1,1,1,3,1,3,3,1,1,3,1,3,3,1,1,1,1,1,1,3,1],"gold":133,"neow_bonus":"BOSS_RELIC","is_daily":false,"chose_seed":false,"campfire_upgraded":0,"win_rate":0.0,"timestamp":1613907427,"path_taken":["M","M","?","M","$","E","R","?","T","M","E","R","?","E","R","BOSS","M","?","M","M","M","E","R","E","T","E","?","$","R","M","R","BOSS","M","?","M","?","M","R","E","M","T","?","E","$","M","E","R","BOSS","BOSS","R","$","E","BOSS"],"items_purchased_type":["Relic","Relic","Card","Relic","Relic","Potion"],"build_version":"2020-12-22","purchased_purges":2,"victory":true,"max_hp_per_floor":[1,1,1,1,1,1,1,1,1,1,1,1,1,1,1,1,1,1,1,1,1,1,1,1,1,1,1,1,1,1,1,1,1,1,1,1,1,1,3,1,3,3,1,1,3,1,3,3,1,1,1,1,1,1,3,1],"card_choices":[{"not_picked":["Nirvana","CrushJoints","Collect"],"picked":"SKIP","floor":1.0},{"not_picked":["JustLucky","Protect","ThirdEye","PathToVictory","Crescendo"],"picked":"SKIP","floor":2.0},{"not_picked":["SashWhip","ForeignInfluence","DeceiveReality","Prostrate","MostiFishMod:ScryFuture"],"picked":"SKIP","floor":4.0},{"not_picked":["LikeWater","BattleHymn","FlurryOfBlows","PathToVictory","Blasphemy"],"picked":"SKIP","floor":6.0},{"not_picked":["Nirvana","Halt","MostiFishMod:Speedup","EmptyBody"],"picked":"Tantrum","floor":10.0},{"not_picked":["Consecrate","MostiFishMod:Clarity","Collect","EmptyFist","Protect"],"picked":"SKIP","floor":11.0},{"not_picked":["MostiFishMod:Moonprays","FollowUp","JustLucky","ThirdEye","Protect"],"picked":"SKIP","floor":14.0},{"not_picked":["MostiFishMod:DisColor","MostiFishMod:OutWit","Ragnarok","MostiFishMod:Pointsdynamics"],"picked":"LessonLearned","floor":16.0},{"not_picked":["FlurryOfBlows","BowlingBash","ClearTheMind+1","Evaluate","FlyingSleeves"],"picked":"SKIP","floor":18.0},{"not_picked":["MostiFishMod:Clarity","JustLucky","Crescendo","CutThroughFate"],"picked":"TalkToTheHand","floor":19.0},{"not_picked":["CarveReality","Halt","Tantrum","EmptyMind","Collect"],"picked":"SKIP","floor":20.0},{"not_picked":["WreathOfFlame","SashWhip","ClearTheMind","Prostrate"],"picked":"MostiFishMod:Speedup","floor":21.0},{"not_picked":["EmptyBody","MostiFishMod:DisColor","Consecrate","Study","Weave"],"picked":"SKIP","floor":22.0},{"not_picked":["FlurryOfBlows","MostiFishMod:ScryFuture","Blasphemy","ClearTheMind","ThirdEye+1"],"picked":"SKIP","floor":23.0},{"not_picked":["DeceiveReality","Prostrate","Nirvana","Consecrate","Alpha"],"picked":"SKIP","floor":25.0},{"not_picked":["FlurryOfBlows","EmptyFist","Meditate","ReachHeaven","FlyingSleeves"],"picked":"SKIP","floor":27.0},{"not_picked":["Tantrum","Indignation+1","FlurryOfBlows","Wireheading+1"],"picked":"Adaptation","floor":28.0},{"not_picked":["Consecrate","FlurryOfBlows","Collect+1","WreathOfFlame"],"picked":"InnerPeace","floor":28.0},{"not_picked":["ThirdEye","SashWhip","ClearTheMind","Nirvana","Worship+1"],"picked":"SKIP","floor":31.0},{"not_picked":["Crescendo+1","EmptyBody","FollowUp","FlurryOfBlows+1","BattleHymn"],"picked":"SKIP","floor":35.0},{"not_picked":["Conclude+1","MostiFishMod:PathToVictory","Halt+1","Crescendo","Collect+1"],"picked":"SKIP","floor":37.0},{"not_picked":["MentalFortress+1","ReachHeaven","Protect","SashWhip+1","Crescendo"],"picked":"Singing Bowl","floor":39.0},{"not_picked":["EmptyBody","Adaptation","Alpha","Collect","FollowUp+1"],"picked":"Singing Bowl","floor":41.0},{"not_picked":["Protect","Wallop","Halt","SandsOfTime","Crescendo"],"picked":"Singing Bowl","floor":42.0},{"not_picked":["SashWhip+1","FollowUp","ReachHeaven","Blasphemy"],"picked":"FearNoEvil","floor":44.0},{"not_picked":["CutThroughFate+1","FlyingSleeves","MostiFishMod:ScryFuture+1","CrushJoints","JustLucky"],"picked":"Singing Bowl","floor":45.0},{"not_picked":["ClearTheMind","BowlingBash","SashWhip+1","Vengeance","PathToVictory"],"picked":"Singing Bowl","floor":47},{"not_picked":["EmptyFist","Collect+1","WaveOfTheHand+1","ThirdEye+1","FlyingSleeves+1"],"picked":"Singing Bowl","floor":48},{"not_picked":["WindmillStrike","WaveOfTheHand+1","Halt+1","ReachHeaven","BowlingBash"],"picked":"Singing Bowl","floor":55}],"player_experience":1586974,"relics_obtained":[{"floor":1.0,"key":"SynthV:TestCard"},{"floor":6.0,"key":"Matryoshka"},{"floor":9.0,"key":"CeramicFish"},{"floor":9.0,"key":"MawBank"},{"floor":11.0,"key":"PreservedInsect"},{"floor":14.0,"key":"Nunchaku"},{"floor":23.0,"key":"ImprovedEquipment"},{"floor":25.0,"key":"Boot"},{"floor":26.0,"key":"Lantern"},{"floor":27.0,"key":"testmod-CrystalShield"},{"floor":38.0,"key":"Singing Bowl"},{"floor":41.0,"key":"testmod-OneHitWonder"},{"floor":41.0,"key":"Eternal Feather"},{"floor":43.0,"key":"Mercury Hourglass"},{"floor":45.0,"key":"ThornShield"},{"floor":45.0,"key":"testmod-Acrobat"},{"floor":48,"key":"Toxic Egg 2"},{"floor":48,"key":"Damaru"},{"floor":55,"key":"Shuriken"},{"floor":55,"key":"War Paint"}],"event_choices":[{"damage_healed":0.0,"max_hp_gain":0.0,"max_hp_loss":0.0,"gold_gain":0.0,"cards_transformed":["Defend_P"],"event_name":"Transmorgrifier","player_choice":"Transformed","floor":3.0,"gold_loss":0.0,"damage_taken":0.0,"cards_obtained":["WindmillStrike"]},{"damage_healed":0.0,"max_hp_gain":0.0,"max_hp_loss":0.0,"gold_gain":100.0,"event_name":"Wheel of Change","player_choice":"Gold","floor":13.0,"gold_loss":0.0,"damage_taken":0.0},{"damage_healed":0.0,"max_hp_gain":0.0,"max_hp_loss":0.0,"gold_gain":0.0,"event_name":"给自己的盒子","player_choice":"Swap Relic","floor":28.0,"relics_lost":["Orrery"],"gold_loss":0.0,"damage_taken":0.0,"relics_obtained":["Orrery"]},{"damage_healed":0.0,"max_hp_gain":0.0,"max_hp_loss":0.0,"gold_gain":0.0,"event_name":"Winding Halls","player_choice":"Max HP","floor":36.0,"gold_loss":0.0,"damage_taken":0.0}],"is_beta":false,"boss_relics":[{"not_picked":["Empty Cage","RhineSuit"],"picked":"FeatherPendant"},{"not_picked":["Runic Dome","testmod-KeyOfTheVoid"],"picked":"Black Star"}],"items_purged_floors":[5,29],"is_endless":false,"potions_floor_spawned":[1,4,11,16,20,21,22,25,31,41,42,44,48],"ascension_level":20}}