{"host":"ju1b3c4x8n2jtjm7","time":1613904501,"event":{"mods":["AchievementEnabler","BaseMod","Colored Map","Colored Powertips","DeckTracker","Highlight Path","Minty Spire (QoL Compilation)","Quick Restart","Rare Cards Sparkle","Relic Stats"],"gold_per_floor":[112,128,53,71,71,71,82,95,95,47,47,82,82,92,92,189,189,199,59,79,79,32,67,82,82,82,82,82,113,113,131,131,131,131],"floor_reached":33,"language":"ENG","playtime":2725,"items_purged":["Defend_P","Strike_P"],"score":428,"play_id":"114961af-d552-4e34-808f-a950aabd08dc","local_time":"20210221114821","is_ascension_mode":true,"campfire_choices":[{"data":"FearNoEvil","floor":6.0,"key":"SMITH"},{"floor":11.0,"key":"REST"},{"data":"Vigilance","floor":13.0,"key":"SMITH"},{"floor":15.0,"key":"REST"},{"floor":25.0,"key":"REST"},{"floor":28.0,"key":"REST"},{"floor":30.0,"key":"REST"},{"floor":32.0,"key":"REST"}],"circlet_count":0,"master_deck":["AscendersBane","Strike_P","Strike_P","Strike_P","Defend_P+1","Defend_P","Defend_P","Eruption","Vigilance+1","DeusExMachina+1","Halt","Wireheading","FearNoEvil+1","EmptyMind","ConjureBlade","FlurryOfBlows","Wireheading","EmptyFist","Vault","Study","FearNoEvil+1","TalkToTheHand+1"],"relics":["PureWater","Mercury Hourglass","Question Card","VioletLotus","Dream Catcher","White Beast Statue","Blue Candle"],"acts_visited":["Exordium","TheCity"],"potions_floor_usage":[33],"damage_taken":[{"damage":7.0,"enemies":"2 Louse","floor":1.0,"turns":3.0},{"damage":1.0,"enemies":"Small Slimes","floor":2.0,"turns":4.0},{"damage":0.0,"enemies":"Cultist","floor":4.0,"turns":3.0},{"damage":24.0,"enemies":"Exordium Thugs","floor":7.0,"turns":4.0},{"damage":13.0,"enemies":"Large Slime","floor":8.0,"turns":4.0},{"damage":10.0,"enemies":"Lagavulin","floor":12.0,"turns":4.0},{"damage":2.0,"enemies":"Gremlin Gang","floor":14.0,"turns":3.0},{"damage":3.0,"enemies":"The Guardian","floor":16.0,"turns":13.0},{"damage":15.0,"enemies":"3 Byrds","floor":18.0,"turns":3.0},{"damage":26.0,"enemies":"2 Thieves","floor":20.0,"turns":4.0},{"damage":17.0,"enemies":"Slavers","floor":23.0,"turns":4.0},{"damage":6.0,"enemies":"Snecko","floor":24.0,"turns":9.0},{"damage":31.0,"enemies":"Gremlin Leader","floor":29.0,"turns":7.0},{"damage":0.0,"enemies":"Cultist and Chosen","floor":31.0,"turns":6.0},{"damage":72,"enemies":"Automaton","floor":33,"turns":7}],"seed_played":"209146383675802327","potions_obtained":[{"floor":4.0,"key":"Fruit Juice"},{"floor":7.0,"key":"Dexterity Potion"},{"floor":14.0,"key":"LiquidBronze"},{"floor":16.0,"key":"Strength Potion"},{"floor":20.0,"key":"Block Potion"},{"floor":23.0,"key":"Regen Potion"},{"floor":29.0,"key":"SmokeBomb"},{"floor":31.0,"key":"BottledMiracle"}],"is_trial":false,"path_per_floor":["M","M","$","M","?","R","M","M","T","$","R","E","R","M","R","B",null,"M","$","M","?","$","E","M","R","T","?","R","E","R","M","R","B"],"character_chosen":"WATCHER","items_purchased":["SteroidPotion","Wireheading","EmptyFist"],"campfire_rested":6,"item_purchase_floors":[10,19,22],"current_hp_per_floor":[58,57,57,57,44,44,20,7,7,7,33,23,23,21,42,39,62,47,47,21,21,21,4,13,34,34,21,43,12,34,34,56,0,0],"gold":131,"neow_bonus":"THREE_RARE_CARDS","is_daily":false,"chose_seed":false,"campfire_upgraded":2,"win_rate":0.0,"timestamp":1613904501,"path_taken":["M","M","$","M","?","R","M","M","T","$","R","E","R","M","R","BOSS","M","$","M","?","$","E","M","R","T","?","R","E","R","M","R","BOSS"],"items_purchased_type":["Potion","Card","Card"],"build_version":"2020-12-22","purchased_purges":2,"victory":false,"max_hp_per_floor":[65,65,65,65,65,65,65,65,65,65,70,70,70,70,70,70,70,70,70,70,70,70,70,70,70,70,75,75,75,75,75,75,75,75],"relic_stats":{"Dream Catcher":4,"counters":[15,78],"Blue Candle":[0],"VioletLotus":[22],"Question Card":12,"obtain_stats":[{"Dream Catcher":23,"Blue Candle":29,"VioletLotus":17,"PureWater":0,"Question Card":12,"White Beast Statue":26,"Mercury Hourglass":9},{"Dream Catcher":11,"Blue Candle":13,"VioletLotus":8,"PureWater":0,"Question Card":6,"White Beast Statue":12,"Mercury Hourglass":5},{"Dream Catcher":49,"Blue Candle":65,"VioletLotus":38,"PureWater":0,"Question Card":22,"White Beast Statue":58,"Mercury Hourglass":18}],"Mercury Hourglass":[270]},"card_choices":[{"not_picked":["Wish","Omniscience"],"picked":"DeusExMachina","floor":0.0},{"not_picked":["FollowUp","FlyingSleeves"],"picked":"Halt","floor":1.0},{"not_picked":["DeusExMachina","Consecrate"],"picked":"Wireheading","floor":2.0},{"not_picked":["CrushJoints","Evaluate"],"picked":"FearNoEvil","floor":4.0},{"not_picked":["PathToVictory","Vengeance","Prostrate"],"picked":"SKIP","floor":7.0},{"not_picked":["CrushJoints","JustLucky","FearNoEvil"],"picked":"SKIP","floor":8.0},{"not_picked":["Prostrate","Vengeance"],"picked":"EmptyMind","floor":12.0},{"not_picked":["Consecrate","Swivel","Devotion","BowlingBash"],"picked":"SKIP","floor":14.0},{"not_picked":["Establishment","Scrawl","Vault"],"picked":"ConjureBlade","floor":16.0},{"not_picked":["EmptyBody+1","JustLucky","FollowUp+1"],"picked":"FlurryOfBlows","floor":18.0},{"not_picked":["Swivel","Evaluate","Nirvana","PathToVictory+1"],"picked":"SKIP","floor":20.0},{"not_picked":["Halt","FollowUp","EmptyBody"],"picked":"Vault","floor":23.0},{"not_picked":["JustLucky","SashWhip+1","BowlingBash"],"picked":"Study","floor":24.0},{"not_picked":["DeusExMachina","Crescendo","JustLucky"],"picked":"FearNoEvil+1","floor":25.0},{"not_picked":["WreathOfFlame","Halt","EmptyBody"],"picked":"TalkToTheHand+1","floor":28.0},{"not_picked":["Establishment","FlyingSleeves","Crescendo","DeceiveReality"],"picked":"SKIP","floor":29.0},{"not_picked":["Consecrate+1","ClearTheMind","Protect","Vengeance"],"picked":"SKIP","floor":31.0}],"player_experience":446725,"relics_obtained":[{"floor":9.0,"key":"Mercury Hourglass"},{"floor":12.0,"key":"Question Card"},{"floor":23.0,"key":"Dream Catcher"},{"floor":26.0,"key":"White Beast Statue"},{"floor":29.0,"key":"Blue Candle"}],"event_choices":[{"damage_healed":0.0,"max_hp_gain":0.0,"max_hp_loss":0.0,"gold_gain":0.0,"event_name":"Shining Light","player_choice":"Entered Light","floor":5.0,"gold_loss":0.0,"damage_taken":13.0,"cards_upgraded":["DeusExMachina","Defend_P"]},{"damage_healed":0.0,"max_hp_gain":0.0,"max_hp_loss":0.0,"gold_gain":0.0,"event_name":"Cursed Tome","player_choice":"Ignored","floor":21.0,"gold_loss":0.0,"damage_taken":0.0},{"damage_healed":0.0,"max_hp_gain":5.0,"max_hp_loss":0.0,"gold_gain":0.0,"event_name":"Forgotten Altar","player_choice":"Shed Blood","floor":27.0,"gold_loss":0.0,"damage_taken":18.0}],"is_beta":false,"boss_relics":[{"not_picked":["SacredBark","Tiny House"],"picked":"VioletLotus"}],"items_purged_floors":[3,19],"is_endless":false,"potions_floor_spawned":[4,7,14,16,20,23,29,31],"killed_by":"Automaton","ascension_level":10}}