{"host":"eksvfr80mef7di1h","time":1613932965,"event":{"mods":["AchievementEnabler","BaseMod","Colored Map","Minty Spire (QoL Compilation)","StSLib","SuperFastMode"],"gold_per_floor":[116,130,110,120,135,135,148,148,148,175,175,188,204,223,223,323,323,323,323,323,323,323,323,323,323,323,323,323,248,248,248,248,248,248,248,248,248,248,209,209,209,209,209,5,5,5,5,5,5,5],"floor_reached":51,"language":"ENG","playtime":899,"items_purged":["Strike_G"],"score":807,"play_id":"759dfd1d-6cc6-4e58-be80-933594ad36f3","local_time":"20210221194245","is_ascension_mode":false,"campfire_choices":[{"data":"Infinite Blades","floor":6,"key":"SMITH"},{"data":"Blade Dance","floor":8,"key":"SMITH"},{"data":"Blade Dance","floor":11,"key":"SMITH"},{"data":"Blade Dance","floor":15,"key":"SMITH"},{"data":"1","floor":24,"key":"LIFT"},{"data":"2","floor":28,"key":"LIFT"},{"data":"3","floor":32,"key":"LIFT"},{"data":"Adrenaline","floor":41,"key":"SMITH"},{"data":"Finisher","floor":46,"key":"SMITH"},{"floor":49,"key":"REST"}],"circlet_count":0,"master_deck":["Strike_G","Strike_G+1","Strike_G","Defend_G","Defend_G","Defend_G","Defend_G","Defend_G","Survivor","Neutralize","Infinite Blades+1","Blade Dance+1","Blade Dance+1","Finisher+1","Blade Dance+1","Slice","Escape Plan","Backflip","A Thousand Cuts+1","Escape Plan","Acrobatics","Infinite Blades+1","Choke+1","Adrenaline+1","Backflip","Deflect+1","Accuracy+1","Footwork+1","Blur+1","Acrobatics+1"],"relics":["WristBlade","Frozen Egg 2","Anchor","Ectoplasm","Girya","MutagenicStrength","Paper Crane","Vajra","Sozu","Pen Nib","Smiling Mask","Calipers","Whetstone","Pocketwatch"],"acts_visited":["Exordium","TheCity","TheBeyond"],"potions_floor_usage":[10,10,16,27,33,33,50],"damage_taken":[{"damage":0,"enemies":"Jaw Worm","floor":1,"turns":4},{"damage":0,"enemies":"Cultist","floor":2,"turns":3},{"damage":0,"enemies":"2 Louse","floor":4,"turns":2},{"damage":0,"enemies":"Exordium Wildlife","floor":5,"turns":3},{"damage":0,"enemies":"3 Louse","floor":7,"turns":2},{"damage":0,"enemies":"Lagavulin","floor":10,"turns":2},{"damage":0,"enemies":"Blue Slaver","floor":12,"turns":1},{"damage":0,"enemies":"Exordium Wildlife","floor":13,"turns":2},{"damage":0,"enemies":"2 Fungi Beasts","floor":14,"turns":2},{"damage":22,"enemies":"Hexaghost","floor":16,"turns":4},{"damage":0,"enemies":"Chosen","floor":18,"turns":3},{"damage":0,"enemies":"3 Byrds","floor":20,"turns":2},{"damage":1,"enemies":"Slavers","floor":23,"turns":3},{"damage":0,"enemies":"Centurion and Healer","floor":25,"turns":3},{"damage":10,"enemies":"Snecko","floor":27,"turns":4},{"damage":43,"enemies":"Collector","floor":33,"turns":4},{"damage":0,"enemies":"3 Darklings","floor":35,"turns":2},{"damage":11,"enemies":"3 Shapes","floor":36,"turns":2},{"damage":10,"enemies":"Nemesis","floor":40,"turns":3},{"damage":6,"enemies":"Giant Head","floor":42,"turns":3},{"damage":0,"enemies":"Spire Growth","floor":45,"turns":2},{"damage":0,"enemies":"Reptomancer","floor":47,"turns":2},{"damage":5,"enemies":"Sphere and 2 Shapes","floor":48,"turns":2},{"damage":43,"enemies":"Time Eater","floor":50,"turns":5}],"seed_played":"1374845610693961022","potions_obtained":[{"floor":1,"key":"Fruit Juice"},{"floor":3,"key":"GamblersBrew"},{"floor":7,"key":"FearPotion"},{"floor":12,"key":"DistilledChaos"},{"floor":16,"key":"LiquidBronze"},{"floor":23,"key":"BlessingOfTheForge"},{"floor":27,"key":"GamblersBrew"}],"is_trial":false,"path_per_floor":["M","M","?","M","M","R","M","R","T","E","R","M","M","M","R","B",null,"M","?","M","?","?","E","R","M","T","M","R","?","?","?","R","B",null,"M","M","?","?","$","E","R","E","T","$","M","R","E","M","R","B",null],"character_chosen":"THE_SILENT","items_purchased":["Accuracy+1","Whetstone"],"campfire_rested":1,"item_purchase_floors":[39,44],"current_hp_per_floor":[70,70,70,70,70,70,70,70,70,70,70,70,70,70,70,48,70,70,70,70,70,70,69,69,69,69,59,59,59,46,46,46,3,75,75,64,64,64,64,54,54,48,48,48,48,48,48,43,64,26],"gold":5,"neow_bonus":"BOSS_RELIC","is_daily":false,"chose_seed":false,"campfire_upgraded":6,"win_rate":0.0,"timestamp":1613932965,"path_taken":["M","M","?","M","M","R","?","R","T","E","R","M","M","M","R","BOSS","M","?","M","?","?","E","R","?","T","M","R","?","?","?","R","BOSS","M","?","?","?","$","E","R","E","T","$","M","R","E","M","R","BOSS"],"items_purchased_type":["Card","Relic"],"build_version":"2020-12-22","purchased_purges":1,"victory":true,"max_hp_per_floor":[70,70,70,70,70,70,70,70,70,70,70,70,70,70,70,70,70,70,70,70,70,70,70,70,70,70,70,70,70,75,75,75,75,75,75,75,75,71,71,71,71,71,71,71,71,71,71,71,71,76],"card_choices":[{"not_picked":["Well Laid Plans","Terror"],"picked":"Infinite Blades","floor":1},{"not_picked":["Deadly Poison","Crippling Poison"],"picked":"Blade Dance","floor":2},{"not_picked":["Quick Slash","Setup"],"picked":"Blade Dance","floor":4},{"not_picked":["Flying Knee","Dagger Throw"],"picked":"Finisher","floor":5},{"not_picked":["Leg Sweep","Bane"],"picked":"Blade Dance","floor":7},{"not_picked":["Underhanded Strike","Dagger Throw"],"picked":"Slice","floor":10},{"not_picked":["Dodge and Roll","Eviscerate"],"picked":"Escape Plan","floor":12},{"not_picked":["Underhanded Strike","Reflex","Dash"],"picked":"SKIP","floor":13},{"not_picked":["Blur","Die Die Die"],"picked":"Backflip","floor":14},{"not_picked":["Doppelganger","Night Terror"],"picked":"A Thousand Cuts+1","floor":16},{"not_picked":["Well Laid Plans+1","Dodge and Roll","Prepared"],"picked":"SKIP","floor":18},{"not_picked":["Crippling Poison","Flying Knee+1"],"picked":"Escape Plan","floor":20},{"not_picked":["Venomology","Concentrate+1"],"picked":"Acrobatics","floor":23},{"not_picked":["Slice","Masterful Stab"],"picked":"Infinite Blades+1","floor":25},{"not_picked":["Slice","Poisoned Stab+1","Setup"],"picked":"SKIP","floor":27},{"not_picked":["Venomology","Tools of the Trade+1"],"picked":"Adrenaline","floor":33},{"not_picked":["Masterful Stab","Deflect+1"],"picked":"Backflip","floor":35},{"not_picked":["Sucker Punch+1","Infinite Blades+1"],"picked":"Deflect+1","floor":36},{"not_picked":["Backstab+1","Dagger Throw+1"],"picked":"Footwork+1","floor":40},{"not_picked":["Choke+1","Catalyst+1","Setup"],"picked":"SKIP","floor":42},{"not_picked":["Riddle With Holes+1","Sucker Punch","Flechettes"],"picked":"SKIP","floor":45},{"not_picked":["Concentrate+1","Slice"],"picked":"Blur+1","floor":47},{"not_picked":["Backstab","Sucker Punch"],"picked":"Acrobatics+1","floor":48}],"player_experience":178349,"relics_obtained":[{"floor":9,"key":"Frozen Egg 2"},{"floor":10,"key":"Anchor"},{"floor":23,"key":"Paper Crane"},{"floor":26,"key":"Vajra"},{"floor":40,"key":"Pen Nib"},{"floor":42,"key":"Smiling Mask"},{"floor":43,"key":"Calipers"},{"floor":47,"key":"Pocketwatch"}],"event_choices":[{"damage_healed":0,"gold_gain":0,"player_choice":"Bought 1 Potion","damage_taken":0,"max_hp_gain":0,"max_hp_loss":0,"event_name":"The Woman in Blue","floor":3,"gold_loss":0},{"damage_healed":0,"gold_gain":0,"player_choice":"Opened","damage_taken":0,"relics_obtained":["Girya"],"max_hp_gain":0,"max_hp_loss":0,"event_name":"The Mausoleum","floor":19,"gold_loss":0},{"damage_healed":0,"gold_gain":0,"player_choice":"Inject Mutagens","damage_taken":0,"relics_obtained":["MutagenicStrength"],"max_hp_gain":0,"max_hp_loss":0,"event_name":"Drug Dealer","floor":21,"gold_loss":0},{"damage_healed":0,"gold_gain":0,"player_choice":"Ignored","damage_taken":0,"max_hp_gain":0,"max_hp_loss":0,"event_name":"Vampires","floor":22,"gold_loss":0},{"cards_removed":["Strike_G"],"damage_healed":0,"gold_gain":0,"player_choice":"Gave Gold","damage_taken":0,"max_hp_gain":0,"max_hp_loss":0,"event_name":"Beggar","floor":29,"gold_loss":75},{"damage_healed":0,"gold_gain":0,"player_choice":"Shed Blood","damage_taken":18,"max_hp_gain":5,"max_hp_loss":0,"event_name":"Forgotten Altar","floor":30,"gold_loss":0},{"damage_healed":0,"gold_gain":0,"player_choice":"1 cards matched","damage_taken":0,"max_hp_gain":0,"max_hp_loss":0,"event_name":"Match and Keep!","floor":31,"gold_loss":0,"cards_obtained":["Choke"]},{"damage_healed":0,"gold_gain":0,"player_choice":"Ignored","damage_taken":0,"max_hp_gain":0,"max_hp_loss":0,"event_name":"Tomb of Lord Red Mask","floor":37,"gold_loss":0},{"damage_healed":0,"gold_gain":0,"player_choice":"Max HP","damage_taken":0,"max_hp_gain":0,"max_hp_loss":4,"event_name":"Winding Halls","floor":38,"gold_loss":0}],"is_beta":false,"boss_relics":[{"not_picked":["Tiny House","Astrolabe"],"picked":"Ectoplasm"},{"not_picked":["Velvet Choker","Runic Pyramid"],"picked":"Sozu"}],"items_purged_floors":[44],"is_endless":false,"potions_floor_spawned":[1,7,12,16,23,27,35,42,45],"ascension_level":0}}