{"host":"fyvphxqbgz2qvgcm","time":1613917897,"event":{"mods":["AchievementEnabler","BaseMod","Better Altar","Better Third Choice","BetterRewards","Card Forge","Custom Start","Minty Spire (QoL Compilation)","Quick Restart","Shop Mod","Spicy Shops","StSLib","Thieving Mod","UnlockEverythingMod"],"gold_per_floor":[117,392,93,118,135,135,149,177,245,257,257,257],"floor_reached":11,"language":"ZHS","playtime":297,"items_purged":[],"score":146,"play_id":"7d6373bf-18ae-46f7-a22e-db31538c1651","local_time":"20210221223137","is_ascension_mode":true,"campfire_choices":[{"data":"Reaper","floor":6,"key":"SMITH"}],"circlet_count":0,"master_deck":["AscendersBane","Strike_R","Strike_R","Strike_R","Strike_R","Strike_R","Defend_R","Defend_R","Defend_R","Defend_R","Bash","Decay","Reaper+1","Shrug It Off","Regret","Uppercut","Clash","Heavy Blade","Double Tap","Power Through","Perfected Strike"],"relics":["Burning Blood","Hammer of Thor","Seething Fire","Anvil of the Gods","Magic Flower","Ginger","ClockworkSouvenir","Anchor","Pen Nib","Kunai"],"acts_visited":["Exordium"],"potions_floor_usage":[11],"damage_taken":[{"damage":14.0,"enemies":"2 Louse","floor":1.0,"turns":3.0},{"damage":14,"enemies":"Cultist","floor":5,"turns":4},{"damage":13,"enemies":"Jaw Worm","floor":7,"turns":3},{"damage":23,"enemies":"Gremlin Nob","floor":8,"turns":4},{"damage":12,"enemies":"Blue Slaver","floor":10,"turns":4},{"damage":27,"enemies":"Lagavulin","floor":11,"turns":6}],"seed_played":"9199236661446096806","potions_obtained":[{"floor":7,"key":"HeartOfIron"},{"floor":8,"key":"GamblersBrew"}],"is_trial":false,"path_per_floor":["M","?","$","T","M","R","M","E","T","M","E"],"character_chosen":"IRONCLAD","items_purchased":["Uppercut","ClockworkSouvenir","Clash"],"campfire_rested":0,"item_purchase_floors":[3,3,3],"current_hp_per_floor":[67,67,67,67,68,68,71,64,64,61,45,45],"gold":257,"neow_bonus":"THREE_RARE_CARDS","is_daily":false,"chose_seed":false,"campfire_upgraded":1,"win_rate":0.0,"timestamp":1613917897,"path_taken":["M","?","$","?","M","R","M","E","T","?","E"],"items_purchased_type":["Card","Relic","Card"],"build_version":"2020-12-22","purchased_purges":0,"victory":false,"max_hp_per_floor":[75,75,75,75,75,75,75,75,75,75,75,75],"card_choices":[{"not_picked":["Limit Break","Juggernaut"],"picked":"Reaper","floor":0.0},{"not_picked":["Dark Embrace","Sword Boomerang"],"picked":"Shrug It Off","floor":1.0},{"not_picked":["Feel No Pain","Clothesline"],"picked":"Heavy Blade","floor":5},{"not_picked":["Body Slam","Rage"],"picked":"Double Tap","floor":7},{"not_picked":["Clothesline","Perfected Strike"],"picked":"Power Through","floor":8},{"not_picked":["Cleave","True Grit"],"picked":"Perfected Strike","floor":10}],"player_experience":10111,"relics_obtained":[{"floor":4,"key":"Anchor"},{"floor":8,"key":"Pen Nib"},{"floor":9,"key":"Kunai"}],"event_choices":[{"damage_healed":0.0,"max_hp_gain":0.0,"max_hp_loss":0.0,"gold_gain":275.0,"event_name":"Golden Shrine","player_choice":"Desecrate","floor":2.0,"gold_loss":0.0,"damage_taken":0.0,"cards_obtained":["Regret"]}],"is_beta":false,"boss_relics":[],"items_purged_floors":[],"is_endless":false,"potions_floor_spawned":[7,8],"killed_by":"Lagavulin","ascension_level":20}}