{"host":"zsf7u5n6ehqeseos","time":1613907856,"event":{"mods":["AchievementEnabler","BaseMod","Colored Map","Colored Powertips","Googly Eyes","Minty Spire (QoL Compilation)"],"gold_per_floor":[12,32,32,51,51,87,87,106,106,106,121,121,121,42,42,161,161,181,181,204,204,65,65,100,100,178,178,13,26,45,58,58,188,188,204,229,292,292,311,311,311,76,76,91,104,118,118,0,0,0],"floor_reached":51,"language":"ENG","playtime":2466,"items_purged":["Strike_G","Strike_G"],"score":1019,"play_id":"f8b7f4f9-fa86-4765-85fb-bf496094330e","local_time":"20210221124416","is_ascension_mode":true,"campfire_choices":[{"floor":7.0,"key":"REST"},{"floor":10.0,"key":"DIG"},{"floor":15.0,"key":"REST"},{"floor":23,"key":"DIG"},{"floor":25,"key":"DIG"},{"floor":27,"key":"DIG"},{"floor":32,"key":"REST"},{"floor":40,"key":"DIG"},{"floor":47,"key":"DIG"},{"floor":49,"key":"REST"}],"circlet_count":0,"master_deck":["Defend_G+1","Defend_G","Defend_G","Defend_G","Survivor+1","Neutralize","Dagger Throw","Backflip","Poisoned Stab","Deadly Poison","Noxious Fumes","Dagger Spray","Catalyst","Bouncing Flask","Burst","Outmaneuver+1","Corpse Explosion","Catalyst","Finesse","Backflip+1","Noxious Fumes","Deadly Poison","Bane","Poisoned Stab","Blind","Footwork","Distraction+1","Crippling Poison+1"],"relics":["Ring of the Snake","Shovel","Golden Idol","White Beast Statue","HornCleat","Omamori","Letter Opener","Sozu","Unceasing Top","Orichalcum","War Paint","Mummified Hand","StoneCalendar","Cursed Key","Calipers","Centennial Puzzle","Gremlin Horn","Frozen Egg 2","Red Mask"],"acts_visited":["Exordium","TheCity","TheBeyond"],"potions_floor_usage":[24],"damage_taken":[{"damage":7.0,"enemies":"Small Slimes","floor":1.0,"turns":4.0},{"damage":3.0,"enemies":"2 Louse","floor":2.0,"turns":2.0},{"damage":5.0,"enemies":"Jaw Worm","floor":4.0,"turns":5.0},{"damage":37.0,"enemies":"Lagavulin","floor":6.0,"turns":8.0},{"damage":5.0,"enemies":"Gremlin Gang","floor":8.0,"turns":5.0},{"damage":0.0,"enemies":"Blue Slaver","floor":11.0,"turns":3.0},{"damage":34.0,"enemies":"Slime Boss","floor":16.0,"turns":9.0},{"damage":6.0,"enemies":"3 Byrds","floor":18.0,"turns":4.0},{"damage":4,"enemies":"Shell Parasite","floor":20,"turns":3},{"damage":18,"enemies":"Gremlin Leader","floor":24,"turns":6},{"damage":6,"enemies":"Centurion and Healer","floor":29,"turns":6},{"damage":0,"enemies":"Snecko","floor":30,"turns":3},{"damage":13,"enemies":"Snake Plant","floor":31,"turns":3},{"damage":0,"enemies":"Champ","floor":33,"turns":6},{"damage":0,"enemies":"3 Darklings","floor":35,"turns":2},{"damage":0,"enemies":"Orb Walker","floor":36,"turns":3},{"damage":0,"enemies":"Mind Bloom Boss Battle","floor":37,"turns":4},{"damage":11,"enemies":"Jaw Worm Horde","floor":39,"turns":3},{"damage":6,"enemies":"Writhing Mass","floor":44,"turns":4},{"damage":0,"enemies":"Sphere and 2 Shapes","floor":45,"turns":2},{"damage":8,"enemies":"Spire Growth","floor":46,"turns":4},{"damage":28,"enemies":"Time Eater","floor":50,"turns":5}],"seed_played":"-6062879201509241570","potions_obtained":[{"floor":6.0,"key":"EssenceOfSteel"},{"floor":8.0,"key":"GamblersBrew"},{"floor":11.0,"key":"SkillPotion"},{"floor":16.0,"key":"Explosive Potion"}],"is_trial":false,"path_per_floor":["M","M","?","M","?","E","R","M","T","R","M","?","?","$","R","B",null,"M","?","M","?","$","R","E","R","T","R","$","M","M","M","R","B",null,"M","M","?","?","M","R","?","$","T","M","M","M","R","?","R","B",null],"character_chosen":"THE_SILENT","items_purchased":["Bouncing Flask","Corpse Explosion","Finesse","Poisoned Stab","Blind"],"campfire_rested":4,"item_purchase_floors":[14,22,28,42,42],"current_hp_per_floor":[56,53,53,48,41,4,23,18,18,18,18,18,18,18,37,3,50,44,44,40,40,40,40,22,22,22,22,22,16,16,3,22,22,54,54,54,54,54,43,43,43,43,43,37,37,29,29,29,47,19],"gold":0,"neow_bonus":"ONE_RARE_RELIC","is_daily":false,"chose_seed":false,"campfire_upgraded":0,"win_rate":0.0,"timestamp":1613907856,"path_taken":["M","M","?","M","?","E","R","M","T","R","M","?","?","$","R","BOSS","M","?","M","?","$","R","E","R","T","R","$","?","M","M","R","BOSS","M","M","?","?","M","R","?","$","T","M","M","?","R","?","R","BOSS"],"items_purchased_type":["Card","Card","Card","Card","Card"],"build_version":"2020-12-22","purchased_purges":2,"victory":true,"max_hp_per_floor":[70,70,65,65,65,65,65,65,65,65,65,65,65,65,65,65,65,65,65,65,65,65,65,65,65,65,65,65,65,65,65,65,65,65,65,65,65,62,62,62,62,62,62,62,62,62,62,62,62,62],"card_choices":[{"not_picked":["Bane","Underhanded Strike"],"picked":"Dagger Throw","floor":1.0},{"not_picked":["Finisher","Deflect"],"picked":"Backflip","floor":2.0},{"not_picked":["Outmaneuver","Dodge and Roll"],"picked":"Poisoned Stab","floor":4.0},{"not_picked":["Well Laid Plans","Caltrops"],"picked":"Deadly Poison","floor":6.0},{"not_picked":["Underhanded Strike","Dagger Throw"],"picked":"Noxious Fumes","floor":8.0},{"not_picked":["Dagger Throw","Concentrate"],"picked":"Dagger Spray","floor":11.0},{"not_picked":["Wraith Form v2","After Image"],"picked":"Burst","floor":16.0},{"not_picked":["Dagger Throw","Masterful Stab+1"],"picked":"Outmaneuver+1","floor":18.0},{"not_picked":["Underhanded Strike","Setup+1","Sucker Punch+1"],"picked":"SKIP","floor":20},{"not_picked":["PiercingWail+1","Deflect"],"picked":"Catalyst","floor":24},{"not_picked":["Dash+1","Sucker Punch","PiercingWail"],"picked":"SKIP","floor":29},{"not_picked":["PiercingWail+1","Concentrate+1","Masterful Stab"],"picked":"SKIP","floor":30},{"not_picked":["PiercingWail","Flechettes"],"picked":"Backflip+1","floor":31},{"not_picked":["Leg Sweep","PiercingWail+1"],"picked":"Noxious Fumes","floor":35},{"not_picked":["Dash+1","Blade Dance+1"],"picked":"Deadly Poison","floor":36},{"not_picked":["Calculated Gamble+1","Dagger Spray+1","Heel Hook"],"picked":"SKIP","floor":39},{"not_picked":["Prepared+1","Outmaneuver"],"picked":"Footwork","floor":44},{"not_picked":["Escape Plan","Malaise"],"picked":"Distraction+1","floor":45},{"not_picked":["Poisoned Stab+1","All Out Attack+1"],"picked":"Crippling Poison+1","floor":46}],"player_experience":250785,"relics_obtained":[{"floor":6.0,"key":"White Beast Statue"},{"floor":9.0,"key":"HornCleat"},{"floor":10.0,"key":"Omamori"},{"floor":23,"key":"Unceasing Top"},{"floor":24,"key":"Orichalcum"},{"floor":25,"key":"War Paint"},{"floor":26,"key":"Mummified Hand"},{"floor":27,"key":"StoneCalendar"},{"floor":37,"key":"Calipers"},{"floor":40,"key":"Centennial Puzzle"},{"floor":43,"key":"Gremlin Horn"},{"floor":47,"key":"Frozen Egg 2"}],"event_choices":[{"damage_healed":0.0,"max_hp_gain":0.0,"max_hp_loss":5.0,"gold_gain":0.0,"event_name":"Golden Idol","player_choice":"Lose Max HP","floor":3.0,"gold_loss":0.0,"damage_taken":0.0,"relics_obtained":["Golden Idol"]},{"cards_removed":["Strike_G"],"damage_healed":0.0,"max_hp_gain":0.0,"max_hp_loss":0.0,"gold_gain":0.0,"event_name":"Golden Wing","player_choice":"Card Removal","floor":5.0,"gold_loss":0.0,"damage_taken":7.0},{"damage_healed":0.0,"max_hp_gain":0.0,"max_hp_loss":0.0,"gold_gain":0.0,"event_name":"Big Fish","player_choice":"Box","floor":12.0,"gold_loss":0.0,"damage_taken":0.0,"relics_obtained":["Letter Opener"],"cards_obtained":["Regret"]},{"damage_healed":0.0,"max_hp_gain":0.0,"max_hp_loss":0.0,"gold_gain":0.0,"cards_transformed":["Defend_G"],"event_name":"Living Wall","player_choice":"Change","floor":13.0,"gold_loss":0.0,"damage_taken":0.0,"cards_obtained":["Catalyst"]},{"damage_healed":0,"gold_gain":0,"player_choice":"Ignored","damage_taken":0,"max_hp_gain":0,"max_hp_loss":0,"event_name":"Cursed Tome","floor":19,"gold_loss":0},{"cards_removed":["Strike_G"],"damage_healed":0,"gold_gain":0,"player_choice":"Purged","damage_taken":0,"max_hp_gain":0,"max_hp_loss":0,"event_name":"Purifier","floor":21,"gold_loss":0},{"damage_healed":0,"gold_gain":0,"player_choice":"Fight","damage_taken":0,"max_hp_gain":0,"max_hp_loss":0,"event_name":"MindBloom","floor":37,"gold_loss":0},{"damage_healed":0,"gold_gain":0,"player_choice":"Max HP","damage_taken":0,"max_hp_gain":0,"max_hp_loss":3,"event_name":"Winding Halls","floor":38,"gold_loss":0},{"damage_healed":0,"gold_gain":0,"cards_transformed":["Strike_G"],"player_choice":"Transformed","damage_taken":0,"max_hp_gain":0,"max_hp_loss":0,"event_name":"Transmorgrifier","floor":41,"gold_loss":0,"cards_obtained":["Bane"]},{"damage_healed":0,"gold_gain":0,"player_choice":"Paid","damage_taken":0,"relics_obtained":["Red Mask"],"max_hp_gain":0,"max_hp_loss":0,"event_name":"Tomb of Lord Red Mask","floor":48,"gold_loss":118}],"is_beta":false,"boss_relics":[{"not_picked":["Philosopher\u0027s Stone","Tiny House"],"picked":"Sozu"},{"not_picked":["Astrolabe","SlaversCollar"],"picked":"Cursed Key"}],"items_purged_floors":[28,42],"is_endless":false,"potions_floor_spawned":[6,8,11,16,18,20,24,29,30,31,33,35,36,37,39,44,45,46],"ascension_level":8}}