{"host":"6rzd029finub32db","time":1613901615,"event":{"mods":["BaseMod","DeckTracker","Highlight Path","Minty Spire (QoL Compilation)","Relic Stats","StSLib","SuperFastMode"],"gold_per_floor":[114,129,1,1,1,13,13,13,38,70,70,82,112,62,62,162,162,174,192,192,44,44,70,83,83,83,109,142,61,76,86,86,188,188,208,261,261,278,293,326,326,356,356,368,368,387,399,425,425,425,425,425,23,53,53],"floor_reached":56,"language":"ENG","playtime":6230,"items_purged":["Strike_P","Parasite"],"score":1335,"play_id":"e650402e-a3c8-41f1-b39e-fc8f4761c0e5","local_time":"20210221110015","is_ascension_mode":false,"campfire_choices":[{"data":"LessonLearned","floor":7.0,"key":"SMITH"},{"data":"Vigilance","floor":11.0,"key":"SMITH"},{"data":"Eruption","floor":15.0,"key":"SMITH"},{"floor":25.0,"key":"REST"},{"floor":32.0,"key":"RECALL"},{"data":"Wallop","floor":45,"key":"SMITH"},{"floor":49,"key":"REST"},{"floor":52,"key":"REST"}],"circlet_count":0,"master_deck":["Defend_P+1","Defend_P+1","Eruption+1","Vigilance+1","CutThroughFate+1","Tantrum+1","LessonLearned+1","Consecrate+1","EmptyFist+1","Brilliance+1","Scrawl+1","InnerPeace+1","Perseverance+1","DeusExMachina+1","ThirdEye+1","TalkToTheHand+1","Protect+1","Wallop+1","DevaForm+1","Halt+1","Halt+1","CutThroughFate+1"],"relics":["PureWater","NeowsBlessing","WarpedTongs","Blood Vial","Sundial","Lizard Tail","Astrolabe","Nilry\u0027s Codex","Vajra","Pear","Red Mask","Centennial Puzzle","Busted Crown","TungstenRod","MealTicket","Orichalcum","Bag of Preparation","Incense Burner","Kunai"],"acts_visited":["TheBeyond","TheEnding"],"potions_floor_usage":[44,46,55],"damage_taken":[{"damage":0.0,"enemies":"Small Slimes","floor":1.0,"turns":1.0},{"damage":0.0,"enemies":"2 Louse","floor":2.0,"turns":1.0},{"damage":0.0,"enemies":"Cultist","floor":6.0,"turns":1.0},{"damage":0.0,"enemies":"Lagavulin","floor":10.0,"turns":4.0},{"damage":0.0,"enemies":"2 Fungi Beasts","floor":12.0,"turns":2.0},{"damage":0.0,"enemies":"Gremlin Nob","floor":13.0,"turns":2.0},{"damage":11.0,"enemies":"The Guardian","floor":16.0,"turns":10.0},{"damage":0.0,"enemies":"Spheric Guardian","floor":18.0,"turns":2.0},{"damage":11.0,"enemies":"2 Thieves","floor":19.0,"turns":2.0},{"damage":7.0,"enemies":"Book of Stabbing","floor":23.0,"turns":5.0},{"damage":10.0,"enemies":"Centurion and Healer","floor":24.0,"turns":3.0},{"damage":0.0,"enemies":"Masked Bandits","floor":27.0,"turns":2.0},{"damage":3.0,"enemies":"Slavers","floor":28.0,"turns":4.0},{"damage":0.0,"enemies":"Shelled Parasite and Fungi","floor":30.0,"turns":2.0},{"damage":0.0,"enemies":"Snake Plant","floor":31.0,"turns":2.0},{"damage":0.0,"enemies":"Collector","floor":33.0,"turns":3.0},{"damage":0,"enemies":"Orb Walker","floor":35,"turns":1},{"damage":13,"enemies":"2 Orb Walkers","floor":36,"turns":3},{"damage":7,"enemies":"3 Darklings","floor":38,"turns":3},{"damage":0,"enemies":"Jaw Worm Horde","floor":39,"turns":3},{"damage":11,"enemies":"Nemesis","floor":40,"turns":7},{"damage":0,"enemies":"Giant Head","floor":42,"turns":7},{"damage":5,"enemies":"4 Shapes","floor":44,"turns":2},{"damage":0,"enemies":"Maw","floor":46,"turns":7},{"damage":0,"enemies":"Writhing Mass","floor":47,"turns":3},{"damage":28,"enemies":"Reptomancer","floor":48,"turns":5},{"damage":62,"enemies":"Time Eater","floor":50,"turns":13},{"damage":5,"enemies":"Shield and Spear","floor":54,"turns":4},{"damage":8,"enemies":"The Heart","floor":55,"turns":11}],"seed_played":"6707164647976684918","potions_obtained":[{"floor":1.0,"key":"Ambrosia"},{"floor":6.0,"key":"GamblersBrew"},{"floor":10.0,"key":"PowerPotion"},{"floor":18.0,"key":"Strength Potion"},{"floor":20.0,"key":"FearPotion"},{"floor":24.0,"key":"StancePotion"},{"floor":38,"key":"DuplicationPotion"},{"floor":40,"key":"LiquidBronze"},{"floor":42,"key":"Explosive Potion"}],"is_trial":false,"path_per_floor":["M","M","$","?","?","M","R","?","T","E","R","M","E","?","R","B",null,"M","M","?","$","?","E","M","R","T","?","E","$","M","M","R","B",null,"M","?","?","M","M","E","?","E","T","M","R","M","M","E","R","B",null,"R","$","E","B",null],"character_chosen":"WATCHER","items_purchased":["LessonLearned","Consecrate","TalkToTheHand","Wallop","Incense Burner"],"campfire_rested":3,"item_purchase_floors":[3,3,21,29,53],"current_hp_per_floor":[72,72,72,77,77,77,77,70,70,72,72,74,76,76,76,66,77,77,66,66,66,50,45,37,60,70,72,71,71,73,75,75,77,87,87,74,74,69,71,62,62,64,64,61,61,63,65,39,65,5,87,87,84,79,73],"gold":53,"neow_bonus":"THREE_ENEMY_KILL","is_daily":false,"chose_seed":false,"campfire_upgraded":4,"win_rate":0.0,"timestamp":1613901615,"path_taken":["M","M","$","?","?","?","R","?","T","E","R","M","E","?","R","BOSS","M","M","?","?","?","E","M","R","T","?","E","$","M","M","R","BOSS","M","?","?","M","M","E","?","E","T","M","R","?","M","E","R","BOSS","R","$","E","BOSS"],"items_purchased_type":["Card","Card","Card","Card","Relic"],"build_version":"2020-12-22","purchased_purges":2,"victory":true,"max_hp_per_floor":[72,72,72,77,77,77,77,77,77,77,77,77,77,77,77,77,77,77,77,77,77,77,77,77,77,87,87,87,87,87,87,87,87,87,87,87,87,87,87,87,87,87,87,87,87,87,87,87,87,87,87,87,84,84,84],"relic_stats":{"counters":[13,69],"Astrolabe":[],"Bag of Preparation":[8],"Orichalcum":[6],"WarpedTongs":[44],"Blood Vial":20,"Lizard Tail":0,"Centennial Puzzle":[24],"Busted Crown":22,"Sundial":[14],"MealTicket":0,"Kunai":[7],"obtain_stats":[{"Pear":0,"NeowsBlessing":0,"Nilry\u0027s Codex":0,"Astrolabe":0,"Vajra":0,"Bag of Preparation":48,"Incense Burner":53,"Orichalcum":42,"WarpedTongs":0,"Blood Vial":0,"Lizard Tail":0,"Centennial Puzzle":0,"Busted Crown":34,"Sundial":0,"MealTicket":40,"Red Mask":0,"Kunai":54,"PureWater":0,"TungstenRod":36},{"Pear":0,"NeowsBlessing":0,"Nilry\u0027s Codex":0,"Astrolabe":0,"Vajra":0,"Bag of Preparation":10,"Incense Burner":11,"Orichalcum":6,"WarpedTongs":0,"Blood Vial":0,"Lizard Tail":0,"Centennial Puzzle":0,"Busted Crown":0,"Sundial":0,"MealTicket":5,"Red Mask":0,"Kunai":12,"PureWater":0,"TungstenRod":2},{"Pear":0,"NeowsBlessing":0,"Nilry\u0027s Codex":0,"Astrolabe":0,"Vajra":0,"Bag of Preparation":41,"Incense Burner":54,"Orichalcum":24,"WarpedTongs":0,"Blood Vial":0,"Lizard Tail":0,"Centennial Puzzle":0,"Busted Crown":0,"Sundial":0,"MealTicket":17,"Red Mask":0,"Kunai":58,"PureWater":0,"TungstenRod":4}],"TungstenRod":16},"card_choices":[{"not_picked":["BattleHymn","WreathOfFlame"],"picked":"CutThroughFate","floor":1.0},{"not_picked":["Pray","Consecrate"],"picked":"Tantrum","floor":2.0},{"not_picked":["JustLucky","Halt"],"picked":"FlurryOfBlows","floor":6.0},{"not_picked":["Halt","FollowUp"],"picked":"EmptyFist","floor":10.0},{"not_picked":["DeceiveReality","Pray","WreathOfFlame"],"picked":"SKIP","floor":12.0},{"not_picked":["Crescendo","FollowUp"],"picked":"Brilliance","floor":13.0},{"not_picked":["Establishment","ConjureBlade"],"picked":"Scrawl","floor":16.0},{"not_picked":["Meditate","EmptyBody"],"picked":"ThirdEye+1","floor":18.0},{"not_picked":["JustLucky","ThirdEye","FlurryOfBlows"],"picked":"SKIP","floor":19.0},{"not_picked":["FlyingSleeves","Protect","BattleHymn"],"picked":"SKIP","floor":23.0},{"not_picked":["BowlingBash+1","EmptyBody"],"picked":"Protect+1","floor":24.0},{"not_picked":["PathToVictory","CarveReality+1","Swivel"],"picked":"SKIP","floor":28.0},{"not_picked":["Fasting2","CrushJoints+1","Swivel"],"picked":"SKIP","floor":30.0},{"not_picked":["Scrawl","Evaluate","ThirdEye"],"picked":"SKIP","floor":31.0},{"not_picked":["Scrawl","LessonLearned"],"picked":"DevaForm","floor":33.0},{"not_picked":["ReachHeaven+1"],"picked":"SKIP","floor":35},{"not_picked":[],"picked":"Halt","floor":36},{"not_picked":[],"picked":"Halt+1","floor":38},{"not_picked":["Conclude"],"picked":"SKIP","floor":39},{"not_picked":["JustLucky"],"picked":"SKIP","floor":40},{"not_picked":["ConjureBlade"],"picked":"SKIP","floor":42},{"not_picked":["Halt+1"],"picked":"SKIP","floor":44},{"not_picked":["WreathOfFlame+1"],"picked":"SKIP","floor":46},{"not_picked":["WreathOfFlame"],"picked":"SKIP","floor":47},{"not_picked":[],"picked":"CutThroughFate+1","floor":48},{"not_picked":["MasterReality"],"picked":"SKIP","floor":54}],"player_experience":8931,"relics_obtained":[{"floor":9.0,"key":"Blood Vial"},{"floor":10.0,"key":"Sundial"},{"floor":13.0,"key":"Lizard Tail"},{"floor":22.0,"key":"Nilry\u0027s Codex"},{"floor":23.0,"key":"Vajra"},{"floor":26.0,"key":"Pear"},{"floor":27.0,"key":"Red Mask"},{"floor":28.0,"key":"Centennial Puzzle"},{"floor":36,"key":"TungstenRod"},{"floor":40,"key":"MealTicket"},{"floor":42,"key":"Orichalcum"},{"floor":48,"key":"Bag of Preparation"},{"floor":54,"key":"Kunai"}],"event_choices":[{"damage_healed":0.0,"max_hp_gain":5.0,"max_hp_loss":0.0,"gold_gain":0.0,"event_name":"Big Fish","player_choice":"Donut","floor":4.0,"gold_loss":0.0,"damage_taken":0.0},{"damage_healed":0.0,"max_hp_gain":0.0,"max_hp_loss":0.0,"gold_gain":0.0,"event_name":"Accursed Blacksmith","player_choice":"Rummage","floor":5.0,"gold_loss":0.0,"damage_taken":0.0,"relics_obtained":["WarpedTongs"],"cards_obtained":["Pain"]},{"cards_removed":["Pain"],"damage_healed":0.0,"max_hp_gain":0.0,"max_hp_loss":0.0,"gold_gain":0.0,"event_name":"Golden Wing","player_choice":"Card Removal","floor":8.0,"gold_loss":0.0,"damage_taken":7.0},{"cards_removed":["Strike_P"],"damage_healed":0.0,"max_hp_gain":0.0,"max_hp_loss":0.0,"gold_gain":0.0,"event_name":"The Cleric","player_choice":"Card Removal","floor":14.0,"gold_loss":50.0,"damage_taken":0.0},{"damage_healed":0.0,"max_hp_gain":0.0,"max_hp_loss":0.0,"gold_gain":0.0,"event_name":"Lab","player_choice":"Got Potions","floor":20.0,"gold_loss":0.0,"damage_taken":0.0},{"damage_healed":0.0,"max_hp_gain":0.0,"max_hp_loss":0.0,"gold_gain":0.0,"event_name":"Cursed Tome","player_choice":"Obtained Book","floor":22.0,"gold_loss":0.0,"damage_taken":16.0},{"damage_healed":0.0,"max_hp_gain":0.0,"max_hp_loss":0.0,"gold_gain":0.0,"event_name":"Masked Bandits","player_choice":"Fought Bandits","floor":27.0,"gold_loss":0.0,"damage_taken":0.0},{"damage_healed":0,"gold_gain":0,"player_choice":"Fight","damage_taken":0,"max_hp_gain":0,"max_hp_loss":0,"event_name":"Mysterious Sphere","floor":36,"gold_loss":0},{"cards_removed":["FlurryOfBlows"],"damage_healed":0,"gold_gain":0,"player_choice":"Removed Attack","damage_taken":0,"max_hp_gain":0,"max_hp_loss":0,"event_name":"Falling","floor":37,"gold_loss":0},{"cards_removed":["Strike_P"],"damage_healed":0,"gold_gain":0,"player_choice":"Purged","damage_taken":0,"max_hp_gain":0,"max_hp_loss":0,"event_name":"Purifier","floor":41,"gold_loss":0}],"is_beta":false,"boss_relics":[{"not_picked":["Velvet Choker","Calling Bell"],"picked":"Astrolabe"},{"not_picked":["Snecko Eye","HolyWater"],"picked":"Busted Crown"}],"items_purged_floors":[21,53],"is_endless":false,"potions_floor_spawned":[1,6,10,18,24,27,30,38,40,42],"ascension_level":0}}