{"host":"u0qetpmu4y58k1tf","time":1613885531,"event":{"mods":["100% Spire Juice","AchievementEnabler","Act Like it!","BaseMod","CapriCore","Colored Map","Colored Powertips","Hermit","Koishi","Marisa£¨Ùöéë¡¡Øª×âÞÞ£©","Minty Spire (QoL Compilation)","Quick Restart","Reliquary","Replay The Spire","StSLib","Td1madao Mod","The Bug Knight","The Cursed","The Dragon Tamer","The Gatherer","The Hierophant","The Immortal","The Jungle","The Runesmith","WarShipGirlsR/??á´Ò³R mod"],"gold_per_floor":[109,170,170,8,8,34,34,63,63,90,108,118,132,32,32,132,132,147,65,83,103,55,81,81,81,81,81,98,98,98,98,98],"floor_reached":31,"language":"KOR","playtime":1491,"items_purged":["Strike_B","Strike_B"],"score":449,"play_id":"a81ef64f-c472-4125-ab91-b84f2682fced","local_time":"20210221143211","is_ascension_mode":true,"campfire_choices":[{"data":"Zap","floor":7.0,"key":"SMITH"},{"floor":15.0,"key":"DIG"},{"floor":24.0,"key":"REST"}],"circlet_count":0,"master_deck":["Strike_B","Strike_B","Defend_B","Defend_B+1","Defend_B","Zap+1","Dualcast+1","Skim+1","Go for the Eyes","PanicButton","Reprogram","Streamline","Reprogram","Buffer","BootSequence","Gash","Gash","Core Surge","Leap+1","Finesse","Beam Cell","Recycle+1"],"relics":["Cracked Core","NeowsBlessing","Juzu Bracelet","Happy Flower","CaptainsWheel","Shovel","Shuriken","Pet Ghost","reliquary:ThirdArm","War Paint","theJungle:WildStrawberry","reliquary:PurpleTingedLeaf"],"acts_visited":["Exordium","Exordium"],"potions_floor_usage":[31],"damage_taken":[{"damage":0.0,"enemies":"2 Louse","floor":1.0,"turns":1.0},{"damage":0.0,"enemies":"Gremlin Nob","floor":6.0,"turns":1.0},{"damage":0.0,"enemies":"3 Sentries","floor":8.0,"turns":1.0},{"damage":30.0,"enemies":"Replay:BlueRogue","floor":10.0,"turns":9.0},{"damage":0.0,"enemies":"Small Slimes","floor":11.0,"turns":3.0},{"damage":0.0,"enemies":"Jaw Worm","floor":12.0,"turns":3.0},{"damage":0.0,"enemies":"Red Slaver","floor":13.0,"turns":4.0},{"damage":13.0,"enemies":"The Guardian","floor":16.0,"turns":8.0},{"damage":7.0,"enemies":"Shell Parasite","floor":18.0,"turns":5.0},{"damage":10.0,"enemies":"theJungle:MUSHROOMGANG","floor":20.0,"turns":4.0},{"damage":18.0,"enemies":"theJungle:JungleHuntersEncounter","floor":21.0,"turns":7.0},{"damage":36.0,"enemies":"theJungle:Cassacara","floor":23.0,"turns":8.0},{"damage":1,"enemies":"theJungle:Lyon","floor":28,"turns":6},{"damage":31,"enemies":"theJungle:2_Phrogs","floor":31,"turns":5}],"seed_played":"-6153484688980509638","potions_obtained":[{"floor":2.0,"key":"Regen Potion"},{"floor":2.0,"key":"Energy Potion"},{"floor":6.0,"key":"Strength Potion"},{"floor":10.0,"key":"FearPotion"},{"floor":11.0,"key":"Regen Potion"},{"floor":16.0,"key":"Toxic Potion"},{"floor":20.0,"key":"DuplicationPotion"},{"floor":23.0,"key":"AttackPotion"},{"floor":28,"key":"SteroidPotion"}],"is_trial":false,"path_per_floor":["M","?","?","$","?","E","R","E","T","E","M","M","M","$","R","B",null,"M","$","M","M","$","E","R","?","T","?","M","?","?","E"],"character_chosen":"DEFECT","items_purchased":["Reprogram","Streamline","Finesse","Beam Cell"],"campfire_rested":1,"item_purchase_floors":[4,4,19,22],"current_hp_per_floor":[68,50,50,50,50,50,50,50,50,35,35,35,35,35,35,22,62,55,55,45,42,42,6,28,21,21,13,14,14,14,0,0],"gold":98,"neow_bonus":"THREE_ENEMY_KILL","is_daily":false,"chose_seed":false,"campfire_upgraded":1,"win_rate":0.0,"timestamp":1613885531,"path_taken":["M","?","?","$","?","E","R","E","T","E","M","M","M","$","R","BOSS","M","?","M","M","$","E","R","?","T","?","M","?","?","E"],"items_purchased_type":["Card","Card","Card","Card"],"build_version":"2020-12-22","purchased_purges":2,"victory":false,"max_hp_per_floor":[75,75,75,75,75,75,75,75,75,75,75,75,75,75,75,75,75,75,75,75,75,75,75,75,82,82,82,82,82,82,82,82],"card_choices":[{"not_picked":["Barrage","Hologram"],"picked":"Skim","floor":1.0},{"not_picked":["Auto Shields","Steam"],"picked":"Go for the Eyes","floor":2.0},{"not_picked":["Panic Button","Recycle"],"picked":"Reprogram","floor":6.0},{"not_picked":["Ball Lightning","Lockon"],"picked":"Buffer","floor":8.0},{"not_picked":["Panic Button","Barrage"],"picked":"BootSequence","floor":10.0},{"not_picked":["Skim","Rebound"],"picked":"Gash","floor":11.0},{"not_picked":["Undo","Rebound"],"picked":"Gash","floor":12.0},{"not_picked":["Heatsinks","Sweeping Beam","Barrage"],"picked":"SKIP","floor":13.0},{"not_picked":["Mirror Shield","Electrodynamics"],"picked":"Core Surge","floor":16.0},{"not_picked":["Ball Lightning+1","Rebound+1"],"picked":"Leap+1","floor":18.0},{"not_picked":["Static Discharge","Coolheaded","BasicCrystalCard"],"picked":"SKIP","floor":20.0},{"not_picked":["ReplayTheSpireMod:Calculation Training","Sweeping Beam+1","Hello World"],"picked":"SKIP","floor":21.0},{"not_picked":["Ball Lightning","Time Bomb+1","Compile Driver"],"picked":"SKIP","floor":23.0},{"not_picked":["Reprogram","Time Bomb"],"picked":"Recycle+1","floor":28}],"player_experience":189084,"relics_obtained":[{"floor":2.0,"key":"Juzu Bracelet"},{"floor":6.0,"key":"Happy Flower"},{"floor":8.0,"key":"CaptainsWheel"},{"floor":9.0,"key":"Shovel"},{"floor":10.0,"key":"Shuriken"},{"floor":15.0,"key":"Pet Ghost"},{"floor":23.0,"key":"War Paint"},{"floor":26,"key":"reliquary:PurpleTingedLeaf"}],"event_choices":[{"damage_healed":0.0,"max_hp_gain":0.0,"max_hp_loss":0.0,"gold_gain":0.0,"event_name":"Match and Keep!","player_choice":"1 cards matched","floor":3.0,"gold_loss":0.0,"damage_taken":0.0,"cards_obtained":["PanicButton"]},{"cards_removed":["Defend_B"],"damage_healed":0.0,"max_hp_gain":0.0,"max_hp_loss":0.0,"gold_gain":0.0,"event_name":"Bonfire Elementals","player_choice":"Offered Basic","floor":5.0,"gold_loss":0.0,"damage_taken":0.0},{"damage_healed":0,"gold_gain":0,"player_choice":"Damaged","damage_taken":8,"max_hp_gain":0,"max_hp_loss":0,"event_name":"Wheel of Change","floor":27,"gold_loss":0},{"damage_healed":0,"gold_gain":0,"player_choice":"Upgraded","damage_taken":0,"max_hp_gain":0,"max_hp_loss":0,"event_name":"Upgrade Shrine","floor":30,"gold_loss":0,"cards_upgraded":["Dualcast"]}],"is_beta":false,"boss_relics":[{"not_picked":["Velvet Choker","Abe\u0027s Treasure"],"picked":"reliquary:ThirdArm"}],"items_purged_floors":[4,14],"is_endless":false,"potions_floor_spawned":[6,10,11,16,20,23,28],"killed_by":"theJungle:2_Phrogs","ascension_level":8}}