{"host":"64ub6hloe4gtkym4","time":1613907294,"event":{"mods":["AchievementEnabler","BaseMod","Colored Map","Colored Powertips","Googly Eyes","Hermit","Highlight Path","Hubris","Minty Spire (QoL Compilation)","Reliquary","Shop Mod","StSLib","The Construct","The Runesmith","The Servant 0.9.4"],"gold_per_floor":[114,114,131,53,72,72,83,83,109,125,139,139,139,155,155,256,256,256,256],"floor_reached":18,"language":"ENG","playtime":1410,"items_purged":[],"score":154,"play_id":"9240a43c-c650-4805-86f7-faf0ec575b19","local_time":"20210221113454","is_ascension_mode":false,"campfire_choices":[{"data":"Runesmith:PoweredAnvil","floor":6,"key":"SMITH"},{"floor":15,"key":"REST"}],"circlet_count":0,"master_deck":["Runesmith:Strike_RS","Runesmith:Strike_RS","Runesmith:Strike_RS","Runesmith:Strike_RS","Runesmith:Defend_RS","Runesmith:Defend_RS","Runesmith:Defend_RS","Runesmith:Defend_RS","Runesmith:CraftFirestone","Runesmith:DoubleUp","Runesmith:RuneHurl","Runesmith:PoweredAnvil+1","Runesmith:FrozenChisel","Runesmith:HammerThrow","Decay","Runesmith:HeatedChisel","Runesmith:UnlimitedPower","Runesmith:Grindstone","Runesmith:CraftMedicinae"],"relics":["Runesmith:BrokenRuby","NeowsBlessing","Blood Vial","SacredBark"],"acts_visited":["Exordium","TheCity"],"potions_floor_usage":[16,16],"damage_taken":[{"damage":0,"enemies":"Jaw Worm","floor":1,"turns":1},{"damage":0,"enemies":"Cultist","floor":3,"turns":1},{"damage":0,"enemies":"2 Louse","floor":5,"turns":2},{"damage":6,"enemies":"Red Slaver","floor":7,"turns":5},{"damage":18,"enemies":"Large Slime","floor":10,"turns":4},{"damage":2,"enemies":"2 Fungi Beasts","floor":11,"turns":2},{"damage":0,"enemies":"Exordium Wildlife","floor":14,"turns":3},{"damage":24,"enemies":"Hexaghost","floor":16,"turns":12},{"damage":72,"enemies":"3 Byrds","floor":18,"turns":6}],"seed_played":"-8805038842040410116","potions_obtained":[{"floor":1,"key":"Energy Potion"},{"floor":3,"key":"Fire Potion"},{"floor":11,"key":"SkillPotion"},{"floor":14,"key":"DistilledChaos"}],"is_trial":false,"path_per_floor":["M","?","M","$","M","R","M","?","T","M","M","?","?","M","R","B",null,"M"],"character_chosen":"RUNESMITH_CLASS","items_purchased":["Runesmith:PoweredAnvil"],"campfire_rested":1,"item_purchase_floors":[4],"current_hp_per_floor":[70,70,70,70,70,70,64,64,64,48,48,48,48,50,70,46,70,0,0],"gold":256,"neow_bonus":"THREE_ENEMY_KILL","is_daily":false,"chose_seed":false,"campfire_upgraded":1,"win_rate":0.0,"timestamp":1613907294,"path_taken":["M","?","M","$","?","R","M","?","T","M","?","?","?","M","R","BOSS","M"],"items_purchased_type":["Card"],"build_version":"2020-12-22","purchased_purges":0,"victory":false,"max_hp_per_floor":[70,70,70,70,70,70,70,70,70,70,70,70,70,70,70,70,70,70,70],"card_choices":[{"not_picked":["Runesmith:FrozenChisel","Runesmith:HammerTime"],"picked":"Runesmith:DoubleUp","floor":1},{"not_picked":["Runesmith:HammerThrow","Runesmith:UnstableHammer"],"picked":"Runesmith:RuneHurl","floor":3},{"not_picked":["Runesmith:Superposition","Runesmith:RunicBlueprint"],"picked":"Runesmith:FrozenChisel","floor":5},{"not_picked":["Runesmith:MakeshiftArmor","Runesmith:Repurpose"],"picked":"Runesmith:HammerThrow","floor":7},{"not_picked":["Runesmith:MakeshiftArmor","Runesmith:Repurpose","Runesmith:FrozenChisel"],"picked":"SKIP","floor":10},{"not_picked":["Runesmith:BackupBattery","Runesmith:CraftProtectio"],"picked":"Runesmith:HeatedChisel","floor":11},{"not_picked":["Runesmith:FrozenChisel","Runesmith:EarthShield"],"picked":"Runesmith:Grindstone","floor":14},{"not_picked":["Runesmith:LastStand","Runesmith:ArcReactor"],"picked":"Runesmith:CraftMedicinae","floor":16}],"player_experience":38707,"relics_obtained":[{"floor":9,"key":"Blood Vial"}],"event_choices":[{"cards_removed":["Runesmith:Fortify"],"damage_healed":0,"gold_gain":0,"player_choice":"Offered Basic","damage_taken":0,"max_hp_gain":0,"max_hp_loss":0,"event_name":"Bonfire Elementals","floor":2,"gold_loss":0},{"damage_healed":0,"gold_gain":0,"player_choice":"Cursed","damage_taken":0,"max_hp_gain":0,"max_hp_loss":0,"event_name":"Wheel of Change","floor":8,"gold_loss":0,"cards_obtained":["Decay"]},{"damage_healed":0,"gold_gain":0,"player_choice":"Ignored","damage_taken":0,"max_hp_gain":0,"max_hp_loss":0,"event_name":"Shining Light","floor":13,"gold_loss":0}],"is_beta":false,"boss_relics":[{"not_picked":["Cursed Key","Runic Dome"],"picked":"SacredBark"}],"items_purged_floors":[],"is_endless":false,"potions_floor_spawned":[1,3,11,14],"killed_by":"3 Byrds","ascension_level":0}}