{"host":"ow66nzv2xecjoor3","time":1613897930,"event":{"mods":["BaseMod","Bestiary","Block Reminder","Colored Powertips","Curses Come First","Highlight Path","Keyboard Shortcuts","Minty Spire (QoL Compilation)","Permanent Neow","Relic Stats","StSLib","UnlockEverythingMod"],"gold_per_floor":[115,126,73,73,83,83,101,101,101,130,50,50,69,86,86,163,163,174,193,193,56,75,75,110,129,152,152,184,104,144,166,166,252,252,279,297,320,345,359,390,390,428,455,296,324,401,401,401,401],"floor_reached":48,"language":"ENG","playtime":1588,"items_purged":["Strike_R","Strike_R","Strike_R"],"score":1356,"play_id":"96a60921-4848-43c3-8b12-478cb1505dda","local_time":"20210221025850","is_ascension_mode":true,"campfire_choices":[{"data":"Searing Blow","floor":6,"key":"SMITH"},{"data":"Searing Blow+1","floor":8,"key":"SMITH"},{"data":"Searing Blow+2","floor":12,"key":"SMITH"},{"data":"Searing Blow+3","floor":15,"key":"SMITH"},{"data":"Searing Blow+4","floor":23,"key":"SMITH"},{"data":"Searing Blow+6","floor":27,"key":"SMITH"},{"data":"Searing Blow+7","floor":32,"key":"SMITH"},{"data":"Searing Blow+8","floor":41,"key":"SMITH"},{"data":"Searing Blow+9","floor":47,"key":"SMITH"}],"circlet_count":0,"master_deck":["AscendersBane","Strike_R","Defend_R","Defend_R","Defend_R","Defend_R","Bash","Searing Blow+10","Iron Wave","Metallicize","Pommel Strike","Shockwave","Headbutt+1","Fiend Fire","True Grit","Searing Blow+4","Whirlwind","Burning Pact","True Grit+1","Headbutt","Demon Form","Armaments+1","Madness","Madness","Dual Wield+1","Demon Form+1","Demon Form+1"],"relics":["Velvet Choker","Pantograph","The Courier","Snecko Eye","Lee\u0027s Waffle","Whetstone","Tiny Chest","CeramicFish","Runic Pyramid","CaptainsWheel","Magic Flower","Frozen Egg 2","Bronze Scales","White Beast Statue","Eternal Feather"],"acts_visited":["Exordium","TheCity","TheBeyond"],"potions_floor_usage":[7,19,28,30,31,48],"damage_taken":[{"damage":9,"enemies":"2 Louse","floor":1,"turns":2},{"damage":0,"enemies":"Cultist","floor":2,"turns":2},{"damage":2,"enemies":"Jaw Worm","floor":5,"turns":3},{"damage":24,"enemies":"Gremlin Gang","floor":7,"turns":5},{"damage":3,"enemies":"Gremlin Nob","floor":10,"turns":3},{"damage":13,"enemies":"Exordium Wildlife","floor":13,"turns":3},{"damage":1,"enemies":"Looter","floor":14,"turns":2},{"damage":22,"enemies":"Hexaghost","floor":16,"turns":8},{"damage":24,"enemies":"Shell Parasite","floor":18,"turns":4},{"damage":0,"enemies":"Chosen","floor":19,"turns":2},{"damage":3,"enemies":"Centurion and Healer","floor":22,"turns":2},{"damage":5,"enemies":"Gremlin Leader","floor":24,"turns":3},{"damage":0,"enemies":"Chosen and Byrds","floor":25,"turns":2},{"damage":23,"enemies":"Book of Stabbing","floor":28,"turns":3},{"damage":25,"enemies":"Gremlin Leader","floor":30,"turns":5},{"damage":0,"enemies":"3 Cultists","floor":31,"turns":3},{"damage":0,"enemies":"Champ","floor":33,"turns":6},{"damage":14,"enemies":"3 Shapes","floor":35,"turns":4},{"damage":4,"enemies":"Orb Walker","floor":37,"turns":3},{"damage":0,"enemies":"Mind Bloom Boss Battle","floor":38,"turns":5},{"damage":0,"enemies":"3 Darklings","floor":39,"turns":3},{"damage":10,"enemies":"Nemesis","floor":40,"turns":5},{"damage":0,"enemies":"Giant Head","floor":42,"turns":4},{"damage":99,"enemies":"Reptomancer","floor":45,"turns":3},{"damage":17,"enemies":"Spire Growth","floor":48,"turns":2}],"seed_played":"3410119639433841415","potions_obtained":[{"floor":1,"key":"Regen Potion"},{"floor":14,"key":"Fire Potion"},{"floor":25,"key":"PowerPotion"},{"floor":28,"key":"FairyPotion"},{"floor":30,"key":"DistilledChaos"},{"floor":31,"key":"Dexterity Potion"},{"floor":45,"key":"GamblersBrew"}],"is_trial":false,"path_per_floor":["M","M","$","?","M","R","M","R","T","E","$","R","M","M","R","B",null,"M","M","?","$","M","R","E","M","T","R","E","$","E","M","R","B",null,"M","?","M","?","M","E","R","E","T","$","E","T","R","M"],"character_chosen":"IRONCLAD","items_purchased":["BlessingOfTheForge","Pommel Strike","Lee\u0027s Waffle","Demon Form+1"],"campfire_rested":0,"item_purchase_floors":[3,11,21,44],"current_hp_per_floor":[59,59,59,59,57,57,33,33,33,30,30,30,17,16,16,19,61,37,37,37,82,79,79,74,74,74,74,51,51,38,38,38,63,77,63,48,44,69,69,59,59,59,59,59,2,2,17,0,0],"gold":401,"neow_bonus":"BOSS_RELIC","is_daily":false,"chose_seed":false,"campfire_upgraded":9,"win_rate":0.0,"timestamp":1613897930,"path_taken":["M","M","$","?","M","R","M","R","T","E","?","R","M","M","R","BOSS","M","M","?","$","M","R","E","?","T","R","E","$","E","M","R","BOSS","M","?","M","?","M","E","R","E","T","?","E","?","R","?"],"items_purchased_type":["Potion","Card","Relic","Card"],"build_version":"2020-12-22","purchased_purges":3,"victory":false,"max_hp_per_floor":[75,75,75,75,75,75,75,75,75,75,75,75,75,75,75,75,75,75,75,75,82,82,82,82,82,82,82,82,82,82,82,82,82,82,82,82,82,82,82,82,82,82,82,82,82,82,82,82,82],"relic_stats":{"Lee\u0027s Waffle":45,"counters":[25,87],"Pantograph":75,"CeramicFish":81,"Bronze Scales":[24],"Snecko Eye":[94,99,99,89],"Magic Flower":[12],"Tiny Chest":1,"Eternal Feather":15,"Whetstone":["Headbutt","Searing Blow"],"obtain_stats":[{"Lee\u0027s Waffle":21,"CeramicFish":30,"Velvet Choker":0,"Magic Flower":40,"Eternal Feather":46,"The Courier":10,"Whetstone":24,"Frozen Egg 2":42,"Burning Blood":0,"White Beast Statue":45,"CaptainsWheel":38,"Pantograph":9,"Bronze Scales":43,"Snecko Eye":17,"Tiny Chest":28,"Runic Pyramid":34},{"Lee\u0027s Waffle":10,"CeramicFish":15,"Velvet Choker":0,"Magic Flower":22,"Eternal Feather":24,"The Courier":5,"Whetstone":12,"Frozen Egg 2":23,"Burning Blood":0,"White Beast Statue":24,"CaptainsWheel":20,"Pantograph":4,"Bronze Scales":23,"Snecko Eye":8,"Tiny Chest":14,"Runic Pyramid":17},{"Lee\u0027s Waffle":34,"CeramicFish":49,"Velvet Choker":0,"Magic Flower":78,"Eternal Feather":85,"The Courier":15,"Whetstone":39,"Frozen Egg 2":82,"Burning Blood":0,"White Beast Statue":85,"CaptainsWheel":70,"Pantograph":12,"Bronze Scales":82,"Snecko Eye":28,"Tiny Chest":44,"Runic Pyramid":58}]},"card_choices":[{"not_picked":["Headbutt","Warcry"],"picked":"Searing Blow","floor":1},{"not_picked":["Perfected Strike","Body Slam"],"picked":"Iron Wave","floor":2},{"not_picked":["Berserk","Thunderclap","Perfected Strike"],"picked":"SKIP","floor":5},{"not_picked":["Havoc","Anger","Rage"],"picked":"SKIP","floor":7},{"not_picked":["Thunderclap","Perfected Strike"],"picked":"Metallicize","floor":10},{"not_picked":["Warcry","Dark Embrace"],"picked":"Shockwave","floor":13},{"not_picked":["Hemokinesis","Reckless Charge"],"picked":"Headbutt","floor":14},{"not_picked":["Berserk","Demon Form"],"picked":"Fiend Fire","floor":16},{"not_picked":["Flex","Rage"],"picked":"True Grit","floor":18},{"not_picked":["Inflame","Wild Strike","Rage"],"picked":"SKIP","floor":19},{"not_picked":["Perfected Strike","Warcry"],"picked":"Whirlwind","floor":22},{"not_picked":["Hemokinesis","Shrug It Off"],"picked":"Burning Pact","floor":24},{"not_picked":["Reckless Charge+1","Twin Strike","Metallicize"],"picked":"SKIP","floor":25},{"not_picked":["Bloodletting","Twin Strike","Havoc"],"picked":"SKIP","floor":28},{"not_picked":["Heavy Blade","Sword Boomerang"],"picked":"True Grit+1","floor":30},{"not_picked":["Armaments","Entrench"],"picked":"Headbutt","floor":31},{"not_picked":["Barricade","Reaper"],"picked":"Demon Form","floor":33},{"not_picked":["Clash","Infernal Blade+1"],"picked":"Armaments+1","floor":35},{"not_picked":["Flex","Havoc+1"],"picked":"Dual Wield+1","floor":37},{"not_picked":["Seeing Red","Body Slam","Warcry"],"picked":"SKIP","floor":39},{"not_picked":["Wild Strike","Headbutt","Pommel Strike"],"picked":"SKIP","floor":40},{"not_picked":["Thunderclap","Heavy Blade"],"picked":"Demon Form+1","floor":42},{"not_picked":["Fire Breathing+1","Flame Barrier","Headbutt"],"picked":"SKIP","floor":45}],"player_experience":2922577,"relics_obtained":[{"floor":9,"key":"Pantograph"},{"floor":10,"key":"The Courier"},{"floor":24,"key":"Whetstone"},{"floor":28,"key":"Tiny Chest"},{"floor":30,"key":"CeramicFish"},{"floor":38,"key":"CaptainsWheel"},{"floor":40,"key":"Magic Flower"},{"floor":42,"key":"Frozen Egg 2"},{"floor":43,"key":"Bronze Scales"},{"floor":45,"key":"White Beast Statue"},{"floor":46,"key":"Eternal Feather"}],"event_choices":[{"cards_removed":["Strike_R"],"damage_healed":0,"gold_gain":0,"player_choice":"Card Removal","damage_taken":0,"max_hp_gain":0,"max_hp_loss":0,"event_name":"Wheel of Change","floor":4,"gold_loss":0},{"damage_healed":0,"gold_gain":0,"player_choice":"Copied","damage_taken":0,"max_hp_gain":0,"max_hp_loss":0,"event_name":"Duplicator","floor":20,"gold_loss":0,"cards_obtained":["Searing Blow"]},{"damage_healed":0,"gold_gain":0,"player_choice":"Embrace Madness","damage_taken":15,"max_hp_gain":0,"max_hp_loss":0,"event_name":"Winding Halls","floor":36,"gold_loss":0,"cards_obtained":["Madness","Madness"]},{"damage_healed":0,"gold_gain":0,"player_choice":"Fight","damage_taken":0,"max_hp_gain":0,"max_hp_loss":0,"event_name":"MindBloom","floor":38,"gold_loss":0}],"is_beta":false,"boss_relics":[{"not_picked":["Busted Crown","Fusion Hammer"],"picked":"Snecko Eye"},{"not_picked":["Runic Cube","Sozu"],"picked":"Runic Pyramid"}],"items_purged_floors":[11,29,44],"is_endless":false,"potions_floor_spawned":[1,14,16,25,28,30,31,33,37,40,45],"killed_by":"Spire Growth","ascension_level":20}}