{"host":"vxgtqwpb0ulpisda","time":1613873824,"event":{"mods":["BaseMod","Bestiary","Minty Spire (QoL Compilation)","Relic Stats","ojb\u0027s Info Mod"],"gold_per_floor":[18,34,54,73,86,114,114,114,138,138,163,183,199,164,164,261,261,275,28,43,55,55,55,80,80,80,12,12,40,2,12,12,109,109,125,140,140,157,211,211,65,76,147,162,172,172,172],"floor_reached":46,"language":"ENG","playtime":2670,"items_purged":["Strike_P"],"score":618,"play_id":"415dd65b-5567-40e7-a74b-bc782a478a5b","local_time":"20210220211704","is_ascension_mode":true,"campfire_choices":[{"floor":10,"key":"REST"},{"floor":15,"key":"REST"},{"floor":23,"key":"RECALL"},{"floor":25,"key":"REST"},{"data":"Wallop","floor":28,"key":"SMITH"},{"floor":32,"key":"REST"},{"floor":40,"key":"REST"}],"circlet_count":0,"master_deck":["Strike_P+1","Strike_P+1","Defend_P","Defend_P","Defend_P","Defend_P+1","Eruption+1","Vigilance+1","DeusExMachina+1","Meditate","EmptyBody","Prostrate+1","Crescendo","LessonLearned+1","Ragnarok+1","Protect","MentalFortress+1","Indignation","Establishment+1","EmptyFist","Protect","FlurryOfBlows","CutThroughFate","SandsOfTime+1","Wallop+1","JustLucky","MentalFortress+1","Wireheading","Alpha","Weave+1","ClearTheMind","Wallop","Vengeance+1","LikeWater","FearNoEvil"],"relics":["PureWater","Pen Nib","Whetstone","Blood Vial","SacredBark","Damaru","Tiny Chest","White Beast Statue","Anchor","Snecko Eye","Vajra","Toolbox"],"acts_visited":["Exordium","TheCity","TheBeyond"],"potions_floor_usage":[6,11,13,24,29,31,35,38,44,46,46],"damage_taken":[{"damage":0,"enemies":"2 Louse","floor":1,"turns":3},{"damage":0,"enemies":"Small Slimes","floor":2,"turns":2},{"damage":0,"enemies":"Cultist","floor":3,"turns":3},{"damage":19,"enemies":"Exordium Wildlife","floor":4,"turns":6},{"damage":1,"enemies":"Red Slaver","floor":5,"turns":4},{"damage":36,"enemies":"Gremlin Nob","floor":6,"turns":4},{"damage":12,"enemies":"Lagavulin","floor":11,"turns":4},{"damage":0,"enemies":"3 Louse","floor":12,"turns":2},{"damage":4,"enemies":"Exordium Thugs","floor":13,"turns":3},{"damage":8,"enemies":"Slime Boss","floor":16,"turns":8},{"damage":28,"enemies":"3 Byrds","floor":18,"turns":4},{"damage":0,"enemies":"Spheric Guardian","floor":20,"turns":2},{"damage":2,"enemies":"Centurion and Healer","floor":21,"turns":5},{"damage":28,"enemies":"Gremlin Leader","floor":24,"turns":5},{"damage":41,"enemies":"Slavers","floor":29,"turns":4},{"damage":0,"enemies":"Cultist and Chosen","floor":31,"turns":4},{"damage":38,"enemies":"Champ","floor":33,"turns":11},{"damage":32,"enemies":"3 Shapes","floor":35,"turns":4},{"damage":0,"enemies":"Orb Walker","floor":36,"turns":3},{"damage":15,"enemies":"4 Shapes","floor":38,"turns":4},{"damage":8,"enemies":"Spire Growth","floor":42,"turns":4},{"damage":10,"enemies":"Sphere and 2 Shapes","floor":44,"turns":5},{"damage":19,"enemies":"3 Darklings","floor":45,"turns":4},{"damage":25,"enemies":"Nemesis","floor":46,"turns":2}],"seed_played":"-7387199415255221183","potions_obtained":[{"floor":2,"key":"Swift Potion"},{"floor":3,"key":"SkillPotion"},{"floor":4,"key":"BottledMiracle"},{"floor":6,"key":"LiquidBronze"},{"floor":18,"key":"LiquidMemories"},{"floor":29,"key":"ColorlessPotion"},{"floor":31,"key":"SteroidPotion"},{"floor":33,"key":"AttackPotion"},{"floor":35,"key":"DistilledChaos"},{"floor":36,"key":"Fire Potion"},{"floor":38,"key":"BlessingOfTheForge"},{"floor":42,"key":"CultistPotion"},{"floor":44,"key":"SmokeBomb"},{"floor":45,"key":"LiquidBronze"}],"is_trial":false,"path_per_floor":["M","M","M","M","M","E","?","?","T","R","E","M","M","?","R","B",null,"M","$","M","M","?","R","E","R","T","$","R","E","$","M","R","B",null,"M","M","?","M","T","R","$","M","T","M","M","E"],"character_chosen":"WATCHER","items_purchased":["Damaru","Protect","Wallop","MentalFortress","Toolbox"],"campfire_rested":5,"item_purchase_floors":[19,19,27,30,41],"current_hp_per_floor":[72,72,72,53,52,16,16,16,16,37,25,27,25,43,64,58,69,43,43,45,45,72,72,44,65,65,65,65,26,26,28,49,13,57,27,29,29,16,16,37,37,31,31,23,6,0,0],"gold":172,"neow_bonus":"THREE_RARE_CARDS","is_daily":false,"chose_seed":false,"campfire_upgraded":1,"win_rate":0.0,"timestamp":1613873824,"path_taken":["M","M","M","M","M","E","?","?","T","R","E","M","M","?","R","BOSS","M","$","M","M","?","R","E","R","T","$","R","E","?","M","R","BOSS","M","M","?","?","?","R","?","M","T","M","M","E"],"items_purchased_type":["Relic","Card","Card","Card","Relic"],"build_version":"2020-12-22","purchased_purges":1,"victory":false,"max_hp_per_floor":[72,72,72,72,72,72,72,72,72,72,72,72,72,72,72,72,72,72,72,72,72,72,72,72,72,72,72,72,72,72,72,72,72,72,72,72,72,72,72,72,72,72,72,72,72,72,72],"relic_stats":{"Blood Vial":32,"counters":[24,100],"Snecko Eye":[31,48,45,46],"Tiny Chest":1,"Pen Nib":[14],"Whetstone":["Eruption","Strike_P"],"obtain_stats":[{"Blood Vial":11,"Anchor":29,"SacredBark":17,"Damaru":19,"Snecko Eye":34,"Vajra":39,"Toolbox":41,"Tiny Chest":24,"Pen Nib":6,"Whetstone":9,"PureWater":0,"White Beast Statue":26},{"Blood Vial":7,"Anchor":15,"SacredBark":10,"Damaru":11,"Snecko Eye":17,"Vajra":20,"Toolbox":20,"Tiny Chest":14,"Pen Nib":6,"Whetstone":6,"PureWater":0,"White Beast Statue":14},{"Blood Vial":26,"Anchor":59,"SacredBark":39,"Damaru":43,"Snecko Eye":74,"Vajra":85,"Toolbox":85,"Tiny Chest":55,"Pen Nib":22,"Whetstone":22,"PureWater":0,"White Beast Statue":55}]},"card_choices":[{"not_picked":["Omniscience","MasterReality"],"picked":"DeusExMachina","floor":0},{"not_picked":["Consecrate","Collect"],"picked":"Meditate","floor":1},{"not_picked":["Conclude","JustLucky"],"picked":"EmptyBody","floor":2},{"not_picked":["CrushJoints","WreathOfFlame"],"picked":"Prostrate","floor":3},{"not_picked":["Consecrate","BowlingBash"],"picked":"Crescendo","floor":4},{"not_picked":["Crescendo","Halt"],"picked":"LessonLearned","floor":5},{"not_picked":["Wireheading","Worship"],"picked":"Ragnarok","floor":6},{"not_picked":["Sanctity","ForeignInfluence"],"picked":"Protect","floor":11},{"not_picked":["Prostrate","LikeWater"],"picked":"MentalFortress","floor":12},{"not_picked":["Tantrum","PathToVictory"],"picked":"Indignation","floor":13},{"not_picked":["Vault","Judgement"],"picked":"Establishment","floor":16},{"not_picked":["Crescendo","ReachHeaven"],"picked":"EmptyFist","floor":18},{"not_picked":["Meditate","BowlingBash"],"picked":"FlurryOfBlows","floor":20},{"not_picked":["FollowUp","JustLucky"],"picked":"CutThroughFate","floor":21},{"not_picked":["Indignation+1","Crescendo+1"],"picked":"SandsOfTime+1","floor":24},{"not_picked":["Evaluate","EmptyBody"],"picked":"JustLucky","floor":29},{"not_picked":["Evaluate","CrushJoints+1"],"picked":"Wireheading","floor":31},{"not_picked":["DeusExMachina","Brilliance"],"picked":"Alpha","floor":33},{"not_picked":["CrushJoints+1","SandsOfTime+1"],"picked":"Weave+1","floor":35},{"not_picked":["CutThroughFate","FlyingSleeves+1"],"picked":"ClearTheMind","floor":36},{"not_picked":["Prostrate","CrushJoints+1"],"picked":"Wallop","floor":38},{"not_picked":["Crescendo+1","WaveOfTheHand"],"picked":"Vengeance+1","floor":42},{"not_picked":["EmptyFist","Crescendo"],"picked":"LikeWater","floor":44},{"not_picked":["EmptyFist+1","Protect"],"picked":"FearNoEvil","floor":45}],"player_experience":421759,"relics_obtained":[{"floor":6,"key":"Pen Nib"},{"floor":9,"key":"Whetstone"},{"floor":11,"key":"Blood Vial"},{"floor":24,"key":"Tiny Chest"},{"floor":26,"key":"White Beast Statue"},{"floor":29,"key":"Anchor"},{"floor":39,"key":"Vajra"}],"event_choices":[{"damage_healed":0,"gold_gain":0,"player_choice":"Ignored","damage_taken":0,"max_hp_gain":0,"max_hp_loss":0,"event_name":"Shining Light","floor":7,"gold_loss":0},{"damage_healed":0,"gold_gain":0,"player_choice":"Fled","damage_taken":0,"max_hp_gain":0,"max_hp_loss":0,"event_name":"Scrap Ooze","floor":8,"gold_loss":0},{"damage_healed":18,"gold_gain":0,"player_choice":"Healed","damage_taken":0,"max_hp_gain":0,"max_hp_loss":0,"event_name":"The Cleric","floor":14,"gold_loss":35},{"damage_healed":27,"gold_gain":0,"player_choice":"Full Heal","damage_taken":0,"max_hp_gain":0,"max_hp_loss":0,"event_name":"Wheel of Change","floor":22,"gold_loss":0},{"cards_removed":["Strike_P"],"damage_healed":0,"gold_gain":0,"player_choice":"Purged","damage_taken":0,"max_hp_gain":0,"max_hp_loss":0,"event_name":"Purifier","floor":37,"gold_loss":0}],"is_beta":false,"boss_relics":[{"not_picked":["Calling Bell","Sozu"],"picked":"SacredBark"},{"not_picked":["SlaversCollar","Fusion Hammer"],"picked":"Snecko Eye"}],"items_purged_floors":[19],"is_endless":false,"potions_floor_spawned":[2,3,4,6,18,29,31,33,35,36,38,42,44,45],"killed_by":"Nemesis","ascension_level":5}}