{"host":"snampf0t8p8psf53","time":1613935998,"event":{"mods":["AchievementEnabler","BaseMod","Bestiary","DeckTracker","Minty Spire (QoL Compilation)","Permanent Neow","SuperFastMode"],"gold_per_floor":[117,143,173,198,229,276,322,334,346,370,392,404,431,460,472,582,594,622,644,672,286,306,306,332,365,420,461,188,202,211,246,246,351,351,367,367,0,29,29,70,70,80,89,39,64,96,116,151,151,263,263,283,602,275,292,305,338,354,395,404,413,282,294,244,269,269,376,376,395,395,268,285,312,351,385,412,440,477,576,307,307,325,325,430,430,445,395,445,311,321,356,387,422,456,456,491,510,524,559,559,656,656,656],"floor_reached":102,"language":"ENG","playtime":2886,"items_purged":["Reinforced Body","Doubt","Pain","Hello World","Shame","Streamline+1","Clumsy","Conserve Battery+1","Conserve Battery+1","Conserve Battery"],"score":3099,"play_id":"f32c10e3-e6eb-4928-a780-78c56841285b","local_time":"20210221113318","daily_mods":["SealedDeck","Vintage","Heirloom","Time Dilation","Flight","DeadlyEvents"],"is_ascension_mode":false,"campfire_choices":[{"data":"Gash","floor":8.0,"key":"SMITH"},{"data":"Self Repair","floor":15.0,"key":"SMITH"},{"data":"Scrape","floor":23.0,"key":"SMITH"},{"data":"Gash","floor":32.0,"key":"SMITH"},{"data":"Chill","floor":41.0,"key":"SMITH"},{"data":"Gash","floor":49.0,"key":"SMITH"},{"data":"Gash","floor":66.0,"key":"SMITH"},{"data":"Machine Learning","floor":81.0,"key":"SMITH"},{"data":"Gash","floor":83.0,"key":"SMITH"},{"data":"Scrape","floor":95.0,"key":"SMITH"},{"data":"Machine Learning","floor":100.0,"key":"SMITH"}],"circlet_count":0,"master_deck":["Beam Cell+1","Static Discharge","Self Repair+1","Chill+1","Gash+1","Hologram+1","Scrape+1","Gash+1","Gash+1","Writhe","Gash+1","Machine Learning+1","Scrape+1","Regret","Violence+1","Gash+1","Machine Learning+1","Skim+1","Gash+1","Violence+1","Skim+1","Scrape+1"],"relics":["Unceasing Top","Bird Faced Urn","MawBank","Anchor","Potion Belt","InkBottle","Singing Bowl","Toxic Egg 2","Torii","Blood Vial","PreservedInsect","Tiny Chest","Mercury Hourglass","Akabeko","Cursed Key","CeramicFish","Whetstone","MealTicket","Shuriken","Letter Opener","Bag of Preparation","Darkstone Periapt","Centennial Puzzle","Eternal Feather","Nunchaku","Blue Candle","Regal Pillow","Ancient Tea Set","Black Star","Smiling Mask","Red Mask","Thread and Needle","Calipers","Happy Flower","Vajra","Oddly Smooth Stone","Gambling Chip","TungstenRod","Ginger","Toy Ornithopter","Orichalcum","War Paint","Strawberry","Sozu","Boot","Old Coin","Membership Card","Kunai","FossilizedHelix","Mango","Mummified Hand","Gremlin Horn","White Beast Statue","Pen Nib","Inserter","StrikeDummy","Spirit Poop","Lantern","Bronze Scales","Runic Capacitor","DataDisk","Dream Catcher","Molten Egg 2","Philosopher\u0027s Stone","Omamori","Prayer Wheel","Ice Cream","Frozen Egg 2","Symbiotic Virus","Fusion Hammer"],"acts_visited":["Exordium","TheCity","TheBeyond","Exordium","TheCity","TheBeyond"],"potions_floor_usage":[],"damage_taken":[{"damage":2.0,"enemies":"Jaw Worm","floor":1.0,"turns":5.0},{"damage":0.0,"enemies":"Cultist","floor":2.0,"turns":3.0},{"damage":0.0,"enemies":"Small Slimes","floor":3.0,"turns":4.0},{"damage":0.0,"enemies":"Blue Slaver","floor":4.0,"turns":3.0},{"damage":0.0,"enemies":"2 Fungi Beasts","floor":5.0,"turns":5.0},{"damage":9.0,"enemies":"Lagavulin","floor":6.0,"turns":6.0},{"damage":23.0,"enemies":"Gremlin Nob","floor":7.0,"turns":5.0},{"damage":0.0,"enemies":"Exordium Wildlife","floor":10.0,"turns":4.0},{"damage":0.0,"enemies":"Gremlin Gang","floor":11.0,"turns":3.0},{"damage":0.0,"enemies":"Blue Slaver","floor":13.0,"turns":5.0},{"damage":0.0,"enemies":"2 Fungi Beasts","floor":14.0,"turns":3.0},{"damage":15.0,"enemies":"Hexaghost","floor":16.0,"turns":9.0},{"damage":0.0,"enemies":"3 Byrds","floor":18.0,"turns":4.0},{"damage":0.0,"enemies":"Spheric Guardian","floor":19.0,"turns":4.0},{"damage":7.0,"enemies":"Snake Plant","floor":20.0,"turns":3.0},{"damage":6.0,"enemies":"Sentry and Sphere","floor":22.0,"turns":4.0},{"damage":0.0,"enemies":"Gremlin Leader","floor":24.0,"turns":2.0},{"damage":1.0,"enemies":"Book of Stabbing","floor":25.0,"turns":2.0},{"damage":2.0,"enemies":"Slavers","floor":27.0,"turns":4.0},{"damage":0.0,"enemies":"Chosen and Byrds","floor":29.0,"turns":2.0},{"damage":13.0,"enemies":"Champ","floor":33.0,"turns":3.0},{"damage":0.0,"enemies":"3 Darklings","floor":35.0,"turns":3.0},{"damage":2.0,"enemies":"Giant Head","floor":38.0,"turns":3.0},{"damage":3.0,"enemies":"Reptomancer","floor":40.0,"turns":2.0},{"damage":1.0,"enemies":"Orb Walker","floor":42.0,"turns":1.0},{"damage":2.0,"enemies":"Giant Head","floor":45.0,"turns":2.0},{"damage":0.0,"enemies":"Jaw Worm Horde","floor":47.0,"turns":2.0},{"damage":0.0,"enemies":"Reptomancer","floor":48.0,"turns":2.0},{"damage":0.0,"enemies":"Time Eater","floor":50.0,"turns":3.0},{"damage":0.0,"enemies":"Jaw Worm","floor":52.0,"turns":2.0},{"damage":0.0,"enemies":"Cultist","floor":53.0,"turns":2.0},{"damage":0.0,"enemies":"2 Louse","floor":55.0,"turns":1.0},{"damage":0.0,"enemies":"2 Fungi Beasts","floor":56.0,"turns":1.0},{"damage":0.0,"enemies":"3 Sentries","floor":57.0,"turns":2.0},{"damage":0.0,"enemies":"Large Slime","floor":58.0,"turns":1.0},{"damage":0.0,"enemies":"Gremlin Nob","floor":59.0,"turns":1.0},{"damage":0.0,"enemies":"Gremlin Gang","floor":63.0,"turns":1.0},{"damage":0.0,"enemies":"3 Sentries","floor":65.0,"turns":1.0},{"damage":0.0,"enemies":"Hexaghost","floor":67.0,"turns":1.0},{"damage":0.0,"enemies":"Shell Parasite","floor":69.0,"turns":1.0},{"damage":0.0,"enemies":"Spheric Guardian","floor":72.0,"turns":1.0},{"damage":0.0,"enemies":"Slavers","floor":73.0,"turns":1.0},{"damage":0.0,"enemies":"Gremlin Leader","floor":74.0,"turns":1.0},{"damage":0.0,"enemies":"Book of Stabbing","floor":75.0,"turns":1.0},{"damage":0.0,"enemies":"Slavers","floor":76.0,"turns":1.0},{"damage":0.0,"enemies":"Gremlin Leader","floor":77.0,"turns":1.0},{"damage":0.0,"enemies":"Book of Stabbing","floor":78.0,"turns":1.0},{"damage":0.0,"enemies":"Cultist and Chosen","floor":82.0,"turns":1.0},{"damage":0.0,"enemies":"Champ","floor":84.0,"turns":1.0},{"damage":0.0,"enemies":"Orb Walker","floor":86.0,"turns":1.0},{"damage":0.0,"enemies":"Mind Bloom Boss Battle","floor":88.0,"turns":1.0},{"damage":0.0,"enemies":"3 Darklings","floor":90.0,"turns":1.0},{"damage":0.0,"enemies":"Reptomancer","floor":91.0,"turns":1.0},{"damage":0.0,"enemies":"Nemesis","floor":92.0,"turns":1.0},{"damage":0.0,"enemies":"Reptomancer","floor":93.0,"turns":1.0},{"damage":0.0,"enemies":"Nemesis","floor":94.0,"turns":1.0},{"damage":0.0,"enemies":"Giant Head","floor":96.0,"turns":1.0},{"damage":0.0,"enemies":"Jaw Worm Horde","floor":97.0,"turns":1.0},{"damage":1.0,"enemies":"4 Shapes","floor":98.0,"turns":1.0},{"damage":0.0,"enemies":"Reptomancer","floor":99.0,"turns":1.0},{"damage":0.0,"enemies":"Awakened One","floor":101.0,"turns":2.0}],"seed_played":"8212000696498799380","potions_obtained":[{"floor":2.0,"key":"PowerPotion"},{"floor":4.0,"key":"BlessingOfTheForge"},{"floor":11.0,"key":"FocusPotion"},{"floor":13.0,"key":"Strength Potion"},{"floor":16.0,"key":"Fire Potion"},{"floor":19.0,"key":"Explosive Potion"},{"floor":35.0,"key":"DistilledChaos"},{"floor":47.0,"key":"Weak Potion"}],"is_trial":true,"path_per_floor":["M","M","M","M","M","E","E","R","T","M","M","?","M","M","R","B",null,"M","M","M","$","M","R","E","E","T","E","$","M","?","T","R","B",null,"M","?","?","E","$","E","R","M","T","$","E","T","M","E","R","B",null,"M","M","$","M","M","E","M","E","T","?","$","M","$","E","R","B",null,"M","?","$","M","E","E","E","E","E","E","?","$","R","M","R","B",null,"M","$","?","$","M","E","E","E","E","R","E","M","M","E","R","B",null],"character_chosen":"DEFECT","items_purchased":["Scrape","Shuriken","Nunchaku","Hello World","Membership Card","Kunai","Violence+1","Gash","Lantern","Runic Capacitor","DataDisk","Dream Catcher","Violence+1"],"campfire_rested":0,"item_purchase_floors":[21,21,28,28,54,54,62,62,71,80,80,80,89],"current_hp_per_floor":[75,75,75,75,75,75,61,61,61,74,77,77,77,77,77,76,79,79,79,79,79,79,79,81,83,89,89,89,89,95,101,101,103,103,103,105,105,107,107,107,107,107,113,113,115,121,121,128,128,128,128,128,128,128,128,142,144,144,144,150,156,156,156,156,158,158,158,158,158,158,158,158,160,160,162,164,166,166,166,166,166,166,166,168,168,168,168,170,170,170,170,172,174,174,174,176,176,176,178,178,180,180,180],"gold":656,"neow_bonus":"","is_daily":false,"chose_seed":false,"campfire_upgraded":11,"win_rate":0.0,"timestamp":1613935998,"path_taken":["M","M","M","M","M","E","E","R","T","M","M","?","?","M","R","BOSS","M","M","M","$","M","R","E","E","T","E","$","M","?","?","R","BOSS","M","?","?","?","$","E","R","M","T","$","E","?","M","E","R","BOSS","M","M","$","M","M","E","M","E","T","?","$","M","$","E","R","BOSS","M","?","$","?","?","E","E","E","E","?","?","$","R","M","R","BOSS","M","$","?","$","M","E","E","?","E","R","E","M","M","E","R","BOSS"],"items_purchased_type":["Card","Relic","Relic","Card","Relic","Relic","Card","Card","Relic","Relic","Relic","Relic","Card"],"build_version":"2020-12-22","purchased_purges":10,"victory":false,"max_hp_per_floor":[75,75,75,75,75,77,77,77,77,77,77,77,77,77,77,79,79,79,79,79,79,79,79,81,83,89,89,89,89,95,101,101,103,103,103,105,105,107,107,107,107,107,113,113,115,121,121,128,128,128,128,128,128,128,128,142,144,144,144,150,156,156,156,156,158,158,158,158,158,158,158,158,160,160,162,164,166,166,166,166,166,166,166,168,168,168,168,170,170,170,170,172,174,174,174,176,176,176,178,178,180,180,180],"card_choices":[{"not_picked":["Conserve Battery+1","Streamline","Turbo+1"],"picked":"Singing Bowl","floor":6.0},{"not_picked":["Streamline","Tempest+1"],"picked":"Hologram+1","floor":7.0},{"not_picked":["Multi-Cast+1","Fission+1","Hyperbeam"],"picked":"Singing Bowl","floor":16.0},{"not_picked":["Conserve Battery+1","Barrage","Ball Lightning"],"picked":"Singing Bowl","floor":24.0},{"not_picked":["Steam+1","Barrage+1","Rip and Tear"],"picked":"Singing Bowl","floor":25.0},{"not_picked":["Hello World","Rebound"],"picked":"Gash","floor":27.0},{"not_picked":["Seek+1","Reboot+1","Fission+1"],"picked":"Singing Bowl","floor":33.0},{"not_picked":["Swift Strike","Jack Of All Trades+1","Apotheosis+1"],"picked":"Singing Bowl","floor":36.0},{"not_picked":["Fusion+1","Conserve Battery+1","BootSequence+1"],"picked":"Singing Bowl","floor":38.0},{"not_picked":["Steam Power+1","Skim+1"],"picked":"Gash+1","floor":40.0},{"not_picked":["Fusion+1","Turbo+1","Lockon"],"picked":"Singing Bowl","floor":45.0},{"not_picked":["Sweeping Beam+1","Steam+1"],"picked":"Gash","floor":48.0},{"not_picked":["Biased Cognition","Meteor Strike"],"picked":"Machine Learning","floor":50.0},{"not_picked":["Darkness+1","Steam+1","Fission+1"],"picked":"Singing Bowl","floor":57.0},{"not_picked":["Auto Shields+1","FTL"],"picked":"Scrape","floor":59.0},{"not_picked":["Echo Form","Cold Snap","Coolheaded+1"],"picked":"Singing Bowl","floor":65.0},{"not_picked":["Thunder Strike","Core Surge"],"picked":"Machine Learning","floor":67.0},{"not_picked":["Beam Cell","Coolheaded+1","Streamline"],"picked":"Singing Bowl","floor":73.0},{"not_picked":["Rebound","Defragment"],"picked":"Skim+1","floor":74.0},{"not_picked":["Go for the Eyes+1","Chaos+1","Self Repair"],"picked":"Singing Bowl","floor":75.0},{"not_picked":["Coolheaded+1","Beam Cell","Darkness+1"],"picked":"Singing Bowl","floor":76.0},{"not_picked":["Reprogram+1","Stack+1","Ball Lightning+1"],"picked":"Singing Bowl","floor":77.0},{"not_picked":["Auto Shields+1","Double Energy+1"],"picked":"Gash","floor":78.0},{"not_picked":["Hyperbeam+1","Fission+1","Electrodynamics"],"picked":"Singing Bowl","floor":84.0},{"not_picked":["Cold Snap+1","Aggregate+1","Barrage+1"],"picked":"Singing Bowl","floor":88.0},{"not_picked":["Leap+1","Ball Lightning+1"],"picked":"Skim+1","floor":91.0},{"not_picked":["Steam+1","Cold Snap+1","Ball Lightning+1"],"picked":"Singing Bowl","floor":92.0},{"not_picked":["Compile Driver+1","Creative AI","Steam+1"],"picked":"Singing Bowl","floor":93.0},{"not_picked":["BootSequence+1","Genetic Algorithm+1"],"picked":"Scrape+1","floor":94.0},{"not_picked":["Static Discharge+1","Loop","Stack+1"],"picked":"Singing Bowl","floor":96.0},{"not_picked":["Aggregate+1","Stack+1","Glacier+1"],"picked":"Singing Bowl","floor":99.0},{"not_picked":["Meteor Strike+1","Biased Cognition+1","Core Surge+1"],"picked":"Singing Bowl","floor":101.0}],"player_experience":145769,"relics_obtained":[{"floor":1.0,"key":"MawBank"},{"floor":2.0,"key":"Anchor"},{"floor":3.0,"key":"Potion Belt"},{"floor":4.0,"key":"InkBottle"},{"floor":5.0,"key":"Singing Bowl"},{"floor":6.0,"key":"Toxic Egg 2"},{"floor":7.0,"key":"Torii"},{"floor":9.0,"key":"Blood Vial"},{"floor":10.0,"key":"PreservedInsect"},{"floor":11.0,"key":"Tiny Chest"},{"floor":13.0,"key":"Mercury Hourglass"},{"floor":14.0,"key":"Akabeko"},{"floor":18.0,"key":"CeramicFish"},{"floor":19.0,"key":"Whetstone"},{"floor":20.0,"key":"MealTicket"},{"floor":22.0,"key":"Letter Opener"},{"floor":24.0,"key":"Bag of Preparation"},{"floor":25.0,"key":"Darkstone Periapt"},{"floor":26.0,"key":"Centennial Puzzle"},{"floor":27.0,"key":"Eternal Feather"},{"floor":29.0,"key":"Blue Candle"},{"floor":31.0,"key":"Ancient Tea Set"},{"floor":35.0,"key":"Smiling Mask"},{"floor":38.0,"key":"Thread and Needle"},{"floor":38.0,"key":"Calipers"},{"floor":40.0,"key":"Happy Flower"},{"floor":40.0,"key":"Vajra"},{"floor":42.0,"key":"Oddly Smooth Stone"},{"floor":43.0,"key":"Gambling Chip"},{"floor":45.0,"key":"TungstenRod"},{"floor":45.0,"key":"Ginger"},{"floor":46.0,"key":"Toy Ornithopter"},{"floor":47.0,"key":"Orichalcum"},{"floor":48.0,"key":"War Paint"},{"floor":48.0,"key":"Strawberry"},{"floor":52.0,"key":"Boot"},{"floor":53.0,"key":"Old Coin"},{"floor":55.0,"key":"FossilizedHelix"},{"floor":56.0,"key":"Mango"},{"floor":58.0,"key":"Mummified Hand"},{"floor":60.0,"key":"Gremlin Horn"},{"floor":63.0,"key":"Pen Nib"},{"floor":69.0,"key":"StrikeDummy"},{"floor":72.0,"key":"Bronze Scales"},{"floor":82.0,"key":"Molten Egg 2"},{"floor":86.0,"key":"Omamori"},{"floor":88.0,"key":"Prayer Wheel"},{"floor":90.0,"key":"Ice Cream"},{"floor":97.0,"key":"Frozen Egg 2"},{"floor":98.0,"key":"Symbiotic Virus"}],"event_choices":[{"damage_healed":0.0,"max_hp_gain":0.0,"max_hp_loss":0.0,"gold_gain":0.0,"event_name":"NoteForYourself","player_choice":"Ignored","floor":12.0,"gold_loss":0.0,"damage_taken":0.0},{"damage_healed":0.0,"max_hp_gain":0.0,"max_hp_loss":0.0,"gold_gain":0.0,"event_name":"The Mausoleum","player_choice":"Opened","floor":30.0,"gold_loss":0.0,"damage_taken":0.0,"relics_obtained":["Regal Pillow"],"cards_obtained":["Writhe"]},{"damage_healed":0.0,"max_hp_gain":0.0,"max_hp_loss":0.0,"gold_gain":0.0,"event_name":"SensoryStone","player_choice":"Memory 1","floor":36.0,"gold_loss":0.0,"damage_taken":0.0},{"damage_healed":0.0,"max_hp_gain":0.0,"max_hp_loss":0.0,"gold_gain":0.0,"event_name":"Tomb of Lord Red Mask","player_choice":"Paid","floor":37.0,"gold_loss":367.0,"damage_taken":0.0,"relics_obtained":["Red Mask"]},{"damage_healed":0.0,"max_hp_gain":0.0,"max_hp_loss":0.0,"gold_gain":0.0,"event_name":"Big Fish","player_choice":"Box","floor":61.0,"gold_loss":0.0,"damage_taken":0.0,"relics_obtained":["White Beast Statue"],"cards_obtained":["Regret"]},{"cards_removed":["Writhe"],"damage_healed":0.0,"max_hp_gain":0.0,"max_hp_loss":0.0,"gold_gain":0.0,"event_name":"Bonfire Elementals","player_choice":"Offered Curse","floor":70.0,"gold_loss":0.0,"damage_taken":0.0,"relics_obtained":["Spirit Poop"]},{"damage_healed":0.0,"max_hp_gain":0.0,"max_hp_loss":0.0,"gold_gain":99.0,"event_name":"Nest","player_choice":"Stole From Cult","floor":79.0,"gold_loss":0.0,"damage_taken":0.0},{"damage_healed":0.0,"max_hp_gain":0.0,"max_hp_loss":0.0,"gold_gain":0.0,"event_name":"MindBloom","player_choice":"Fight","floor":88.0,"gold_loss":0.0,"damage_taken":0.0}],"is_beta":false,"boss_relics":[{"not_picked":["Tiny House","SacredBark"],"picked":"Cursed Key"},{"not_picked":["Calling Bell","Coffee Dripper"],"picked":"Black Star"},{"not_picked":["Fusion Hammer","Empty Cage"],"picked":"Sozu"},{"not_picked":["Calling Bell","Empty Cage"],"picked":"Inserter"},{"not_picked":["Runic Dome","Runic Pyramid"],"picked":"Philosopher\u0027s Stone"},{"not_picked":["Astrolabe","SlaversCollar"],"picked":"Fusion Hammer"}],"items_purged_floors":[21,28,44,54,62,64,71,80,87,89],"is_endless":true,"potions_floor_spawned":[2,4,11,13,16,19,20,24,29,35,38,42,47,53,55,58,59,63,65,67,69,72,73,74,75,76,77,78,82,84,86,88,90,91,92,93,94,96,97,98,99,101],"ascension_level":0}}