{"host":"s0nrlal5fls38heo","time":1613873568,"event":{"mods":["AchievementEnabler","BaseMod","Colored Powertips","Dark Map","Displayed Cursed Tome","Downfall","Faster Ascension Climbing","GifTheSpireLib","Minty Spire (QoL Compilation)","Permanent Neow","Rare Cards Sparkle","Relic Filter Mod","StSLib"],"gold_per_floor":[99,114,134,147,177,210,210,243,6,39,139,154,154,154,154],"floor_reached":13,"language":"ENG","playtime":485,"items_purged":["Guardian:Strike_Guardian"],"score":170,"play_id":"f34c750f-d0c0-454a-9760-995bd54e929a","local_time":"20210221031248","is_ascension_mode":true,"campfire_choices":[{"data":"Guardian:TwinSlam","floor":1.0,"key":"SMITH"}],"circlet_count":0,"master_deck":["AscendersBane","Guardian:Strike_Guardian","Guardian:Strike_Guardian","Guardian:Strike_Guardian","Guardian:Defend_Guardian","Guardian:Defend_Guardian","Guardian:Defend_Guardian","Guardian:Defend_Guardian","Guardian:CurlUp","Guardian:TwinSlam+1","Guardian:Planning","Guardian:BaubleBeam","Guardian:ArmoredProtocol","Guardian:ArmoredProtocol","Guardian:BronzeOrb","Guardian:BodySlam","Guardian:TimeCapacitor","Guardian:DecasProtection"],"relics":["Coffee Dripper","Sundial","Mercury Hourglass","Kunai","Letter Opener","Toy Ornithopter","Shuriken"],"acts_visited":["Exordium"],"potions_floor_usage":[9,10,13],"damage_taken":[{"damage":7.0,"enemies":"Jaw Worm","floor":2.0,"turns":4.0},{"damage":0.0,"enemies":"Small Slimes","floor":3.0,"turns":3.0},{"damage":3.0,"enemies":"2 Louse","floor":4.0,"turns":3.0},{"damage":20.0,"enemies":"3 Sentries","floor":6.0,"turns":8.0},{"damage":22,"enemies":"Lagavulin","floor":8,"turns":9},{"damage":0,"enemies":"downfall:FleeingMerchant","floor":9,"turns":4},{"damage":5,"enemies":"3 Sentries","floor":10,"turns":4},{"damage":0,"enemies":"downfall:LooterAlt","floor":12,"turns":3},{"damage":18,"enemies":"Gremlin Nob","floor":13,"turns":3}],"seed_played":"2218857099539382989","potions_obtained":[{"floor":2.0,"key":"LiquidBronze"},{"floor":4.0,"key":"SteroidPotion"},{"floor":8,"key":"Guardian:AcceleratePotion"},{"floor":12,"key":"DuplicationPotion"}],"is_trial":false,"path_per_floor":["R","M","M","M","?","E","T","E","$","E","?","M","E"],"character_chosen":"GUARDIAN","items_purchased":["Toy Ornithopter"],"campfire_rested":0,"item_purchase_floors":[9],"current_hp_per_floor":[72,65,65,62,62,42,42,20,20,20,20,20,7,7,7],"gold":154,"neow_bonus":"BOSS_RELIC","is_daily":false,"chose_seed":false,"campfire_upgraded":1,"win_rate":0.0,"timestamp":1613873568,"path_taken":["R","M","M","M","?","E","T","E","$","E","?","M","E"],"items_purchased_type":["Relic"],"build_version":"2020-12-22","purchased_purges":1,"victory":false,"max_hp_per_floor":[80,80,80,80,80,80,80,80,80,80,80,80,80,80,80],"card_choices":[{"not_picked":["Guardian:RefractedBeam","Guardian:WalkerClaw"],"picked":"Guardian:Planning","floor":2.0},{"not_picked":["Guardian:Suspension","Guardian:Gem_Cyan"],"picked":"Guardian:BaubleBeam","floor":3.0},{"not_picked":["Guardian:Gem_Fragmented","Guardian:WalkerClaw"],"picked":"Guardian:ArmoredProtocol","floor":4.0},{"not_picked":["Guardian:Gem_Green","Guardian:VentSteam"],"picked":"Guardian:ArmoredProtocol","floor":6.0},{"not_picked":["Guardian:GemFire","Guardian:BronzeArmor"],"picked":"Guardian:BronzeOrb","floor":8},{"not_picked":["Guardian:ArmoredProtocol","Guardian:Harden"],"picked":"Guardian:BodySlam","floor":9},{"not_picked":["Guardian:Gem_Crimson","Guardian:PrimingBeam"],"picked":"Guardian:TimeCapacitor","floor":10},{"not_picked":["Guardian:TemporalShield","Guardian:Gem_Lightblue"],"picked":"Guardian:DecasProtection","floor":12}],"player_experience":54187,"relics_obtained":[{"floor":6.0,"key":"Mercury Hourglass"},{"floor":7.0,"key":"Kunai"},{"floor":8,"key":"Letter Opener"},{"floor":10,"key":"Shuriken"}],"event_choices":[],"is_beta":false,"boss_relics":[],"items_purged_floors":[9],"is_endless":false,"potions_floor_spawned":[2,4,8,12],"killed_by":"Gremlin Nob","ascension_level":13}}