{"host":"qfskrnw3pl1q86j0","time":1613931019,"event":{"mods":["BaseMod","Block Reminder","Hermit","Marisa????????","Minty Spire (QoL Compilation)","Quick Restart","Random Character Button","Relic Stats","StSLib","The Poker Player","slay the spire mod where everything is the same but ironclad has a cowboy hat"],"gold_per_floor":[114,129,142,67,83,83,93,93,119,119,154,164,164,183,183,307,307,323,66,66,85,51,51,70,70,70,23,23,23,38,69,69,194,194,210,15,33,49,73,73,108,128,128,128,128,128,128,142,142,142,142],"floor_reached":50,"language":"ENG","playtime":1743,"items_purged":["Strike_G","Defend_G"],"score":549,"play_id":"0bc881c2-bbd5-4ae8-b411-bb13408601e3","local_time":"20210221191019","is_ascension_mode":false,"campfire_choices":[{"data":"Neutralize","floor":6.0,"key":"SMITH"},{"data":"Leg Sweep","floor":8.0,"key":"SMITH"},{"data":"Crippling Poison","floor":10.0,"key":"SMITH"},{"data":"Footwork","floor":15.0,"key":"SMITH"},{"data":"Noxious Fumes","floor":23.0,"key":"SMITH"},{"data":"Noxious Fumes","floor":25.0,"key":"SMITH"},{"data":"Poisoned Stab","floor":32.0,"key":"SMITH"},{"data":"Apotheosis","floor":40.0,"key":"SMITH"},{"data":"Catalyst","floor":47,"key":"SMITH"},{"data":"Malaise","floor":49,"key":"SMITH"}],"circlet_count":0,"master_deck":["Strike_G","Strike_G","Strike_G","Strike_G","Defend_G+1","Defend_G","Defend_G","Defend_G","Survivor","Neutralize+1","Leg Sweep+1","Heel Hook","Terror+1","Backflip","Crippling Poison+1","Footwork+1","Dagger Throw","Noxious Fumes+1","Bane+1","Noxious Fumes+1","Deadly Poison+1","Poisoned Stab+1","Dodge and Roll+1","Leg Sweep+1","Malaise+1","Blur+1","Apotheosis+1","Caltrops+1","Predator","Catalyst+1","Dodge and Roll+1","Poisoned Stab+1"],"relics":["Velvet Choker","Art of War","Akabeko","Golden Idol","Coffee Dripper","War Paint","Pen Nib","Juzu Bracelet","Cursed Key","Bottled Tornado"],"acts_visited":["Exordium","TheCity","TheBeyond"],"potions_floor_usage":[46,50],"damage_taken":[{"damage":0.0,"enemies":"2 Louse","floor":1.0,"turns":3.0},{"damage":0.0,"enemies":"Jaw Worm","floor":2.0,"turns":5.0},{"damage":0.0,"enemies":"Cultist","floor":3.0,"turns":4.0},{"damage":0.0,"enemies":"Red Slaver","floor":5.0,"turns":4.0},{"damage":3.0,"enemies":"Lots of Slimes","floor":7.0,"turns":6.0},{"damage":12.0,"enemies":"Gremlin Nob","floor":11.0,"turns":3.0},{"damage":0.0,"enemies":"3 Louse","floor":12.0,"turns":4.0},{"damage":0.0,"enemies":"Blue Slaver","floor":14.0,"turns":4.0},{"damage":2.0,"enemies":"The Guardian","floor":16.0,"turns":13.0},{"damage":8.0,"enemies":"Chosen","floor":18.0,"turns":6.0},{"damage":0.0,"enemies":"Shell Parasite","floor":21.0,"turns":6.0},{"damage":3.0,"enemies":"Centurion and Healer","floor":24.0,"turns":6.0},{"damage":11.0,"enemies":"Sentry and Sphere","floor":30.0,"turns":6.0},{"damage":7.0,"enemies":"Gremlin Leader","floor":31.0,"turns":5.0},{"damage":14.0,"enemies":"Champ","floor":33.0,"turns":9.0},{"damage":0.0,"enemies":"Orb Walker","floor":35.0,"turns":4.0},{"damage":0.0,"enemies":"3 Shapes","floor":37.0,"turns":5.0},{"damage":17.0,"enemies":"3 Darklings","floor":38.0,"turns":5.0},{"damage":2.0,"enemies":"Maw","floor":39.0,"turns":7.0},{"damage":0.0,"enemies":"Nemesis","floor":41.0,"turns":7.0},{"damage":17.0,"enemies":"Jaw Worm Horde","floor":42.0,"turns":4.0},{"damage":0,"enemies":"Reptomancer","floor":46,"turns":2},{"damage":6,"enemies":"3 Darklings","floor":48,"turns":6},{"damage":28,"enemies":"Time Eater","floor":50,"turns":13}],"seed_played":"6653032224948469694","potions_obtained":[{"floor":1.0,"key":"ColorlessPotion"},{"floor":5.0,"key":"SpeedPotion"},{"floor":7.0,"key":"SteroidPotion"},{"floor":14.0,"key":"SmokeBomb"},{"floor":21.0,"key":"LiquidMemories"},{"floor":35.0,"key":"Poison Potion"},{"floor":48,"key":"BlessingOfTheForge"}],"is_trial":false,"path_per_floor":["M","M","M","$","M","R","M","R","T","R","E","M","?","M","R","B",null,"M","$","?","M","$","R","M","R","T","$","?","?","M","E","R","B",null,"M","$","M","M","M","R","E","M","T","?","?","E","R","M","R","B"],"character_chosen":"THE_SILENT","items_purchased":["War Paint","Noxious Fumes","Poisoned Stab","Apotheosis"],"campfire_rested":0,"item_purchase_floors":[19,22,27,36],"current_hp_per_floor":[70,70,70,70,70,70,67,67,67,67,55,55,55,55,55,53,65,57,57,51,51,51,51,48,48,48,48,48,48,37,30,30,16,65,65,65,65,48,46,46,46,29,29,29,29,29,29,23,23,0,0],"gold":142,"neow_bonus":"BOSS_RELIC","is_daily":false,"chose_seed":false,"campfire_upgraded":10,"win_rate":0.0,"timestamp":1613931019,"path_taken":["M","M","M","$","M","R","M","R","T","R","E","M","?","M","R","BOSS","M","$","?","?","?","R","?","R","T","$","?","?","M","E","R","BOSS","M","$","M","M","M","R","E","M","T","?","?","E","R","M","R","BOSS"],"items_purchased_type":["Relic","Card","Card","Card"],"build_version":"2020-12-22","purchased_purges":2,"victory":false,"max_hp_per_floor":[70,70,70,70,70,70,70,70,70,70,70,70,65,65,65,65,65,65,65,65,65,65,65,65,65,65,65,65,65,65,65,65,65,65,65,65,65,65,65,65,65,65,65,65,62,62,62,62,62,62,62],"relic_stats":{"counters":[24,137],"Golden Idol":111,"Pen Nib":[11],"Art of War":[16],"Juzu Bracelet":0,"War Paint":["Defend_G","Terror"],"Cursed Key":0,"obtain_stats":[{"Golden Idol":13,"Velvet Choker":0,"Pen Nib":26,"Art of War":9,"Coffee Dripper":17,"Juzu Bracelet":31,"War Paint":19,"Bottled Tornado":41,"Cursed Key":34,"Akabeko":11,"Ring of the Snake":0},{"Golden Idol":7,"Velvet Choker":0,"Pen Nib":12,"Art of War":5,"Coffee Dripper":9,"Juzu Bracelet":14,"War Paint":10,"Bottled Tornado":20,"Cursed Key":15,"Akabeko":6,"Ring of the Snake":0},{"Golden Idol":29,"Velvet Choker":0,"Pen Nib":64,"Art of War":22,"Coffee Dripper":46,"Juzu Bracelet":75,"War Paint":52,"Bottled Tornado":112,"Cursed Key":84,"Akabeko":25,"Ring of the Snake":0}]},"card_choices":[{"not_picked":["Dash","Dagger Throw"],"picked":"Leg Sweep","floor":1.0},{"not_picked":["Outmaneuver","Underhanded Strike"],"picked":"Heel Hook","floor":2.0},{"not_picked":["Setup","Backflip"],"picked":"Terror","floor":3.0},{"not_picked":["Deflect","Distraction"],"picked":"Backflip","floor":5.0},{"not_picked":["Flying Knee","Reflex"],"picked":"Crippling Poison","floor":7.0},{"not_picked":["Burst","Prepared"],"picked":"Footwork","floor":11.0},{"not_picked":["Outmaneuver","Backflip"],"picked":"Dagger Throw","floor":12.0},{"not_picked":["Flechettes","Backflip","Finisher"],"picked":"SKIP","floor":14.0},{"not_picked":["Terror","Dagger Spray"],"picked":"Noxious Fumes","floor":18.0},{"not_picked":["Catalyst","Flechettes+1"],"picked":"Bane+1","floor":21.0},{"not_picked":["Underhanded Strike+1","Quick Slash+1"],"picked":"Deadly Poison+1","floor":24.0},{"not_picked":["Endless Agony","Infinite Blades"],"picked":"Dodge and Roll+1","floor":30.0},{"not_picked":["Acrobatics","Quick Slash+1"],"picked":"Leg Sweep+1","floor":31.0},{"not_picked":["Glass Knife","Unload"],"picked":"Malaise","floor":33.0},{"not_picked":["Dodge and Roll+1","Blade Dance"],"picked":"Blur+1","floor":35.0},{"not_picked":["Poisoned Stab","Eviscerate","Slice+1"],"picked":"SKIP","floor":37.0},{"not_picked":["Sucker Punch","Flechettes+1"],"picked":"Caltrops+1","floor":38.0},{"not_picked":["Dagger Spray+1","Quick Slash"],"picked":"Predator","floor":39.0},{"not_picked":["Expertise+1","PiercingWail"],"picked":"Catalyst","floor":41.0},{"not_picked":["Outmaneuver","Prepared"],"picked":"Dodge and Roll+1","floor":42.0},{"not_picked":["Sucker Punch","Prepared"],"picked":"Poisoned Stab+1","floor":48}],"player_experience":1102172,"relics_obtained":[{"floor":9.0,"key":"Art of War"},{"floor":11.0,"key":"Akabeko"},{"floor":26.0,"key":"Pen Nib"},{"floor":31.0,"key":"Juzu Bracelet"},{"floor":41.0,"key":"Bottled Tornado"}],"event_choices":[{"damage_healed":0.0,"max_hp_gain":0.0,"max_hp_loss":5.0,"gold_gain":0.0,"event_name":"Golden Idol","player_choice":"Lose Max HP","floor":13.0,"gold_loss":0.0,"damage_taken":0.0,"relics_obtained":["Golden Idol"]},{"damage_healed":0.0,"max_hp_gain":0.0,"max_hp_loss":0.0,"gold_gain":0.0,"event_name":"Knowing Skull","player_choice":"","floor":20.0,"potions_obtained":[],"gold_loss":0.0,"damage_taken":6.0,"cards_obtained":[]},{"damage_healed":0.0,"max_hp_gain":0.0,"max_hp_loss":0.0,"gold_gain":0.0,"event_name":"Ghosts","player_choice":"Ignored","floor":28.0,"gold_loss":0.0,"damage_taken":0.0},{"damage_healed":0.0,"max_hp_gain":0.0,"max_hp_loss":0.0,"gold_gain":0.0,"event_name":"Vampires","player_choice":"Ignored","floor":29.0,"gold_loss":0.0,"damage_taken":0.0},{"damage_healed":0,"gold_gain":0,"player_choice":"Memory 1","damage_taken":0,"max_hp_gain":0,"max_hp_loss":0,"event_name":"SensoryStone","floor":44,"gold_loss":0},{"damage_healed":0,"gold_gain":0,"player_choice":"Max HP","damage_taken":0,"max_hp_gain":0,"max_hp_loss":3,"event_name":"Winding Halls","floor":45,"gold_loss":0}],"is_beta":false,"boss_relics":[{"not_picked":["Fusion Hammer","SlaversCollar"],"picked":"Coffee Dripper"},{"not_picked":["Black Star","Runic Dome"],"picked":"Cursed Key"}],"items_purged_floors":[4,19],"is_endless":false,"potions_floor_spawned":[1,5,7,14,21,31,35,37,48],"killed_by":"Time Eater","ascension_level":0}}