{"host":"9ggpvbru8k8uxs3p","time":1613940320,"event":{"mods":["BaseMod","Challenge The Spire","Colored Map","Colored Powertips","Downfall","Highlight Path","Minty Spire (QoL Compilation)","Rare Cards Sparkle","StSLib","The Jungle"],"gold_per_floor":[99,99,99,99,99,118,118,133,133,308,383,399,399,399,418,418,418],"floor_reached":16,"language":"ENG","playtime":784,"items_purged":[],"score":88,"play_id":"4c1af9a9-ce86-41fd-bc39-d67a9e800e8e","local_time":"20210221144520","is_ascension_mode":false,"campfire_choices":[{"data":"Neutralize","floor":1,"key":"SMITH"},{"floor":13,"key":"REST"}],"circlet_count":0,"master_deck":["Strike_G","Strike_G","Strike_G","Strike_G","Defend_G","Defend_G","Defend_G","Defend_G","Defend_G","Survivor","Neutralize+1","Flying Knee","Dagger Spray","All Out Attack","Backstab","Blade Dance","Outmaneuver","Injury","Doubt","Slice","Bane"],"relics":["Ring of the Snake","downfall:HeartsMalice","Bottled Lightning","Golden Idol"],"acts_visited":["Exordium"],"potions_floor_usage":[16],"damage_taken":[{"damage":0,"enemies":"2 Louse","floor":2,"turns":1},{"damage":0,"enemies":"Cultist","floor":3,"turns":1},{"damage":0,"enemies":"Jaw Worm","floor":5,"turns":1},{"damage":6,"enemies":"Large Slime","floor":6,"turns":6},{"damage":0,"enemies":"2 Fungi Beasts","floor":8,"turns":2},{"damage":11,"enemies":"Exordium Thugs","floor":12,"turns":4},{"damage":3,"enemies":"Large Slime","floor":15,"turns":5},{"damage":67,"enemies":"DF_ARCHETYPE_STREAMLINE","floor":16,"turns":9}],"seed_played":"2556604695979724061","potions_obtained":[{"floor":6,"key":"CultistPotion"},{"floor":8,"key":"Dexterity Potion"},{"floor":12,"key":"Poison Potion"}],"is_trial":false,"path_per_floor":["R","M","M","?","M","M","T","M","?","?","?","M","R","?","M","B"],"character_chosen":"THE_SILENT","items_purchased":[],"campfire_rested":1,"item_purchase_floors":[],"current_hp_per_floor":[70,70,70,70,70,64,64,64,64,64,53,42,63,63,60,0,0],"gold":418,"neow_bonus":"THREE_ENEMY_KILL","is_daily":false,"chose_seed":false,"campfire_upgraded":1,"win_rate":0.0,"timestamp":1613940320,"path_taken":["R","M","M","?","?","M","T","M","?","?","?","M","R","?","M","BOSS"],"items_purchased_type":[],"build_version":"2020-12-22","purchased_purges":0,"victory":false,"max_hp_per_floor":[70,70,70,70,70,70,70,70,70,70,70,70,70,70,70,70,70],"card_choices":[{"not_picked":["Blade Dance","Prepared"],"picked":"Flying Knee","floor":2},{"not_picked":["Underhanded Strike","Flying Knee"],"picked":"Dagger Spray","floor":3},{"not_picked":["Choke","All Out Attack"],"picked":"Backstab","floor":5},{"not_picked":["Flechettes","Flying Knee"],"picked":"Blade Dance","floor":6},{"not_picked":["Quick Slash","Acrobatics"],"picked":"Outmaneuver","floor":8},{"not_picked":["Underhanded Strike","Heel Hook"],"picked":"Slice","floor":12},{"not_picked":["Sucker Punch","Distraction"],"picked":"Bane","floor":15}],"player_experience":66312,"relics_obtained":[{"floor":7,"key":"Bottled Lightning"}],"event_choices":[{"damage_healed":0,"gold_gain":0,"cards_transformed":["Strike_G"],"player_choice":"Transformed","damage_taken":0,"max_hp_gain":0,"max_hp_loss":0,"event_name":"Transmorgrifier","floor":4,"gold_loss":0,"cards_obtained":["All Out Attack"]},{"damage_healed":0,"gold_gain":0,"player_choice":"Take Wound","damage_taken":0,"relics_obtained":["Golden Idol"],"max_hp_gain":0,"max_hp_loss":0,"event_name":"Golden Idol","floor":9,"gold_loss":0,"cards_obtained":["Injury"]},{"damage_healed":0,"gold_gain":175,"player_choice":"AGREE","damage_taken":0,"max_hp_gain":0,"max_hp_loss":0,"event_name":"Liars Game","floor":10,"gold_loss":0,"cards_obtained":["Doubt"]},{"damage_healed":0,"gold_gain":75,"player_choice":"Gather Gold","damage_taken":11,"max_hp_gain":0,"max_hp_loss":0,"event_name":"World of Goop","floor":11,"gold_loss":0},{"damage_healed":0,"gold_gain":0,"player_choice":"Ignored","damage_taken":0,"max_hp_gain":0,"max_hp_loss":0,"event_name":"NoteForYourself","floor":14,"gold_loss":0}],"is_beta":false,"boss_relics":[],"items_purged_floors":[],"is_endless":false,"potions_floor_spawned":[6,8,12],"killed_by":"DF_ARCHETYPE_STREAMLINE","ascension_level":0}}