{"host":"mm0v83pkg2fvsdgl","time":1613875456,"event":{"mods":["2.2 Compatiblity","Alarm Clock","AlwaysNeverKeys","BaseMod","Beaked The Cultist","Bestiary","Better Altar","Better Match","Better Note","Better Sensory Stone","Better Silent Start","Better Third Choice","Clawfect","Displayed Cursed Tome","Energized Spire","Friendly Minions","Highlight Path","Ironclad Rager","Keyboard Shortcuts","Lotus Mark","Marisa????????","Marked Mod","Mimic Mod","Minty Spire (QoL Compilation)","Permanent Neow","Railgun Mod","Remove Card Discount Mod","Shade Mod","Somnambulant","Spicy Shops","StSLib","Swap Starting Deck Mod","The Construct","The Disciple","The Dragon Tamer","TheHeartMod","TheVacant","Transform Curses","Unceasing Turn Reminder","Wandering Minibosses"],"gold_per_floor":[114,114,114,114,50,88,88,126,138,204,254,304,354,404,416,553,565,596,608,695,726,146,184,184,222,267,267,68,68,68,68,68,193,193,212,212,545,71,107,107,107,137,173,203,203,203,233,19,19,19],"floor_reached":51,"language":"ENG","playtime":3487,"items_purged":["Doubt","Regret","Creative AI","Clawfect:Clawrage","Clawfect:ClawLightning","Writhe","Clawfect:ClawLightning","Conserve Battery","Core Surge+1","Writhe","Pain"],"score":1053,"play_id":"285e0a96-6de2-49cd-8f60-86ae10ef6af0","local_time":"20210220214416","daily_mods":["SealedDeck","Flight","Elite Swarm"],"is_ascension_mode":false,"campfire_choices":[{"data":"FTL","floor":15,"key":"SMITH"},{"data":"Mayhem","floor":24,"key":"SMITH"},{"data":"Defragment","floor":27,"key":"SMITH"},{"data":"ICR:FrostFall","floor":29,"key":"SMITH"},{"data":"Conserve Battery","floor":32,"key":"SMITH"},{"data":"Self Repair","floor":40,"key":"SMITH"},{"data":"Machine Learning","floor":41,"key":"SMITH"},{"data":"Machine Learning","floor":45,"key":"SMITH"},{"data":"Electrodynamics","floor":49,"key":"SMITH"}],"circlet_count":0,"master_deck":["Steam","Clawfect:Clawrage+1","Clawfect:Clawrage+1","Conserve Battery+1","FTL+1","Steam","Electrodynamics+1","Noxious Fumes+1","Clawfect:ClawForOne+1","Clawfect:ClawLightning+1","Core Surge+1","Defragment+1","Clawfect:Clawrage+1","Mayhem+1","Machine Learning+1","Machine Learning+1","Clawfect:ClawLightning+1","ICR:FrostFall+1","Clawfect:ClawSnap+1","Conserve Battery+1","Seek+1","Self Repair+1","Steam+1","Deep Breath+1","Blizzard+1","Consume+1"],"relics":["Clawfect:DRClaw","Peace Pipe","TheAbacus","Bronze Scales","Molten Egg 2","MawBank","Singing Bowl","MealTicket","Blue Candle","Orichalcum","Letter Opener","StrikeDummy","Inserter","Membership Card","Medical Kit","Sundial","Juzu Bracelet","Bag of Preparation","Toxic Egg 2","Lizard Tail","Anchor","Oddly Smooth Stone","WarpedTongs","Nuclear Battery","Bottled Flame","Gremlin Horn","Whetstone","Prayer Wheel","StoneCalendar","CaptainsWheel","Ginger","Dream Catcher","Turnip"],"acts_visited":["Exordium","TheCity","TheBeyond"],"potions_floor_usage":[16,16,16,25],"damage_taken":[{"damage":0,"enemies":"Small Slimes","floor":1,"turns":3},{"damage":3,"enemies":"Gremlin Nob","floor":6,"turns":3},{"damage":6,"enemies":"Lagavulin","floor":8,"turns":4},{"damage":4,"enemies":"Gremlin Nob","floor":10,"turns":4},{"damage":0,"enemies":"Gremlin Nob","floor":11,"turns":3},{"damage":0,"enemies":"Lagavulin","floor":12,"turns":4},{"damage":12,"enemies":"Gremlin Nob","floor":13,"turns":4},{"damage":11,"enemies":"Lagavulin","floor":14,"turns":3},{"damage":0,"enemies":"The Guardian","floor":16,"turns":5},{"damage":4,"enemies":"Chosen","floor":18,"turns":4},{"damage":0,"enemies":"3 Byrds","floor":21,"turns":3},{"damage":31,"enemies":"Book of Stabbing","floor":23,"turns":5},{"damage":22,"enemies":"Slavers","floor":25,"turns":4},{"damage":0,"enemies":"Cultist and Chosen","floor":26,"turns":5},{"damage":21,"enemies":"Collector","floor":33,"turns":5},{"damage":3,"enemies":"3 Darklings","floor":35,"turns":4},{"damage":0,"enemies":"2 Orb Walkers","floor":39,"turns":3},{"damage":0,"enemies":"Nemesis","floor":42,"turns":5},{"damage":1,"enemies":"3 Shapes","floor":43,"turns":5},{"damage":0,"enemies":"Giant Head","floor":44,"turns":4},{"damage":27,"enemies":"Nemesis","floor":47,"turns":5},{"damage":18,"enemies":"Donu and Deca","floor":50,"turns":4}],"seed_played":"-7397021786818157212","potions_obtained":[{"floor":8,"key":"Energy Potion"},{"floor":13,"key":"PowerPotion"},{"floor":14,"key":"BlessingOfTheForge"},{"floor":18,"key":"SkillPotion"},{"floor":25,"key":"Fire Potion"},{"floor":42,"key":"Energy Potion"}],"is_trial":false,"path_per_floor":["M","?","?","?","$","E","?","E","T","?","E","E","E","E","R","B",null,"M","?","?","M","$","E","R","E","MIM","R","$","R","?","?","R","B",null,"M","?","?","$","?","R","R","E","MIM","E","R","?","E","$","R","B",null],"character_chosen":"DEFECT","items_purchased":["TheAbacus","Membership Card","Core Surge+1","Medical Kit","Sundial","Defragment","Clawfect:Clawrage+1","Mayhem","Lizard Tail","ICR:FrostFall","Clawfect:ClawSnap+1","Conserve Battery+1","Anchor","Self Repair","Steam+1","Bottled Flame","Deep Breath+1","Gremlin Horn","Whetstone","Blizzard+1","Consume+1","Turnip"],"campfire_rested":0,"item_purchase_floors":[5,22,22,22,22,22,22,22,28,28,28,28,28,38,38,38,38,38,38,48,48,48],"current_hp_per_floor":[75,75,75,57,57,54,46,40,40,38,38,40,28,19,19,21,83,81,81,73,73,85,54,54,32,32,32,47,47,47,47,47,26,85,84,88,88,91,93,93,93,93,95,97,97,107,82,97,97,79],"gold":19,"neow_bonus":"","is_daily":true,"chose_seed":false,"campfire_upgraded":9,"win_rate":0.0,"timestamp":1613875456,"path_taken":["M","?","?","?","$","E","?","E","T","?","E","E","E","E","R","BOSS","M","?","?","M","$","E","R","E","MIM","R","$","R","?","?","R","BOSS","M","?","?","$","?","R","R","E","MIM","E","R","?","E","$","R","BOSS"],"items_purchased_type":["Relic","Relic","Card","Relic","Relic","Card","Card","Card","Relic","Card","Card","Card","Relic","Card","Card","Relic","Card","Relic","Relic","Card","Card","Relic"],"build_version":"2020-12-22","purchased_purges":11,"victory":true,"max_hp_per_floor":[75,75,75,75,75,75,75,75,75,77,77,79,79,81,81,83,83,85,85,85,85,85,85,85,85,85,85,85,85,85,85,85,85,85,87,91,91,91,93,93,93,93,95,97,97,107,109,109,109,109],"card_choices":[{"not_picked":["Auto Shields","Stack","Redo"],"picked":"SKIP","floor":1},{"not_picked":["Amplify","Fission"],"picked":"Electrodynamics","floor":6},{"not_picked":["Fission","Meteor Strike+1"],"picked":"Creative AI","floor":8},{"not_picked":["BootSequence","Leap","Tempest"],"picked":"Singing Bowl","floor":10},{"not_picked":["Thunder Strike+1","Rainbow"],"picked":"Clawfect:ClawForOne+1","floor":11},{"not_picked":["Thunder Strike+1","Reboot","Hyperbeam+1"],"picked":"Singing Bowl","floor":12},{"not_picked":["Meteor Strike+1","Buffer"],"picked":"Core Surge+1","floor":13},{"not_picked":["Hyperbeam+1","Electrodynamics","Fission"],"picked":"Singing Bowl","floor":14},{"not_picked":["Thunder Strike+1","Biased Cognition","Seek"],"picked":"Singing Bowl","floor":16},{"not_picked":["Leap+1","Heatsinks+1","Storm+1"],"picked":"Singing Bowl","floor":18},{"not_picked":["Clawfect:ClawpileDriver+1","Glacier"],"picked":"Clawfect:ClawLightning+1","floor":21},{"not_picked":["Hyperbeam+1","Electrodynamics"],"picked":"Machine Learning","floor":23},{"not_picked":["Hyperbeam+1","Core Surge+1"],"picked":"Machine Learning","floor":25},{"not_picked":["Coolheaded+1","Storm"],"picked":"Clawfect:ClawLightning+1","floor":26},{"not_picked":["Creative AI","Reboot+1"],"picked":"Seek+1","floor":33},{"not_picked":["Hologram+1","Storm+1","Fusion+1"],"picked":"Singing Bowl","floor":35},{"not_picked":["Swift Strike+1","Transmutation+1","Metamorphosis+1"],"picked":"Singing Bowl","floor":36},{"not_picked":["Deep Breath+1","Enlightenment+1","Mind Blast+1"],"picked":"Singing Bowl","floor":36},{"not_picked":["Genetic Algorithm+1","Tempest+1","Fusion+1"],"picked":"Singing Bowl","floor":39},{"not_picked":["Hyperbeam+1","Clawfect:ClawForOne+1"],"picked":"Machine Learning","floor":42},{"not_picked":["Turbo+1","Rebound+1","Steam Power+1"],"picked":"Singing Bowl","floor":43},{"not_picked":["Rainbow+1","Meteor Strike+1","ICR:Cyclone"],"picked":"Singing Bowl","floor":44},{"not_picked":["Hyperbeam+1","ICR:Cyclone","Creative AI"],"picked":"Singing Bowl","floor":47}],"player_experience":669312,"relics_obtained":[{"floor":6,"key":"Bronze Scales"},{"floor":8,"key":"MawBank"},{"floor":9,"key":"Singing Bowl"},{"floor":10,"key":"MealTicket"},{"floor":11,"key":"Blue Candle"},{"floor":12,"key":"Orichalcum"},{"floor":13,"key":"Letter Opener"},{"floor":14,"key":"StrikeDummy"},{"floor":23,"key":"Juzu Bracelet"},{"floor":25,"key":"Bag of Preparation"},{"floor":26,"key":"Toxic Egg 2"},{"floor":39,"key":"Prayer Wheel"},{"floor":42,"key":"StoneCalendar"},{"floor":43,"key":"CaptainsWheel"},{"floor":44,"key":"Ginger"},{"floor":47,"key":"Dream Catcher"}],"event_choices":[{"damage_healed":0,"gold_gain":0,"player_choice":"Leave","damage_taken":0,"max_hp_gain":0,"max_hp_loss":0,"event_name":"The Cleric","floor":2,"gold_loss":0},{"damage_healed":0,"gold_gain":0,"player_choice":"Box","damage_taken":0,"relics_obtained":["Peace Pipe"],"max_hp_gain":0,"max_hp_loss":0,"event_name":"Big Fish","floor":3,"gold_loss":0,"cards_obtained":["Regret"]},{"damage_healed":0,"gold_gain":0,"player_choice":"Take Damage","damage_taken":18,"relics_obtained":["Golden Idol"],"max_hp_gain":0,"max_hp_loss":0,"event_name":"Golden Idol","floor":4,"gold_loss":0},{"damage_healed":0,"gold_gain":0,"player_choice":"Searched \u00272\u0027 times","damage_taken":0,"max_hp_gain":0,"max_hp_loss":0,"event_name":"Dead Adventurer","floor":10,"gold_loss":0},{"damage_healed":0,"gold_gain":0,"player_choice":"Adaptability","damage_taken":0,"max_hp_gain":0,"max_hp_loss":0,"event_name":"betterThird:BetterWriting","floor":19,"gold_loss":0},{"damage_healed":0,"gold_gain":75,"player_choice":"Touch","damage_taken":8,"max_hp_gain":0,"max_hp_loss":0,"event_name":"FaceTrader","floor":20,"gold_loss":0},{"damage_healed":0,"gold_gain":0,"player_choice":"Opened","damage_taken":0,"relics_obtained":["Oddly Smooth Stone"],"max_hp_gain":0,"max_hp_loss":0,"event_name":"The Mausoleum","floor":30,"gold_loss":0,"cards_obtained":["Writhe"]},{"damage_healed":0,"gold_gain":0,"player_choice":"Rummage","damage_taken":0,"relics_obtained":["WarpedTongs"],"max_hp_gain":0,"max_hp_loss":0,"event_name":"Accursed Blacksmith","floor":31,"gold_loss":0,"cards_obtained":["Pain"]},{"damage_healed":0,"gold_gain":3,"player_choice":"1","damage_taken":0,"max_hp_gain":0,"max_hp_loss":0,"event_name":"betterStone:BetterStone","floor":36,"gold_loss":0},{"damage_healed":0,"gold_gain":333,"player_choice":"Gave Idol","damage_taken":0,"max_hp_gain":0,"max_hp_loss":0,"event_name":"The Moai Head","floor":37,"relics_lost":["Golden Idol"],"gold_loss":0},{"damage_healed":0,"gold_gain":0,"player_choice":"Fight","damage_taken":0,"max_hp_gain":0,"max_hp_loss":0,"event_name":"Mysterious Sphere","floor":39,"gold_loss":0},{"cards_removed":["Machine Learning"],"damage_healed":0,"gold_gain":0,"player_choice":"Offered Rare","damage_taken":0,"max_hp_gain":10,"max_hp_loss":0,"event_name":"Bonfire Elementals","floor":46,"gold_loss":0}],"is_beta":false,"boss_relics":[{"not_picked":["energizedSpire:NeverEndingSparkler","Ectoplasm"],"picked":"Inserter"},{"not_picked":["energizedSpire:OldTV","SacredBark"],"picked":"Nuclear Battery"}],"items_purged_floors":[5,5,22,22,22,28,28,28,28,38,38],"is_endless":false,"potions_floor_spawned":[8,13,14,18,25,42,44,47],"ascension_level":0}}