{"host":"tt3bp6ablwd4jl2y","time":1613865724,"event":{"mods":["BaseMod","Colored Map","Colored Powertips","Highlight Path","Minty Spire (QoL Compilation)","StSLib","Synergy Search","ojb\u0027s Info Mod"],"gold_per_floor":[112,122,139,30,41,66,85,117,140,158,171,171,171,181,181,283,283,299,318,44,55,68,68,68],"floor_reached":23,"language":"ENG","playtime":3463,"items_purged":["Defend_R","Pain"],"score":209,"play_id":"e44dc1be-3c64-41a2-8d31-f5e953595136","local_time":"20210220190204","is_ascension_mode":false,"campfire_choices":[{"floor":13,"key":"REST"},{"data":"Whirlwind","floor":15,"key":"SMITH"}],"circlet_count":0,"master_deck":["Strike_R","Strike_R","Strike_R","Strike_R","Strike_R","Defend_R+1","Defend_R","Defend_R+1","Bash","Inflame","Shrug It Off","Sword Boomerang","Whirlwind+1","Iron Wave","Body Slam","Uppercut","Second Wind","Fiend Fire","Iron Wave","Whirlwind","Limit Break","Anger","Feed","The Bomb","Shrug It Off","Feel No Pain"],"relics":["Burning Blood","Orichalcum","Juzu Bracelet","War Paint","WarpedTongs","Philosopher\u0027s Stone"],"acts_visited":["Exordium","TheCity"],"potions_floor_usage":[5,5,10,16,18,22],"damage_taken":[{"damage":5,"enemies":"Cultist","floor":1,"turns":4},{"damage":5,"enemies":"2 Louse","floor":2,"turns":2},{"damage":4,"enemies":"Small Slimes","floor":3,"turns":4},{"damage":34,"enemies":"Gremlin Gang","floor":5,"turns":4},{"damage":27,"enemies":"3 Sentries","floor":6,"turns":8},{"damage":5,"enemies":"Lots of Slimes","floor":7,"turns":4},{"damage":26,"enemies":"Gremlin Nob","floor":8,"turns":5},{"damage":0,"enemies":"Large Slime","floor":10,"turns":6},{"damage":6,"enemies":"2 Fungi Beasts","floor":11,"turns":3},{"damage":8,"enemies":"Red Slaver","floor":14,"turns":3},{"damage":31,"enemies":"Hexaghost","floor":16,"turns":8},{"damage":8,"enemies":"Spheric Guardian","floor":18,"turns":4},{"damage":29,"enemies":"2 Thieves","floor":19,"turns":4},{"damage":18,"enemies":"Snake Plant","floor":21,"turns":3},{"damage":7,"enemies":"Centurion and Healer","floor":22,"turns":6},{"damage":51,"enemies":"Slavers","floor":23,"turns":4}],"seed_played":"-3314734797864431899","potions_obtained":[{"floor":1,"key":"EssenceOfSteel"},{"floor":2,"key":"BlessingOfTheForge"},{"floor":8,"key":"ColorlessPotion"},{"floor":14,"key":"ColorlessPotion"},{"floor":16,"key":"Swift Potion"},{"floor":21,"key":"Weak Potion"}],"is_trial":false,"path_per_floor":["M","M","M","$","M","E","M","E","T","M","M","?","R","M","R","B",null,"M","M","$","M","M","E"],"character_chosen":"IRONCLAD","items_purchased":["Whirlwind","The Bomb"],"campfire_rested":1,"item_purchase_floors":[4,20],"current_hp_per_floor":[88,88,88,88,60,39,40,20,20,26,26,26,52,50,50,25,88,86,63,63,51,50,0,0],"gold":68,"neow_bonus":"TEN_PERCENT_HP_BONUS","is_daily":false,"chose_seed":false,"campfire_upgraded":1,"win_rate":0.0,"timestamp":1613865724,"path_taken":["M","M","M","?","M","E","M","E","T","M","M","?","R","M","R","BOSS","M","M","$","M","M","E"],"items_purchased_type":["Card","Card"],"build_version":"2020-12-13","purchased_purges":2,"victory":false,"max_hp_per_floor":[88,88,88,88,88,88,88,88,88,88,88,88,88,88,88,88,88,88,88,88,88,88,88,88],"card_choices":[{"not_picked":["Warcry","Sever Soul"],"picked":"Inflame","floor":1},{"not_picked":["Flex","Sever Soul"],"picked":"Shrug It Off","floor":2},{"not_picked":["Bloodletting","Pummel"],"picked":"Sword Boomerang","floor":3},{"not_picked":["Heavy Blade","Hemokinesis"],"picked":"Iron Wave","floor":5},{"not_picked":["Cleave","Headbutt"],"picked":"Body Slam","floor":6},{"not_picked":["Pummel","Clash"],"picked":"Uppercut","floor":7},{"not_picked":["Fire Breathing","Anger"],"picked":"Second Wind","floor":8},{"not_picked":["Body Slam","Heavy Blade"],"picked":"Fiend Fire","floor":10},{"not_picked":["True Grit","Sword Boomerang"],"picked":"Iron Wave","floor":11},{"not_picked":["Cleave","True Grit"],"picked":"Whirlwind","floor":14},{"not_picked":["Demon Form","Double Tap"],"picked":"Limit Break","floor":16},{"not_picked":["True Grit","Fire Breathing"],"picked":"Anger","floor":18},{"not_picked":["Flex","Clash"],"picked":"Feed","floor":19},{"not_picked":["Twin Strike","Anger"],"picked":"Shrug It Off","floor":21},{"not_picked":["Clothesline","Rupture"],"picked":"Feel No Pain","floor":22}],"player_experience":36489,"relics_obtained":[{"floor":6,"key":"Orichalcum"},{"floor":8,"key":"Juzu Bracelet"},{"floor":9,"key":"War Paint"}],"event_choices":[{"damage_healed":0,"gold_gain":0,"player_choice":"Rummage","damage_taken":0,"relics_obtained":["WarpedTongs"],"max_hp_gain":0,"max_hp_loss":0,"event_name":"Accursed Blacksmith","floor":12,"gold_loss":0,"cards_obtained":["Pain"]}],"is_beta":false,"boss_relics":[{"not_picked":["Black Star","Snecko Eye"],"picked":"Philosopher\u0027s Stone"}],"items_purged_floors":[4,20],"is_endless":false,"potions_floor_spawned":[1,2,8,14,16,21],"killed_by":"Slavers","ascension_level":0}}