{"host":"syfsfjmzue8y1a6l","time":1613923026,"event":{"mods":["AchievementEnabler","BaseMod","Colored Map","DeckTracker","Minty Spire (QoL Compilation)","Permanent Neow","SuperFastMode"],"gold_per_floor":[114,114,39,53,3,3,30,42,42,52,68,68,86,97,97,97,97],"floor_reached":16,"language":"KOR","playtime":746,"items_purged":["Defend_P"],"score":104,"play_id":"7899ece3-b70d-45a6-ae02-b5c98338c07d","local_time":"20210222005706","is_ascension_mode":false,"campfire_choices":[{"data":"Eruption","floor":6,"key":"SMITH"},{"floor":15,"key":"RECALL"}],"circlet_count":0,"master_deck":["Strike_P","Strike_P","Defend_P","Defend_P","Eruption+1","Vigilance","EmptyMind"],"relics":["PureWater","Letter Opener"],"acts_visited":["Exordium"],"potions_floor_usage":[13,16,16,16],"damage_taken":[{"damage":3,"enemies":"Small Slimes","floor":1,"turns":4},{"damage":6,"enemies":"2 Louse","floor":4,"turns":2},{"damage":19,"enemies":"Gremlin Nob","floor":7,"turns":4},{"damage":0,"enemies":"Jaw Worm","floor":8,"turns":3},{"damage":11,"enemies":"3 Louse","floor":10,"turns":5},{"damage":5,"enemies":"Lots of Slimes","floor":11,"turns":3},{"damage":4,"enemies":"Gremlin Gang","floor":13,"turns":4},{"damage":0,"enemies":"2 Fungi Beasts","floor":14,"turns":3},{"damage":24,"enemies":"Hexaghost","floor":16,"turns":10}],"seed_played":"2714430688789806328","potions_obtained":[{"floor":1,"key":"GamblersBrew"},{"floor":10,"key":"Energy Potion"},{"floor":13,"key":"BottledMiracle"},{"floor":14,"key":"GamblersBrew"}],"is_trial":false,"path_per_floor":["M","?","$","M","?","R","E","M","T","M","M","?","M","M","R","B"],"character_chosen":"WATCHER","items_purchased":[],"campfire_rested":0,"item_purchase_floors":[],"current_hp_per_floor":[62,62,62,56,56,56,37,37,37,26,21,26,22,22,22,0,0],"gold":97,"neow_bonus":"REMOVE_TWO","is_daily":false,"chose_seed":false,"campfire_upgraded":1,"win_rate":0.0,"timestamp":1613923026,"path_taken":["M","?","$","M","?","R","E","M","T","M","M","?","M","M","R","BOSS"],"items_purchased_type":[],"build_version":"2020-12-22","purchased_purges":1,"victory":false,"max_hp_per_floor":[65,65,65,65,65,65,65,65,65,65,65,70,70,70,70,70,70],"card_choices":[{"not_picked":["Worship","BattleHymn"],"picked":"EmptyMind","floor":1},{"not_picked":["ClearTheMind","FollowUp","PathToVictory"],"picked":"SKIP","floor":4},{"not_picked":["CutThroughFate","Prostrate","Evaluate"],"picked":"SKIP","floor":7},{"not_picked":["CutThroughFate","Crescendo","EmptyFist"],"picked":"SKIP","floor":8},{"not_picked":["PathToVictory","Halt","ClearTheMind"],"picked":"SKIP","floor":10},{"not_picked":["Meditate","InnerPeace","WindmillStrike"],"picked":"SKIP","floor":11},{"not_picked":["EmptyBody","Evaluate","WreathOfFlame"],"picked":"SKIP","floor":13},{"not_picked":["Evaluate","Indignation","TalkToTheHand"],"picked":"SKIP","floor":14}],"player_experience":185001,"relics_obtained":[{"floor":7,"key":"Letter Opener"}],"event_choices":[{"damage_healed":0,"gold_gain":0,"player_choice":"Ignored","damage_taken":0,"max_hp_gain":0,"max_hp_loss":0,"event_name":"Liars Game","floor":2,"gold_loss":0},{"cards_removed":["Strike_P"],"damage_healed":0,"gold_gain":0,"player_choice":"Card Removal","damage_taken":0,"max_hp_gain":0,"max_hp_loss":0,"event_name":"The Cleric","floor":5,"gold_loss":50},{"damage_healed":0,"gold_gain":0,"player_choice":"Donut","damage_taken":0,"max_hp_gain":5,"max_hp_loss":0,"event_name":"Big Fish","floor":12,"gold_loss":0}],"is_beta":false,"boss_relics":[],"items_purged_floors":[3],"is_endless":false,"potions_floor_spawned":[1,10,13,14],"killed_by":"Hexaghost","ascension_level":0}}