{"host":"wqi7jvkbznmdbtu0","time":1613937706,"event":{"mods":["BaseMod","Hermit","Hubris","Infinite Spire","Mimic Mod","Minty Spire (QoL Compilation)","Quick Restart","StSLib","The Construct","The Jungle","The Mystic"],"gold_per_floor":[116,116,127,137,137,137,149,149,220,271,196,196,212,229,229,229,229],"floor_reached":16,"language":"ENG","playtime":873,"items_purged":["hermit:Strike_Hermit"],"score":92,"play_id":"7d3d0d3a-b124-41a0-922e-291a8405339c","local_time":"20210221200146","is_ascension_mode":false,"campfire_choices":[{"data":"hermit:GoldenBullet","floor":6,"key":"SMITH"},{"data":"hermit:Snapshot","floor":8,"key":"SMITH"},{"data":"hermit:Dive","floor":12,"key":"SMITH"},{"data":"hermit:Determination","floor":15,"key":"SMITH"}],"circlet_count":0,"master_deck":["hermit:Strike_Hermit","hermit:Strike_Hermit","hermit:Strike_Hermit","hermit:Defend_Hermit","hermit:Defend_Hermit","hermit:Defend_Hermit","hermit:Defend_Hermit","hermit:Snapshot+1","hermit:Covet","hermit:TakeCover","hermit:GoldenBullet+1","hermit:Dive+1","hermit:Determination+1"],"relics":["hermit:Momento","NeowsBlessing","Ancient Tea Set","Darkstone Periapt","Toy Ornithopter"],"acts_visited":["Exordium"],"potions_floor_usage":[],"damage_taken":[{"damage":0,"enemies":"Small Slimes","floor":1,"turns":1},{"damage":0,"enemies":"infinitespire:Voidling","floor":3,"turns":1},{"damage":0,"enemies":"Jaw Worm","floor":4,"turns":1},{"damage":19,"enemies":"Red Slaver","floor":7,"turns":5},{"damage":20,"enemies":"Gremlin Gang","floor":13,"turns":8},{"damage":19,"enemies":"Exordium Thugs","floor":14,"turns":9},{"damage":17,"enemies":"Hexaghost","floor":16,"turns":14}],"seed_played":"-3558877200050563269","potions_obtained":[{"floor":7,"key":"hermit:Eclipse"},{"floor":13,"key":"LiquidMemories"}],"is_trial":false,"path_per_floor":["M","?","M","M","?","R","M","R","T","T","$","R","M","M","R","B"],"character_chosen":"HERMIT","items_purchased":[],"campfire_rested":0,"item_purchase_floors":[],"current_hp_per_floor":[75,75,75,75,72,72,53,53,53,53,53,53,33,14,14,0,0],"gold":229,"neow_bonus":"THREE_ENEMY_KILL","is_daily":false,"chose_seed":false,"campfire_upgraded":4,"win_rate":0.0,"timestamp":1613937706,"path_taken":["M","?","?","M","?","R","M","R","T","?","$","R","?","?","R","BOSS"],"items_purchased_type":[],"build_version":"2020-12-22","purchased_purges":1,"victory":false,"max_hp_per_floor":[75,75,75,75,75,75,75,75,75,75,75,75,75,75,75,75,75],"card_choices":[{"not_picked":["hermit:Manifest","hermit:Coalescence"],"picked":"hermit:TakeCover","floor":1},{"not_picked":["hermit:Combo","hermit:TrackingShot"],"picked":"hermit:GoldenBullet","floor":3},{"not_picked":["hermit:HoleUp","hermit:Glare"],"picked":"hermit:Dive","floor":4},{"not_picked":["hermit:HighCaliber","hermit:Coalescence","hermit:Feint"],"picked":"SKIP","floor":7},{"not_picked":["hermit:Cheat","hermit:GhostlyPresence"],"picked":"hermit:Determination","floor":13},{"not_picked":["hermit:Feint","hermit:GhostlyPresence","hermit:LoneWolf"],"picked":"SKIP","floor":14}],"player_experience":79711,"relics_obtained":[{"floor":9,"key":"Darkstone Periapt"},{"floor":10,"key":"Toy Ornithopter"}],"event_choices":[{"damage_healed":0,"gold_gain":0,"player_choice":"Bought 0 Potions","damage_taken":0,"max_hp_gain":0,"max_hp_loss":0,"event_name":"The Woman in Blue","floor":2,"gold_loss":0},{"damage_healed":0,"gold_gain":0,"player_choice":"Success","damage_taken":3,"relics_obtained":["Ancient Tea Set"],"max_hp_gain":0,"max_hp_loss":0,"event_name":"Scrap Ooze","floor":5,"gold_loss":0}],"is_beta":false,"boss_relics":[],"items_purged_floors":[11],"is_endless":false,"potions_floor_spawned":[7,13],"killed_by":"Hexaghost","ascension_level":0}}