{"host":"kmq7aw60w430zvtx","time":1613931035,"event":{"mods":["BaseMod","Downfall","GifTheSpireLib","Hermit","Hubris","Infinite Spire","Minty Spire (QoL Compilation)","Reliquary","Replay The Spire","Spire Arcade","StSLib","The Construct","The Cursed","The Hierophant","The Jungle","The Necromancer","The Runesmith"],"gold_per_floor":[219,219,2,2,2,2,21,21,21,56,75,150,25,39,39,134,134,145,145,145],"floor_reached":19,"language":"ENG","playtime":745,"items_purged":[],"score":215,"play_id":"6e65bdc3-c662-4e62-aa70-d28cc60b1c53","local_time":"20210221191035","is_ascension_mode":true,"campfire_choices":[{"floor":6,"key":"RECALL"},{"data":"ForeignInfluence","floor":8,"key":"SMITH"},{"floor":15,"key":"REST"}],"circlet_count":0,"master_deck":["Strike_R","Strike_R","Strike_R","Strike_R","Strike_R","Defend_R","Defend_R","Defend_R","Bash","Havoc","Amnesia","Hallucinations","infinitespire:Starlight","Feel No Pain","Anger","Madness","Blood for Blood+1","ForeignInfluence+1","FollowUp","Reaper","True Grit+1","Replay:Bootleg Shield Generator","ReplayTheSpireMod:Strike From Hell","Demonic Infusion","Twin Strike+1"],"relics":["Replay:M_SmolderingBlood","infinitespire:Cubic Diamond","reliquary:TridentHead","hubris:Backtick","Burning Blood"],"acts_visited":["Exordium","TheCity"],"potions_floor_usage":[16],"damage_taken":[{"damage":12,"enemies":"Small Slimes","floor":1,"turns":3},{"damage":10,"enemies":"2 Louse","floor":7,"turns":4},{"damage":30,"enemies":"Gremlin Nob","floor":10,"turns":4},{"damage":12,"enemies":"Jaw Worm","floor":11,"turns":2},{"damage":11,"enemies":"Looter","floor":14,"turns":3},{"damage":45,"enemies":"Hexaghost","floor":16,"turns":9},{"damage":54,"enemies":"3 Byrds","floor":18,"turns":7},{"damage":54,"enemies":"Spheric Guardian","floor":19,"turns":6}],"seed_played":"-9034680998417072746","potions_obtained":[{"floor":14,"key":"Venom Potion"}],"is_trial":false,"path_per_floor":["M","?","$","?","?","R","M","R","T","E","M","?","$","M","R","B",null,"M","M"],"character_chosen":"IRONCLAD","items_purchased":["Feel No Pain","Anger","Madness","True Grit+1","Replay:Bootleg Shield Generator"],"campfire_rested":1,"item_purchase_floors":[3,3,3,13,13],"current_hp_per_floor":[66,66,66,66,66,66,66,66,66,46,44,33,33,32,56,24,66,34,0,0],"gold":145,"neow_bonus":"HUNDRED_GOLD","is_daily":false,"chose_seed":false,"campfire_upgraded":1,"win_rate":0.0,"timestamp":1613931035,"path_taken":["M","?","$","?","?","R","M","R","T","E","M","?","$","M","R","BOSS","M","M"],"items_purchased_type":["Card","Card","Card","Card","Card"],"build_version":"2020-12-22","purchased_purges":0,"victory":false,"max_hp_per_floor":[80,80,80,80,80,80,80,80,80,80,80,80,80,80,80,80,80,80,80,80],"card_choices":[{"not_picked":["hubris:ReadiedAction","Reckless Charge"],"picked":"Havoc","floor":1},{"not_picked":["infinitespire:FutureSight","infinitespire:Fortify"],"picked":"infinitespire:Starlight","floor":2},{"not_picked":["True Grit","Dual Wield"],"picked":"ForeignInfluence","floor":7},{"not_picked":["Shrug It Off","Cleave"],"picked":"FollowUp","floor":10},{"not_picked":["Thunderclap","Run Through"],"picked":"Reaper","floor":11},{"not_picked":["Ghostly Armor","Cleave"],"picked":"ReplayTheSpireMod:Strike From Hell","floor":14},{"not_picked":["Offering","Reaper"],"picked":"Demonic Infusion","floor":16},{"not_picked":["Abandon","Clothesline"],"picked":"Twin Strike+1","floor":18}],"player_experience":399397,"relics_obtained":[{"floor":10,"key":"reliquary:TridentHead"}],"event_choices":[{"damage_healed":0,"gold_gain":75,"player_choice":"Gather Gold","damage_taken":11,"max_hp_gain":0,"max_hp_loss":0,"event_name":"World of Goop","floor":12,"gold_loss":0}],"is_beta":false,"boss_relics":[{"not_picked":["Honey Jar","Replay:Wanted Poster"],"picked":"hubris:Backtick"}],"items_purged_floors":[],"is_endless":false,"potions_floor_spawned":[14],"killed_by":"Spheric Guardian","ascension_level":6}}