{"host":"ormi09wwzv7sq47a","time":1613872051,"event":{"mods":["2.2 Compatiblity","AchievementEnabler","Act Like it!","BaseMod","Bestiary","Better Altar","Better Note","Better Sensory Stone","Better Silent Start","Better Skull","Better Third Choice","Better Vampires","BetterRewards","Block Reminder","Card Forge","Colored Map","Colored Powertips","Curses Come First","DeckTracker","Downfall","Highlight Path","Minty Spire (QoL Compilation)","Permanent Neow","Quick Restart","Rare Cards Sparkle","Relic Stats","Shop Mod","StSLib","The Jungle"],"gold_per_floor":[112,112,112,128,143,143,156,156,156,156,186,186,8,41,41,118,118,131,131,149,149,162,196,210,235,283,297,297,313,313,340,340,340,340],"floor_reached":33,"language":"ENG","playtime":1562,"items_purged":["Strike_B"],"score":690,"play_id":"ee566314-c482-4bb1-a0c6-647c71df6819","local_time":"20210220234731","is_ascension_mode":true,"campfire_choices":[{"data":"Streamline","floor":6,"key":"SMITH"},{"data":"Rebound","floor":8,"key":"SMITH"},{"data":"FTL","floor":12,"key":"SMITH"},{"data":"Zap","floor":15,"key":"SMITH"},{"data":"Go for the Eyes","floor":28,"key":"SMITH"},{"data":"Dualcast","floor":30,"key":"SMITH"},{"floor":32,"key":"REST"}],"circlet_count":0,"master_deck":["AscendersBane","Strike_B+1","Strike_B+1","Strike_B","Defend_B","Defend_B","Defend_B","Defend_B","Zap+1","Dualcast+1","FTL+1","Rebound+1","Streamline+1","Steam","Skim","Go for the Eyes+1","Gash","Biased Cognition+1","Conserve Battery","Glacier","Static Discharge+1","Steam","Capacitor+1","Gash","Loop+1","Creative AI+1"],"relics":["Cracked Core","Hammer of Thor","Seething Fire","Anvil of the Gods","Thread and Needle","Oddly Smooth Stone","Vajra","HandDrill","The Courier","Frozen Egg 2","hexamod:CandleOfCauterizing","HornCleat","ClockworkSouvenir","Whetstone","expansioncontent:StudyCardRelic","Boot","Red Mask","Lantern","Slimebound:StickyStick"],"acts_visited":["Exordium","TheCity"],"potions_floor_usage":[11,14,20,25,31],"damage_taken":[{"damage":2,"enemies":"Jaw Worm","floor":1,"turns":3},{"damage":0,"enemies":"2 Louse","floor":4,"turns":3},{"damage":0,"enemies":"Cultist","floor":5,"turns":2},{"damage":0,"enemies":"Exordium Thugs","floor":7,"turns":2},{"damage":4,"enemies":"3 Sentries","floor":11,"turns":5},{"damage":0,"enemies":"Gremlin Nob","floor":14,"turns":3},{"damage":11,"enemies":"The Guardian","floor":16,"turns":7},{"damage":0,"enemies":"Spheric Guardian","floor":18,"turns":2},{"damage":0,"enemies":"Shell Parasite","floor":20,"turns":3},{"damage":7,"enemies":"Centurion and Healer","floor":22,"turns":5},{"damage":0,"enemies":"Gremlin Leader","floor":23,"turns":5},{"damage":10,"enemies":"Shelled Parasite and Fungi","floor":24,"turns":3},{"damage":2,"enemies":"Masked Bandits","floor":25,"turns":4},{"damage":0,"enemies":"3 Cultists","floor":27,"turns":3},{"damage":0,"enemies":"Centurion and Healer","floor":29,"turns":4},{"damage":14,"enemies":"Book of Stabbing","floor":31,"turns":4},{"damage":58,"enemies":"Collector","floor":33,"turns":8}],"seed_played":"6368984506132570166","potions_obtained":[{"floor":1,"key":"DistilledChaos"},{"floor":11,"key":"BlessingOfTheForge"},{"floor":14,"key":"Fire Potion"},{"floor":22,"key":"LiquidBronze"},{"floor":24,"key":"PowerPotion"},{"floor":25,"key":"DuplicationPotion"}],"is_trial":false,"path_per_floor":["M","?","?","M","M","R","M","R","T","T","E","R","$","E","R","B",null,"M","?","M","?","M","E","M","?","T","M","R","M","R","E","R","B"],"character_chosen":"DEFECT","items_purchased":["Oddly Smooth Stone","Vajra","FTL","HandDrill","ClockworkSouvenir","Go for the Eyes"],"campfire_rested":1,"item_purchase_floors":[0,0,0,0,13,13],"current_hp_per_floor":[30,30,30,30,30,30,30,30,30,30,26,26,26,26,26,15,57,57,57,57,57,50,50,40,38,38,38,38,38,38,24,45,0,0],"gold":340,"neow_bonus":"","is_daily":false,"chose_seed":false,"campfire_upgraded":6,"win_rate":0.0,"timestamp":1613872051,"path_taken":["M","?","?","M","M","R","?","R","T","?","E","R","$","E","R","BOSS","M","?","M","?","M","E","M","?","T","M","R","M","R","E","R","BOSS"],"items_purchased_type":["Relic","Relic","Card","Relic","Relic","Card"],"build_version":"2020-12-22","purchased_purges":1,"victory":false,"max_hp_per_floor":[71,71,71,71,71,71,71,71,71,71,71,71,71,71,71,71,71,71,71,71,71,71,71,71,71,71,71,71,71,71,71,71,71,71],"relic_stats":{"counters":[22,80],"HandDrill":[30],"Whetstone":["Strike_B","Strike_B"],"Boot":[12],"obtain_stats":[{"hexamod:CandleOfCauterizing":10,"Lantern":26,"Oddly Smooth Stone":0,"Vajra":0,"Thread and Needle":0,"Hammer of Thor":0,"The Courier":3,"expansioncontent:StudyCardRelic":17,"Seething Fire":0,"Whetstone":14,"Frozen Egg 2":9,"Boot":23,"ClockworkSouvenir":13,"HornCleat":11,"Anvil of the Gods":0,"Slimebound:StickyStick":31,"Gambling Chip":0,"Turnip":0,"HandDrill":0,"Red Mask":25,"Cracked Core":0},{"hexamod:CandleOfCauterizing":9,"Lantern":18,"Oddly Smooth Stone":5,"Vajra":5,"Thread and Needle":5,"Hammer of Thor":0,"The Courier":6,"expansioncontent:StudyCardRelic":12,"Seething Fire":0,"Whetstone":11,"Frozen Egg 2":9,"Boot":16,"ClockworkSouvenir":10,"HornCleat":10,"Anvil of the Gods":0,"Slimebound:StickyStick":21,"Gambling Chip":0,"Turnip":0,"HandDrill":5,"Red Mask":18,"Cracked Core":0},{"hexamod:CandleOfCauterizing":24,"Lantern":61,"Oddly Smooth Stone":14,"Vajra":14,"Thread and Needle":14,"Hammer of Thor":0,"The Courier":17,"expansioncontent:StudyCardRelic":39,"Seething Fire":0,"Whetstone":32,"Frozen Egg 2":24,"Boot":54,"ClockworkSouvenir":29,"HornCleat":29,"Anvil of the Gods":0,"Slimebound:StickyStick":72,"Gambling Chip":0,"Turnip":0,"HandDrill":14,"Red Mask":61,"Cracked Core":0}]},"card_choices":[{"not_picked":["Turbo","Force Field"],"picked":"Genetic Algorithm","floor":1},{"not_picked":["Heatsinks","Cold Snap"],"picked":"Rebound","floor":4},{"not_picked":["Auto Shields","Melter"],"picked":"Streamline","floor":5},{"not_picked":["Reprogram","Ball Lightning"],"picked":"Steam","floor":7},{"not_picked":["Chill","Stack"],"picked":"Skim","floor":11},{"not_picked":["Sunder","Reprogram"],"picked":"Gash","floor":14},{"not_picked":["Amplify","Hyperbeam"],"picked":"Biased Cognition+1","floor":16},{"not_picked":["Hello World+1","Redo","Cold Snap"],"picked":"SKIP","floor":18},{"not_picked":["Double Energy","Rebound+1"],"picked":"Conserve Battery","floor":20},{"not_picked":["Melter","Turbo"],"picked":"Glacier","floor":22},{"not_picked":["Sweeping Beam","Compile Driver"],"picked":"Static Discharge+1","floor":23},{"not_picked":["Auto Shields","Compile Driver"],"picked":"Steam","floor":24},{"not_picked":["Seek","Stack"],"picked":"Capacitor+1","floor":25},{"not_picked":["Ball Lightning+1","Streamline"],"picked":"Gash","floor":27},{"not_picked":["Ball Lightning","Undo"],"picked":"Loop+1","floor":29},{"not_picked":["FTL","Streamline"],"picked":"Creative AI+1","floor":31}],"player_experience":1126746,"relics_obtained":[{"floor":9,"key":"Frozen Egg 2"},{"floor":10,"key":"hexamod:CandleOfCauterizing"},{"floor":11,"key":"HornCleat"},{"floor":14,"key":"Whetstone"},{"floor":23,"key":"Boot"},{"floor":25,"key":"Red Mask"},{"floor":26,"key":"Lantern"},{"floor":31,"key":"Slimebound:StickyStick"}],"event_choices":[{"damage_healed":0,"gold_gain":0,"player_choice":"Ignored","damage_taken":112,"max_hp_gain":0,"max_hp_loss":0,"event_name":"betterThird:BetterSerpent","floor":2,"gold_loss":0},{"cards_removed":["Genetic Algorithm"],"damage_healed":0,"gold_gain":0,"player_choice":"Gave Card","damage_taken":0,"relics_obtained":["The Courier"],"max_hp_gain":0,"max_hp_loss":0,"event_name":"WeMeetAgain","floor":3,"gold_loss":0},{"damage_healed":0,"gold_gain":0,"player_choice":"Ignored","damage_taken":0,"max_hp_gain":0,"max_hp_loss":0,"event_name":"Vampires","floor":19,"gold_loss":0},{"damage_healed":0,"gold_gain":0,"player_choice":"Fought Bandits","damage_taken":0,"max_hp_gain":0,"max_hp_loss":0,"event_name":"Masked Bandits","floor":25,"gold_loss":0}],"is_beta":false,"boss_relics":[{"not_picked":["Inserter","Velvet Choker"],"picked":"expansioncontent:StudyCardRelic"}],"items_purged_floors":[0],"is_endless":false,"potions_floor_spawned":[1,11,14,22,24,25,29],"killed_by":"Collector","ascension_level":20}}