{"host":"hk3n60c9tb8azi3z","time":1613928398,"event":{"mods":["AchievementEnabler","BaseMod","Minty Spire (QoL Compilation)","Relic Sorter","Relic Stats"],"gold_per_floor":[112,128,139,139,139,172,172,198,198,198,273,325,5,44,44,166,166,186,101,140,140,40,40,71,71,71,124,181,206,206,243,243,369,369,379,379,379,116,0,55,112,112,161,193,236,296,74,125,125,155,155,155,1,28,28],"floor_reached":56,"language":"ENG","playtime":7321,"items_purged":["Regret","Decay","SashWhip"],"score":1528,"play_id":"c8334c5f-0e96-4855-bd67-22d1b5da7eb8","local_time":"20210221182638","daily_mods":["SealedDeck","Flight","Lethality"],"is_ascension_mode":false,"campfire_choices":[{"data":"WaveOfTheHand","floor":7,"key":"SMITH"},{"data":"Meditate","floor":10,"key":"SMITH"},{"floor":15,"key":"REST"},{"data":"TalkToTheHand","floor":23,"key":"SMITH"},{"data":"Nirvana","floor":25,"key":"SMITH"},{"floor":32,"key":"REST"},{"floor":42,"key":"RECALL"},{"floor":49,"key":"REST"},{"floor":52,"key":"REST"}],"circlet_count":0,"master_deck":["EmptyBody+1","Weave","Weave","CutThroughFate","ThirdEye","Meditate+1","PathToVictory+1","PathToVictory+1","Nirvana+1","WaveOfTheHand+1","Wish+1","Nirvana+1","JustLucky","TalkToTheHand+1","EmptyBody+1","DevaForm+1","CutThroughFate","Fasting2","JustLucky","InnerPeace+1","Nirvana","LessonLearned+1","WheelKick","Vault+1","Indignation+1","ForeignInfluence+1","ConjureBlade+1","Fasting2","JustLucky+1","Secret Weapon+1","Secret Technique+1","Deep Breath+1","Enlightenment+1","CutThroughFate","Tantrum+1","ThirdEye+1","Tantrum+1","Wireheading","SpiritShield+1","Adaptation+1","Protect+1","JustLucky"],"relics":["PureWater","Mercury Hourglass","Prayer Wheel","White Beast Statue","Turnip","PreservedInsect","Melange","Runic Pyramid","Darkstone Periapt","Shuriken","Gremlin Horn","Boot","Bottled Lightning","Toxic Egg 2","Fusion Hammer","Red Mask","Sundial","Centennial Puzzle","Potion Belt","CloakClasp","Strawberry","GoldenEye","Orrery","War Paint"],"acts_visited":["Exordium","TheCity","TheBeyond","TheEnding"],"potions_floor_usage":[8,18,20,24,27,27,27,27,27,28,29,41,41,48,48,54,55,55,55,55],"damage_taken":[{"damage":0,"enemies":"Jaw Worm","floor":1,"turns":1},{"damage":0,"enemies":"2 Louse","floor":2,"turns":1},{"damage":0,"enemies":"Cultist","floor":3,"turns":2},{"damage":0,"enemies":"Lagavulin","floor":6,"turns":3},{"damage":25,"enemies":"3 Sentries","floor":8,"turns":5},{"damage":3,"enemies":"Lagavulin","floor":12,"turns":3},{"damage":6,"enemies":"Exordium Wildlife","floor":14,"turns":3},{"damage":0,"enemies":"Slime Boss","floor":16,"turns":4},{"damage":0,"enemies":"3 Byrds","floor":18,"turns":3},{"damage":5,"enemies":"Shell Parasite","floor":20,"turns":4},{"damage":6,"enemies":"Book of Stabbing","floor":24,"turns":3},{"damage":10,"enemies":"Gremlin Leader","floor":27,"turns":3},{"damage":1,"enemies":"Slavers","floor":28,"turns":3},{"damage":7,"enemies":"Book of Stabbing","floor":29,"turns":2},{"damage":14,"enemies":"Snake Plant","floor":31,"turns":6},{"damage":11,"enemies":"Champ","floor":33,"turns":6},{"damage":0,"enemies":"3 Darklings","floor":35,"turns":3},{"damage":0,"enemies":"Giant Head","floor":40,"turns":4},{"damage":0,"enemies":"Nemesis","floor":41,"turns":5},{"damage":0,"enemies":"Giant Head","floor":44,"turns":4},{"damage":0,"enemies":"3 Shapes","floor":45,"turns":3},{"damage":15,"enemies":"Nemesis","floor":46,"turns":5},{"damage":0,"enemies":"2 Orb Walkers","floor":48,"turns":5},{"damage":2,"enemies":"Awakened One","floor":50,"turns":5},{"damage":9,"enemies":"Shield and Spear","floor":54,"turns":5},{"damage":10,"enemies":"The Heart","floor":55,"turns":7}],"seed_played":"3622219443106812533","potions_obtained":[{"floor":1,"key":"EntropicBrew"},{"floor":3,"key":"DistilledChaos"},{"floor":6,"key":"FearPotion"},{"floor":12,"key":"Weak Potion"},{"floor":14,"key":"SpeedPotion"},{"floor":16,"key":"PowerPotion"},{"floor":18,"key":"Ancient Potion"},{"floor":20,"key":"Weak Potion"},{"floor":24,"key":"Strength Potion"},{"floor":27,"key":"Fire Potion"},{"floor":28,"key":"ColorlessPotion"},{"floor":29,"key":"StancePotion"},{"floor":31,"key":"FairyPotion"},{"floor":33,"key":"Block Potion"},{"floor":35,"key":"LiquidMemories"},{"floor":41,"key":"FairyPotion"},{"floor":44,"key":"EntropicBrew"},{"floor":45,"key":"LiquidMemories"},{"floor":46,"key":"ColorlessPotion"},{"floor":48,"key":"LiquidBronze"},{"floor":54,"key":"LiquidMemories"}],"is_trial":true,"path_per_floor":["M","M","M","?","?","E","R","E","T","R","?","E","$","M","R","B",null,"M","?","M","?","$","R","E","R","T","E","E","E","?","M","R","B",null,"M","?","?","$","?","E","E","R","T","E","M","E","$","?","R","B",null,"R","$","E","B",null],"character_chosen":"WATCHER","items_purchased":["Melange","Nirvana","JustLucky","Enlightenment+1","CutThroughFate","Wireheading","Strawberry","Orrery"],"campfire_rested":4,"item_purchase_floors":[13,13,13,38,38,47,47,53],"current_hp_per_floor":[72,72,72,72,72,72,72,47,47,47,36,33,33,27,48,48,72,72,72,67,73,73,73,67,67,67,57,56,49,49,35,58,47,78,78,78,68,68,68,68,68,68,68,68,68,53,60,60,85,83,85,85,85,76,66],"gold":28,"neow_bonus":"","is_daily":false,"chose_seed":false,"campfire_upgraded":4,"win_rate":0.0,"timestamp":1613928398,"path_taken":["M","M","M","?","?","E","R","E","T","R","?","E","?","?","R","BOSS","M","?","M","?","$","R","E","R","T","E","E","E","?","M","R","BOSS","M","?","?","$","?","E","E","R","T","E","M","E","$","?","R","BOSS","R","$","E","BOSS"],"items_purchased_type":["Relic","Card","Card","Card","Card","Card","Relic","Relic"],"build_version":"2020-12-22","purchased_purges":3,"victory":true,"max_hp_per_floor":[72,72,72,72,72,72,72,72,72,72,72,72,72,72,72,72,72,72,72,72,78,78,78,78,78,78,78,78,78,78,78,78,78,78,78,78,78,78,78,78,78,78,78,78,78,78,85,85,85,85,85,85,85,85,85],"relic_stats":{"Darkstone Periapt":6,"Gremlin Horn":[14,14],"counters":[26,98],"Melange":[33],"PreservedInsect":577,"CloakClasp":[80],"War Paint":["PathToVictory","InnerPeace"],"Boot":[63],"GoldenEye":[83],"Mercury Hourglass":[350],"Centennial Puzzle":[12],"Shuriken":[61],"Sundial":[2],"Prayer Wheel":6,"Turnip":[8],"obtain_stats":[{"Darkstone Periapt":19,"Potion Belt":44,"Gremlin Horn":26,"Melange":13,"PreservedInsect":12,"CloakClasp":46,"War Paint":54,"Boot":27,"GoldenEye":48,"White Beast Statue":8,"Mercury Hourglass":5,"Centennial Puzzle":41,"Shuriken":24,"Sundial":40,"Strawberry":47,"Orrery":53,"Prayer Wheel":6,"Turnip":9,"Fusion Hammer":34,"Red Mask":39,"Bottled Lightning":28,"PureWater":0,"Toxic Egg 2":29,"Runic Pyramid":17},{"Darkstone Periapt":9,"Potion Belt":20,"Gremlin Horn":11,"Melange":6,"PreservedInsect":6,"CloakClasp":22,"War Paint":25,"Boot":12,"GoldenEye":23,"White Beast Statue":5,"Mercury Hourglass":3,"Centennial Puzzle":19,"Shuriken":11,"Sundial":18,"Strawberry":22,"Orrery":24,"Prayer Wheel":4,"Turnip":5,"Fusion Hammer":16,"Red Mask":17,"Bottled Lightning":13,"PureWater":0,"Toxic Egg 2":14,"Runic Pyramid":8},{"Darkstone Periapt":25,"Potion Belt":68,"Gremlin Horn":32,"Melange":15,"PreservedInsect":15,"CloakClasp":76,"War Paint":91,"Boot":35,"GoldenEye":81,"White Beast Statue":12,"Mercury Hourglass":4,"Centennial Puzzle":64,"Shuriken":32,"Sundial":59,"Strawberry":76,"Orrery":86,"Prayer Wheel":7,"Turnip":12,"Fusion Hammer":52,"Red Mask":55,"Bottled Lightning":38,"PureWater":0,"Toxic Egg 2":40,"Runic Pyramid":22}]},"card_choices":[{"not_picked":["SignatureMove","Prostrate"],"picked":"Nirvana","floor":1},{"not_picked":["BowlingBash","Worship","Adaptation"],"picked":"SKIP","floor":2},{"not_picked":["Prostrate","Halt","BowlingBash"],"picked":"SKIP","floor":3},{"not_picked":["ForeignInfluence","Judgement"],"picked":"WaveOfTheHand","floor":6},{"not_picked":["Prostrate","Protect"],"picked":"Wish","floor":8},{"not_picked":["Study","Perseverance","EmptyFist"],"picked":"SKIP","floor":12},{"not_picked":["EmptyBody","Collect"],"picked":"TalkToTheHand","floor":14},{"not_picked":["BowlingBash","FlyingSleeves"],"picked":"EmptyBody","floor":14},{"not_picked":["SpiritShield","Judgement"],"picked":"DevaForm","floor":16},{"not_picked":["Consecrate","FlurryOfBlows+1"],"picked":"CutThroughFate","floor":18},{"not_picked":["BowlingBash","Prostrate+1"],"picked":"Fasting2","floor":18},{"not_picked":["Indignation","FlyingSleeves"],"picked":"JustLucky","floor":20},{"not_picked":["BattleHymn","Fasting2"],"picked":"InnerPeace","floor":20},{"not_picked":["LikeWater","ThirdEye"],"picked":"Nirvana","floor":24},{"not_picked":["Vengeance","CrushJoints"],"picked":"LessonLearned","floor":27},{"not_picked":["Evaluate","Halt"],"picked":"WheelKick","floor":28},{"not_picked":["Collect+1","FlyingSleeves"],"picked":"Vault+1","floor":29},{"not_picked":["Prostrate+1","Protect+1"],"picked":"Indignation+1","floor":31},{"not_picked":["SashWhip","ForeignInfluence+1","Conclude+1"],"picked":"SKIP","floor":31},{"not_picked":["SashWhip","ForeignInfluence+1","Conclude+1"],"picked":"SKIP","floor":31},{"not_picked":["SashWhip","Conclude+1"],"picked":"ForeignInfluence+1","floor":31},{"not_picked":["LessonLearned","Alpha+1"],"picked":"ConjureBlade+1","floor":33},{"not_picked":["Worship+1","Prostrate+1"],"picked":"Fasting2","floor":35},{"not_picked":["Pray+1","WreathOfFlame+1"],"picked":"JustLucky","floor":35},{"not_picked":["Blind+1","Trip+1"],"picked":"Secret Weapon+1","floor":37},{"not_picked":["Trip+1","Jack Of All Trades+1"],"picked":"Secret Technique+1","floor":37},{"not_picked":["PanicButton+1","Good Instincts+1"],"picked":"Deep Breath+1","floor":37},{"not_picked":["SashWhip+1","Pray+1","Judgement+1"],"picked":"SKIP","floor":40},{"not_picked":["ReachHeaven+1","BowlingBash+1","FollowUp+1"],"picked":"SKIP","floor":41},{"not_picked":["FearNoEvil","FlyingSleeves+1","Halt+1"],"picked":"SKIP","floor":44},{"not_picked":["Weave","SignatureMove"],"picked":"Tantrum+1","floor":45},{"not_picked":["CrushJoints","Protect+1"],"picked":"ThirdEye+1","floor":45},{"not_picked":["MasterReality","CutThroughFate"],"picked":"Tantrum","floor":46},{"not_picked":["Meditate+1","EmptyFist+1"],"picked":"SpiritShield+1","floor":53},{"not_picked":["Prostrate+1","PathToVictory+1"],"picked":"Adaptation+1","floor":53},{"not_picked":["Perseverance+1","FollowUp+1"],"picked":"Protect+1","floor":53},{"not_picked":["FollowUp","Evaluate+1"],"picked":"JustLucky","floor":54}],"player_experience":1737827,"relics_obtained":[{"floor":6,"key":"Prayer Wheel"},{"floor":8,"key":"White Beast Statue"},{"floor":9,"key":"Turnip"},{"floor":12,"key":"PreservedInsect"},{"floor":24,"key":"Shuriken"},{"floor":26,"key":"Gremlin Horn"},{"floor":27,"key":"Boot"},{"floor":28,"key":"Bottled Lightning"},{"floor":29,"key":"Toxic Egg 2"},{"floor":40,"key":"Sundial"},{"floor":41,"key":"Centennial Puzzle"},{"floor":44,"key":"Potion Belt"},{"floor":46,"key":"CloakClasp"},{"floor":48,"key":"GoldenEye"},{"floor":54,"key":"War Paint"}],"event_choices":[{"damage_healed":0,"gold_gain":0,"player_choice":"Grow","damage_taken":0,"max_hp_gain":0,"max_hp_loss":0,"event_name":"Living Wall","floor":4,"gold_loss":0,"cards_upgraded":["Nirvana"]},{"damage_healed":0,"gold_gain":0,"player_choice":"Box","damage_taken":0,"relics_obtained":["Mercury Hourglass"],"max_hp_gain":0,"max_hp_loss":0,"event_name":"Big Fish","floor":5,"gold_loss":0,"cards_obtained":["Regret"]},{"damage_healed":0,"gold_gain":75,"player_choice":"Gather Gold","damage_taken":11,"max_hp_gain":0,"max_hp_loss":0,"event_name":"World of Goop","floor":11,"gold_loss":0},{"damage_healed":0,"gold_gain":0,"player_choice":"Obtained Relic","damage_taken":0,"relics_obtained":["Darkstone Periapt"],"max_hp_gain":0,"max_hp_loss":0,"event_name":"Addict","floor":19,"gold_loss":85},{"damage_healed":0,"gold_gain":0,"player_choice":"Smashed Altar","damage_taken":0,"max_hp_gain":0,"max_hp_loss":0,"event_name":"Forgotten Altar","floor":21,"gold_loss":0,"cards_obtained":["Decay"]},{"damage_healed":0,"gold_gain":0,"player_choice":"Ignored","damage_taken":0,"max_hp_gain":0,"max_hp_loss":0,"event_name":"Vampires","floor":30,"gold_loss":0},{"cards_removed":["Wireheading"],"damage_healed":0,"gold_gain":0,"player_choice":"Removed Power","damage_taken":0,"max_hp_gain":0,"max_hp_loss":0,"event_name":"Falling","floor":36,"gold_loss":0},{"damage_healed":0,"gold_gain":0,"player_choice":"Memory 3","damage_taken":10,"max_hp_gain":0,"max_hp_loss":0,"event_name":"SensoryStone","floor":37,"gold_loss":0},{"damage_healed":0,"gold_gain":0,"player_choice":"Paid","damage_taken":0,"relics_obtained":["Red Mask"],"max_hp_gain":0,"max_hp_loss":0,"event_name":"Tomb of Lord Red Mask","floor":39,"gold_loss":116},{"damage_healed":0,"gold_gain":0,"player_choice":"Fight","damage_taken":0,"max_hp_gain":0,"max_hp_loss":0,"event_name":"Mysterious Sphere","floor":48,"gold_loss":0}],"is_beta":false,"boss_relics":[{"not_picked":["Cursed Key","Busted Crown"],"picked":"Runic Pyramid"},{"not_picked":["Calling Bell","Coffee Dripper"],"picked":"Fusion Hammer"}],"items_purged_floors":[13,22,38],"is_endless":false,"potions_floor_spawned":[1,3,6,12,14,16,18,20,24,27,28,29,31,33,35,40,41,44,45,46,48,54],"ascension_level":0}}