{"host":"4a6fro0of1ie0h2w","time":1613917718,"event":{"mods":["Aspiration","BaseMod","CCEM2","Colored Map","Conspire","Downfall","GifTheSpireLib","Halation","Highlight Path","Hubris","Infinite Spire","Marisa????????","Minty Spire (QoL Compilation)","Permanent Neow","Replay The Spire","StSLib","Stuff the Spire","The Servant 0.9.4"],"gold_per_floor":[99,109,109,128,128,128,128,128],"floor_reached":6,"language":"ENG","playtime":187,"items_purged":["sneckomod:Strike"],"score":36,"play_id":"eee48488-026a-4ace-8c05-2b22a54fe690","local_time":"20210221162838","is_ascension_mode":true,"campfire_choices":[{"data":"Sadistic Nature","floor":1,"key":"SMITH"}],"circlet_count":0,"master_deck":["sneckomod:Strike","sneckomod:Strike","sneckomod:Defend","sneckomod:Defend","sneckomod:Defend","sneckomod:TailWhip","sneckomod:SnekBite","sneckomod:Unknown","sneckomod:Unknown","Sadistic Nature+1","sneckomod:MixItUp+1","sneckomod:UnknownClassRED"],"relics":["sneckomod:SneckoSoul","hubris:FruitBowl","StuffTheSpire:Gunfinga"],"acts_visited":["Exordium"],"potions_floor_usage":[6],"damage_taken":[{"damage":9,"enemies":"Small Slimes","floor":2,"turns":3},{"damage":0,"enemies":"Cultist","floor":4,"turns":2},{"damage":31,"enemies":"Lagavulin","floor":6,"turns":3}],"seed_played":"-6258165732107351027","potions_obtained":[{"floor":2,"key":"sneckomod:OffclassReductionPotion"},{"floor":4,"key":"BlessingOfTheForge"}],"is_trial":false,"path_per_floor":["R","M","?","M","$","E"],"character_chosen":"THE_SNECKO","items_purchased":["hubris:FruitBowl","StuffTheSpire:Gunfinga"],"campfire_rested":0,"item_purchase_floors":[5,5],"current_hp_per_floor":[63,54,54,54,20,0,0,0],"gold":128,"neow_bonus":"RANDOM_COLORLESS_2","is_daily":false,"chose_seed":false,"campfire_upgraded":1,"win_rate":0.0,"timestamp":1613917718,"path_taken":["R","M","?","M","?","E"],"items_purchased_type":["Relic","Relic"],"build_version":"2020-12-22","purchased_purges":1,"victory":false,"max_hp_per_floor":[90,90,90,90,90,90,90,90],"card_choices":[{"not_picked":["Secret Technique","Transmutation"],"picked":"Sadistic Nature","floor":0},{"not_picked":["sneckomod:Nope","sneckomod:QuickMove"],"picked":"sneckomod:MixItUp","floor":2},{"not_picked":["sneckomod:Rotation","sneckomod:QuickBite"],"picked":"sneckomod:UnknownClassRED","floor":4}],"player_experience":241586,"relics_obtained":[],"event_choices":[],"is_beta":false,"boss_relics":[],"items_purged_floors":[5],"is_endless":false,"potions_floor_spawned":[2,4],"killed_by":"Lagavulin","ascension_level":1}}