{"host":"ssbj2e5691x5ub3h","time":1613869884,"event":{"mods":["BaseMod","Downfall","Minty Spire (QoL Compilation)","Quick Restart","StSLib","SuperFastMode"],"gold_per_floor":[99,115,129,142,242,242,292,292,122,139,159,159,172,172,185,284,284,284,301,401,198,198,198,225,225,225,225,237,252,252,268,282,383,383,383,400,400,56,74,74,98,98,114,114,114,114],"floor_reached":44,"language":"ENG","playtime":3310,"items_purged":["champ:Defend"],"score":400,"play_id":"5aa9a66e-74af-43d0-a228-6af5b652cf96","local_time":"20210220231124","is_ascension_mode":false,"campfire_choices":[{"data":"champ:Execute","floor":1,"key":"SMITH"},{"floor":6,"key":"REST"},{"floor":8,"key":"REST"},{"data":"champ:StanceDance","floor":12,"key":"SMITH"},{"data":"champ:MurderStrike","floor":18,"key":"SMITH"},{"floor":23,"key":"REST"},{"data":"champ:StanceDance","floor":25,"key":"SMITH"},{"data":"champ:Encircle","floor":27,"key":"SMITH"},{"data":"champ:IronFortress","floor":30,"key":"SMITH"},{"data":"champ:Improvising","floor":35,"key":"SMITH"},{"data":"champ:Taunt","floor":40,"key":"SMITH"},{"data":"champ:GutPunch","floor":42,"key":"SMITH"}],"circlet_count":0,"master_deck":["champ:Strike","champ:Strike+1","champ:Defend","champ:Defend","champ:Execute+1","champ:Taunt+1","champ:Backstep","champ:FlashCut+1","champ:CrownThrow","champ:StanceDance+1","champ:StanceDance+1","champ:PreemptiveStrike","champ:FaceSlap","champ:BringItOn","champ:Encircle+1","champ:MurderStrike+1","champ:GutPunch+1","champ:EnGarde","champ:FocusedBerserking","J.A.X.","champ:ShieldThrow","champ:IronFortress+1","RitualDagger+1","champ:AdrenalArmor","champ:SetATrap+1","champ:IronFortress+1","champ:Improvising+1","champ:FanOfKnives","champ:Circumvent+1","champ:ArenaPreparation+1","champ:SetATrap+1","Parasite"],"relics":["champ:ChampionCrown","White Beast Statue","Bag of Preparation","Sling","bronze:MakeshiftBattery","MutagenicStrength","Whetstone","Boot","Snecko Eye","HornCleat","Oddly Smooth Stone"],"acts_visited":["Exordium","TheCity","TheBeyond"],"potions_floor_usage":[5,15,20,20,21,21,32,33,33],"damage_taken":[{"damage":15,"enemies":"2 Louse","floor":2,"turns":3},{"damage":16,"enemies":"Cultist","floor":3,"turns":4},{"damage":12,"enemies":"Small Slimes","floor":4,"turns":3},{"damage":111,"enemies":"downfall:LadyInBlue","floor":5,"turns":14},{"damage":10,"enemies":"downfall:FleeingMerchant","floor":9,"turns":4},{"damage":15,"enemies":"3 Louse","floor":10,"turns":4},{"damage":10,"enemies":"Blue Slaver","floor":11,"turns":2},{"damage":20,"enemies":"2 Fungi Beasts","floor":13,"turns":3},{"damage":0,"enemies":"3 Louse","floor":15,"turns":2},{"damage":45,"enemies":"SI_SHIV_ARCHETYPE","floor":16,"turns":6},{"damage":34,"enemies":"downfall:LooterAlt2","floor":19,"turns":4},{"damage":36,"enemies":"downfall:Augmenter","floor":20,"turns":5},{"damage":20,"enemies":"downfall:FleeingMerchant","floor":21,"turns":4},{"damage":30,"enemies":"Shell Parasite","floor":28,"turns":4},{"damage":10,"enemies":"Snake Plant","floor":29,"turns":3},{"damage":11,"enemies":"Snecko","floor":31,"turns":3},{"damage":0,"enemies":"Centurion and Healer","floor":32,"turns":4},{"damage":55,"enemies":"IC_MUSHROOM_ARCHETYPE","floor":33,"turns":6},{"damage":51,"enemies":"3 Darklings","floor":36,"turns":4},{"damage":18,"enemies":"downfall:FleeingMerchant","floor":38,"turns":4},{"damage":15,"enemies":"Orb Walker","floor":39,"turns":2},{"damage":16,"enemies":"Jaw Worm Horde","floor":43,"turns":4},{"damage":58,"enemies":"Writhing Mass","floor":44,"turns":5}],"seed_played":"-6716569197830028647","potions_obtained":[{"floor":2,"key":"DistilledChaos"},{"floor":5,"key":"BlessingOfTheForge"},{"floor":5,"key":"EntropicBrew"},{"floor":5,"key":"SteroidPotion"},{"floor":5,"key":"hexamod:SoulburnPotion"},{"floor":10,"key":"champ:OpenerPotion"},{"floor":15,"key":"Swift Potion"},{"floor":20,"key":"FearPotion"},{"floor":21,"key":"FearPotion"},{"floor":22,"key":"CultistPotion"},{"floor":28,"key":"LiquidBronze"},{"floor":31,"key":"Guardian:BlockOnCardUsePotion"},{"floor":32,"key":"Strength Potion"},{"floor":33,"key":"sneckomod:MuddlingPotion"},{"floor":36,"key":"Swift Potion"},{"floor":38,"key":"AttackPotion"}],"is_trial":false,"path_per_floor":["R","M","M","M","?","R","T","R","$","M","M","R","M","?","M","B",null,"R","M","?","$","?","R","T","R","?","R","M","M","R","M","M","B",null,"R","M","?","$","M","R","T","R","M","M"],"character_chosen":"THE_CHAMP","items_purchased":["Sling","champ:IronFortress","Whetstone","HornCleat"],"campfire_rested":3,"item_purchase_floors":[9,21,21,38],"current_hp_per_floor":[99,94,93,91,30,59,59,88,88,78,78,78,78,78,78,53,99,99,75,44,34,34,63,63,63,63,63,63,63,63,62,62,37,99,99,83,83,75,60,60,60,60,44,0,0,0],"gold":114,"neow_bonus":"TEN_PERCENT_HP_BONUS","is_daily":false,"chose_seed":false,"campfire_upgraded":9,"win_rate":0.0,"timestamp":1613869884,"path_taken":["R","M","M","M","?","R","T","R","$","M","?","R","M","?","M","BOSS","R","M","?","$","?","R","T","R","?","R","M","M","R","M","M","BOSS","R","M","?","$","M","R","T","R","M","M"],"items_purchased_type":["Relic","Card","Relic","Relic"],"build_version":"2020-12-22","purchased_purges":1,"victory":false,"max_hp_per_floor":[99,99,99,99,99,99,99,99,99,99,99,99,99,99,99,99,99,99,99,99,99,99,99,99,99,99,99,99,99,99,99,99,99,99,99,99,99,99,99,99,99,99,99,99,99,99],"card_choices":[{"not_picked":["champ:PreemptiveStrike","champ:RecklessLeap"],"picked":"champ:Backstep","floor":2},{"not_picked":["champ:RisingSlash","champ:Endure"],"picked":"champ:FlashCut","floor":3},{"not_picked":["champ:BladeFlurry","champ:ArenaPreparation"],"picked":"champ:CrownThrow","floor":4},{"not_picked":["champ:BerserkersShout","champ:FlashCut"],"picked":"champ:StanceDance","floor":5},{"not_picked":["champ:RapidStrikes","champ:Haymaker"],"picked":"champ:StanceDance","floor":9},{"not_picked":["champ:ShieldSlam","champ:FocusedDefense"],"picked":"champ:PreemptiveStrike","floor":10},{"not_picked":["champ:Shatter","champ:FocusedBerserking"],"picked":"champ:FaceSlap","floor":11},{"not_picked":["champ:DeathBlow","champ:Encircle"],"picked":"champ:BringItOn","floor":13},{"not_picked":["champ:GutPunch","champ:Haymaker"],"picked":"champ:Encircle","floor":15},{"not_picked":["champ:HeavySlash","champ:UltimateStance"],"picked":"champ:MurderStrike","floor":16},{"not_picked":["champ:Backstep","champ:FalseCounter"],"picked":"champ:GutPunch","floor":19},{"not_picked":[],"picked":"J.A.X.","floor":20},{"not_picked":["champ:CrownThrow","champ:ArenaPreparation+1"],"picked":"champ:ShieldThrow","floor":21},{"not_picked":["champ:BerserkersShout","champ:Encircle"],"picked":"champ:AdrenalArmor","floor":28},{"not_picked":["champ:CrookedStrike","champ:PreemptiveStrike"],"picked":"champ:SetATrap+1","floor":29},{"not_picked":["champ:RecklessLeap","champ:ShieldSlam+1"],"picked":"champ:IronFortress+1","floor":31},{"not_picked":["champ:IronFortress+1","champ:BladeFlurry+1","champ:DeathBlow"],"picked":"SKIP","floor":32},{"not_picked":["champ:Devastate","champ:StrikeOfGenius"],"picked":"champ:Improvising","floor":33},{"not_picked":["champ:DefensiveShout","champ:FaceSlap"],"picked":"champ:FanOfKnives","floor":36},{"not_picked":["champ:ShieldSlam","champ:HeartStrike+1"],"picked":"champ:Circumvent+1","floor":38},{"not_picked":["champ:Shatter","champ:StanceDance+1"],"picked":"champ:ArenaPreparation+1","floor":39},{"not_picked":["champ:HeartStrike+1","champ:EnGarde+1"],"picked":"champ:SetATrap+1","floor":43}],"player_experience":153194,"relics_obtained":[{"floor":5,"key":"White Beast Statue"},{"floor":7,"key":"Bag of Preparation"},{"floor":20,"key":"MutagenicStrength"},{"floor":24,"key":"Boot"},{"floor":41,"key":"Oddly Smooth Stone"}],"event_choices":[{"damage_healed":0,"gold_gain":0,"player_choice":"Fled","damage_taken":0,"max_hp_gain":0,"max_hp_loss":0,"event_name":"Scrap Ooze","floor":14,"gold_loss":0}],"is_beta":false,"boss_relics":[{"not_picked":["Calling Bell","Sozu"],"picked":"bronze:MakeshiftBattery"},{"not_picked":["Astrolabe","Runic Dome"],"picked":"Snecko Eye"}],"items_purged_floors":[38],"is_endless":false,"potions_floor_spawned":[2,5,9,10,11,13,15,16,19,20,21,28,29,31,32,33,36,38,39,43],"killed_by":"Writhing Mass","ascension_level":0}}