{"host":"dxw0slwvk2p0izr3","time":1613872573,"event":{"mods":["BaseMod","Downfall","Minty Spire (QoL Compilation)","Replay The Spire","Shop Mod","StSLib"],"gold_per_floor":[99,114,132,162,178,237,237,337,352,371,371,384,384,416,428,428,428,428],"floor_reached":16,"language":"ZHS","playtime":990,"items_purged":[],"score":154,"play_id":"8d68e55f-1329-4670-8146-a9f35adbdcb7","local_time":"20210221095613","is_ascension_mode":false,"campfire_choices":[{"data":"sneckomod:Defend","floor":1.0,"key":"PURGE"},{"data":"sneckomod:SnekBite","floor":11.0,"key":"SMITH"},{"data":"sneckomod:TrashToTreasure","floor":13.0,"key":"SMITH"}],"circlet_count":0,"master_deck":["sneckomod:Strike","sneckomod:Strike","sneckomod:Strike","sneckomod:Defend","sneckomod:Defend","sneckomod:TailWhip","sneckomod:SnekBite+1","sneckomod:Unknown","sneckomod:Unknown","hexamod:ThirdSeal","sneckomod:UnknownExhaust","sneckomod:QuickBite","sneckomod:UnknownBoss","sneckomod:ImprovisedGuard","sneckomod:SoulDraw","sneckomod:TrashToTreasure+1","sneckomod:UnknownUncommonPower","sneckomod:UnknownUncommonSkill","sneckomod:UnknownRarePower","sneckomod:Unknown0Cost","sneckomod:UnknownExhaust","sneckomod:SoulRoll","sneckomod:DiceCrush","sneckomod:UnknownBlock"],"relics":["sneckomod:SneckoSoul","Replay:Ringing Soul","Mercury Hourglass","StoneCalendar","Bag of Preparation"],"acts_visited":["Exordium"],"potions_floor_usage":[16,16],"damage_taken":[{"damage":4.0,"enemies":"Cultist","floor":2.0,"turns":3.0},{"damage":7.0,"enemies":"Small Slimes","floor":3.0,"turns":2.0},{"damage":7.0,"enemies":"2 Louse","floor":5.0,"turns":3.0},{"damage":4.0,"enemies":"2 Fungi Beasts","floor":9.0,"turns":4.0},{"damage":20.0,"enemies":"Exordium Thugs","floor":10.0,"turns":4.0},{"damage":0.0,"enemies":"Lots of Slimes","floor":12.0,"turns":1.0},{"damage":21,"enemies":"3 Sentries","floor":14,"turns":7},{"damage":4,"enemies":"Red Slaver","floor":15,"turns":4},{"damage":58,"enemies":"IC_STATUS_ARCHETYPE","floor":16,"turns":4}],"seed_played":"3090131957254900556","potions_obtained":[{"floor":6.0,"key":"Explosive Potion"},{"floor":10.0,"key":"Dexterity Potion"},{"floor":12.0,"key":"Regen Potion"},{"floor":14,"key":"Regen Potion"}],"is_trial":false,"path_per_floor":["R","M","M","?","M","?","T","?","M","M","R","M","R","E","M","B"],"character_chosen":"THE_SNECKO","items_purchased":[],"campfire_rested":0,"item_purchase_floors":[],"current_hp_per_floor":[99,95,88,88,84,62,62,62,61,44,44,47,47,29,28,0,0,0],"gold":428,"neow_bonus":"TEN_PERCENT_HP_BONUS","is_daily":false,"chose_seed":false,"campfire_upgraded":2,"win_rate":0.0,"timestamp":1613872573,"path_taken":["R","M","M","?","M","?","T","?","M","M","R","M","R","E","M","BOSS"],"items_purchased_type":[],"build_version":"2020-12-22","purchased_purges":0,"victory":false,"max_hp_per_floor":[99,99,99,99,102,105,105,105,108,111,111,114,114,117,120,120,120,120],"card_choices":[{"not_picked":["hexamod:FourthSeal","hexamod:FirstSeal"],"picked":"hexamod:ThirdSeal","floor":2.0},{"not_picked":["sneckomod:DiceCrush","sneckomod:UnknownX"],"picked":"sneckomod:UnknownExhaust","floor":2.0},{"not_picked":["sneckomod:UnknownDraw","sneckomod:IronFang"],"picked":"sneckomod:QuickBite","floor":3.0},{"not_picked":["sneckomod:MasterEye","sneckomod:Unknown1Cost"],"picked":"sneckomod:UnknownBoss","floor":3.0},{"not_picked":["sneckomod:IronFang","sneckomod:UnknownCommonAttack"],"picked":"sneckomod:ImprovisedGuard","floor":5.0},{"not_picked":["sneckomod:Nope","sneckomod:DefensiveFlair"],"picked":"sneckomod:SoulDraw","floor":5.0},{"not_picked":["sneckomod:SoulRoll","sneckomod:WideSting"],"picked":"sneckomod:TrashToTreasure","floor":6.0},{"not_picked":["sneckomod:RainOfDice","sneckomod:SoulRoll"],"picked":"sneckomod:UnknownUncommonPower","floor":9.0},{"not_picked":["sneckomod:DefensiveFlair","sneckomod:RainOfDice","sneckomod:UnknownClassHEXA_GHOST_PURPLE"],"picked":"SKIP","floor":9.0},{"not_picked":["sneckomod:UnknownClassPURPLE","sneckomod:UnknownCommonSkill"],"picked":"sneckomod:UnknownUncommonSkill","floor":10.0},{"not_picked":["sneckomod:DefensiveFlair","sneckomod:UnknownCommonSkill"],"picked":"sneckomod:UnknownRarePower","floor":10.0},{"not_picked":["sneckomod:UnknownDraw","sneckomod:UnknownClassPURPLE"],"picked":"sneckomod:Unknown0Cost","floor":12.0},{"not_picked":["sneckomod:UnknownCommonSkill","sneckomod:SoulRoll"],"picked":"sneckomod:UnknownExhaust","floor":12.0},{"not_picked":["sneckomod:UnknownClassHEXA_GHOST_PURPLE","sneckomod:UnknownCommonAttack"],"picked":"sneckomod:SoulRoll","floor":14},{"not_picked":["sneckomod:SnakeSap","sneckomod:Nope"],"picked":"sneckomod:DiceCrush","floor":15},{"not_picked":["sneckomod:UnknownDraw","sneckomod:SoulRoll"],"picked":"sneckomod:UnknownBlock","floor":15}],"player_experience":106981,"relics_obtained":[{"floor":6.0,"key":"Mercury Hourglass"},{"floor":7.0,"key":"StoneCalendar"},{"floor":14,"key":"Bag of Preparation"}],"event_choices":[],"is_beta":false,"boss_relics":[],"items_purged_floors":[],"is_endless":false,"potions_floor_spawned":[10,12,14,15],"killed_by":"IC_STATUS_ARCHETYPE","ascension_level":0}}