{"host":"vbswmqvkphw5sjbx","time":1613889116,"event":{"mods":["BaseMod","BetterRewards","Downfall","Hermit","Hubris","Infinite Spire","Koishi","Lobotomy","Mari Mod (Legacy)","Mari\u0027s V1 Patch","Marisa????????","Minty Spire (QoL Compilation)","Replay The Spire","SacredBarkPlus","Shade Mod","Spicy Shops","StSLib","The Cursed","The Gatherer","The Judge","The Jungle","The Mystic","The Poker Player","The Runesmith","everything is the same but u backflip on backflip"],"gold_per_floor":[144,90,115,115,126,148,148,148,226,20,27,32,32,42,42,32,32],"floor_reached":16,"language":"ENG","playtime":1465,"items_purged":[],"score":102,"play_id":"0c2660ff-2f72-491d-a853-6a0ef96807e7","local_time":"20210220223156","is_ascension_mode":false,"campfire_choices":[{"floor":7,"key":"REST"},{"floor":13,"key":"REST"},{"floor":15,"key":"REST"}],"circlet_count":0,"master_deck":["MariMod:Mari_Strike","MariMod:Mari_Strike+1","MariMod:Mari_Strike","MariMod:Mari_Strike","MariMod:Mari_Strike","MariMod:Mari_Defend","MariMod:Mari_Defend","MariMod:Mari_Defend","MariMod:Mari_Defend","MariMod:Mari_Defend","MariMod:Mari_Reminisce+1","MariMod:Mari_Debut","FairyFestival","MariMod:Mari_Lie_In_Wait+1","MariMod:Mari_Reckless_Spending","MariMod:Mari_Heavy_Price","MariMod:Mari_Self_Care","MariMod:Mari_Shut_Up","MariMod:Mari_Glow","MariMod:Mari_The_Beach_Episode","MariMod:Mari_The_Planisphere","MariMod:Mari_Flaunt","MariMod:Mari_Glow"],"relics":["MariMod:MariTheSpark","CogitoBucket","Gremlin Food","Eternal Feather","Blue Doll"],"acts_visited":["Exordium"],"potions_floor_usage":[6,14],"damage_taken":[{"damage":6,"enemies":"2 Louse","floor":1,"turns":4},{"damage":7,"enemies":"Jaw Worm","floor":3,"turns":5},{"damage":11,"enemies":"Cultist","floor":5,"turns":5},{"damage":62,"enemies":"Lagavulin","floor":6,"turns":10},{"damage":5,"enemies":"3 Louse","floor":11,"turns":3},{"damage":37,"enemies":"Exordium Wildlife","floor":12,"turns":6},{"damage":19,"enemies":"Large Slime","floor":14,"turns":5},{"damage":76,"enemies":"Hexaghost","floor":16,"turns":9}],"seed_played":"9138918566305435299","potions_obtained":[{"floor":3,"key":"DistilledChaos"},{"floor":6,"key":"FearPotion"}],"is_trial":false,"path_per_floor":["M","$","M","?","M","E","R","?","T","$","M","M","R","M","R","B"],"character_chosen":"MARI","items_purchased":["MariMod:Mari_Reckless_Spending","Blue Doll","MariMod:Mari_Glow"],"campfire_rested":3,"item_purchase_floors":[2,10,10],"current_hp_per_floor":[66,66,62,62,56,4,25,72,72,72,67,30,63,44,72,0,0],"gold":32,"neow_bonus":"","is_daily":false,"chose_seed":false,"campfire_upgraded":0,"win_rate":0.0,"timestamp":1613889116,"path_taken":["M","$","M","?","M","E","R","?","T","$","?","M","R","M","R","BOSS"],"items_purchased_type":["Card","Relic","Card"],"build_version":"2020-12-22","purchased_purges":0,"victory":false,"max_hp_per_floor":[72,72,72,72,72,72,72,72,72,72,72,72,72,72,72,72,72],"card_choices":[{"not_picked":["FieryBird","ShyLook"],"picked":"FairyFestival","floor":1},{"not_picked":["MariMod:Mari_Glow","MariMod:Mari_Expenses"],"picked":"MariMod:Mari_Lie_In_Wait","floor":1},{"not_picked":["MariMod:Mari_Reckless_Driving","MariMod:Mari_Kyu"],"picked":"MariMod:Mari_Heavy_Price","floor":3},{"not_picked":["MariMod:Mari_Slap","MariMod:Mari_Choreography"],"picked":"MariMod:Mari_Self_Care","floor":5},{"not_picked":["MariMod:Mari_Collect_Thoughts","MariMod:Mari_The_HELICOPTER"],"picked":"MariMod:Mari_Shut_Up","floor":6},{"not_picked":["CrumblingArmor","Variant","BeautyBeast"],"picked":"Singing Bowl","floor":6},{"not_picked":["MariMod:Mari_Slap","MariMod:Mari_Perfect_Performance","MariMod:Mari_Heavy_Metal"],"picked":"SKIP","floor":6},{"not_picked":["MariMod:Mari_Mic_Check","MariMod:Mari_Collect_Thoughts"],"picked":"MariMod:Mari_The_Beach_Episode","floor":11},{"not_picked":["MariMod:Mari_Self_Care","MariMod:Mari_The_Beach_Episode"],"picked":"MariMod:Mari_The_Planisphere","floor":11},{"not_picked":["MariMod:Mari_Collect_Thoughts","MariMod:Mari_Heavy_Price"],"picked":"MariMod:Mari_Flaunt","floor":12},{"not_picked":["MariMod:Mari_Heavy_Price","MariMod:Mari_Shut_Up"],"picked":"MariMod:Mari_Glow","floor":14},{"not_picked":["MariMod:Mari_The_Planisphere","MariMod:Mari_No_Problem","MariMod:Mari_Research"],"picked":"SKIP","floor":14}],"player_experience":210927,"relics_obtained":[{"floor":6,"key":"Gremlin Food"},{"floor":9,"key":"Eternal Feather"}],"event_choices":[{"damage_healed":0,"gold_gain":0,"player_choice":"Ignored","damage_taken":0,"max_hp_gain":0,"max_hp_loss":0,"event_name":"Golden Wing","floor":4,"gold_loss":0},{"damage_healed":47,"gold_gain":0,"player_choice":"Full Heal","damage_taken":0,"max_hp_gain":0,"max_hp_loss":0,"event_name":"Wheel of Change","floor":8,"gold_loss":0}],"is_beta":false,"boss_relics":[],"items_purged_floors":[],"is_endless":false,"potions_floor_spawned":[3,6],"killed_by":"Hexaghost","ascension_level":0}}