{"host":"e8hwgc5hwysw32tq","time":1613889502,"event":{"mods":["BaseMod","Downfall","Googly Eyes","Minty Spire (QoL Compilation)","StSLib","Together in Spire"],"gold_per_floor":[117,130,5,24,19,19,47,47,73,73,102,102,116,391,391,487,487,507,338,253,253,56,56,90,107,107,119,119,133,164,180,180,276,276,288,300,49,64,75,101,101,128,181,181,61,79,107,126,126,126],"floor_reached":51,"language":"ENG","playtime":3305,"items_purged":["Defend_P","Regret","Protect","BowlingBash"],"score":637,"play_id":"a391ee1f-3509-4e88-959b-e8d11b2ddb5e","local_time":"20210220223822","is_ascension_mode":false,"campfire_choices":[{"data":"Eruption","floor":6.0,"key":"SMITH"},{"data":"Evaluate","floor":8.0,"key":"SMITH"},{"data":"Vigilance","floor":10.0,"key":"SMITH"},{"data":"MentalFortress","floor":15.0,"key":"SMITH"},{"data":"WindmillStrike","floor":23.0,"key":"SMITH"},{"data":"BattleHymn","floor":32.0,"key":"SMITH"},{"data":"EmptyBody","floor":41.0,"key":"SMITH"},{"data":"Devotion","floor":49,"key":"SMITH"}],"circlet_count":0,"master_deck":["Eruption+1","Vigilance+1","EmptyBody+1","Evaluate+1","MentalFortress+1","LikeWater","LikeWater","Devotion+1","Crescendo","Prostrate","Pray","BattleHymn+1","WindmillStrike+1","Meditate","EmptyFist+1","FollowUp","Study","Scrawl","MasterReality","SignatureMove+1","SashWhip+1","Vengeance+1"],"relics":["Busted Crown","Boot","PreservedInsect","Anchor","Pandora\u0027s Box","Bronze Scales","MutagenicStrength","Question Card","The Courier","InkBottle","Cursed Key","Bird Faced Urn","Bottled Lightning","StoneCalendar","Omamori","Meat on the Bone"],"acts_visited":[],"potions_floor_usage":[50,50,50],"damage_taken":[{"damage":1.0,"enemies":"Jaw Worm","floor":1.0,"turns":2.0},{"damage":0.0,"enemies":"2 Louse","floor":2.0,"turns":1.0},{"damage":0.0,"enemies":"Cultist","floor":4.0,"turns":2.0},{"damage":3.0,"enemies":"Looter","floor":5.0,"turns":2.0},{"damage":0.0,"enemies":"Lagavulin","floor":7.0,"turns":4.0},{"damage":0.0,"enemies":"Gremlin Nob","floor":11.0,"turns":2.0},{"damage":0.0,"enemies":"Exordium Thugs","floor":13.0,"turns":4.0},{"damage":5.0,"enemies":"Slime Boss","floor":16.0,"turns":6.0},{"damage":5.0,"enemies":"Shell Parasite","floor":18.0,"turns":6.0},{"damage":8.0,"enemies":"Gremlin Leader","floor":24.0,"turns":4.0},{"damage":0.0,"enemies":"Chosen","floor":25.0,"turns":3.0},{"damage":0.0,"enemies":"Snake Plant","floor":27.0,"turns":3.0},{"damage":0.0,"enemies":"3 Cultists","floor":29.0,"turns":2.0},{"damage":0.0,"enemies":"Book of Stabbing","floor":30.0,"turns":3.0},{"damage":2.0,"enemies":"Centurion and Healer","floor":31.0,"turns":3.0},{"damage":6.0,"enemies":"Automaton","floor":33.0,"turns":5.0},{"damage":8.0,"enemies":"3 Shapes","floor":35.0,"turns":4.0},{"damage":14.0,"enemies":"3 Darklings","floor":36.0,"turns":5.0},{"damage":0.0,"enemies":"Spire Growth","floor":38.0,"turns":4.0},{"damage":0.0,"enemies":"Maw","floor":39.0,"turns":4.0},{"damage":0.0,"enemies":"Giant Head","floor":40.0,"turns":3.0},{"damage":18.0,"enemies":"Reptomancer","floor":42.0,"turns":3.0},{"damage":0,"enemies":"Writhing Mass","floor":46,"turns":3},{"damage":0,"enemies":"Nemesis","floor":47,"turns":3},{"damage":5,"enemies":"4 Shapes","floor":48,"turns":4},{"damage":20,"enemies":"Donu and Deca","floor":50,"turns":5}],"seed_played":"4398803586780168812","potions_obtained":[{"floor":2.0,"key":"BlessingOfTheForge"},{"floor":4.0,"key":"Guardian:BlockOnCardUsePotion"},{"floor":16.0,"key":"Block Potion"},{"floor":24.0,"key":"DuplicationPotion"},{"floor":29.0,"key":"PowerPotion"},{"floor":30.0,"key":"champ:CounterPotion"},{"floor":31.0,"key":"StancePotion"},{"floor":36.0,"key":"Fire Potion"},{"floor":39.0,"key":"PowerPotion"},{"floor":42.0,"key":"StancePotion"},{"floor":47,"key":"BlessingOfTheForge"}],"is_trial":false,"path_per_floor":["M","M","$","M","M","R","E","R","T","R","E","?","M","?","R","B",null,"M","$","?","?","$","R","E","M","T","M","?","M","E","M","R","B",null,"M","M","$","M","M","E","R","E","T","?","$","M","E","M","R","B",null],"character_chosen":"WATCHER","items_purchased":["Evaluate","WindmillStrike","Meditate","Bird Faced Urn"],"campfire_rested":0,"item_purchase_floors":[3,19,22,37],"current_hp_per_floor":[71,71,71,71,68,68,68,68,68,68,68,68,68,68,68,63,72,67,67,67,67,67,67,59,59,59,59,59,59,59,57,57,51,72,64,50,50,58,70,72,72,54,54,54,54,58,64,67,67,60],"gold":126,"neow_bonus":"BOSS_RELIC","is_daily":false,"chose_seed":false,"campfire_upgraded":8,"win_rate":0.0,"timestamp":1613889502,"path_taken":["M","M","$","M","M","R","E","R","T","R","E","?","M","?","R","BOSS","M","$","?","?","$","R","E","M","T","M","?","M","E","M","R","BOSS","M","M","$","M","M","E","R","E","T","?","$","M","E","M","R","BOSS"],"items_purchased_type":["Card","Card","Card","Relic"],"build_version":"2020-12-22","purchased_purges":4,"victory":true,"max_hp_per_floor":[72,72,72,72,72,72,72,72,72,72,72,72,72,72,72,72,72,72,72,72,72,72,72,72,72,72,72,72,72,72,72,72,72,72,72,72,72,72,72,72,72,72,72,72,72,72,72,72,72,72],"card_choices":[{"not_picked":[],"picked":"EmptyBody","floor":1.0},{"not_picked":["Consecrate"],"picked":"SKIP","floor":2.0},{"not_picked":[],"picked":"MentalFortress","floor":4.0},{"not_picked":["ReachHeaven"],"picked":"SKIP","floor":5.0},{"not_picked":["ReachHeaven"],"picked":"SKIP","floor":5.0},{"not_picked":[],"picked":"LikeWater","floor":7.0},{"not_picked":["CutThroughFate"],"picked":"SKIP","floor":11.0},{"not_picked":["Protect"],"picked":"SKIP","floor":13.0},{"not_picked":[],"picked":"Devotion","floor":16.0},{"not_picked":["FlyingSleeves"],"picked":"SKIP","floor":18.0},{"not_picked":["Crescendo"],"picked":"SKIP","floor":24.0},{"not_picked":["FearNoEvil"],"picked":"EmptyFist+1","floor":25.0},{"not_picked":["Prostrate","Pray+1"],"picked":"SKIP","floor":27.0},{"not_picked":["EmptyBody"],"picked":"FollowUp","floor":29.0},{"not_picked":["FlyingSleeves"],"picked":"Study","floor":30.0},{"not_picked":["SashWhip+1"],"picked":"Scrawl","floor":31.0},{"not_picked":["DevaForm"],"picked":"MasterReality","floor":33.0},{"not_picked":["Halt+1","JustLucky+1"],"picked":"SKIP","floor":35.0},{"not_picked":["Evaluate+1"],"picked":"SignatureMove+1","floor":36.0},{"not_picked":["BowlingBash","JustLucky+1"],"picked":"SKIP","floor":38.0},{"not_picked":["ThirdEye+1"],"picked":"SashWhip+1","floor":39.0},{"not_picked":["EmptyBody"],"picked":"Vengeance+1","floor":40.0},{"not_picked":["Study+1","Evaluate+1"],"picked":"SKIP","floor":42.0},{"not_picked":["EmptyBody+1","Swivel+1"],"picked":"SKIP","floor":46},{"not_picked":["Weave+1","Prostrate+1"],"picked":"SKIP","floor":47},{"not_picked":["EmptyBody+1","CutThroughFate"],"picked":"SKIP","floor":48}],"player_experience":456460,"relics_obtained":[{"floor":7.0,"key":"Boot"},{"floor":9.0,"key":"PreservedInsect"},{"floor":11.0,"key":"Anchor"},{"floor":24.0,"key":"Question Card"},{"floor":26.0,"key":"The Courier"},{"floor":30.0,"key":"InkBottle"},{"floor":40.0,"key":"Bottled Lightning"},{"floor":42.0,"key":"StoneCalendar"},{"floor":43.0,"key":"Omamori"},{"floor":47,"key":"Meat on the Bone"}],"event_choices":[{"damage_healed":0.0,"max_hp_gain":0.0,"max_hp_loss":0.0,"gold_gain":0.0,"cards_transformed":["Defend_P"],"event_name":"Living Wall","player_choice":"Change","floor":12.0,"gold_loss":0.0,"damage_taken":0.0,"cards_obtained":["LikeWater"]},{"damage_healed":0.0,"max_hp_gain":0.0,"max_hp_loss":0.0,"gold_gain":275.0,"event_name":"Golden Shrine","player_choice":"Desecrate","floor":14.0,"gold_loss":0.0,"damage_taken":0.0,"cards_obtained":["Regret"]},{"damage_healed":0.0,"max_hp_gain":0.0,"max_hp_loss":0.0,"gold_gain":0.0,"event_name":"Addict","player_choice":"Obtained Relic","floor":20.0,"gold_loss":85.0,"damage_taken":0.0,"relics_obtained":["Bronze Scales"]},{"damage_healed":0.0,"max_hp_gain":0.0,"max_hp_loss":0.0,"gold_gain":0.0,"event_name":"Drug Dealer","player_choice":"Inject Mutagens","floor":21.0,"gold_loss":0.0,"damage_taken":0.0,"relics_obtained":["MutagenicStrength"]},{"damage_healed":0.0,"max_hp_gain":0.0,"max_hp_loss":0.0,"gold_gain":0.0,"event_name":"The Woman in Blue","player_choice":"Bought 0 Potions","floor":28.0,"gold_loss":0.0,"damage_taken":0.0},{"cards_removed":["Normality"],"damage_healed":0.0,"max_hp_gain":0.0,"max_hp_loss":0.0,"gold_gain":0.0,"event_name":"Fountain of Cleansing","player_choice":"Removed Curses","floor":44.0,"gold_loss":0.0,"damage_taken":0.0}],"is_beta":false,"boss_relics":[{"not_picked":["Tiny House","Snecko Eye"],"picked":"Pandora\u0027s Box"},{"not_picked":["SacredBark","Astrolabe"],"picked":"Cursed Key"}],"items_purged_floors":[3,19,22,45],"is_endless":false,"potions_floor_spawned":[2,4,16,24,29,30,31,36,39,42,47],"ascension_level":0}}