{"host":"dd8lqbxt1rnwhzth","time":1613882666,"event":{"mods":["Act Like it!","Aspiration","Bard","BaseMod","Beaked The Cultist","BetterRewards","Challenge The Spire","Colored Map","Conspire","Halation","Hermit","Highlight Path","Hubris","Infinite Spire","Jorbs\u0027s Wanderer Trilogy","Marisa????????","Minty Spire (QoL Compilation)","Rare Cards Sparkle","Replay The Spire","Ruina","Shop Mod","StSLib","SuperFastMode","Synergy Search","The Bladedancer","The Construct","The Cursed","The Disciple","The Elementalist","The Forsaken","The Hierophant","The Judge","The Mystic","The Necromancer","The Runesmith","The Servant 0.9.4","The Valiant","The Wild Card","TheBandit","egg"],"gold_per_floor":[444,27,139,255,366,366,75,75,191,310,422,422,422,3,122,234,348,466],"floor_reached":19,"language":"ENG","playtime":1882,"items_purged":["Strike_R","Defend_R"],"score":2565,"play_id":"b8b104cd-e274-4f94-acf2-9648b4d0e195","local_time":"20210221011426","daily_mods":["challengethespire:Bronze Difficulty","challengethespire:Boss Rush","Uncertain Future"],"is_ascension_mode":false,"campfire_choices":[{"floor":8,"key":"REST"},{"data":"Bash","floor":8,"key":"SMITH"},{"floor":13,"key":"REST"},{"data":"Defend_R","floor":13,"key":"SMITH"}],"circlet_count":0,"master_deck":["Strike_R","Defend_R","Defend_R","Defend_R+1","Bash+1","Battle Trance+1","Uppercut+1","Wild Strike+1","Shrug It Off+1","Burning Pact+1","Barricade+1","Dual Wield+1","Flame Barrier+1","ReplayTheSpireMod:Strike From Hell+1","True Grit+1","Body Slam+1","hubris:StunningStrike+1","Clothesline+1","Feel No Pain+1","Entrench+1","Impervious+1","Shrug It Off+1","True Grit+1","Impervious+1"],"relics":["Burning Blood","The Courier","Molten Egg 2","Toxic Egg 2","Frozen Egg 2","TungstenRod","infinitespire:Magic Flask","hubris:EmptyBottle","infinitespire:Broken Mirror","StoneCalendar","hubris:BundleOfHerbs","Astrolabe","Turnip","aspiration:ChemicalBlood","aspiration:HatOfInfinitePower","Painkiller Herb","Frozen Eye","Champion Belt","aspiration:TomeofQuesting","Bag of Marbles","halation:Toothbrush","Counterbalance"],"acts_visited":["Exordium"],"potions_floor_usage":[3,3,3,5,9,15,17,17,18,18,18,18,18,18,18,18],"damage_taken":[{"damage":50,"enemies":"Hexaghost","floor":3,"turns":16},{"damage":14,"enemies":"The Guardian","floor":4,"turns":15},{"damage":13,"enemies":"Slime Boss","floor":5,"turns":7},{"damage":17,"enemies":"Automaton","floor":9,"turns":12},{"damage":20,"enemies":"Collector","floor":10,"turns":8},{"damage":11,"enemies":"Champ","floor":11,"turns":14},{"damage":7,"enemies":"Awakened One","floor":15,"turns":11},{"damage":0,"enemies":"Time Eater","floor":16,"turns":8},{"damage":16,"enemies":"Donu and Deca","floor":17,"turns":9},{"damage":0,"enemies":"The Heart","floor":18,"turns":11}],"seed_played":"4433187900195308367","potions_obtained":[{"floor":4,"key":"Dexterity Potion"},{"floor":5,"key":"BloodPotion"},{"floor":17,"key":"EntropicBrew"}],"is_trial":true,"path_per_floor":["$","$","M","M","M","T","$","R","M","M","M","T","T","T","?","?","?","?",null],"character_chosen":"IRONCLAD","items_purchased":["TungstenRod","Battle Trance+1","Uppercut+1","Dexterity Potion","FearPotion","GamblersBrew","Wild Strike+1","infinitespire:Magic Flask","hubris:EmptyBottle","True Grit+1","Body Slam+1","hubris:StunningStrike+1","Clothesline+1","Frozen Eye","DistilledChaos","Champion Belt"],"campfire_rested":2,"item_purchase_floors":[1,1,1,1,1,1,2,2,2,7,7,7,7,14,14,14],"current_hp_per_floor":[80,80,36,28,21,21,21,45,34,20,15,15,39,39,38,44,66,72],"gold":466,"neow_bonus":"","is_daily":false,"chose_seed":false,"campfire_upgraded":2,"win_rate":0.0,"timestamp":1613882666,"path_taken":["$","$","M","M","M","T","$","R","M","M","M","T","T","T","?","?","?","?"],"items_purchased_type":["Relic","Card","Card","Potion","Potion","Potion","Card","Relic","Relic","Card","Card","Card","Card","Relic","Potion","Relic"],"build_version":"2020-12-22","purchased_purges":2,"victory":true,"max_hp_per_floor":[80,80,80,80,80,80,80,80,80,80,80,80,80,80,80,80,80,80],"card_choices":[],"player_experience":500431,"relics_obtained":[{"floor":3,"key":"infinitespire:Broken Mirror"},{"floor":4,"key":"StoneCalendar"},{"floor":5,"key":"hubris:BundleOfHerbs"},{"floor":9,"key":"Turnip"},{"floor":10,"key":"aspiration:ChemicalBlood"},{"floor":11,"key":"aspiration:HatOfInfinitePower"},{"floor":15,"key":"aspiration:TomeofQuesting"},{"floor":16,"key":"Bag of Marbles"},{"floor":17,"key":"halation:Toothbrush"},{"floor":18,"key":"Counterbalance"}],"event_choices":[],"is_beta":false,"boss_relics":[{"not_picked":["infinitespire:Cupcake","Runic Dome"],"picked":"Astrolabe"},{"not_picked":["construct:WeddingRing","aspiration:RunicSpoon"],"picked":"Painkiller Herb"}],"items_purged_floors":[1,7],"is_endless":false,"potions_floor_spawned":[4,5,15,16],"ascension_level":0}}