{"host":"y9sq25med6ebkxz5","time":1613908348,"event":{"mods":["2.2 Compatiblity","AchievementEnabler","BaseMod","Card Forge","Colored Map","Colored Powertips","DeckTracker","Friendly Minions","Minty Spire (QoL Compilation)","Permanent Neow","Remove Card Discount Mod","Shop Mod","StSLib","SuperFastMode","Thrall Mod","WarShipGirlsR/??á´Ò³R mod"],"gold_per_floor":[216,231,231,81,81,113,113,7,7,7,25,52,67,92,92,164,164,177,189,189,189,204,237,237,265,290,303,303,318,85,85,85,164,164,177,6,6,281,297,327,230,256,279,310,310,326,326,344,344,344,344,344,23,54,54],"floor_reached":56,"language":"KOR","playtime":7737,"items_purged":[],"score":2154,"play_id":"942b3865-5a8c-4b83-8e16-cd4f0ff53af1","local_time":"20210221205228","is_ascension_mode":true,"campfire_choices":[{"floor":7,"key":"RECALL"},{"floor":10,"key":"REST"},{"floor":15,"key":"REST"},{"floor":24,"key":"REST"},{"floor":28,"key":"REST"},{"floor":32,"key":"REST"},{"floor":45,"key":"REST"},{"floor":47,"key":"REST"},{"floor":49,"key":"REST"},{"floor":52,"key":"REST"}],"circlet_count":0,"master_deck":["AscendersBane","Strike_G+1","Strike_G+1","Defend_G+1","Defend_G+1","Neutralize+1","Bouncing Flask+1","Deadly Poison+1","Bandage Up+1","Escape Plan+1","Catalyst+1","Bouncing Flask+1","Deflect+1","Venomology+1","Enlightenment+1","Night Terror+1","PiercingWail+1","Deflect+1","Noxious Fumes"],"relics":["Ring of the Serpent","Hammer of Thor","Seething Fire","Anvil of the Gods","MerchantsRug","Membership Card","Bag of Marbles","PreservedInsect","Orichalcum","Boot","Snake Skull","Letter Opener","Ice Cream","Bottled Lightning","TungstenRod","Gremlin Horn","Meat on the Bone","Bronze Scales","Bag of Preparation","Dream Catcher","Ancient Tea Set","ClockworkSouvenir","Oddly Smooth Stone","Calipers","Lantern"],"acts_visited":["Exordium","TheCity","TheBeyond","TheEnding"],"potions_floor_usage":[23,27,39,40,42,54,55,55,55],"damage_taken":[{"damage":5,"enemies":"Jaw Worm","floor":1,"turns":5},{"damage":0,"enemies":"Cultist","floor":2,"turns":3},{"damage":13,"enemies":"Gremlin Nob","floor":6,"turns":3},{"damage":8,"enemies":"Small Slimes","floor":11,"turns":2},{"damage":35,"enemies":"3 Sentries","floor":12,"turns":6},{"damage":0,"enemies":"Blue Slaver","floor":13,"turns":3},{"damage":2,"enemies":"Gremlin Nob","floor":14,"turns":3},{"damage":22,"enemies":"Hexaghost","floor":16,"turns":7},{"damage":0,"enemies":"Chosen","floor":18,"turns":4},{"damage":11,"enemies":"Shell Parasite","floor":19,"turns":3},{"damage":18,"enemies":"3 Cultists","floor":22,"turns":6},{"damage":33,"enemies":"Slavers","floor":23,"turns":7},{"damage":9,"enemies":"Book of Stabbing","floor":25,"turns":3},{"damage":0,"enemies":"Snake Plant","floor":27,"turns":2},{"damage":7,"enemies":"Snecko","floor":29,"turns":3},{"damage":52,"enemies":"Collector","floor":33,"turns":10},{"damage":0,"enemies":"3 Shapes","floor":35,"turns":3},{"damage":20,"enemies":"3 Darklings","floor":39,"turns":4},{"damage":0,"enemies":"Giant Head","floor":40,"turns":3},{"damage":17,"enemies":"Nemesis","floor":42,"turns":3},{"damage":6,"enemies":"Giant Head","floor":44,"turns":4},{"damage":15,"enemies":"Maw","floor":46,"turns":4},{"damage":14,"enemies":"4 Shapes","floor":48,"turns":3},{"damage":69,"enemies":"Donu and Deca","floor":50,"turns":7},{"damage":34,"enemies":"Shield and Spear","floor":54,"turns":5},{"damage":63,"enemies":"The Heart","floor":55,"turns":6}],"seed_played":"-891030850342567514","potions_obtained":[{"floor":1,"key":"Poison Potion"},{"floor":12,"key":"FearPotion"},{"floor":14,"key":"GamblersBrew"},{"floor":16,"key":"Weak Potion"},{"floor":23,"key":"Strength Potion"},{"floor":25,"key":"Energy Potion"},{"floor":27,"key":"GamblersBrew"},{"floor":40,"key":"SkillPotion"},{"floor":42,"key":"CultistPotion"},{"floor":54,"key":"SpeedPotion"}],"is_trial":false,"path_per_floor":["M","M","?","$","?","E","R","$","T","R","M","E","M","E","R","B",null,"M","M","?","?","M","E","R","E","T","M","R","M","$","?","R","B",null,"M","$","T","?","M","E","$","E","T","E","R","M","R","M","R","B",null,"R","$","E","B",null],"character_chosen":"THE_SILENT","items_purchased":["MerchantsRug","Membership Card","Bandage Up","Snake Skull","Lee\u0027s Waffle","Deflect","Letter Opener","Ice Cream","Bottled Lightning","Enlightenment+1","Meat on the Bone","Bronze Scales","Noxious Fumes","ClockworkSouvenir","Oddly Smooth Stone","Calipers","AttackPotion"],"campfire_rested":9,"item_purchase_floors":[4,8,8,30,30,30,30,36,36,41,41,41,53,53,53,53,53],"current_hp_per_floor":[54,54,54,54,54,41,41,41,41,60,58,29,35,39,58,42,60,66,61,43,43,31,4,25,22,22,28,49,48,78,78,78,32,67,73,73,73,73,59,65,65,54,54,54,77,68,78,64,78,27,65,78,78,50,17],"gold":54,"neow_bonus":"HUNDRED_GOLD","is_daily":false,"chose_seed":false,"campfire_upgraded":0,"win_rate":0.0,"timestamp":1613908348,"path_taken":["M","M","?","?","?","E","R","$","T","R","?","E","M","E","R","BOSS","M","M","?","?","M","E","R","E","T","M","R","M","$","?","R","BOSS","M","$","?","?","M","E","$","E","T","E","R","?","R","?","R","BOSS","R","$","E","BOSS"],"items_purchased_type":["Relic","Relic","Card","Relic","Relic","Card","Relic","Relic","Relic","Card","Relic","Relic","Card","Relic","Relic","Relic","Potion"],"build_version":"2020-12-22","purchased_purges":0,"victory":true,"max_hp_per_floor":[66,66,66,66,66,66,66,66,66,66,66,66,66,66,66,66,66,66,66,71,71,71,71,71,71,71,71,71,71,78,78,78,78,78,78,78,78,78,78,78,78,78,78,78,78,78,78,78,78,78,78,78,78,78,78],"card_choices":[{"not_picked":["Heel Hook","Backflip"],"picked":"Bouncing Flask","floor":1},{"not_picked":["Blur","Concentrate","Quick Slash"],"picked":"SKIP","floor":2},{"not_picked":["Blade Dance","Wraith Form v2","Sucker Punch"],"picked":"Deadly Poison","floor":6},{"not_picked":["Masterful Stab","Outmaneuver","Acrobatics"],"picked":"SKIP","floor":11},{"not_picked":["Acrobatics","Sucker Punch","Backflip"],"picked":"SKIP","floor":12},{"not_picked":["Deadly Poison","Outmaneuver","Acrobatics"],"picked":"SKIP","floor":13},{"not_picked":["Dodge and Roll","Bane","Backflip"],"picked":"SKIP","floor":14},{"not_picked":["Setup+1","Dagger Throw+1","Acrobatics"],"picked":"SKIP","floor":18},{"not_picked":["Crippling Poison","Slice+1"],"picked":"Escape Plan+1","floor":19},{"not_picked":["Skewer","Poisoned Stab","Blade Dance"],"picked":"SKIP","floor":22},{"not_picked":["Skewer","Poisoned Stab","Blade Dance"],"picked":"SKIP","floor":22},{"not_picked":["Prepared","Outmaneuver"],"picked":"Bouncing Flask","floor":23},{"not_picked":["Phantasmal Killer","Leg Sweep","Choke"],"picked":"SKIP","floor":25},{"not_picked":["Dagger Spray","Dagger Throw","Choke"],"picked":"SKIP","floor":27},{"not_picked":["Poisoned Stab","Leg Sweep","PiercingWail"],"picked":"SKIP","floor":29},{"not_picked":["Malaise","Burst"],"picked":"Venomology","floor":33},{"not_picked":["Dagger Spray","Backflip+1","Flying Knee"],"picked":"SKIP","floor":35},{"not_picked":["Leg Sweep+1","Choke","Poisoned Stab+1"],"picked":"SKIP","floor":39},{"not_picked":["Prepared+1","Backflip+1","Quick Slash"],"picked":"SKIP","floor":40},{"not_picked":["Heel Hook","Poisoned Stab","Accuracy"],"picked":"SKIP","floor":42},{"not_picked":["PiercingWail","Outmaneuver"],"picked":"Night Terror","floor":44},{"not_picked":["Eviscerate","Cloak And Dagger","Dagger Spray"],"picked":"SKIP","floor":46},{"not_picked":["Prepared+1","Dagger Throw"],"picked":"PiercingWail+1","floor":48},{"not_picked":["Deadly Poison+1","Blur+1"],"picked":"Deflect","floor":52},{"not_picked":["Deadly Poison","Bane","Doppelganger"],"picked":"SKIP","floor":54}],"player_experience":477380,"relics_obtained":[{"floor":6,"key":"Tiny Chest"},{"floor":9,"key":"Matryoshka"},{"floor":12,"key":"Bag of Marbles"},{"floor":14,"key":"Potion Belt"},{"floor":23,"key":"PreservedInsect"},{"floor":25,"key":"Orichalcum"},{"floor":26,"key":"Boot"},{"floor":37,"key":"Toxic Egg 2"},{"floor":37,"key":"TungstenRod"},{"floor":40,"key":"Gremlin Horn"},{"floor":42,"key":"Bag of Preparation"},{"floor":43,"key":"Dream Catcher"},{"floor":44,"key":"Ancient Tea Set"},{"floor":54,"key":"Lantern"}],"event_choices":[{"damage_healed":0,"gold_gain":0,"player_choice":"Box","damage_taken":0,"relics_obtained":["Question Card"],"max_hp_gain":0,"max_hp_loss":0,"event_name":"Big Fish","floor":3,"gold_loss":0,"cards_obtained":["Regret"]},{"cards_removed":["Survivor"],"damage_healed":0,"gold_gain":0,"player_choice":"Offered Basic","damage_taken":0,"max_hp_gain":0,"max_hp_loss":0,"event_name":"Bonfire Elementals","floor":5,"gold_loss":0},{"damage_healed":0,"gold_gain":0,"player_choice":"Shed Blood","damage_taken":23,"max_hp_gain":5,"max_hp_loss":0,"event_name":"Forgotten Altar","floor":20,"gold_loss":0},{"damage_healed":0,"gold_gain":0,"player_choice":"Read","damage_taken":0,"max_hp_gain":0,"max_hp_loss":0,"event_name":"The Library","floor":21,"gold_loss":0,"cards_obtained":["Catalyst"]},{"damage_healed":0,"gold_gain":0,"player_choice":"Ignored","damage_taken":0,"max_hp_gain":0,"max_hp_loss":0,"event_name":"Purifier","floor":31,"gold_loss":0},{"damage_healed":0,"gold_gain":275,"player_choice":"Desecrate","damage_taken":0,"max_hp_gain":0,"max_hp_loss":0,"event_name":"Golden Shrine","floor":38,"gold_loss":0,"cards_obtained":["Regret"]}],"is_beta":false,"boss_relics":[{"not_picked":["Ectoplasm","Runic Pyramid"],"picked":"Ring of the Serpent"},{"not_picked":["Coffee Dripper","HoveringKite"],"picked":"Cursed Key"}],"items_purged_floors":[],"is_endless":false,"potions_floor_spawned":[1,12,14,16,23,25,27,40,42,54],"ascension_level":16}}