{"host":"7xwe9tmiyvwn0fou","time":1613950080,"event":{"mods":["2.2 Compatiblity","AchievementEnabler","Act Like it!","Aspiration","BaseMod","Better Altar","Better Match","Better Note","Better Sensory Stone","Better Skull","Better Third Choice","BetterRewards","CapriCore","Colored Map","Colored Powertips","Conspire","Downfall","Elementarium","Energized Spire","Friendly Minions","Gensokyo","GifTheSpireLib","Googly Eyes","Halation","Hallownest","Hero for Fun","Highlight Path","Hubris","Infinite Spire","LagranYue(???·?)","Lobotomy","Minty Spire (QoL Compilation)","MostiFishMod","Rare Cards Sparkle","Reliquary","Ruina","Shop Mod","Spikes Relics","Spire Arcade","StSLib","Stuff the Spire","Td1madao Mod","The Bug Knight","The Jungle","Waifu the Spire","everything is the same but u backflip on backflip","slay the spire mod where everything is the same but ironclad has a cowboy hat"],"gold_per_floor":[110,35,55,65,65,65,93,103,103,123,154,174,174,184,184,281,281,291,291,301,142,157,157,172,186,209,228,245,245,260,273,273,372,372,385,398,408,309,309,309],"floor_reached":39,"language":"ENG","playtime":6103,"items_purged":["Decay","Strike_R","Strike_R"],"score":393,"play_id":"b2177a79-3bf7-44e1-9db1-220b9dfc0e6b","local_time":"20210221182800","is_ascension_mode":false,"campfire_choices":[{"data":"Body Slam","floor":6.0,"key":"SMITH"},{"floor":13.0,"key":"REST"},{"floor":15.0,"key":"REST"},{"data":"Armaments","floor":23.0,"key":"SMITH"},{"floor":29.0,"key":"REST"},{"data":"Body Slam","floor":32.0,"key":"SMITH"}],"circlet_count":0,"master_deck":["Strike_R","Strike_R","Defend_R+1","Defend_R","Defend_R","Defend_R","Bash","Body Slam+1","Shrug It Off","Shrug It Off","Armaments+1","Impervious","Body Slam+1","Ghostly Armor+1","Iron Wave","hubris:ReadiedAction+1","MostiFishMod:UltimateDefense","hubris:ReadiedAction+1"],"relics":["Burning Blood","DaveBox","LagranYue:RandomDrawCardRelic","hubris:Spice","SynthV:TestCard","infinitespire:Golems Mask","Nunchaku","MerchantsRug","DaCapo"],"acts_visited":["Exordium","TheCity","TheBeyond"],"potions_floor_usage":[39,39],"damage_taken":[{"damage":7.0,"enemies":"Cultist","floor":1.0,"turns":4.0},{"damage":1.0,"enemies":"conspire:RoseBush","floor":3.0,"turns":3.0},{"damage":0.0,"enemies":"Small Slimes","floor":4.0,"turns":4.0},{"damage":59.0,"enemies":"HollowMod:MossKnight","floor":7.0,"turns":13.0},{"damage":3.0,"enemies":"2 Fungi Beasts","floor":8.0,"turns":4.0},{"damage":20.0,"enemies":"Exordium Thugs","floor":10.0,"turns":6.0},{"damage":23.0,"enemies":"conspire:MimicChest","floor":11.0,"turns":9.0},{"damage":0.0,"enemies":"Looter","floor":12.0,"turns":3.0},{"damage":0.0,"enemies":"Blue Slaver","floor":14.0,"turns":4.0},{"damage":52.0,"enemies":"Slime Boss","floor":16.0,"turns":15.0},{"damage":26.0,"enemies":"Spheric Guardian","floor":18.0,"turns":8.0},{"damage":37.0,"enemies":"conspire:FuzzyDice","floor":20.0,"turns":7.0},{"damage":17.0,"enemies":"Snecko","floor":22.0,"turns":6.0},{"damage":3.0,"enemies":"Shelled Parasite and Fungi","floor":24.0,"turns":6.0},{"damage":2.0,"enemies":"Snake Plant","floor":25.0,"turns":4.0},{"damage":21.0,"enemies":"Cultist and Chosen","floor":27.0,"turns":7.0},{"damage":0.0,"enemies":"Centurion and Healer","floor":28.0,"turns":4.0},{"damage":0.0,"enemies":"conspire:HollyBat","floor":30.0,"turns":6.0},{"damage":0.0,"enemies":"Snecko","floor":31.0,"turns":3.0},{"damage":16.0,"enemies":"Automaton","floor":33.0,"turns":10.0},{"damage":0.0,"enemies":"Orb Walker","floor":35.0,"turns":3.0},{"damage":0.0,"enemies":"3 Shapes","floor":36.0,"turns":5.0},{"damage":0.0,"enemies":"Jaw Worm Horde","floor":37.0,"turns":4.0},{"damage":12,"enemies":"infinitespire:Three Voidlings","floor":39,"turns":5},{"damage":83,"enemies":"Nightmare_Alpha","floor":39,"turns":14}],"seed_played":"485059545178648959","potions_obtained":[{"floor":1.0,"key":"SmokeBomb"},{"floor":3.0,"key":"infinitespire:BlackPotion"},{"floor":10.0,"key":"champ:CounterPotion"},{"floor":11.0,"key":"Fire Potion"},{"floor":12.0,"key":"Guardian:BlockOnCardUsePotion"},{"floor":24.0,"key":"EssenceOfSteel"},{"floor":25.0,"key":"ColorlessPotion"},{"floor":28.0,"key":"Strength Potion"},{"floor":30.0,"key":"sneckomod:MuddlingPotion"},{"floor":31.0,"key":"Strength Potion"},{"floor":35.0,"key":"GamblersBrew"}],"is_trial":false,"path_per_floor":["M","$","M","M","T","R","E","M","T","M","?","M","R","M","R","B",null,"M","?","M","$","M","R","M","M","T","M","M","R","M","M","R","B",null,"M","M","M","$","?"],"character_chosen":"IRONCLAD","items_purchased":["MerchantsRug"],"campfire_rested":3,"item_purchase_floors":[21],"current_hp_per_floor":[87,87,88,88,88,88,35,38,38,24,7,13,39,45,71,25,96,76,76,45,45,34,34,37,41,41,26,32,58,64,70,70,60,80,80,80,80,80,0,0],"gold":309,"neow_bonus":"ONE_RARE_RELIC","is_daily":false,"chose_seed":false,"campfire_upgraded":3,"win_rate":0.0,"timestamp":1613950080,"path_taken":["M","$","M","M","?","R","E","M","T","M","?","M","R","M","R","BOSS","M","?","M","$","M","R","M","M","T","M","M","R","M","M","R","BOSS","M","M","M","$","?"],"items_purchased_type":["Relic"],"build_version":"2020-12-22","purchased_purges":3,"victory":false,"max_hp_per_floor":[88,88,88,88,88,88,88,88,88,88,88,88,88,88,88,88,96,96,96,88,88,88,88,88,88,88,88,88,88,88,88,88,88,80,80,80,80,80,80,80],"card_choices":[{"not_picked":["hubris:ReadiedAction","Absolvement"],"picked":"Body Slam","floor":1.0},{"not_picked":["Uppercut","Dropkick","Invigoration","Clothesline"],"picked":"Shrug It Off","floor":3.0},{"not_picked":["Cleave","StuffTheSpire:RockThrow","Spot Weakness","Infernal Blade","Perfected Strike"],"picked":"SKIP","floor":4.0},{"not_picked":["Pummel","Burning Pact","infinitespire:OneForAll","Anger","Flex"],"picked":"SKIP","floor":7.0},{"not_picked":["True Grit","Thunderclap","StuffTheSpire:Incineration","MostiFishMod:PerfectStrikeMKII","MostiFishMod:BrandingRite"],"picked":"SKIP","floor":8.0},{"not_picked":["conspire:Charge","Thunderclap","Fire Breathing","Headbutt"],"picked":"Shrug It Off","floor":10.0},{"not_picked":["Hemokinesis","MostiFishMod:BrandingRite","Sentinel","Havoc","Reckless Charge"],"picked":"SKIP","floor":12.0},{"not_picked":["Perfected Strike","infinitespire:OneForAll","Warcry","BarbarianYell"],"picked":"Armaments","floor":14.0},{"not_picked":["MostiFishMod:RacingGame","Demon Form","MostiFishMod:KnuckleDown","MostiFishMod:OrdinaryWorld"],"picked":"Impervious","floor":16.0},{"not_picked":["StuffTheSpire:Incineration","Flex+1","Anger+1","StuffTheSpire:RagingBull+1","Heavy Blade"],"picked":"SKIP","floor":18.0},{"not_picked":["Pommel Strike+1","Thunderclap","infinitespire:OneForAll","Whirlwind+1"],"picked":"hubris:SpiceAddiction","floor":20.0},{"not_picked":["Double Tap","Warcry","hubris:SpiceAddiction","Clash","Cleave"],"picked":"SKIP","floor":22.0},{"not_picked":["hubris:CleavingFinish","hubris:SpiceAddiction","StuffTheSpire:Slingshot","hubris:SpiceAddiction"],"picked":"Body Slam","floor":24.0},{"not_picked":["hubris:ReadiedAction+1","Clothesline","hubris:SpiceAddiction","Flex"],"picked":"Ghostly Armor","floor":25.0},{"not_picked":["Spot Weakness+1","Whirlwind+1","StuffTheSpire:Slingshot+1","hubris:SpiceAddiction"],"picked":"Iron Wave","floor":27.0},{"not_picked":["Flex+1","MostiFishMod:#F4004","StuffTheSpire:Slingshot","Havoc"],"picked":"hubris:ReadiedAction+1","floor":28.0},{"not_picked":["Armaments","hubris:SpiceAddiction","True Grit+1","Body Slam","hubris:SpiceAddiction"],"picked":"SKIP","floor":30.0},{"not_picked":["Sword Boomerang","Perfected Strike","MostiFishMod:RacingGame","Dark Embrace","StuffTheSpire:RagingBull+1"],"picked":"SKIP","floor":31.0},{"not_picked":["hubris:SpiceAddiction","MostiFishMod:WingOfPhoenix","Limit Break","MostiFishMod:TemporaryOutbreak"],"picked":"MostiFishMod:UltimateDefense","floor":33.0},{"not_picked":["Havoc","Wild Strike+1","hubris:SpiceAddiction","Power Through+1","True Grit+1"],"picked":"SKIP","floor":35.0},{"not_picked":["hubris:SpiceAddiction","Body Slam","Havoc+1","Pommel Strike+1"],"picked":"hubris:ReadiedAction+1","floor":36.0},{"not_picked":["MostiFishMod:DoubleSword","hubris:SpiceAddiction","Absolvement+1","Perfected Strike+1","Searing Blow"],"picked":"SKIP","floor":37.0}],"player_experience":13270,"relics_obtained":[{"floor":1.0,"key":"SynthV:TestCard"},{"floor":7.0,"key":"infinitespire:Golems Mask"},{"floor":9.0,"key":"halation:WeightlessCrab"},{"floor":11.0,"key":"Nunchaku"},{"floor":26.0,"key":"War Paint"}],"event_choices":[{"cards_removed":["Strike_R"],"damage_healed":0.0,"max_hp_gain":0.0,"max_hp_loss":0.0,"gold_gain":0.0,"event_name":"Wheel of Change","player_choice":"Card Removal","floor":19.0,"gold_loss":0.0,"damage_taken":0.0}],"is_beta":false,"boss_relics":[{"not_picked":["reliquary:Ember","Black Blood"],"picked":"hubris:Spice"},{"not_picked":["hubris:Spice","hubris:Spice"],"picked":"hubris:Spice"}],"items_purged_floors":[2,21,38],"is_endless":false,"potions_floor_spawned":[1,3,10,11,12,24,25,28,30,31,33,35,39],"killed_by":"Nightmare_Alpha","ascension_level":0}}