{"host":"q57ekfojy3i00x9o","time":1613933327,"event":{"mods":["Act Like it!","Arknights","Aspiration","BaseMod","Colored Map","Energized Spire","Hermit","Minty Spire (QoL Compilation)","Quick Restart","Ruina","Spicy Shops","Spikes Relics","StSLib","slay the spire mod where everything is the same but ironclad has a cowboy hat"],"gold_per_floor":[116,266,50,60,79,79,109,127,152,152,162,197,210,32,32,107,57,71,85,2,2,2,33,33,61,61,61,61,61,88,37,37,113,113,132,180,13,13,24,24,37,37,117,146,160,241,241,241,241,241],"floor_reached":51,"language":"RUS","playtime":1340,"items_purged":["Doubt","Pain"],"score":1312,"play_id":"f20b2b64-2d80-4827-b97f-bf3c0796a592","local_time":"20210221234847","is_ascension_mode":true,"campfire_choices":[{"data":"ats:Mental Burst","floor":6.0,"key":"SMITH"},{"data":"ats:Closed Bolt Burst Fire","floor":10.0,"key":"SMITH"},{"data":"ats:Nebulous Foxfire","floor":15.0,"key":"SMITH"},{"floor":27.0,"key":"REST"},{"floor":32.0,"key":"REST"},{"floor":40.0,"key":"REST"},{"floor":42,"key":"REST"},{"data":"ats:Ambush","floor":47,"key":"SMITH"},{"data":"ats:Serious Mode","floor":49,"key":"SMITH"}],"circlet_count":0,"master_deck":["AscendersBane","ats:Strike C","ats:Strike G","ats:Strike S","ats:Strike V+1","ats:Armor Crushing Shot","ats:Defend","ats:Defend","ats:Defend","ats:Defend","ats:Emotion Absorption","ats:Ignite","ats:Mental Burst+1","ats:Poison Spread","ats:Closed Bolt Burst Fire+1","ats:Cat Scratch+1","ats:Cat Scratch","ats:Consecutive Shot Auto","ats:Overload","ats:Nebulous Foxfire+1","ats:Nebulous Foxfire","ats:Strike C","ats:Demon Strength","ats:Song Of Battle","ats:Sword Rain","ats:Rat Pack","ats:Ambush+1","Doubt","ats:Serious Mode+1","ats:Leaping Hammer","ats:Hammer On","ats:Apocalypse+1","Panacea","ats:Powerful Strike","ats:Apocalypse+1","ats:Shell Defense","ats:Soul Rend"],"relics":["ats:Sanity","NeowsBlessing","Orichalcum","ats:Originium","Lizard Tail","Whetstone","Boot","energizedSpire:HugeHouse","ruina:PrescriptsGrace","Toy Ornithopter","RollingBoulder","Kunai","Tiny Chest","Singing Bowl","ats:Tactical Delivery","Gambling Chip","Vajra","SpikesRelics:ToyHorsey","RetroEgg","TungstenRod"],"acts_visited":["Exordium","ruina:Briah","TheBeyond"],"potions_floor_usage":[41],"damage_taken":[{"damage":0.0,"enemies":"2 Louse","floor":1.0,"turns":1.0},{"damage":0.0,"enemies":"Small Slimes","floor":4.0,"turns":1.0},{"damage":0.0,"enemies":"Jaw Worm","floor":5.0,"turns":1.0},{"damage":0.0,"enemies":"Gremlin Nob","floor":7.0,"turns":2.0},{"damage":2.0,"enemies":"Blue Slaver","floor":8.0,"turns":2.0},{"damage":6.0,"enemies":"Exordium Thugs","floor":11.0,"turns":2.0},{"damage":10.0,"enemies":"Lagavulin","floor":12.0,"turns":3.0},{"damage":6.0,"enemies":"Exordium Wildlife","floor":13.0,"turns":2.0},{"damage":9.0,"enemies":"Hexaghost","floor":16.0,"turns":7.0},{"damage":2.0,"enemies":"ruina:Nosferatu","floor":18.0,"turns":2.0},{"damage":32.0,"enemies":"ruina:BadWolf","floor":19.0,"turns":4.0},{"damage":16.0,"enemies":"ruina:Mountain","floor":23.0,"turns":6.0},{"damage":36.0,"enemies":"ruina:ServantOfWrath","floor":25.0,"turns":5.0},{"damage":54.0,"enemies":"ruina:RoadHome","floor":30.0,"turns":7.0},{"damage":82.0,"enemies":"ruina:Red_and_Wolf","floor":33.0,"turns":11.0},{"damage":21.0,"enemies":"3 Darklings","floor":35.0,"turns":5.0},{"damage":23.0,"enemies":"2 Orb Walkers","floor":36.0,"turns":3.0},{"damage":2.0,"enemies":"Orb Walker","floor":39.0,"turns":2.0},{"damage":29,"enemies":"Sphere and 2 Shapes","floor":41,"turns":5},{"damage":38,"enemies":"Nemesis","floor":44,"turns":5},{"damage":0,"enemies":"Transient","floor":45,"turns":5},{"damage":65,"enemies":"Donu and Deca","floor":50,"turns":7}],"seed_played":"-5296438071699416309","potions_obtained":[{"floor":1.0,"key":"EssenceOfSteel"},{"floor":4.0,"key":"Block Potion"},{"floor":13.0,"key":"Explosive Potion"},{"floor":16.0,"key":"Ancient Potion"},{"floor":19.0,"key":"EntropicBrew"},{"floor":33.0,"key":"FairyPotion"},{"floor":36.0,"key":"AttackPotion"},{"floor":39.0,"key":"Explosive Potion"}],"is_trial":false,"path_per_floor":["M","?","$","M","M","R","E","M","T","R","M","E","M","$","R","B",null,"M","M","$","?","$","E","?","E","T","R","?","?","E","$","R","B",null,"M","?","$","?","M","R","M","R","T","E","M","T","R","T","R","B",null],"character_chosen":"DOCTOR_CLASS","items_purchased":["Orichalcum","ats:Mental Burst","ats:Nebulous Foxfire","ats:Sword Rain","ats:Leaping Hammer","Vajra"],"campfire_rested":4,"item_purchase_floors":[3,3,14,20,31,37],"current_hp_per_floor":[65,65,65,65,65,65,65,63,63,63,57,47,41,41,41,46,62,60,31,31,31,31,30,43,17,17,37,37,37,29,29,49,3,53,32,13,13,13,19,39,28,48,48,20,42,42,42,42,42,26],"gold":241,"neow_bonus":"THREE_ENEMY_KILL","is_daily":false,"chose_seed":false,"campfire_upgraded":5,"win_rate":0.0,"timestamp":1613933327,"path_taken":["M","?","$","M","M","R","E","M","T","R","M","E","M","$","R","BOSS","M","M","$","?","$","E","?","E","T","R","?","?","E","$","R","BOSS","M","?","$","?","M","R","M","R","T","E","M","?","R","?","R","BOSS"],"items_purchased_type":["Relic","Card","Card","Card","Card","Relic"],"build_version":"2020-12-22","purchased_purges":2,"victory":true,"max_hp_per_floor":[72,72,72,72,72,72,72,72,72,72,72,72,72,72,72,72,67,67,67,67,67,67,67,67,67,67,67,67,67,67,67,67,69,69,69,69,69,69,69,69,69,69,69,69,69,69,69,69,69,69],"card_choices":[{"not_picked":["ats:Defend Order","ats:Revitalization"],"picked":"ats:Ignite","floor":1.0},{"not_picked":["ats:Revitalization","ats:Shell Defense"],"picked":"ats:Poison Spread","floor":4.0},{"not_picked":["ats:Explosion Area Strengthen","ats:Defend Order"],"picked":"ats:Closed Bolt Burst Fire","floor":5.0},{"not_picked":["ats:Phantom","ats:Flame Of Heaven"],"picked":"ats:Cat Scratch","floor":7.0},{"not_picked":["ats:Guard Mode","ats:Thorns"],"picked":"ats:Cat Scratch","floor":8.0},{"not_picked":["ats:Hammer On","ats:Powerful Strike"],"picked":"ats:Consecutive Shot Auto","floor":11.0},{"not_picked":["ats:Guard Mode","ats:Hammer On"],"picked":"ats:Shell Defense","floor":12.0},{"not_picked":["ats:Part Time Job","ats:Dogmatic Field"],"picked":"ats:Overload","floor":13.0},{"not_picked":["ats:Fractured Body","ats:Echo Reverb"],"picked":"ats:Nebulous Foxfire","floor":16.0},{"not_picked":["ats:Burning Ground","ats:Thorns"],"picked":"ats:Song Of Battle","floor":18.0},{"not_picked":["ats:Soul Absorption+1","ats:Sunburst","ats:Automatic Cover"],"picked":"SKIP","floor":19.0},{"not_picked":["ats:Absolute Focus","ats:Revitalization"],"picked":"ats:Rat Pack","floor":23.0},{"not_picked":["ats:Cat Scratch","ats:Charging Defense+1"],"picked":"ats:Ambush","floor":25.0},{"not_picked":["ats:Ignite","ats:Poison Spread+1"],"picked":"ats:Serious Mode","floor":30.0},{"not_picked":["ats:Durian","ats:Echo Reverb","ats:Ambush"],"picked":"Singing Bowl","floor":33.0},{"not_picked":["ats:Part Time Job","ats:Revitalization"],"picked":"ats:Hammer On","floor":35.0},{"not_picked":["ats:Cat Scratch","ats:Collapsing Strike"],"picked":"ats:Apocalypse+1","floor":36.0},{"not_picked":["Dramatic Entrance","HandOfGreed"],"picked":"Panacea","floor":38.0},{"not_picked":["ats:Leaping Hammer","ats:Defend Order+1"],"picked":"ats:Powerful Strike","floor":39.0},{"not_picked":["ats:Leaping Hammer+1","ats:Blood Oath"],"picked":"ats:Apocalypse+1","floor":41},{"not_picked":["ats:Blood Oath","ats:Absolute Focus"],"picked":"ats:Shell Defense","floor":44},{"not_picked":["ats:Apocalypse","ats:Healing Drone"],"picked":"ats:Soul Rend","floor":45}],"player_experience":781576,"relics_obtained":[{"floor":7.0,"key":"ats:Originium"},{"floor":7.0,"key":"Lizard Tail"},{"floor":9.0,"key":"Whetstone"},{"floor":12.0,"key":"ats:Originium"},{"floor":12.0,"key":"Boot"},{"floor":23.0,"key":"ats:Originium"},{"floor":23.0,"key":"Toy Ornithopter"},{"floor":25.0,"key":"ats:Originium"},{"floor":25.0,"key":"RollingBoulder"},{"floor":26.0,"key":"Kunai"},{"floor":30.0,"key":"Singing Bowl"},{"floor":36.0,"key":"Gambling Chip"},{"floor":43,"key":"SpikesRelics:ToyHorsey"},{"floor":46,"key":"RetroEgg"},{"floor":48,"key":"TungstenRod"}],"event_choices":[{"damage_healed":0.0,"max_hp_gain":0.0,"max_hp_loss":0.0,"gold_gain":150.0,"event_name":"Liars Game","player_choice":"AGREE","floor":2.0,"gold_loss":0.0,"damage_taken":0.0,"cards_obtained":["Doubt"]},{"damage_healed":0.0,"max_hp_gain":0.0,"max_hp_loss":0.0,"gold_gain":0.0,"event_name":"Mysterious Sphere","player_choice":"Fight","floor":36.0,"gold_loss":0.0,"damage_taken":0.0},{"damage_healed":0.0,"max_hp_gain":0.0,"max_hp_loss":0.0,"gold_gain":0.0,"event_name":"SensoryStone","player_choice":"Memory 1","floor":38.0,"gold_loss":0.0,"damage_taken":0.0}],"is_beta":false,"boss_relics":[{"not_picked":["SacredBark","energizedSpire:SpiderWeb"],"picked":"energizedSpire:HugeHouse"},{"not_picked":["Cursed Key","Sozu"],"picked":"ats:Tactical Delivery"}],"items_purged_floors":[3,37],"is_endless":false,"potions_floor_spawned":[1,4,13,16,19,33,36,39],"ascension_level":16}}