{"host":"ormi09wwzv7sq47a","time":1613930279,"event":{"mods":["2.2 Compatiblity","AchievementEnabler","Act Like it!","BaseMod","Bestiary","Better Altar","Better Note","Better Sensory Stone","Better Silent Start","Better Skull","Better Third Choice","Better Vampires","BetterRewards","Block Reminder","Card Forge","Colored Map","Colored Powertips","Curses Come First","DeckTracker","Downfall","Highlight Path","Minty Spire (QoL Compilation)","Permanent Neow","Quick Restart","Rare Cards Sparkle","Relic Stats","Shop Mod","StSLib","The Jungle"],"gold_per_floor":[110,120,120,140,94,94,104,104,181,181,197,230,243,243,243,317,317,334,259,259,272,187,187,215,215,240,240,267,1,15,15,15,90,90,101,101,81,81,0,0,28,38,38,38,54,54,68,96,96,96,121,121,121,36,71,71,71],"floor_reached":56,"language":"ENG","playtime":3609,"items_purged":["Strike_B","Strike_B"],"score":1857,"play_id":"54f4f120-021d-471c-822e-f7a3b868bdff","local_time":"20210221145759","is_ascension_mode":true,"campfire_choices":[{"data":"Zap","floor":6.0,"key":"SMITH"},{"floor":8.0,"key":"REST"},{"data":"Streamline","floor":10.0,"key":"SMITH"},{"data":"Dualcast","floor":15.0,"key":"SMITH"},{"data":"Hyperbeam","floor":23.0,"key":"SMITH"},{"data":"Reinforced Body","floor":25.0,"key":"SMITH"},{"data":"Tempest","floor":27.0,"key":"SMITH"},{"data":"Skim","floor":32.0,"key":"SMITH"},{"data":"Electrodynamics","floor":40.0,"key":"SMITH"},{"data":"HandOfGreed","floor":44.0,"key":"SMITH"},{"data":"Compile Driver","floor":46.0,"key":"SMITH"},{"floor":49.0,"key":"RECALL"},{"data":"Steam","floor":53,"key":"SMITH"}],"circlet_count":0,"master_deck":["AscendersBane","Defend_B","Defend_B","Defend_B","Defend_B","Zap+1","Dualcast+1","Skim+1","Gash","Chill","Reinforced Body+1","Streamline+1","Compile Driver+1","Tempest+1","Hyperbeam+1","Leap+1","Gash","Self Repair+1","Redo+1","Gash","Electrodynamics+1","Beam Cell+1","HandOfGreed+1","White Noise+1","Gash","Consume+1","Hologram+1","Steam+1","Static Discharge"],"relics":["Cracked Core","Hammer of Thor","Seething Fire","Anvil of the Gods","Calipers","Symbiotic Virus","hexamod:CandleOfCauterizing","Cables","Ancient Tea Set","Matryoshka","Coffee Dripper","Centennial Puzzle","Letter Opener","Kunai","Juzu Bracelet","Toy Ornithopter","Strange Spoon","Inserter","Red Mask","Slimebound:PreparedRelic","Blue Candle","Happy Flower","Strawberry"],"acts_visited":["Exordium","TheCity","TheBeyond","TheEnding"],"potions_floor_usage":[],"damage_taken":[{"damage":9.0,"enemies":"2 Louse","floor":1.0,"turns":2.0},{"damage":1.0,"enemies":"Cultist","floor":2.0,"turns":3.0},{"damage":5.0,"enemies":"Small Slimes","floor":4.0,"turns":3.0},{"damage":3.0,"enemies":"Blue Slaver","floor":7.0,"turns":2.0},{"damage":0.0,"enemies":"Large Slime","floor":11.0,"turns":3.0},{"damage":6.0,"enemies":"Lagavulin","floor":12.0,"turns":4.0},{"damage":0.0,"enemies":"3 Louse","floor":13.0,"turns":3.0},{"damage":21.0,"enemies":"The Guardian","floor":16.0,"turns":8.0},{"damage":2.0,"enemies":"Chosen","floor":18.0,"turns":3.0},{"damage":10.0,"enemies":"2 Thieves","floor":21.0,"turns":2.0},{"damage":15.0,"enemies":"Book of Stabbing","floor":24.0,"turns":4.0},{"damage":22.0,"enemies":"Gremlin Leader","floor":28.0,"turns":7.0},{"damage":17.0,"enemies":"Cultist and Chosen","floor":30.0,"turns":4.0},{"damage":21.0,"enemies":"Champ","floor":33.0,"turns":9.0},{"damage":4.0,"enemies":"3 Shapes","floor":35.0,"turns":3.0},{"damage":18.0,"enemies":"Reptomancer","floor":41.0,"turns":4.0},{"damage":0.0,"enemies":"Orb Walker","floor":42.0,"turns":2.0},{"damage":0.0,"enemies":"Writhing Mass","floor":45.0,"turns":4.0},{"damage":0.0,"enemies":"3 Darklings","floor":47.0,"turns":2.0},{"damage":33.0,"enemies":"Giant Head","floor":48.0,"turns":7.0},{"damage":14.0,"enemies":"Donu and Deca","floor":50.0,"turns":8.0},{"damage":74,"enemies":"Awakened One","floor":51,"turns":12},{"damage":41,"enemies":"Shield and Spear","floor":55,"turns":4},{"damage":36,"enemies":"The Heart","floor":56,"turns":2}],"seed_played":"-7237039158522580459","potions_obtained":[{"floor":1.0,"key":"hexamod:SoulburnPotion"},{"floor":2.0,"key":"GamblersBrew"},{"floor":13.0,"key":"FairyPotion"},{"floor":18.0,"key":"Block Potion"},{"floor":21.0,"key":"Regen Potion"},{"floor":35.0,"key":"GamblersBrew"},{"floor":37.0,"key":"FairyPotion"}],"is_trial":false,"path_per_floor":["M","M","?","M","?","R","M","R","T","R","M","E","M","T","R","B",null,"M","?","?","M","?","R","E","R","T","R","E","$","M","?","R","B",null,"M","?","?","$","?","R","E","M","T","R","M","R","M","E","R","B","B",null,"R","$","E","B"],"character_chosen":"DEFECT","items_purchased":["Symbiotic Virus","hexamod:CandleOfCauterizing","Strange Spoon","Static Discharge"],"campfire_rested":1,"item_purchase_floors":[0,0,29,54],"current_hp_per_floor":[23,22,22,17,17,17,14,35,35,35,35,29,29,29,29,8,55,53,53,53,43,43,43,42,42,42,42,30,30,23,23,23,12,56,52,52,52,52,52,52,44,44,44,44,54,54,54,31,31,27,17,58,58,58,34,0,0],"gold":71,"neow_bonus":"","is_daily":false,"chose_seed":false,"campfire_upgraded":11,"win_rate":0.0,"timestamp":1613930279,"path_taken":["M","M","?","?","?","R","M","R","T","R","M","E","M","?","R","BOSS","M","?","?","M","?","R","E","R","T","R","E","$","M","?","R","BOSS","M","?","?","$","?","R","E","M","T","R","M","R","M","E","R","BOSS","BOSS","R","$","E","BOSS"],"items_purchased_type":["Relic","Relic","Relic","Card"],"build_version":"2020-12-22","purchased_purges":2,"victory":false,"max_hp_per_floor":[71,71,71,71,71,71,71,71,71,71,71,71,71,71,71,71,71,71,71,71,71,71,71,71,71,71,71,71,71,71,71,71,71,71,71,71,71,71,71,71,71,71,71,71,71,71,71,71,71,71,71,71,71,71,78,78,78],"relic_stats":{"Strange Spoon":[23],"Centennial Puzzle":[33],"Inserter":[24],"Happy Flower":[8],"counters":[48,189],"Blue Candle":[0],"Juzu Bracelet":1,"Letter Opener":[310],"Kunai":[29],"obtain_stats":[{"Lantern":26,"Calipers":0,"Vajra":0,"Hammer of Thor":0,"expansioncontent:StudyCardRelic":17,"Juzu Bracelet":26,"Whetstone":14,"Boot":23,"Ancient Tea Set":12,"ClockworkSouvenir":13,"Centennial Puzzle":22,"HornCleat":11,"Matryoshka":14,"Slimebound:StickyStick":31,"Mummified Hand":0,"Gambling Chip":0,"Strawberry":55,"HandDrill":0,"Red Mask":25,"Kunai":26,"Cracked Core":0,"hexamod:CandleOfCauterizing":10,"Inserter":34,"Happy Flower":48,"Golden Idol":2,"Blue Candle":43,"Oddly Smooth Stone":0,"Thread and Needle":0,"The Courier":3,"Seething Fire":0,"Letter Opener":24,"Frozen Egg 2":9,"Cables":9,"Strange Spoon":29,"Anvil of the Gods":0,"Turnip":0,"Slimebound:PreparedRelic":41,"Coffee Dripper":17,"Symbiotic Virus":0,"TungstenRod":0,"Toy Ornithopter":28},{"Lantern":18,"Calipers":24,"Vajra":5,"Hammer of Thor":0,"expansioncontent:StudyCardRelic":12,"Juzu Bracelet":35,"Whetstone":11,"Boot":16,"Ancient Tea Set":30,"ClockworkSouvenir":10,"Centennial Puzzle":34,"HornCleat":10,"Matryoshka":31,"Slimebound:StickyStick":21,"Mummified Hand":22,"Gambling Chip":0,"Strawberry":47,"HandDrill":5,"Red Mask":18,"Kunai":35,"Cracked Core":0,"hexamod:CandleOfCauterizing":9,"Inserter":38,"Happy Flower":44,"Golden Idol":23,"Blue Candle":41,"Oddly Smooth Stone":5,"Thread and Needle":5,"The Courier":6,"Seething Fire":0,"Letter Opener":35,"Frozen Egg 2":9,"Cables":28,"Strange Spoon":36,"Anvil of the Gods":0,"Turnip":0,"Slimebound:PreparedRelic":40,"Coffee Dripper":32,"Symbiotic Virus":24,"TungstenRod":22,"Toy Ornithopter":36},{"Lantern":61,"Calipers":85,"Vajra":14,"Hammer of Thor":0,"expansioncontent:StudyCardRelic":39,"Juzu Bracelet":122,"Whetstone":32,"Boot":54,"Ancient Tea Set":102,"ClockworkSouvenir":29,"Centennial Puzzle":118,"HornCleat":29,"Matryoshka":105,"Slimebound:StickyStick":72,"Mummified Hand":80,"Gambling Chip":0,"Strawberry":187,"HandDrill":14,"Red Mask":61,"Kunai":122,"Cracked Core":0,"hexamod:CandleOfCauterizing":24,"Inserter":142,"Happy Flower":164,"Golden Idol":84,"Blue Candle":151,"Oddly Smooth Stone":14,"Thread and Needle":14,"The Courier":17,"Seething Fire":0,"Letter Opener":122,"Frozen Egg 2":24,"Cables":95,"Strange Spoon":129,"Anvil of the Gods":0,"Turnip":0,"Slimebound:PreparedRelic":149,"Coffee Dripper":113,"Symbiotic Virus":85,"TungstenRod":80,"Toy Ornithopter":129}],"Toy Ornithopter":0,"Cables":[80,48,19,13,0]},"card_choices":[{"not_picked":["Leap","Stack"],"picked":"Skim","floor":1.0},{"not_picked":["Barrage","Turbo"],"picked":"Gash","floor":2.0},{"not_picked":["Skim","Stack"],"picked":"Reinforced Body","floor":4.0},{"not_picked":["Force Field","Steam"],"picked":"Streamline","floor":7.0},{"not_picked":["Reboot","Self Repair"],"picked":"Compile Driver","floor":11.0},{"not_picked":["Ball Lightning","Stack","Darkness"],"picked":"SKIP","floor":12.0},{"not_picked":["Hello World","Skim"],"picked":"Tempest","floor":13.0},{"not_picked":["Amplify","Biased Cognition"],"picked":"Hyperbeam","floor":16.0},{"not_picked":["Sunder","Conserve Battery"],"picked":"Leap+1","floor":18.0},{"not_picked":["Redo","Streamline","Coolheaded"],"picked":"SKIP","floor":21.0},{"not_picked":["Ball Lightning","Go for the Eyes"],"picked":"Self Repair+1","floor":24.0},{"not_picked":["Darkness","Sunder"],"picked":"Redo+1","floor":28.0},{"not_picked":["Loop","Turbo"],"picked":"Gash","floor":30.0},{"not_picked":["Rainbow","Meteor Strike"],"picked":"Electrodynamics","floor":33.0},{"not_picked":["Reinforced Body+1","Ball Lightning+1"],"picked":"Beam Cell+1","floor":35.0},{"not_picked":["Sadistic Nature","Trip"],"picked":"HandOfGreed","floor":36.0},{"not_picked":["Go for the Eyes","Conserve Battery+1"],"picked":"White Noise+1","floor":41.0},{"not_picked":["Glacier","Steam Power"],"picked":"Gash","floor":42.0},{"not_picked":["Melter+1","Compile Driver"],"picked":"Consume+1","floor":45.0},{"not_picked":["Sweeping Beam","Doom and Gloom"],"picked":"Hologram+1","floor":47.0},{"not_picked":["Hologram","Melter"],"picked":"Steam","floor":48.0},{"not_picked":["Hyperbeam","Conserve Battery","Skim"],"picked":"SKIP","floor":55}],"player_experience":1132801,"relics_obtained":[{"floor":9.0,"key":"Cables"},{"floor":12.0,"key":"Ancient Tea Set"},{"floor":14.0,"key":"Matryoshka"},{"floor":24.0,"key":"Letter Opener"},{"floor":26.0,"key":"Kunai"},{"floor":26.0,"key":"Juzu Bracelet"},{"floor":28.0,"key":"Toy Ornithopter"},{"floor":41.0,"key":"Slimebound:PreparedRelic"},{"floor":43.0,"key":"Blue Candle"},{"floor":48.0,"key":"Happy Flower"},{"floor":55,"key":"Strawberry"}],"event_choices":[{"damage_healed":0.0,"max_hp_gain":0.0,"max_hp_loss":0.0,"gold_gain":0.0,"cards_transformed":["Strike_B"],"event_name":"Transmorgrifier","player_choice":"Transformed","floor":3.0,"gold_loss":0.0,"damage_taken":0.0,"cards_obtained":["Chill"]},{"damage_healed":0.0,"max_hp_gain":0.0,"max_hp_loss":0.0,"gold_gain":0.0,"event_name":"betterThird:BetterGoop","player_choice":"Left","floor":5.0,"gold_loss":46.0,"damage_taken":0.0},{"cards_removed":["Strike_B"],"damage_healed":0.0,"max_hp_gain":0.0,"max_hp_loss":0.0,"gold_gain":0.0,"event_name":"Beggar","player_choice":"Gave Gold","floor":19.0,"gold_loss":75.0,"damage_taken":0.0},{"damage_healed":0.0,"max_hp_gain":0.0,"max_hp_loss":0.0,"gold_gain":0.0,"event_name":"The Library","player_choice":"Read","floor":20.0,"gold_loss":0.0,"damage_taken":0.0,"cards_obtained":["Gash"]},{"damage_healed":0.0,"max_hp_gain":0.0,"max_hp_loss":0.0,"gold_gain":0.0,"event_name":"Addict","player_choice":"Obtained Relic","floor":22.0,"gold_loss":85.0,"damage_taken":0.0,"relics_obtained":["Centennial Puzzle"]},{"damage_healed":0.0,"max_hp_gain":0.0,"max_hp_loss":0.0,"gold_gain":3.0,"event_name":"betterStone:BetterStone","player_choice":"1","floor":36.0,"gold_loss":0.0,"damage_taken":0.0},{"damage_healed":0.0,"max_hp_gain":0.0,"max_hp_loss":0.0,"gold_gain":0.0,"event_name":"The Woman in Blue","player_choice":"Bought 1 Potion","floor":37.0,"gold_loss":0.0,"damage_taken":0.0},{"damage_healed":0.0,"max_hp_gain":0.0,"max_hp_loss":0.0,"gold_gain":0.0,"event_name":"Tomb of Lord Red Mask","player_choice":"Paid","floor":39.0,"gold_loss":81.0,"damage_taken":0.0,"relics_obtained":["Red Mask"]}],"is_beta":false,"boss_relics":[{"not_picked":["Sozu","SlaversCollar"],"picked":"Coffee Dripper"},{"not_picked":["Tiny House","Pandora\u0027s Box"],"picked":"Inserter"}],"items_purged_floors":[0,29],"is_endless":false,"potions_floor_spawned":[1,2,13,18,21,35,47,48],"killed_by":"The Heart","ascension_level":20}}