{"host":"oehe2dxjvdgux73m","time":1613925926,"event":{"mods":["AchievementEnabler","BaseMod","Colored Map","Colored Powertips","DeckTracker","Keyboard Shortcuts","Minty Spire (QoL Compilation)","Permanent Neow","Quick Restart","StSLib","SuperFastMode"],"gold_per_floor":[111,128,128,139,152,152,152,152,152,152,184,211,223,250,262,397,409,439,233,233,249,249,293,293,328,328,363,363,384,429,456,456,570,570,595,620,80,80,80,120,120,157,205,238,238,261,282,310,310,310],"floor_reached":51,"language":"KOR","playtime":1311,"items_purged":["Strike_B","Strike_B"],"score":1109,"play_id":"ee69db74-a16c-4a01-9bbb-62ad01b6dcfa","local_time":"20210222014526","is_ascension_mode":true,"campfire_choices":[{"data":"Go for the Eyes","floor":6.0,"key":"SMITH"},{"data":"Biased Cognition","floor":8.0,"key":"SMITH"},{"floor":13.0,"key":"REST"},{"data":"Zap","floor":15.0,"key":"SMITH"},{"data":"Storm","floor":24.0,"key":"SMITH"},{"floor":28.0,"key":"REST"},{"data":"Fusion","floor":32.0,"key":"SMITH"},{"floor":41.0,"key":"RECALL"},{"data":"Double Energy","floor":49.0,"key":"SMITH"}],"circlet_count":0,"master_deck":["Strike_B+1","Strike_B+1","Defend_B+1","Defend_B+1","Defend_B+1","Defend_B+1","Zap+1","Dualcast+1","Biased Cognition+1","Sweeping Beam+1","Skim+1","Coolheaded+1","Go for the Eyes+1","Fusion+1","Biased Cognition+1","Capacitor+1","Reboot+1","Capacitor+1","BootSequence+1","Genetic Algorithm+1","Storm+1","Conserve Battery+1","Writhe","Genetic Algorithm+1","Ball Lightning+1","Rainbow+1","Chill+1","Defragment+1","Ghostly+1","Ghostly+1","Ghostly+1","Ghostly+1","Ghostly+1","Consume+1","Creative AI+1","Glacier+1","Steam Power+1","Blizzard+1","Defragment+1","Fusion+1","Thunder Strike","Double Energy+1"],"relics":["FrozenCore","Bloody Idol","Blue Candle","MawBank","Sozu","Orrery","Frozen Egg 2","CeramicFish","Kunai","Pear","Tiny Chest","Bird Faced Urn","OrangePellets","Mark of the Bloom","Lantern","Whetstone","Ancient Tea Set","Symbiotic Virus","Nunchaku"],"acts_visited":["Exordium","TheCity","TheBeyond"],"potions_floor_usage":[50],"damage_taken":[{"damage":4.0,"enemies":"Jaw Worm","floor":1.0,"turns":4.0},{"damage":5.0,"enemies":"2 Louse","floor":2.0,"turns":2.0},{"damage":0.0,"enemies":"Cultist","floor":4.0,"turns":2.0},{"damage":1.0,"enemies":"Exordium Thugs","floor":5.0,"turns":3.0},{"damage":8.0,"enemies":"Large Slime","floor":11.0,"turns":4.0},{"damage":7.0,"enemies":"3 Louse","floor":12.0,"turns":2.0},{"damage":3.0,"enemies":"Blue Slaver","floor":14.0,"turns":3.0},{"damage":14.0,"enemies":"Hexaghost","floor":16.0,"turns":10.0},{"damage":16.0,"enemies":"2 Thieves","floor":18.0,"turns":3.0},{"damage":0.0,"enemies":"Chosen","floor":21.0,"turns":4.0},{"damage":6.0,"enemies":"Gremlin Leader","floor":23.0,"turns":6.0},{"damage":45.0,"enemies":"Slavers","floor":25.0,"turns":6.0},{"damage":16.0,"enemies":"Book of Stabbing","floor":27.0,"turns":4.0},{"damage":0.0,"enemies":"Centurion and Healer","floor":29.0,"turns":5.0},{"damage":0.0,"enemies":"Snecko","floor":31.0,"turns":5.0},{"damage":11.0,"enemies":"Automaton","floor":33.0,"turns":8.0},{"damage":5.0,"enemies":"3 Darklings","floor":35.0,"turns":6.0},{"damage":7.0,"enemies":"3 Shapes","floor":36.0,"turns":7.0},{"damage":0.0,"enemies":"Reptomancer","floor":40.0,"turns":6.0},{"damage":0.0,"enemies":"Giant Head","floor":42.0,"turns":7.0},{"damage":11.0,"enemies":"Nemesis","floor":44.0,"turns":7.0},{"damage":0.0,"enemies":"Writhing Mass","floor":46.0,"turns":4.0},{"damage":3.0,"enemies":"Maw","floor":47.0,"turns":6.0},{"damage":0.0,"enemies":"4 Shapes","floor":48.0,"turns":4.0},{"damage":15,"enemies":"Donu and Deca","floor":50,"turns":9}],"seed_played":"-5579089767718068482","potions_obtained":[{"floor":4.0,"key":"Strength Potion"},{"floor":11.0,"key":"SpeedPotion"},{"floor":12.0,"key":"ColorlessPotion"}],"is_trial":false,"path_per_floor":["M","M","?","M","M","R","?","R","T","T","M","M","R","M","R","B",null,"M","$","?","M","?","E","R","E","T","E","R","M","?","M","R","B",null,"M","M","$","?","?","E","R","E","T","E","T","M","M","M","R","B",null],"character_chosen":"DEFECT","items_purchased":["Orrery","Bird Faced Urn","OrangePellets"],"campfire_rested":2,"item_purchase_floors":[19,37,37],"current_hp_per_floor":[50,45,45,45,44,44,44,44,44,44,36,29,49,46,46,32,60,44,44,44,44,44,48,48,13,23,17,40,50,39,39,39,38,39,39,39,39,39,39,39,39,39,39,28,28,28,25,25,25,10],"gold":310,"neow_bonus":"THREE_RARE_CARDS","is_daily":false,"chose_seed":false,"campfire_upgraded":6,"win_rate":0.0,"timestamp":1613925926,"path_taken":["M","M","?","M","M","R","?","R","T","?","M","?","R","M","R","BOSS","M","$","?","M","?","E","R","E","T","E","R","M","?","M","R","BOSS","M","M","$","?","?","E","R","E","T","E","?","M","?","M","R","BOSS"],"items_purchased_type":["Relic","Relic","Relic"],"build_version":"2020-12-22","purchased_purges":2,"victory":true,"max_hp_per_floor":[75,75,75,75,75,75,69,69,69,69,69,69,69,69,69,69,69,69,69,69,69,69,69,69,69,79,79,79,79,39,39,39,39,39,39,39,39,39,39,39,39,39,39,39,39,39,39,39,39,39],"card_choices":[{"not_picked":["Creative AI","Fission"],"picked":"Biased Cognition","floor":0.0},{"not_picked":["Steam","Barrage"],"picked":"Sweeping Beam","floor":1.0},{"not_picked":["Blizzard","Sweeping Beam"],"picked":"Skim","floor":2.0},{"not_picked":["Force Field","Redo"],"picked":"Coolheaded","floor":4.0},{"not_picked":["Scrape","Static Discharge"],"picked":"Go for the Eyes","floor":5.0},{"not_picked":["Rebound","Rip and Tear"],"picked":"Fusion","floor":11.0},{"not_picked":["Lockon","Sweeping Beam"],"picked":"Biased Cognition","floor":12.0},{"not_picked":["Rebound","Hologram"],"picked":"Capacitor","floor":14.0},{"not_picked":["Creative AI","Multi-Cast"],"picked":"Reboot","floor":16.0},{"not_picked":["Rebound","Hello World+1"],"picked":"Capacitor","floor":18.0},{"not_picked":["Streamline","Darkness"],"picked":"BootSequence+1","floor":19.0},{"not_picked":["Beam Cell","Barrage"],"picked":"Genetic Algorithm+1","floor":19.0},{"not_picked":["Rip and Tear+1","Biased Cognition"],"picked":"Storm","floor":19.0},{"not_picked":["Go for the Eyes+1","FTL"],"picked":"Conserve Battery+1","floor":19.0},{"not_picked":["Rebound","Chaos"],"picked":"Genetic Algorithm","floor":21.0},{"not_picked":["Hyperbeam","Sweeping Beam"],"picked":"Ball Lightning","floor":23.0},{"not_picked":["Storm+1","Gash"],"picked":"Rainbow","floor":25.0},{"not_picked":["Undo+1","Fusion"],"picked":"Chill+1","floor":27.0},{"not_picked":["Go for the Eyes","Rebound"],"picked":"Defragment+1","floor":29.0},{"not_picked":["Barrage","Sweeping Beam"],"picked":"Consume","floor":31.0},{"not_picked":["Reboot","Seek"],"picked":"Creative AI+1","floor":33.0},{"not_picked":["Conserve Battery+1","Tempest"],"picked":"Glacier+1","floor":35.0},{"not_picked":["Redo+1","Storm+1"],"picked":"Steam Power+1","floor":36.0},{"not_picked":["Go for the Eyes+1","Sunder"],"picked":"Blizzard+1","floor":40.0},{"not_picked":["Redo+1","Consume"],"picked":"Defragment+1","floor":42.0},{"not_picked":["Multi-Cast","Go for the Eyes","Rebound+1"],"picked":"SKIP","floor":44.0},{"not_picked":["Consume","Beam Cell"],"picked":"Fusion+1","floor":46.0},{"not_picked":["Compile Driver","Self Repair+1"],"picked":"Thunder Strike","floor":47.0},{"not_picked":["Steam","White Noise"],"picked":"Double Energy","floor":48.0}],"player_experience":489884,"relics_obtained":[{"floor":9.0,"key":"Blue Candle"},{"floor":10.0,"key":"MawBank"},{"floor":23.0,"key":"CeramicFish"},{"floor":25.0,"key":"Kunai"},{"floor":26.0,"key":"Pear"},{"floor":27.0,"key":"Tiny Chest"},{"floor":40.0,"key":"Lantern"},{"floor":42.0,"key":"Whetstone"},{"floor":43.0,"key":"Ancient Tea Set"},{"floor":44.0,"key":"Symbiotic Virus"},{"floor":45.0,"key":"Nunchaku"}],"event_choices":[{"damage_healed":0.0,"max_hp_gain":0.0,"max_hp_loss":0.0,"gold_gain":0.0,"event_name":"Liars Game","player_choice":"Ignored","floor":3.0,"gold_loss":0.0,"damage_taken":0.0},{"damage_healed":0.0,"max_hp_gain":0.0,"max_hp_loss":6.0,"gold_gain":0.0,"event_name":"Golden Idol","player_choice":"Lose Max HP","floor":7.0,"gold_loss":0.0,"damage_taken":0.0,"relics_obtained":["Golden Idol"]},{"damage_healed":0.0,"max_hp_gain":0.0,"max_hp_loss":0.0,"gold_gain":0.0,"event_name":"The Mausoleum","player_choice":"Opened","floor":20.0,"gold_loss":0.0,"damage_taken":0.0,"relics_obtained":["Frozen Egg 2"],"cards_obtained":["Writhe"]},{"damage_healed":0.0,"max_hp_gain":0.0,"max_hp_loss":0.0,"gold_gain":0.0,"event_name":"Forgotten Altar","player_choice":"Gave Idol","floor":22.0,"relics_lost":["Golden Idol"],"gold_loss":0.0,"damage_taken":0.0,"relics_obtained":["Bloody Idol"]},{"damage_healed":0.0,"max_hp_gain":0.0,"max_hp_loss":40.0,"gold_gain":0.0,"event_name":"Ghosts","player_choice":"Became a Ghost","floor":30.0,"gold_loss":0.0,"damage_taken":0.0,"cards_obtained":["Ghostly","Ghostly","Ghostly","Ghostly","Ghostly"]},{"damage_healed":0.0,"max_hp_gain":0.0,"max_hp_loss":0.0,"gold_gain":0.0,"event_name":"MindBloom","player_choice":"Upgrade","floor":38.0,"gold_loss":0.0,"damage_taken":0.0,"cards_upgraded":["Strike_B","Strike_B","Defend_B","Defend_B","Defend_B","Defend_B","Dualcast","Sweeping Beam","Skim","Coolheaded","Biased Cognition","Capacitor","Reboot","Capacitor","Genetic Algorithm","Ball Lightning","Rainbow","Ghostly","Ghostly","Ghostly","Ghostly","Ghostly","Consume"],"relics_obtained":["Mark of the Bloom"]},{"damage_healed":0.0,"max_hp_gain":0.0,"max_hp_loss":0.0,"gold_gain":0.0,"event_name":"Accursed Blacksmith","player_choice":"Ignored","floor":39.0,"gold_loss":0.0,"damage_taken":0.0}],"is_beta":false,"boss_relics":[{"not_picked":["Busted Crown","Fusion Hammer"],"picked":"Sozu"},{"not_picked":["Coffee Dripper","Philosopher\u0027s Stone"],"picked":"FrozenCore"}],"items_purged_floors":[19,37],"is_endless":false,"potions_floor_spawned":[4,11,12,14,21,25,33,40,47],"ascension_level":5}}