{"host":"v86vpwf004p2esb7","time":1613946324,"event":{"mods":["AchievementEnabler","BaseMod","BetterRewards","Colored Powertips","Minty Spire (QoL Compilation)","Quick Restart","StSLib","Transform Curses"],"gold_per_floor":[116,133,208,220,233,264,264,280,280,280,314,327,352,196,196,296,296,314,334,197,217,228,263,263,298,322,353,365,377,403,427,439,550,612,638,650,662,684,716,728,772,784,796,828,873,897,909,933,945,957,969,981,631,666,666],"floor_reached":56,"language":"ENG","playtime":2858,"items_purged":[],"score":1677,"play_id":"5718c6f1-975a-41be-9a9a-a144b6f004fe","local_time":"20210221142524","is_ascension_mode":true,"campfire_choices":[{"data":"Static Discharge","floor":7.0,"key":"SMITH"},{"data":"Cold Snap","floor":10.0,"key":"SMITH"},{"floor":15.0,"key":"RECALL"},{"data":"Buffer","floor":24.0,"key":"SMITH"},{"data":"Storm","floor":29.0,"key":"SMITH"},{"data":"Amplify","floor":32.0,"key":"SMITH"},{"data":"Echo Form","floor":40.0,"key":"SMITH"},{"data":"Storm","floor":49.0,"key":"SMITH"},{"data":"Rainbow","floor":52.0,"key":"SMITH"}],"circlet_count":0,"master_deck":["Strike_B+1","Strike_B","Strike_B","Strike_B","Defend_B","Defend_B","Defend_B","Defend_B","Zap","Dualcast","Self Repair","Static Discharge+1","Cold Snap+1","Bandage Up","Barrage","Gash","Blizzard","Skim","Gash+1","Melter","Stack","Genetic Algorithm","Defragment","Static Discharge","FTL","Redo","Gash","Stack","Buffer+1","Amplify+1","White Noise+1","Aggregate+1","Capacitor","Gash","Conserve Battery","Self Repair","Cold Snap+1","White Noise","Storm+1","White Noise+1","Coolheaded","Echo Form+1","Go for the Eyes+1","Leap+1","Conserve Battery+1","Consume+1","Rainbow+1","Bandage Up","Secret Technique","Finesse","Self Repair+1","Cold Snap+1","Storm+1","BootSequence","Trip","Electrodynamics","Storm","Glacier","Cold Snap+1","Swift Strike+1","Lockon+1"],"relics":["Cracked Core","DataDisk","Lee\u0027s Waffle","Membership Card","StrikeDummy","Symbiotic Virus","PreservedInsect","Bottled Flame","Meat on the Bone","White Beast Statue","Blood Vial","Orrery","Nuclear Battery","Potion Belt","HornCleat","Whetstone","Lantern","MawBank","Tiny House","Molten Egg 2","MealTicket","Boot","Sling","Happy Flower"],"acts_visited":["Exordium","TheCity","TheBeyond","TheEnding"],"potions_floor_usage":[55,55],"damage_taken":[{"damage":9.0,"enemies":"Small Slimes","floor":1.0,"turns":2.0},{"damage":6.0,"enemies":"Jaw Worm","floor":2.0,"turns":3.0},{"damage":1.0,"enemies":"Cultist","floor":4.0,"turns":3.0},{"damage":13.0,"enemies":"3 Louse","floor":5.0,"turns":2.0},{"damage":10.0,"enemies":"Lagavulin","floor":6.0,"turns":5.0},{"damage":9.0,"enemies":"Blue Slaver","floor":8.0,"turns":3.0},{"damage":5.0,"enemies":"Gremlin Nob","floor":11.0,"turns":3.0},{"damage":5.0,"enemies":"Red Slaver","floor":12.0,"turns":2.0},{"damage":11.0,"enemies":"3 Sentries","floor":13.0,"turns":4.0},{"damage":19.0,"enemies":"The Guardian","floor":16.0,"turns":9.0},{"damage":33.0,"enemies":"2 Thieves","floor":18.0,"turns":4.0},{"damage":10.0,"enemies":"Spheric Guardian","floor":19.0,"turns":4.0},{"damage":15.0,"enemies":"Centurion and Healer","floor":21.0,"turns":7.0},{"damage":30.0,"enemies":"Shelled Parasite and Fungi","floor":22.0,"turns":5.0},{"damage":45.0,"enemies":"Gremlin Leader","floor":23.0,"turns":6.0},{"damage":21.0,"enemies":"Book of Stabbing","floor":25.0,"turns":6.0},{"damage":10.0,"enemies":"Slavers","floor":27.0,"turns":4.0},{"damage":4.0,"enemies":"Snake Plant","floor":30.0,"turns":2.0},{"damage":13.0,"enemies":"Cultist and Chosen","floor":31.0,"turns":4.0},{"damage":52.0,"enemies":"Collector","floor":33.0,"turns":7.0},{"damage":1.0,"enemies":"3 Shapes","floor":35.0,"turns":5.0},{"damage":9.0,"enemies":"Orb Walker","floor":38.0,"turns":3.0},{"damage":41.0,"enemies":"Maw","floor":39.0,"turns":8.0},{"damage":39.0,"enemies":"Nemesis","floor":41.0,"turns":7.0},{"damage":0.0,"enemies":"Transient","floor":44.0,"turns":5.0},{"damage":38.0,"enemies":"Giant Head","floor":45.0,"turns":6.0},{"damage":8.0,"enemies":"4 Shapes","floor":46.0,"turns":6.0},{"damage":24.0,"enemies":"Spire Growth","floor":48.0,"turns":6.0},{"damage":68.0,"enemies":"Awakened One","floor":50.0,"turns":10.0},{"damage":24.0,"enemies":"Shield and Spear","floor":54.0,"turns":3.0},{"damage":59,"enemies":"The Heart","floor":55,"turns":7}],"seed_played":"-681913236150826529","potions_obtained":[{"floor":2.0,"key":"EntropicBrew"},{"floor":5.0,"key":"EssenceOfDarkness"},{"floor":6.0,"key":"ColorlessPotion"},{"floor":12.0,"key":"BlessingOfTheForge"},{"floor":22.0,"key":"Dexterity Potion"},{"floor":23.0,"key":"Dexterity Potion"},{"floor":25.0,"key":"PotionOfCapacity"},{"floor":33.0,"key":"SkillPotion"},{"floor":34.0,"key":"FocusPotion"},{"floor":41.0,"key":"Regen Potion"},{"floor":54.0,"key":"GamblersBrew"}],"is_trial":false,"path_per_floor":["M","M","?","M","M","E","R","M","T","R","E","M","E","$","R","B",null,"M","M","$","M","M","E","R","E","T","E","?","R","M","M","R","B",null,"M","?","?","M","M","R","E","?","T","M","E","M","?","M","R","B",null,"R","$","E","B",null],"character_chosen":"DEFECT","items_purchased":["DataDisk","Self Repair","Lee\u0027s Waffle","Membership Card","Static Discharge","StrikeDummy","Symbiotic Virus","Cold Snap","Bandage Up","Barrage","Blood Vial","Orrery","Potion Belt","Capacitor","Gash","Storm","Glacier","Cold Snap+1","Boot","Sling","FocusPotion","Ancient Potion","SteroidPotion","Swift Strike+1"],"campfire_rested":0,"item_purchase_floors":[0,0,0,0,0,0,0,0,0,0,14,14,20,20,20,53,53,53,53,53,53,53,53,53],"current_hp_per_floor":[76,81,70,80,74,75,75,70,70,70,76,71,67,67,67,61,82,53,56,56,54,49,43,43,54,54,60,60,60,69,65,65,45,87,87,87,87,78,69,69,69,59,59,65,66,75,75,67,67,58,87,87,87,70,25],"gold":666,"neow_bonus":"","is_daily":false,"chose_seed":false,"campfire_upgraded":8,"win_rate":0.0,"timestamp":1613946324,"path_taken":["M","M","?","M","M","E","R","M","T","R","E","M","E","$","R","BOSS","M","M","$","M","M","E","R","E","T","E","?","R","?","M","R","BOSS","M","?","?","?","M","R","E","?","T","M","E","M","?","?","R","BOSS","R","$","E","BOSS"],"items_purchased_type":["Relic","Card","Relic","Relic","Card","Relic","Relic","Card","Card","Card","Relic","Relic","Relic","Card","Card","Card","Card","Card","Relic","Relic","Potion","Potion","Potion","Card"],"build_version":"2020-12-22","purchased_purges":0,"victory":true,"max_hp_per_floor":[82,82,82,82,82,82,82,82,82,82,82,82,82,82,82,82,82,82,82,82,82,82,82,82,82,82,82,82,82,82,82,82,82,87,87,87,87,87,87,87,87,87,87,87,87,87,87,87,87,87,87,87,87,87,87],"card_choices":[{"not_picked":["Heatsinks","Conserve Battery"],"picked":"Gash","floor":1.0},{"not_picked":["Steam Power","Beam Cell"],"picked":"Blizzard","floor":2.0},{"not_picked":["Biased Cognition","Fusion"],"picked":"Skim","floor":4.0},{"not_picked":["Rebound","Sweeping Beam"],"picked":"Gash","floor":5.0},{"not_picked":["Meteor Strike","Leap"],"picked":"Melter","floor":6.0},{"not_picked":["Streamline","Blizzard"],"picked":"Stack","floor":8.0},{"not_picked":["Consume","Double Energy"],"picked":"Genetic Algorithm","floor":11.0},{"not_picked":["Streamline","Hologram"],"picked":"Defragment","floor":12.0},{"not_picked":["Doom and Gloom","Lockon"],"picked":"Static Discharge","floor":13.0},{"not_picked":["Darkness","Rebound"],"picked":"FTL","floor":14.0},{"not_picked":["Streamline","Rip and Tear"],"picked":"Redo","floor":14.0},{"not_picked":["Streamline","Amplify"],"picked":"Gash","floor":14.0},{"not_picked":["Streamline","Double Energy"],"picked":"Stack","floor":14.0},{"not_picked":["Doom and Gloom","Hello World"],"picked":"Buffer","floor":14.0},{"not_picked":["Hyperbeam","Core Surge"],"picked":"Amplify","floor":16.0},{"not_picked":["Conserve Battery","Heatsinks"],"picked":"White Noise+1","floor":18.0},{"not_picked":["Compile Driver+1","Redo"],"picked":"Aggregate+1","floor":19.0},{"not_picked":["Redo+1","Undo+1"],"picked":"Conserve Battery","floor":21.0},{"not_picked":["BootSequence","Barrage"],"picked":"Self Repair","floor":22.0},{"not_picked":["Beam Cell","Aggregate"],"picked":"Cold Snap+1","floor":23.0},{"not_picked":["Static Discharge","Streamline"],"picked":"White Noise","floor":25.0},{"not_picked":["Aggregate","Self Repair"],"picked":"Storm","floor":27.0},{"not_picked":["Conserve Battery+1","Streamline"],"picked":"White Noise","floor":30.0},{"not_picked":["Sweeping Beam+1","Steam"],"picked":"Coolheaded","floor":31.0},{"not_picked":["Creative AI","Multi-Cast"],"picked":"Echo Form","floor":33.0},{"not_picked":["Sweeping Beam","Redo+1"],"picked":"Go for the Eyes+1","floor":34.0},{"not_picked":["Fusion+1","Steam Power"],"picked":"Leap+1","floor":35.0},{"not_picked":["Beam Cell","Hologram+1"],"picked":"Conserve Battery+1","floor":38.0},{"not_picked":["Heatsinks","Gash+1"],"picked":"Consume+1","floor":39.0},{"not_picked":["Doom and Gloom+1","Auto Shields+1"],"picked":"Rainbow","floor":41.0},{"not_picked":["Impatience","Dark Shackles"],"picked":"Bandage Up","floor":42.0},{"not_picked":["Deep Breath","Dark Shackles"],"picked":"Secret Technique","floor":42.0},{"not_picked":["Sadistic Nature","Blind"],"picked":"Finesse","floor":42.0},{"not_picked":["Rebound+1","Redo+1"],"picked":"Self Repair+1","floor":44.0},{"not_picked":["White Noise","Stack"],"picked":"Cold Snap+1","floor":45.0},{"not_picked":["Redo+1","Gash+1"],"picked":"Storm","floor":46.0},{"not_picked":["Steam+1","Ball Lightning+1"],"picked":"Electrodynamics","floor":48.0},{"not_picked":["Beam Cell+1","Recycle+1"],"picked":"Lockon+1","floor":54.0}],"player_experience":189081,"relics_obtained":[{"floor":6.0,"key":"PreservedInsect"},{"floor":9.0,"key":"Bottled Flame"},{"floor":11.0,"key":"Meat on the Bone"},{"floor":13.0,"key":"White Beast Statue"},{"floor":23.0,"key":"HornCleat"},{"floor":25.0,"key":"Whetstone"},{"floor":26.0,"key":"Lantern"},{"floor":27.0,"key":"MawBank"},{"floor":41.0,"key":"Molten Egg 2"},{"floor":45.0,"key":"MealTicket"},{"floor":54.0,"key":"Happy Flower"}],"event_choices":[{"damage_healed":0.0,"max_hp_gain":0.0,"max_hp_loss":0.0,"gold_gain":75.0,"event_name":"World of Goop","player_choice":"Gather Gold","floor":3.0,"gold_loss":0.0,"damage_taken":11.0},{"damage_healed":0.0,"max_hp_gain":0.0,"max_hp_loss":0.0,"gold_gain":0.0,"event_name":"Wheel of Change","player_choice":"Cursed","floor":28.0,"gold_loss":0.0,"damage_taken":0.0,"cards_obtained":["Decay"]},{"damage_healed":0.0,"max_hp_gain":0.0,"max_hp_loss":0.0,"gold_gain":0.0,"event_name":"Tomb of Lord Red Mask","player_choice":"Ignored","floor":36.0,"gold_loss":0.0,"damage_taken":0.0},{"cards_removed":["Decay"],"damage_healed":0.0,"max_hp_gain":0.0,"max_hp_loss":0.0,"gold_gain":0.0,"event_name":"Purifier","player_choice":"Purged","floor":37.0,"gold_loss":0.0,"damage_taken":0.0},{"damage_healed":0.0,"max_hp_gain":0.0,"max_hp_loss":0.0,"gold_gain":0.0,"event_name":"SensoryStone","player_choice":"Memory 3","floor":42.0,"gold_loss":0.0,"damage_taken":10.0},{"damage_healed":0.0,"max_hp_gain":0.0,"max_hp_loss":0.0,"gold_gain":0.0,"event_name":"Match and Keep!","player_choice":"2 cards matched","floor":47.0,"gold_loss":0.0,"damage_taken":0.0,"cards_obtained":["BootSequence","Trip"]}],"is_beta":false,"boss_relics":[{"not_picked":["Cursed Key","Ectoplasm"],"picked":"Nuclear Battery"},{"not_picked":["Snecko Eye","Empty Cage"],"picked":"Tiny House"}],"items_purged_floors":[],"is_endless":false,"potions_floor_spawned":[2,5,6,12,13,16,18,19,21,22,23,25,27,30,31,33,35,38,39,41,44,45,46,48,54],"ascension_level":1}}