{"host":"hf83sijwe64ts2lm","time":1613869933,"event":{"mods":["2.2 Compatiblity","BaseMod","Better Altar","Better Match","Better Note","Better Sensory Stone","Better Skull","Better Third Choice","Colored Map","Colored Powertips","Highlight Path","Hubris","Infinite Spire","Minty Spire (QoL Compilation)","Quick Restart","Rare Cards Sparkle","Relic Stats","Reliquary","Replay The Spire","Shop Mod","Spicy Shops","Spire Arcade","StSLib","Thieving Mod"],"gold_per_floor":[11,25,45,60,70,103,103,133,133,133,153,36,55,68,68,172,172,190,190,44,54,66,96,96,96,96,112,112,112],"floor_reached":28,"language":"ENG","playtime":810,"items_purged":[],"score":343,"play_id":"e9ae1b0a-2568-4120-8806-19a7878b60cb","local_time":"20210220201213","is_ascension_mode":true,"campfire_choices":[{"floor":7,"key":"REST"},{"floor":15,"key":"REST"},{"floor":25,"key":"REST"}],"circlet_count":0,"master_deck":["Strike_R","Strike_R","Strike_R","Strike_R","Strike_R","Defend_R","Defend_R","Defend_R","Defend_R","Bash","Anger","Thunderclap","Heavy Blade","Pommel Strike","Seeing Red","Perfected Strike+1","Perfected Strike+1","infinitespire:OneForAll","Intimidate","Shrug It Off","Pommel Strike","Immolate","Combust+1","Bandage Up","Injury","Iron Wave+1","ReplayTheSpireMod:LeadingStrike","Rampage","Anger"],"relics":["Burning Blood","reliquary:Stiletto","hubris:ChampionShield","Lantern","Gremlin Food","Blood Vial","InkBottle","hubris:GlazedTorus","Replay:Bottled Eggs"],"acts_visited":["Exordium","TheCity"],"potions_floor_usage":[3,4,4,11,11,13,16,21,21],"damage_taken":[{"damage":17,"enemies":"Small Slimes","floor":1,"turns":4},{"damage":6,"enemies":"Cultist","floor":2,"turns":4},{"damage":8,"enemies":"2 Louse","floor":3,"turns":2},{"damage":2,"enemies":"Gremlin Gang","floor":4,"turns":4},{"damage":19,"enemies":"Exordium Wildlife","floor":5,"turns":3},{"damage":50,"enemies":"3 Sentries","floor":6,"turns":8},{"damage":50,"enemies":"Lagavulin","floor":8,"turns":6},{"damage":0,"enemies":"3 Louse","floor":11,"turns":3},{"damage":1,"enemies":"Looter","floor":13,"turns":3},{"damage":13,"enemies":"Large Slime","floor":14,"turns":4},{"damage":54,"enemies":"Fading Forest","floor":16,"turns":11},{"damage":28,"enemies":"Shell Parasite","floor":18,"turns":4},{"damage":11,"enemies":"Chosen","floor":21,"turns":4},{"damage":20,"enemies":"Snecko","floor":22,"turns":4},{"damage":53,"enemies":"Gremlin Leader","floor":23,"turns":7},{"damage":36,"enemies":"Shelled Parasite and Fungi","floor":27,"turns":4},{"damage":23,"enemies":"Book of Stabbing","floor":28,"turns":3}],"seed_played":"3483407846209063009","potions_obtained":[{"floor":1,"key":"Swift Potion"},{"floor":2,"key":"SkillPotion"},{"floor":3,"key":"Adrenaline Potion"},{"floor":5,"key":"SpeedPotion"},{"floor":10,"key":"LiquidMemories"},{"floor":10,"key":"Regen Potion"},{"floor":14,"key":"Fire Potion"},{"floor":16,"key":"Milkshake"},{"floor":21,"key":"Fruit Juice"}],"is_trial":false,"path_per_floor":["M","M","M","M","M","E","R","E","T","?","M","$","M","M","R","B",null,"M","T","$","M","M","E","T","R","T","M","E"],"character_chosen":"IRONCLAD","items_purchased":["infinitespire:OneForAll","Intimidate","Bandage Up","Blood Vial"],"campfire_rested":3,"item_purchase_floors":[12,12,20,20],"current_hp_per_floor":[85,85,83,87,74,30,58,14,14,14,29,29,34,27,55,15,76,54,54,54,60,52,11,11,41,41,13,0,0],"gold":112,"neow_bonus":"TWENTY_PERCENT_HP_BONUS","is_daily":false,"chose_seed":false,"campfire_upgraded":0,"win_rate":0.0,"timestamp":1613869933,"path_taken":["M","M","M","M","M","E","R","E","T","?","M","$","M","?","R","BOSS","M","?","$","M","?","E","?","R","T","M","E"],"items_purchased_type":["Card","Card","Card","Relic"],"build_version":"2020-12-22","purchased_purges":0,"victory":false,"max_hp_per_floor":[96,96,96,96,96,96,96,96,96,96,96,96,96,96,96,96,96,96,96,96,101,101,101,101,101,101,101,101,101],"relic_stats":{"Blood Vial":10,"counters":[17,78],"obtain_stats":[{"Gremlin Food":19,"Blood Vial":20,"Lantern":9,"reliquary:Stiletto":6,"hubris:ChampionShield":8,"Replay:Bottled Eggs":26,"Burning Blood":0,"InkBottle":23,"hubris:GlazedTorus":24},{"Gremlin Food":12,"Blood Vial":12,"Lantern":7,"reliquary:Stiletto":6,"hubris:ChampionShield":7,"Replay:Bottled Eggs":15,"Burning Blood":0,"InkBottle":15,"hubris:GlazedTorus":15},{"Gremlin Food":56,"Blood Vial":56,"Lantern":31,"reliquary:Stiletto":25,"hubris:ChampionShield":31,"Replay:Bottled Eggs":71,"Burning Blood":0,"InkBottle":71,"hubris:GlazedTorus":71}],"Burning Blood":96,"InkBottle":[2]},"card_choices":[{"not_picked":["Dual Wield","hubris:ReadiedAction","Power Through"],"picked":"SKIP","floor":1},{"not_picked":["Abandon","Searing Blow"],"picked":"Anger","floor":2},{"not_picked":["Whirlwind","Replay:Undeath\u0027s Touch"],"picked":"Thunderclap","floor":3},{"not_picked":["Havoc","True Grit"],"picked":"Heavy Blade","floor":4},{"not_picked":["Iron Wave","Headbutt"],"picked":"Pommel Strike","floor":5},{"not_picked":["Bloodletting","Body Slam"],"picked":"Seeing Red","floor":6},{"not_picked":["Entrench","Run Through"],"picked":"Perfected Strike","floor":8},{"not_picked":["Flame Barrier","Sword Boomerang"],"picked":"Perfected Strike","floor":11},{"not_picked":["Headbutt","Clash"],"picked":"Shrug It Off","floor":13},{"not_picked":["Warcry","Feel No Pain"],"picked":"Pommel Strike","floor":14},{"not_picked":["Impervious","Barricade"],"picked":"Immolate","floor":16},{"not_picked":["Shrug It Off+1","Hemokinesis"],"picked":"Combust+1","floor":18},{"not_picked":["Headbutt","Clothesline+1"],"picked":"Iron Wave","floor":21},{"not_picked":["Evolve","Shrug It Off"],"picked":"ReplayTheSpireMod:LeadingStrike","floor":22},{"not_picked":["Heavy Blade","Clash"],"picked":"Rampage","floor":23},{"not_picked":["Pommel Strike","Headbutt"],"picked":"Anger","floor":27}],"player_experience":188455,"relics_obtained":[{"floor":6,"key":"reliquary:Stiletto"},{"floor":8,"key":"hubris:ChampionShield"},{"floor":9,"key":"Lantern"},{"floor":19,"key":"Gremlin Food"},{"floor":23,"key":"InkBottle"},{"floor":24,"key":"hubris:GlazedTorus"},{"floor":26,"key":"Replay:Bottled Eggs"}],"event_choices":[{"damage_healed":0,"gold_gain":0,"player_choice":"Got Potions","damage_taken":0,"max_hp_gain":0,"max_hp_loss":0,"event_name":"Lab","floor":10,"gold_loss":0}],"is_beta":false,"boss_relics":[{"not_picked":["Sozu","Philosopher\u0027s Stone","reliquary:Craggleroot"]}],"items_purged_floors":[],"is_endless":false,"potions_floor_spawned":[1,2,3,5,14,16,21],"killed_by":"Book of Stabbing","ascension_level":5}}