{"host":"82qk6ob05uum3zoi","time":1613948027,"event":{"mods":["Act Like it!","BaseMod","BetterRewards","Minty Spire (QoL Compilation)","Reliquary","Robot Space Explorer","Ruina","StSLib","The Cursed"],"gold_per_floor":[113,65,76,151,151,180,180,214,239,267,278,296,296,307,307,407,407,417,14,14,14,28,28,56,56,79,91,110,110,110,138,138,238,238,255,255,135,135,150,150,180,191,191,191,191,206,556,570,570,570,570,570,12,47,47,47],"floor_reached":55,"language":"ENG","playtime":2486,"items_purged":[],"score":912,"play_id":"fbcf1e29-2ef3-4c82-a3b3-73deefa9f5e5","local_time":"20210222115347","is_ascension_mode":true,"campfire_choices":[{"floor":7,"key":"REST"},{"floor":13,"key":"REST"},{"floor":15,"key":"RECALL"},{"floor":23,"key":"REST"},{"data":"Bandage Up","floor":25,"key":"SMITH"},{"floor":30,"key":"REST"},{"floor":32,"key":"REST"},{"floor":40,"key":"REST"},{"floor":45,"key":"REST"},{"floor":49,"key":"REST"},{"data":"Crippling Poison","floor":52,"key":"SMITH"}],"circlet_count":0,"master_deck":["Strike_G","Strike_G","Strike_G","Strike_G","Defend_G","Defend_G","Defend_G","Defend_G","Defend_G","Survivor","Neutralize","Blur","Poisoned Stab","Endless Agony","Corpse Explosion","Caltrops","Dodge and Roll","Dagger Spray","Corpse Explosion","Deadly Poison+1","Bandage Up+1","Apotheosis+1","Poisoned Stab","Crippling Poison","Dash","Backstab","Dagger Spray+1","Crippling Poison+1","Neutralize","Outmaneuver+1","Venomology","Backstab","Bandage Up","Backstab","Deadly Poison+1","PiercingWail","Deadly Poison+1","Escape Plan+1","Terror","Envenom"],"relics":["Runic Pyramid","Vajra","Torii","Bronze Scales","Mango","SlaversCollar","reliquary:PartyBalloon","reliquary:JackalopeAntler","reliquary:RustamsPendant","reliquary:NewFriend","reliquary:FeatherDuster","Old Coin","Pantograph","Anchor","reliquary:Bookmark","reliquary:Knoch"],"acts_visited":["Exordium","TheCity","TheBeyond","TheEnding"],"potions_floor_usage":[6,10,16,22,24,27,41,42,42,42,46,50,50,50,55,55],"damage_taken":[{"damage":0,"enemies":"Jaw Worm","floor":1,"turns":5},{"damage":0,"enemies":"2 Louse","floor":3,"turns":2},{"damage":20,"enemies":"3 Sentries","floor":6,"turns":14},{"damage":20,"enemies":"Gremlin Nob","floor":8,"turns":5},{"damage":11,"enemies":"3 Sentries","floor":10,"turns":4},{"damage":0,"enemies":"Cultist","floor":11,"turns":3},{"damage":3,"enemies":"Lots of Slimes","floor":12,"turns":3},{"damage":0,"enemies":"Blue Slaver","floor":14,"turns":4},{"damage":6,"enemies":"Hexaghost","floor":16,"turns":9},{"damage":17,"enemies":"Shell Parasite","floor":18,"turns":5},{"damage":19,"enemies":"2 Thieves","floor":22,"turns":3},{"damage":20,"enemies":"Slavers","floor":24,"turns":2},{"damage":18,"enemies":"Snake Plant","floor":27,"turns":2},{"damage":0,"enemies":"3 Cultists","floor":28,"turns":2},{"damage":10,"enemies":"Gremlin Leader","floor":31,"turns":6},{"damage":37,"enemies":"Collector","floor":33,"turns":8},{"damage":38,"enemies":"3 Darklings","floor":35,"turns":4},{"damage":22,"enemies":"Orb Walker","floor":39,"turns":3},{"damage":9,"enemies":"Nemesis","floor":41,"turns":7},{"damage":22,"enemies":"Maw","floor":42,"turns":7},{"damage":9,"enemies":"4 Shapes","floor":46,"turns":4},{"damage":3,"enemies":"Mind Bloom Boss Battle","floor":47,"turns":6},{"damage":21,"enemies":"Sphere and 2 Shapes","floor":48,"turns":4},{"damage":46,"enemies":"Donu and Deca","floor":50,"turns":5},{"damage":66,"enemies":"Shield and Spear","floor":54,"turns":7},{"damage":126,"enemies":"The Heart","floor":55,"turns":6}],"seed_played":"-3304662231445387421","potions_obtained":[{"floor":1,"key":"Dexterity Potion"},{"floor":6,"key":"FearPotion"},{"floor":14,"key":"EssenceOfSteel"},{"floor":16,"key":"EssenceOfSteel"},{"floor":22,"key":"Fruit Juice"},{"floor":24,"key":"DistilledChaos"},{"floor":31,"key":"SteroidPotion"},{"floor":41,"key":"Poison Potion"},{"floor":46,"key":"FairyPotion"},{"floor":48,"key":"LiquidBronze"}],"is_trial":false,"path_per_floor":["M","$","M","?","?","E","R","E","T","E","M","M","R","M","R","B",null,"M","$","?","?","M","R","E","R","T","M","M","?","R","E","R","B",null,"M","?","$","?","M","R","E","M","T","?","R","M","?","M","R","B",null,"R","$","E","B"],"character_chosen":"THE_SILENT","items_purchased":["Poisoned Stab","Bandage Up","Apotheosis","Poisoned Stab","Crippling Poison","Bandage Up","Backstab","Pantograph","Anchor","reliquary:Bookmark"],"campfire_rested":8,"item_purchase_floors":[2,19,19,19,19,37,37,53,53,53],"current_hp_per_floor":[70,70,70,59,59,39,60,40,40,43,43,40,65,65,65,59,84,67,67,67,67,53,79,59,59,59,41,41,41,67,63,89,58,89,57,57,57,57,35,61,64,52,52,52,78,75,78,57,83,37,89,89,89,33,0,0],"gold":47,"neow_bonus":"BOSS_RELIC","is_daily":false,"chose_seed":false,"campfire_upgraded":2,"win_rate":0.0,"timestamp":1613948027,"path_taken":["M","$","M","?","?","E","R","E","T","E","M","M","R","M","R","BOSS","M","$","?","?","?","R","E","R","T","?","M","?","R","E","R","BOSS","M","?","$","?","M","R","E","M","T","?","R","M","?","M","R","BOSS","R","$","E","BOSS"],"items_purchased_type":["Card","Card","Card","Card","Card","Card","Card","Relic","Relic","Relic"],"build_version":"2020-12-22","purchased_purges":0,"victory":false,"max_hp_per_floor":[70,70,70,70,70,70,70,70,70,84,84,84,84,84,84,84,84,84,84,84,84,89,89,89,89,89,89,89,89,89,89,89,89,89,89,89,89,89,89,89,89,89,89,89,89,89,89,89,89,89,89,89,89,89,89,89],"card_choices":[{"not_picked":["Choke","Dagger Throw"],"picked":"Blur","floor":1},{"not_picked":["Heel Hook","Underhanded Strike","Prepared"],"picked":"SKIP","floor":3},{"not_picked":["Flying Knee","Outmaneuver"],"picked":"Endless Agony","floor":6},{"not_picked":["After Image","Dodge and Roll"],"picked":"Corpse Explosion","floor":8},{"not_picked":["Accuracy","Choke"],"picked":"Prepared","floor":10},{"not_picked":["Cloak And Dagger","Quick Slash"],"picked":"Caltrops","floor":11},{"not_picked":["Heel Hook","Doppelganger"],"picked":"Dodge and Roll","floor":12},{"not_picked":["Dagger Throw","Quick Slash"],"picked":"Dagger Spray","floor":14},{"not_picked":["Wraith Form v2","Adrenaline"],"picked":"Corpse Explosion","floor":16},{"not_picked":["Expertise","Cloak And Dagger"],"picked":"Deadly Poison+1","floor":18},{"not_picked":["Predator","Deadly Poison"],"picked":"Dash","floor":22},{"not_picked":["Accuracy","Blade Dance+1"],"picked":"Backstab","floor":24},{"not_picked":["All Out Attack","Quick Slash+1"],"picked":"Dagger Spray+1","floor":27},{"not_picked":["Infinite Blades","A Thousand Cuts","Choke"],"picked":"SKIP","floor":28},{"not_picked":["Blur","Deflect"],"picked":"Outmaneuver+1","floor":31},{"not_picked":["Adrenaline","Bullet Time"],"picked":"Venomology","floor":33},{"not_picked":["Flying Knee","Bouncing Flask"],"picked":"Backstab","floor":35},{"not_picked":["Slice","Outmaneuver+1"],"picked":"Deadly Poison+1","floor":39},{"not_picked":["Cloak And Dagger","Predator","Eviscerate"],"picked":"SKIP","floor":41},{"not_picked":["Leg Sweep","Concentrate+1"],"picked":"PiercingWail","floor":42},{"not_picked":["Acrobatics","Dagger Spray"],"picked":"Deadly Poison+1","floor":46},{"not_picked":["Dagger Throw","Backflip+1"],"picked":"Escape Plan+1","floor":47},{"not_picked":["Flying Knee","Die Die Die"],"picked":"Terror","floor":48},{"not_picked":["Blade Dance","Underhanded Strike+1"],"picked":"Envenom","floor":54}],"player_experience":449202,"relics_obtained":[{"floor":6,"key":"Vajra"},{"floor":8,"key":"Torii"},{"floor":9,"key":"Bronze Scales"},{"floor":10,"key":"Mango"},{"floor":24,"key":"reliquary:PartyBalloon"},{"floor":31,"key":"reliquary:JackalopeAntler"},{"floor":41,"key":"reliquary:NewFriend"},{"floor":43,"key":"reliquary:FeatherDuster"},{"floor":47,"key":"Old Coin"},{"floor":54,"key":"reliquary:Knoch"}],"event_choices":[{"damage_healed":0,"gold_gain":75,"player_choice":"Gather Gold","damage_taken":11,"max_hp_gain":0,"max_hp_loss":0,"event_name":"World of Goop","floor":4,"gold_loss":0},{"damage_healed":0,"gold_gain":0,"player_choice":"Ignored","damage_taken":0,"max_hp_gain":0,"max_hp_loss":0,"event_name":"Liars Game","floor":5,"gold_loss":0},{"damage_healed":0,"gold_gain":0,"player_choice":"Ignored","damage_taken":0,"max_hp_gain":0,"max_hp_loss":0,"event_name":"Vampires","floor":20,"gold_loss":0},{"damage_healed":0,"gold_gain":0,"player_choice":"Forge","damage_taken":0,"max_hp_gain":0,"max_hp_loss":0,"event_name":"Accursed Blacksmith","floor":21,"gold_loss":0,"cards_upgraded":["Apotheosis"]},{"damage_healed":0,"gold_gain":0,"player_choice":"3 cards matched","damage_taken":0,"max_hp_gain":0,"max_hp_loss":0,"event_name":"Match and Keep!","floor":29,"gold_loss":0,"cards_obtained":["Crippling Poison","Purity","Neutralize"]},{"damage_healed":0,"gold_gain":0,"player_choice":"Ignored","damage_taken":0,"max_hp_gain":0,"max_hp_loss":0,"event_name":"Tomb of Lord Red Mask","floor":36,"gold_loss":0},{"damage_healed":0,"gold_gain":0,"player_choice":"Memory 1","damage_taken":0,"max_hp_gain":0,"max_hp_loss":0,"event_name":"SensoryStone","floor":38,"gold_loss":0},{"cards_removed":["Strike_G"],"damage_healed":0,"gold_gain":0,"player_choice":"Removed Attack","damage_taken":0,"max_hp_gain":0,"max_hp_loss":0,"event_name":"Falling","floor":44,"gold_loss":0},{"damage_healed":0,"gold_gain":0,"player_choice":"Fight","damage_taken":0,"max_hp_gain":0,"max_hp_loss":0,"event_name":"MindBloom","floor":47,"gold_loss":0}],"is_beta":false,"boss_relics":[{"not_picked":["reliquary:Ember","SacredBark"],"picked":"SlaversCollar"},{"not_picked":["reliquary:WritOfMandamus","Velvet Choker"],"picked":"reliquary:RustamsPendant"}],"items_purged_floors":[],"is_endless":false,"potions_floor_spawned":[1,6,14,16,22,24,31,41,46,48],"killed_by":"The Heart","ascension_level":3}}