{"host":"en4narc5947t7k9n","time":1613885950,"event":{"mods":["AchievementEnabler","BaseMod","Colored Map","Minty Spire (QoL Compilation)","SuperFastMode"],"gold_per_floor":[118,118,39,39,6,41,55,55,78,96,126,19,19,19,19,19,19],"floor_reached":16,"language":"KOR","playtime":600,"items_purged":[],"score":106,"play_id":"caccce12-de1d-4fad-81ab-0c0b1e73829e","local_time":"20210221143910","is_ascension_mode":false,"campfire_choices":[{"floor":13,"key":"RECALL"},{"data":"Zap","floor":15,"key":"SMITH"}],"circlet_count":0,"master_deck":["Strike_B","Strike_B","Strike_B","Defend_B","Defend_B","Defend_B+1","Defend_B","Zap+1","Dualcast","Go for the Eyes+1","Self Repair","Capacitor","Aggregate","Conserve Battery","Leap","Chill+1","Bandage Up","Coolheaded"],"relics":["Cracked Core","PreservedInsect","Orichalcum","Nunchaku","Regal Pillow"],"acts_visited":["Exordium"],"potions_floor_usage":[6],"damage_taken":[{"damage":10,"enemies":"Small Slimes","floor":1,"turns":4},{"damage":13,"enemies":"Gremlin Nob","floor":6,"turns":4},{"damage":6,"enemies":"Jaw Worm","floor":7,"turns":3},{"damage":0,"enemies":"2 Louse","floor":10,"turns":3},{"damage":37,"enemies":"3 Sentries","floor":11,"turns":8},{"damage":42,"enemies":"Hexaghost","floor":16,"turns":16}],"seed_played":"-8934760726313291814","potions_obtained":[{"floor":1,"key":"ColorlessPotion"},{"floor":11,"key":"FairyPotion"}],"is_trial":false,"path_per_floor":["M","?","$","?","$","E","M","T","T","M","E","$","R","?","R","B"],"character_chosen":"DEFECT","items_purchased":["Self Repair","Capacitor","Bandage Up","Coolheaded"],"campfire_rested":0,"item_purchase_floors":[3,5,12,12],"current_hp_per_floor":[65,58,58,43,43,37,38,38,38,45,15,15,15,15,15,0,0],"gold":19,"neow_bonus":"RANDOM_COMMON_RELIC","is_daily":false,"chose_seed":false,"campfire_upgraded":1,"win_rate":0.0,"timestamp":1613885950,"path_taken":["M","?","$","?","$","E","M","?","T","M","E","?","R","?","R","BOSS"],"items_purchased_type":["Card","Card","Card","Card"],"build_version":"2020-12-22","purchased_purges":0,"victory":false,"max_hp_per_floor":[75,75,75,75,75,75,75,75,75,75,75,75,75,75,75,75,75],"card_choices":[{"not_picked":["Heatsinks","Hello World"],"picked":"Go for the Eyes","floor":1},{"not_picked":["Go for the Eyes","Blizzard"],"picked":"Aggregate","floor":6},{"not_picked":["Steam","Go for the Eyes"],"picked":"Conserve Battery","floor":7},{"not_picked":["Compile Driver","Multi-Cast"],"picked":"Leap","floor":10},{"not_picked":["Cold Snap","Chaos"],"picked":"Chill","floor":11}],"player_experience":110926,"relics_obtained":[{"floor":6,"key":"Orichalcum"},{"floor":9,"key":"Nunchaku"},{"floor":11,"key":"Regal Pillow"}],"event_choices":[{"cards_removed":["Strike_B"],"damage_healed":0,"gold_gain":0,"player_choice":"Card Removal","damage_taken":7,"max_hp_gain":0,"max_hp_loss":0,"event_name":"Golden Wing","floor":2,"gold_loss":0},{"damage_healed":0,"gold_gain":0,"player_choice":"Entered Light","damage_taken":15,"max_hp_gain":0,"max_hp_loss":0,"event_name":"Shining Light","floor":4,"gold_loss":0,"cards_upgraded":["Go for the Eyes","Defend_B"]},{"damage_healed":0,"gold_gain":0,"player_choice":"Grow","damage_taken":0,"max_hp_gain":0,"max_hp_loss":0,"event_name":"Living Wall","floor":14,"gold_loss":0,"cards_upgraded":["Chill"]}],"is_beta":false,"boss_relics":[],"items_purged_floors":[],"is_endless":false,"potions_floor_spawned":[1,11],"killed_by":"Hexaghost","ascension_level":0}}