{"host":"2qgcsivoxob3ugky","time":1613890205,"event":{"mods":["AchievementEnabler","Act Like it!","BaseMod","Colored Powertips","Downfall","Gensokyo","Googly Eyes","Hermit","Marisa????????","Minty Spire (QoL Compilation)","Remilia??????","StSLib","The Animator","The Cursed","The Jungle","The Servant 0.9.4"],"gold_per_floor":[110,124,74,74,35,63,77,112,139,139,165,165,195,212,212,310,310,326,46,62,62,78,78,88,120,120,120,150,150,150],"floor_reached":29,"language":"ENG","playtime":1460,"items_purged":[],"score":348,"play_id":"c18de502-37c5-4d57-b6e3-7a2f6aeddf37","local_time":"20210221005005","is_ascension_mode":true,"campfire_choices":[{"data":"Noxious Fumes","floor":10,"key":"SMITH"},{"data":"Catalyst","floor":12,"key":"SMITH"},{"floor":15,"key":"REST"},{"floor":23,"key":"REST"},{"floor":27,"key":"REST"}],"circlet_count":0,"master_deck":["Strike_G","Strike_G","Strike_G","Strike_G","Strike_G","Defend_G","Defend_G","Defend_G","Defend_G","Survivor","Neutralize","Blur","Outmaneuver","Riddle With Holes","Noxious Fumes+1","Deadly Poison","Catalyst+1","Deadly Poison","Setup","Wraith Form v2","Noxious Fumes","Deadly Poison","Leg Sweep","Noxious Fumes+1","Backflip","Backstab+1"],"relics":["Ring of the Serpent","NeowsBlessing","Toy Ornithopter","Smiling Mask","Dead Branch","Strawberry","Bottled Tornado","Molten Egg 2","ClockworkSouvenir","InkBottle","Pantograph","Orichalcum"],"acts_visited":["Exordium","TheCity"],"potions_floor_usage":[8,11,20,22,22,25,28],"damage_taken":[{"damage":0,"enemies":"2 Louse","floor":1,"turns":1},{"damage":0,"enemies":"Jaw Worm","floor":2,"turns":1},{"damage":0,"enemies":"3 Sentries","floor":6,"turns":1},{"damage":0,"enemies":"Cultist","floor":7,"turns":4},{"damage":22,"enemies":"Lagavulin","floor":8,"turns":8},{"damage":25,"enemies":"Gremlin Nob","floor":11,"turns":5},{"damage":19,"enemies":"3 Sentries","floor":13,"turns":6},{"damage":0,"enemies":"Exordium Wildlife","floor":14,"turns":3},{"damage":24,"enemies":"Hexaghost","floor":16,"turns":6},{"damage":3,"enemies":"Spheric Guardian","floor":18,"turns":5},{"damage":48,"enemies":"2 Thieves","floor":20,"turns":5},{"damage":1,"enemies":"Shelled Parasite and Fungi","floor":22,"turns":4},{"damage":17,"enemies":"Snake Plant","floor":24,"turns":6},{"damage":45,"enemies":"Slavers","floor":25,"turns":5},{"damage":23,"enemies":"Gremlin Leader","floor":28,"turns":6},{"damage":10,"enemies":"Centurion and Healer","floor":29,"turns":4}],"seed_played":"7200164107857116693","potions_obtained":[{"floor":7,"key":"Weak Potion"},{"floor":8,"key":"Regen Potion"},{"floor":11,"key":"sneckomod:MuddlingPotion"},{"floor":16,"key":"GamblersBrew"},{"floor":20,"key":"SpeedPotion"},{"floor":24,"key":"Dexterity Potion"},{"floor":25,"key":"AttackPotion"}],"is_trial":false,"path_per_floor":["M","M","?","?","$","E","M","E","T","R","E","R","E","M","R","B",null,"M","$","M","?","M","R","M","E","T","R","E","M"],"character_chosen":"THE_SILENT","items_purchased":["Riddle With Holes","Noxious Fumes","ClockworkSouvenir","Deadly Poison"],"campfire_rested":3,"item_purchase_floors":[5,19,19,19],"current_hp_per_floor":[70,70,70,63,63,63,63,46,53,53,42,42,23,23,46,22,77,74,74,31,31,40,63,46,6,6,29,11,1,1],"gold":150,"neow_bonus":"THREE_ENEMY_KILL","is_daily":false,"chose_seed":false,"campfire_upgraded":2,"win_rate":0.0,"timestamp":1613890205,"path_taken":["M","M","?","?","?","E","?","E","T","R","E","R","E","M","R","BOSS","M","$","M","?","?","R","M","E","T","R","E","M"],"items_purchased_type":["Card","Card","Relic","Card"],"build_version":"2020-12-22","purchased_purges":0,"victory":false,"max_hp_per_floor":[70,70,70,70,70,70,70,70,77,77,77,77,77,77,77,77,77,77,77,77,77,77,77,77,77,77,77,77,77,77],"card_choices":[{"not_picked":["Acrobatics","Prepared"],"picked":"Blur","floor":1},{"not_picked":["Dodge and Roll","Dagger Throw"],"picked":"Outmaneuver","floor":2},{"not_picked":["Riddle With Holes","A Thousand Cuts"],"picked":"Noxious Fumes","floor":6},{"not_picked":["Backstab","Dagger Throw"],"picked":"Deadly Poison","floor":7},{"not_picked":["Flechettes","All Out Attack","Dagger Spray"],"picked":"SKIP","floor":8},{"not_picked":["Dash","All Out Attack"],"picked":"Catalyst","floor":11},{"not_picked":["Acrobatics","Concentrate"],"picked":"Deadly Poison","floor":13},{"not_picked":["Acrobatics","All Out Attack+1"],"picked":"Setup","floor":14},{"not_picked":["Unload+1","A Thousand Cuts"],"picked":"Wraith Form v2","floor":16},{"not_picked":["Acrobatics","Skewer+1","Dagger Throw+1"],"picked":"SKIP","floor":18},{"not_picked":["Flying Knee+1","Acrobatics+1"],"picked":"Leg Sweep","floor":20},{"not_picked":["Bane+1","Endless Agony+1"],"picked":"Backflip","floor":22},{"not_picked":["Finisher+1","Calculated Gamble","Dagger Spray+1"],"picked":"SKIP","floor":24},{"not_picked":["All Out Attack+1","Noxious Fumes","Setup"],"picked":"SKIP","floor":25},{"not_picked":["Eviscerate+1","Skewer+1"],"picked":"Backstab+1","floor":28}],"player_experience":313823,"relics_obtained":[{"floor":6,"key":"Smiling Mask"},{"floor":8,"key":"Dead Branch"},{"floor":9,"key":"Strawberry"},{"floor":11,"key":"Bottled Tornado"},{"floor":13,"key":"Molten Egg 2"},{"floor":25,"key":"InkBottle"},{"floor":26,"key":"Pantograph"},{"floor":28,"key":"Orichalcum"}],"event_choices":[{"cards_removed":["Defend_G"],"damage_healed":0,"gold_gain":0,"player_choice":"Card Removal","damage_taken":0,"max_hp_gain":0,"max_hp_loss":0,"event_name":"The Cleric","floor":3,"gold_loss":50},{"damage_healed":0,"gold_gain":0,"player_choice":"Success","damage_taken":7,"relics_obtained":["Toy Ornithopter"],"max_hp_gain":0,"max_hp_loss":0,"event_name":"Scrap Ooze","floor":4,"gold_loss":0},{"damage_healed":0,"gold_gain":0,"player_choice":"Copied","damage_taken":0,"max_hp_gain":0,"max_hp_loss":0,"event_name":"Duplicator","floor":21,"gold_loss":0,"cards_obtained":["Noxious Fumes"]}],"is_beta":false,"boss_relics":[{"not_picked":["bronze:MakeshiftBattery","Runic Pyramid"],"picked":"Ring of the Serpent"}],"items_purged_floors":[],"is_endless":false,"potions_floor_spawned":[7,8,11,16,20,24,25],"killed_by":"Centurion and Healer","ascension_level":2}}