{"host":"pqs17sqrgflf4eqa","time":1613884345,"event":{"mods":["AchievementEnabler","BaseMod","Bestiary","Better Altar","Better Match","Better Skull","Block Reminder","Bossed Relics","Colored Map","Colored Powertips","Curses Come First","Dark Map","DeckTracker","Defective Defect","Displayed Cursed Tome","Emptier Cage","Googly Eyes","Highlight Path","Minty Spire (QoL Compilation)","Quick Restart","Slay-I","StSLib","SuperFastMode","Synergy Search","Thieving Mod","Transform Curses","everything is the same but u backflip on backflip","slay the spire mod where everything is the same but ironclad has a cowboy hat"],"gold_per_floor":[117,117,138,138,153,193,193,224,247,278,290,402,445,43,43,43,43],"floor_reached":16,"language":"ENG","playtime":285,"items_purged":[],"score":186,"play_id":"a7aca1ff-e7e2-4ffe-b132-8c8b967aa39b","local_time":"20210221001225","is_ascension_mode":true,"campfire_choices":[{"data":"Judgement","floor":7,"key":"SMITH"},{"floor":11,"key":"REST"},{"floor":15,"key":"REST"}],"circlet_count":0,"master_deck":["Strike_P","Strike_P","Strike_P","Strike_P","Defend_P","Defend_P","Defend_P","Defend_P","Eruption+1","Vigilance","CarveReality","CrushJoints","EmptyBody","Judgement+1","Perseverance","CarveReality","FlyingSleeves"],"relics":["PureWater","NeowsBlessing","Golden Idol","Tiny Chest","Juzu Bracelet","MawBank","Damaru","Akabeko","HandDrill"],"acts_visited":["Exordium"],"potions_floor_usage":[6,8,10,16],"damage_taken":[{"damage":0,"enemies":"Small Slimes","floor":1,"turns":2},{"damage":0,"enemies":"Jaw Worm","floor":3,"turns":1},{"damage":0,"enemies":"Cultist","floor":5,"turns":1},{"damage":0,"enemies":"Gremlin Nob","floor":6,"turns":2},{"damage":38,"enemies":"Lagavulin","floor":8,"turns":4},{"damage":26,"enemies":"Lots of Slimes","floor":10,"turns":4},{"damage":18,"enemies":"3 Sentries","floor":13,"turns":6},{"damage":23,"enemies":"The Guardian","floor":16,"turns":7}],"seed_played":"-1153331315651898469","potions_obtained":[{"floor":1,"key":"SkillPotion"},{"floor":6,"key":"BottledMiracle"},{"floor":8,"key":"LiquidBronze"}],"is_trial":false,"path_per_floor":["M","?","M","?","M","E","R","E","T","M","R","?","E","$","R","B"],"character_chosen":"WATCHER","items_purchased":["Akabeko","DuplicationPotion","HandDrill","Energy Potion"],"campfire_rested":2,"item_purchase_floors":[14,14,14,14],"current_hp_per_floor":[65,65,65,65,65,65,65,27,27,1,21,21,3,3,23,0,0],"gold":43,"neow_bonus":"THREE_ENEMY_KILL","is_daily":false,"chose_seed":false,"campfire_upgraded":1,"win_rate":0.0,"timestamp":1613884345,"path_taken":["M","?","M","?","M","E","R","E","T","M","R","?","E","$","R","BOSS"],"items_purchased_type":["Relic","Potion","Relic","Potion"],"build_version":"2020-12-22","purchased_purges":0,"victory":false,"max_hp_per_floor":[72,67,67,67,67,67,67,67,67,67,67,67,67,67,67,67,67],"card_choices":[{"not_picked":["Meditate","JustLucky"],"picked":"CarveReality","floor":1},{"not_picked":["EmptyFist","PathToVictory"],"picked":"CrushJoints","floor":3},{"not_picked":["FlurryOfBlows","EmptyMind"],"picked":"EmptyBody","floor":5},{"not_picked":["Protect","EmptyBody"],"picked":"Judgement","floor":6},{"not_picked":["Evaluate","Indignation"],"picked":"Perseverance","floor":8},{"not_picked":["EmptyFist","Study"],"picked":"CarveReality","floor":10},{"not_picked":["SashWhip","InnerPeace"],"picked":"FlyingSleeves","floor":13}],"player_experience":239583,"relics_obtained":[{"floor":6,"key":"Tiny Chest"},{"floor":8,"key":"Juzu Bracelet"},{"floor":9,"key":"MawBank"},{"floor":13,"key":"Damaru"}],"event_choices":[{"damage_healed":0,"gold_gain":0,"player_choice":"Lose Max HP","damage_taken":0,"relics_obtained":["Golden Idol"],"max_hp_gain":0,"max_hp_loss":5,"event_name":"Golden Idol","floor":2,"gold_loss":0},{"damage_healed":0,"gold_gain":0,"player_choice":"Upgraded","damage_taken":0,"max_hp_gain":0,"max_hp_loss":0,"event_name":"Upgrade Shrine","floor":4,"gold_loss":0,"cards_upgraded":["Eruption"]},{"damage_healed":0,"gold_gain":100,"player_choice":"Pray","damage_taken":0,"max_hp_gain":0,"max_hp_loss":0,"event_name":"Golden Shrine","floor":12,"gold_loss":0}],"is_beta":false,"boss_relics":[],"items_purged_floors":[],"is_endless":false,"potions_floor_spawned":[1,6,8],"killed_by":"The Guardian","ascension_level":6}}