{"host":"l1pzlbpva2o8t11s","time":1613917581,"event":{"mods":["AchievementEnabler","BaseMod","Block Reminder","Colored Map","Minty Spire (QoL Compilation)","Random Character Button","Relic Stats","StSLib","The Jungle"],"gold_per_floor":[119,119,44,44,62,62,22,55,55,55,55,75,88,119,119,245,245,270,270,284,29,48,48,71,95,118,38,38,52,68,82,82,210,210,230,105,105,105,105,105,105,105],"floor_reached":41,"language":"ENG","playtime":6505,"items_purged":["Strike_G","Storm of Steel","Quick Slash+1"],"score":490,"play_id":"02b989ee-e415-43f9-a4d3-49f8e9d641e4","local_time":"20210221152621","is_ascension_mode":true,"campfire_choices":[{"data":"Quick Slash","floor":6,"key":"SMITH"},{"data":"Bouncing Flask","floor":10,"key":"SMITH"},{"data":"Neutralize","floor":15,"key":"SMITH"},{"data":"Crippling Poison","floor":23,"key":"SMITH"},{"data":"Poisoned Stab","floor":28,"key":"SMITH"},{"floor":32,"key":"REST"},{"data":"Noxious Fumes","floor":40,"key":"SMITH"}],"circlet_count":0,"master_deck":["Strike_G","Strike_G","Strike_G","Defend_G","Defend_G","Defend_G","Defend_G","Survivor","Neutralize+1","Deadly Poison","Bouncing Flask+1","Crippling Poison+1","Grand Finale","Poisoned Stab+1","Noxious Fumes+1","Bane+1","Discovery"],"relics":["Ring of the Snake","NeowsBlessing","Golden Idol","Potion Belt","Ginger","Happy Flower","Busted Crown","Oddly Smooth Stone","HoveringKite"],"acts_visited":["Exordium","TheCity","TheBeyond"],"potions_floor_usage":[30,33,33,33,41,41,41],"damage_taken":[{"damage":0,"enemies":"2 Louse","floor":1,"turns":1},{"damage":0,"enemies":"Small Slimes","floor":5,"turns":1},{"damage":0,"enemies":"Gremlin Nob","floor":8,"turns":1},{"damage":0,"enemies":"Cultist","floor":12,"turns":2},{"damage":3,"enemies":"3 Louse","floor":13,"turns":3},{"damage":20,"enemies":"3 Sentries","floor":14,"turns":10},{"damage":6,"enemies":"The Guardian","floor":16,"turns":7},{"damage":9,"enemies":"Shell Parasite","floor":18,"turns":5},{"damage":0,"enemies":"3 Byrds","floor":20,"turns":3},{"damage":10,"enemies":"Sentry and Sphere","floor":22,"turns":4},{"damage":8,"enemies":"Snake Plant","floor":24,"turns":4},{"damage":5,"enemies":"Cultist and Chosen","floor":25,"turns":5},{"damage":14,"enemies":"3 Cultists","floor":29,"turns":5},{"damage":10,"enemies":"Centurion and Healer","floor":30,"turns":6},{"damage":0,"enemies":"Sentry and Sphere","floor":31,"turns":3},{"damage":42,"enemies":"Automaton","floor":33,"turns":10},{"damage":40,"enemies":"3 Darklings","floor":35,"turns":5},{"damage":40,"enemies":"Giant Head","floor":41,"turns":5}],"seed_played":"5431094586361579640","potions_obtained":[{"floor":5,"key":"Strength Potion"},{"floor":13,"key":"Weak Potion"},{"floor":18,"key":"Fire Potion"},{"floor":19,"key":"Ancient Potion"},{"floor":19,"key":"EssenceOfSteel"},{"floor":30,"key":"Regen Potion"},{"floor":31,"key":"LiquidMemories"},{"floor":35,"key":"LiquidBronze"}],"is_trial":false,"path_per_floor":["M","?","$","?","M","R","$","E","T","R","?","M","M","E","R","B",null,"M","?","M","$","M","R","M","M","T","$","R","M","M","M","R","B",null,"M","$","?","?","?","R","E"],"character_chosen":"THE_SILENT","items_purchased":["Bouncing Flask","Oddly Smooth Stone","Noxious Fumes"],"campfire_rested":1,"item_purchase_floors":[7,21,27],"current_hp_per_floor":[70,53,53,58,58,58,58,58,58,58,58,58,55,35,35,29,75,66,66,66,66,56,56,48,43,43,43,43,29,19,19,41,14,75,35,35,35,35,35,35,0,0],"gold":105,"neow_bonus":"THREE_ENEMY_KILL","is_daily":false,"chose_seed":false,"campfire_upgraded":6,"win_rate":0.0,"timestamp":1613917581,"path_taken":["M","?","$","?","M","R","$","E","T","R","?","?","M","E","R","BOSS","M","?","?","$","M","R","M","M","T","$","R","M","M","M","R","BOSS","M","$","?","?","?","R","E"],"items_purchased_type":["Card","Relic","Card"],"build_version":"2020-12-22","purchased_purges":3,"victory":false,"max_hp_per_floor":[70,70,70,75,75,75,75,75,75,75,75,75,75,75,75,75,75,75,75,75,75,75,75,75,75,75,75,75,75,75,75,75,75,75,75,75,75,75,75,75,75,75],"relic_stats":{"Busted Crown":22,"Happy Flower":[20],"counters":[18,80],"Golden Idol":110,"HoveringKite":[2],"Ginger":[11],"obtain_stats":[{"Potion Belt":8,"Busted Crown":17,"NeowsBlessing":0,"Happy Flower":14,"Golden Idol":2,"Oddly Smooth Stone":21,"HoveringKite":34,"Ginger":9,"Ring of the Snake":0},{"Potion Belt":3,"Busted Crown":7,"NeowsBlessing":0,"Happy Flower":6,"Golden Idol":1,"Oddly Smooth Stone":9,"HoveringKite":16,"Ginger":3,"Ring of the Snake":0},{"Potion Belt":3,"Busted Crown":25,"NeowsBlessing":0,"Happy Flower":18,"Golden Idol":1,"Oddly Smooth Stone":33,"HoveringKite":70,"Ginger":3,"Ring of the Snake":0}],"Ring of the Snake":[36]},"card_choices":[{"not_picked":["Sucker Punch","Flying Knee"],"picked":"Deadly Poison","floor":1},{"not_picked":["PiercingWail","Concentrate"],"picked":"Quick Slash","floor":5},{"not_picked":["Dash","Choke","Heel Hook"],"picked":"SKIP","floor":8},{"not_picked":["Flying Knee","Night Terror"],"picked":"Crippling Poison","floor":12},{"not_picked":["Dash","Calculated Gamble","All Out Attack"],"picked":"SKIP","floor":13},{"not_picked":["Skewer","Quick Slash"],"picked":"Grand Finale","floor":14},{"not_picked":["Caltrops"],"picked":"SKIP","floor":18},{"not_picked":["Slice"],"picked":"SKIP","floor":20},{"not_picked":["Flying Knee"],"picked":"SKIP","floor":22},{"not_picked":[],"picked":"Poisoned Stab","floor":24},{"not_picked":["Backflip"],"picked":"SKIP","floor":25},{"not_picked":["Backflip"],"picked":"SKIP","floor":29},{"not_picked":["Blade Dance+1"],"picked":"SKIP","floor":30},{"not_picked":["Underhanded Strike"],"picked":"SKIP","floor":31},{"not_picked":[],"picked":"Bane+1","floor":35},{"not_picked":[],"picked":"Discovery","floor":39}],"player_experience":159302,"relics_obtained":[{"floor":8,"key":"Potion Belt"},{"floor":9,"key":"Ginger"},{"floor":14,"key":"Happy Flower"}],"event_choices":[{"damage_healed":0,"gold_gain":0,"player_choice":"Take Damage","damage_taken":17,"relics_obtained":["Golden Idol"],"max_hp_gain":0,"max_hp_loss":0,"event_name":"Golden Idol","floor":2,"gold_loss":0},{"damage_healed":0,"gold_gain":0,"player_choice":"Donut","damage_taken":0,"max_hp_gain":5,"max_hp_loss":0,"event_name":"Big Fish","floor":4,"gold_loss":0},{"damage_healed":0,"gold_gain":0,"cards_transformed":["Defend_G"],"player_choice":"Transformed","damage_taken":0,"max_hp_gain":0,"max_hp_loss":0,"event_name":"Transmorgrifier","floor":11,"gold_loss":0,"cards_obtained":["Storm of Steel"]},{"damage_healed":0,"gold_gain":0,"player_choice":"Got Potions","damage_taken":0,"max_hp_gain":0,"max_hp_loss":0,"event_name":"Lab","floor":19,"gold_loss":0},{"cards_removed":["Strike_G"],"damage_healed":0,"gold_gain":0,"player_choice":"Removed Attack","damage_taken":0,"max_hp_gain":0,"max_hp_loss":0,"event_name":"Falling","floor":37,"gold_loss":0},{"damage_healed":0,"gold_gain":0,"player_choice":"Ignored","damage_taken":0,"max_hp_gain":0,"max_hp_loss":0,"event_name":"Mysterious Sphere","floor":38,"gold_loss":0},{"damage_healed":0,"gold_gain":0,"player_choice":"Memory 1","damage_taken":0,"max_hp_gain":0,"max_hp_loss":0,"event_name":"SensoryStone","floor":39,"gold_loss":0}],"is_beta":false,"boss_relics":[{"not_picked":["Ectoplasm","Ring of the Serpent"],"picked":"Busted Crown"},{"not_picked":["Runic Dome","Coffee Dripper"],"picked":"HoveringKite"}],"items_purged_floors":[3,21,36],"is_endless":false,"potions_floor_spawned":[5,13,18,20,29,30,31,35],"killed_by":"Giant Head","ascension_level":3}}