{"host":"nwhe2sv90j8hqfq9","time":1613947591,"event":{"mods":["AchievementEnabler","Bard","BaseMod","Colored Map","Colored Powertips","Downfall","Friendly Minions","Hermit","Highlight Path","Hubris","Infinite Spire","Kiyohime????","Marisa????????","Minty Spire (QoL Compilation)","Prisma Mod","READ ME - Snecko Mod","Replay The Spire","StSLib","SuperFastMode","The Animator","The Cursed","The Disciple","The Hierophant","The Jungle","The Runesmith","The Senshi","The Servant 0.9.4"],"gold_per_floor":[99,99,99,99,117,5,5,5,5,17,44,62,62,79,99,204,204,258,274,374,394,394,330,330,347,347,347,347,361,197,197,207,304,304,304,324,337,43,43,43,43,43],"floor_reached":40,"language":"ENG","playtime":1455,"items_purged":["Slimebound:Strike_Slimebound"],"score":409,"play_id":"7d67c328-99a9-44b6-a4ba-ef13a977301a","local_time":"20210221144631","is_ascension_mode":false,"campfire_choices":[{"data":"Slimebound:Split","floor":1,"key":"SMITH"},{"data":"Slimebound:LeadByExample","floor":8,"key":"SMITH"},{"floor":13,"key":"REST"},{"data":"Slimebound:CheckThePlaybook","floor":26,"key":"SMITH"},{"data":"Slimebound:CorrosiveSpit","floor":28,"key":"SMITH"}],"circlet_count":0,"master_deck":["Slimebound:Strike_Slimebound","Slimebound:Strike_Slimebound","Slimebound:Tackle","Slimebound:Defend_Slimebound","Slimebound:Defend_Slimebound","Slimebound:Defend_Slimebound","Slimebound:Defend_Slimebound","Slimebound:Split+1","Slimebound:CorrosiveSpit+1","Slimebound:Gluttony","Slimebound:HauntingLick","Slimebound:SamplingLick","Slimebound:LeechEnergy","Slimebound:LeadByExample+1","Slimebound:ComboTackle","Slimebound:SplitAcid","Slimebound:SplitSpecialist","Slimebound:Schlurp","Slimebound:CheckThePlaybook+1","Slimebound:PressTheAttack","Slimebound:Schlurp+1","Slimebound:SlimeTap+1","Slimebound:GoopSpray","Slimebound:LeechingTouch","Slimebound:OozeBath","Slimebound:Prepare+1","Slimebound:AcidTongue","Slimebound:WasteNot","Slimebound:LevelUp","Slimebound:LevelUp","Slimebound:SpikyOuterGoop+1"],"relics":["Slimebound:AbsorbEndCombat","downfall:HeartsMalice","hubris:Reverence","Ice Cream","Slimebound:TarBlob","Quantum Egg","Blue Candle","Orrery","Replay:Fungal Core","ClockworkSouvenir"],"acts_visited":["Exordium","TheCity","TheBeyond"],"potions_floor_usage":[16,16,21,25,29,33],"damage_taken":[{"damage":0,"enemies":"Jaw Worm","floor":2,"turns":1},{"damage":0,"enemies":"infinitespire:Voidling","floor":3,"turns":1},{"damage":0,"enemies":"Cultist","floor":4,"turns":1},{"damage":15,"enemies":"Blue Slaver","floor":5,"turns":2},{"damage":5,"enemies":"downfall:FleeingMerchant","floor":6,"turns":4},{"damage":5,"enemies":"downfall:LooterAlt","floor":10,"turns":3},{"damage":21,"enemies":"Lagavulin","floor":11,"turns":5},{"damage":8,"enemies":"3 Louse","floor":12,"turns":3},{"damage":18,"enemies":"Exordium Thugs","floor":14,"turns":5},{"damage":17,"enemies":"Large Slime","floor":15,"turns":5},{"damage":32,"enemies":"DF_ARCHETYPE_STREAMLINE","floor":16,"turns":8},{"damage":7,"enemies":"Spheric Guardian","floor":19,"turns":3},{"damage":11,"enemies":"3 Byrds","floor":21,"turns":5},{"damage":5,"enemies":"Sentry and Sphere","floor":25,"turns":1},{"damage":17,"enemies":"Snake Plant","floor":29,"turns":3},{"damage":3,"enemies":"downfall:FleeingMerchant","floor":30,"turns":4},{"damage":0,"enemies":"Shelled Parasite and Fungi","floor":32,"turns":4},{"damage":50,"enemies":"IC_MUSHROOM_ARCHETYPE","floor":33,"turns":6},{"damage":12,"enemies":"3 Shapes","floor":36,"turns":4},{"damage":16,"enemies":"Orb Walker","floor":37,"turns":3},{"damage":11,"enemies":"downfall:FleeingMerchant","floor":38,"turns":4},{"damage":61,"enemies":"Jaw Worm Horde","floor":40,"turns":3}],"seed_played":"-198311082367819671","potions_obtained":[{"floor":10,"key":"DistilledChaos"},{"floor":11,"key":"hexamod:SoulburnPotion"},{"floor":15,"key":"Weak Potion"},{"floor":16,"key":"hexamod:SoulburnPotion"},{"floor":19,"key":"Weak Potion"},{"floor":21,"key":"DistilledChaos"},{"floor":31,"key":"CultistPotion"},{"floor":35,"key":"BlessingOfTheForge"},{"floor":35,"key":"LifebloodPotion"}],"is_trial":false,"path_per_floor":["R","M","M","M","M","$","T","R","?","M","E","M","R","M","M","B",null,"R_BF","M","?","M","AVR","?","T","M","R","?","R","M","$","?","M","B",null,"R_BF","M","M","$","?","M"],"character_chosen":"SLIMEBOUND","items_purchased":["Slimebound:LeadByExample","Slimebound:ComboTackle","Orrery","ClockworkSouvenir","Slimebound:SpikyOuterGoop+1"],"campfire_rested":1,"item_purchase_floors":[6,6,30,38,38],"current_hp_per_floor":[65,65,65,65,56,55,55,55,55,52,39,37,56,44,35,11,65,65,60,60,56,56,65,65,60,60,55,55,42,47,47,55,13,65,65,59,47,42,57,0,0,0],"gold":43,"neow_bonus":"THREE_ENEMY_KILL","is_daily":false,"chose_seed":false,"campfire_upgraded":4,"win_rate":0.0,"timestamp":1613947591,"path_taken":["R","M","M","M","M","$","T","R","?","?","E","?","R","M","M","BOSS","R_BF","M","?","?","AVR","?","T","M","R","?","R","M","$","?","M","BOSS","R_BF","M","M","$","?","M"],"items_purchased_type":["Card","Card","Relic","Relic","Card"],"build_version":"2020-12-22","purchased_purges":1,"victory":false,"max_hp_per_floor":[65,65,65,65,65,65,65,65,65,65,65,65,65,65,65,65,65,65,65,65,65,65,65,65,65,65,65,65,65,65,65,65,65,65,65,65,65,65,57,57,57,57],"card_choices":[{"not_picked":["Slimebound:GoopSpray","Slimebound:LevelUp"],"picked":"Slimebound:Gluttony","floor":2},{"not_picked":["Slimebound:RollThrough","Slimebound:FormOfPuddle"],"picked":"Slimebound:HauntingLick","floor":3},{"not_picked":["Slimebound:Gluttony","Slimebound:DouseInSlime"],"picked":"Slimebound:SamplingLick","floor":4},{"not_picked":["Slimebound:RollThrough","Slimebound:LeechingTouch","Slimebound:SplitBruiser"],"picked":"SKIP","floor":5},{"not_picked":["Slimebound:ViciousTackle","Slimebound:Gluttony"],"picked":"Slimebound:LeechEnergy","floor":6},{"not_picked":["Slimebound:LeechingTouch","Slimebound:SplitMire"],"picked":"Slimebound:SplitAcid","floor":10},{"not_picked":["Slimebound:SplitAcid","Slimebound:Dissolve"],"picked":"Slimebound:SplitSpecialist","floor":11},{"not_picked":["Slimebound:RollThrough","Slimebound:SplitMire","Slimebound:GoopTackle"],"picked":"SKIP","floor":12},{"not_picked":["Slimebound:SplitAcid","Slimebound:ItLooksTasty"],"picked":"Slimebound:Schlurp","floor":14},{"not_picked":["Slimebound:DivideAndConquer","Slimebound:SplitMire","Slimebound:RejuvenatingLick"],"picked":"SKIP","floor":15},{"not_picked":["Slimebound:OozeBath","Slimebound:LeechLife"],"picked":"Slimebound:CheckThePlaybook","floor":16},{"not_picked":["Slimebound:LevelUp","Slimebound:ItLooksTasty"],"picked":"Slimebound:PressTheAttack","floor":19},{"not_picked":["Slimebound:PressTheAttack","Slimebound:HauntingLick"],"picked":"Slimebound:Schlurp+1","floor":21},{"not_picked":["Slimebound:ComboTackle","Slimebound:GoopTackle+1"],"picked":"Slimebound:SlimeTap+1","floor":25},{"not_picked":["Slimebound:ComboTackle","Slimebound:SlimeSlap"],"picked":"Slimebound:GoopSpray","floor":29},{"not_picked":["Slimebound:HungryTackle","Slimebound:SplitBruiser","Slimebound:ItLooksTasty"],"picked":"SKIP","floor":30},{"not_picked":["Slimebound:ItLooksTasty","Slimebound:SlimeTap+1"],"picked":"Slimebound:LeechingTouch","floor":30},{"not_picked":["Slimebound:ItLooksTasty","Slimebound:LevelUp"],"picked":"Slimebound:OozeBath","floor":30},{"not_picked":["Slimebound:LeechEnergy","Slimebound:GrowthPunch"],"picked":"Slimebound:Prepare+1","floor":30},{"not_picked":["Slimebound:RallyTheTroops","Slimebound:OozeBath"],"picked":"Slimebound:AcidTongue","floor":30},{"not_picked":["Slimebound:CheckThePlaybook","Slimebound:RollThrough+1"],"picked":"Slimebound:WasteNot","floor":30},{"not_picked":["Slimebound:LeechingTouch","Slimebound:FirmFortitude","Slimebound:SplitMire"],"picked":"SKIP","floor":32},{"not_picked":["Slimebound:GrowthPunch+1","Slimebound:RejuvenatingLick+1"],"picked":"Slimebound:LevelUp","floor":36},{"not_picked":["Slimebound:GoopSpray","Slimebound:ComboTackle"],"picked":"Slimebound:LevelUp","floor":37},{"not_picked":["Slimebound:Schlurp","Slimebound:Prepare+1","Slimebound:SplitBruiser+1"],"picked":"SKIP","floor":38}],"player_experience":450953,"relics_obtained":[{"floor":7,"key":"hubris:Reverence"},{"floor":11,"key":"Ice Cream"},{"floor":24,"key":"Quantum Egg"}],"event_choices":[{"damage_healed":0,"gold_gain":0,"player_choice":"Ignored","damage_taken":0,"max_hp_gain":0,"max_hp_loss":0,"event_name":"NoteForYourself","floor":9,"gold_loss":0}],"is_beta":false,"boss_relics":[{"not_picked":["Philosopher\u0027s Stone","Replay:Wanted Poster"],"picked":"Slimebound:TarBlob"},{"not_picked":["Fusion Hammer","Snecko Eye"],"picked":"Replay:Fungal Core"}],"items_purged_floors":[38],"is_endless":false,"potions_floor_spawned":[10,11,15,16,19,21,37],"killed_by":"Jaw Worm Horde","ascension_level":0}}