{"host":"7j2n82b2zha9fuyn","time":1613943514,"event":{"mods":["BaseMod","Block Reminder","Minty Spire (QoL Compilation)","StSLib"],"gold_per_floor":[118,118,118,137,150,150,150,178,178,205,33,46,46,58,58,133,133,144,163,176,191,116,116,149,168,168,198,82,116,116,116,116,202,202,231,241,259,259,268,310,82,108,108,108,63,91,91,129,129,129,129],"floor_reached":50,"language":"ENG","playtime":4052,"items_purged":["Strike_G"],"score":1140,"play_id":"039dd383-f887-446b-b6aa-b1f9acee14fa","local_time":"20210221143834","is_ascension_mode":true,"campfire_choices":[{"data":"Footwork","floor":6.0,"key":"SMITH"},{"floor":13,"key":"REST"},{"data":"Neutralize","floor":15,"key":"SMITH"},{"data":"Adrenaline","floor":23,"key":"SMITH"},{"data":"Blade Dance","floor":30,"key":"SMITH"},{"data":"Blade Dance","floor":32,"key":"SMITH"},{"data":"Accuracy","floor":44,"key":"SMITH"},{"data":"Infinite Blades","floor":47,"key":"SMITH"},{"floor":49,"key":"RECALL"}],"circlet_count":0,"master_deck":["AscendersBane","Strike_G+1","Strike_G+1","Defend_G+1","Defend_G+1","Defend_G+1","Defend_G+1","Defend_G+1","Survivor","Neutralize+1","Adrenaline+1","Slice","Dagger Throw","Footwork+1","Sucker Punch","Deadly Poison","Finisher+1","Sucker Punch+1","Die Die Die+1","Blade Dance+1","Escape Plan+1","Choke+1","Blade Dance+1","Malaise+1","Leg Sweep+1","Corpse Explosion+1","PiercingWail+1","Discovery+1","Slice+1","Accuracy+1","Calculated Gamble+1","Blade Dance+1","Infinite Blades+1","Acrobatics+1"],"relics":["Ring of the Snake","Paper Crane","Pantograph","Molten Egg 2","Ginger","Orichalcum","WristBlade","Bag of Marbles","Toxic Egg 2","Mummified Hand","CeramicFish","Sozu","Meat on the Bone","OrangePellets","Juzu Bracelet"],"acts_visited":["Exordium","TheCity","TheBeyond"],"potions_floor_usage":[8,16,27,33,40],"damage_taken":[{"damage":1.0,"enemies":"2 Louse","floor":1.0,"turns":4.0},{"damage":2.0,"enemies":"Jaw Worm","floor":4.0,"turns":3.0},{"damage":1.0,"enemies":"Cultist","floor":5.0,"turns":3.0},{"damage":29,"enemies":"Lagavulin","floor":8,"turns":13},{"damage":6,"enemies":"3 Sentries","floor":10,"turns":14},{"damage":1,"enemies":"2 Fungi Beasts","floor":12,"turns":3},{"damage":2,"enemies":"Exordium Thugs","floor":14,"turns":3},{"damage":14,"enemies":"The Guardian","floor":16,"turns":13},{"damage":7,"enemies":"Shell Parasite","floor":18,"turns":5},{"damage":0,"enemies":"Spheric Guardian","floor":19,"turns":3},{"damage":4,"enemies":"Snecko","floor":20,"turns":4},{"damage":9,"enemies":"Centurion and Healer","floor":21,"turns":4},{"damage":2,"enemies":"Gremlin Leader","floor":24,"turns":4},{"damage":0,"enemies":"3 Cultists","floor":25,"turns":4},{"damage":14,"enemies":"Slavers","floor":27,"turns":4},{"damage":4,"enemies":"Book of Stabbing","floor":29,"turns":6},{"damage":27,"enemies":"Automaton","floor":33,"turns":12},{"damage":0,"enemies":"Orb Walker","floor":35,"turns":1},{"damage":0,"enemies":"3 Darklings","floor":36,"turns":2},{"damage":4,"enemies":"4 Shapes","floor":37,"turns":8},{"damage":2,"enemies":"Reptomancer","floor":40,"turns":4},{"damage":0,"enemies":"Maw","floor":42,"turns":4},{"damage":4,"enemies":"3 Darklings","floor":46,"turns":4},{"damage":4,"enemies":"Giant Head","floor":48,"turns":5},{"damage":66,"enemies":"Awakened One","floor":50,"turns":10}],"seed_played":"-2836242198657723974","potions_obtained":[{"floor":1.0,"key":"PowerPotion"},{"floor":12,"key":"Poison Potion"},{"floor":14,"key":"ColorlessPotion"},{"floor":21,"key":"AttackPotion"},{"floor":24,"key":"LiquidMemories"},{"floor":33,"key":"SkillPotion"}],"is_trial":false,"path_per_floor":["M","?","?","M","M","R","?","E","T","E","$","M","R","M","R","B",null,"M","M","M","M","?","R","E","M","T","E","$","E","R","?","R","B",null,"M","M","M","?","?","E","$","M","T","R","$","M","R","E","R","B"],"character_chosen":"THE_SILENT","items_purchased":["Orichalcum","Leg Sweep+1","OrangePellets","Accuracy","Blade Dance+1"],"campfire_rested":1,"item_purchase_floors":[11,28,41,41,45],"current_hp_per_floor":[43,32,54,52,51,51,44,15,15,9,9,8,27,25,25,36,59,52,52,48,39,39,39,37,37,37,23,23,19,19,19,19,17,54,54,54,50,50,40,38,38,38,38,38,38,34,34,42,42,0,0],"gold":129,"neow_bonus":"THREE_RARE_CARDS","is_daily":false,"chose_seed":false,"campfire_upgraded":7,"win_rate":0.0,"timestamp":1613943514,"path_taken":["M","?","?","M","M","R","?","E","T","E","$","?","R","M","R","BOSS","M","M","M","?","?","R","E","M","T","E","?","E","R","?","R","BOSS","M","M","M","?","?","E","$","M","T","R","?","M","R","E","R","BOSS"],"items_purchased_type":["Relic","Card","Relic","Card","Card"],"build_version":"2020-12-22","purchased_purges":1,"victory":false,"max_hp_per_floor":[66,66,66,66,66,66,66,66,66,66,66,66,66,66,66,66,66,66,66,66,66,66,66,66,66,66,66,66,66,66,66,66,66,66,66,66,66,66,66,66,66,66,66,66,66,66,66,66,66,66,66],"card_choices":[{"not_picked":["Die Die Die","Wraith Form v2"],"picked":"Adrenaline","floor":0.0},{"not_picked":["Reflex","Quick Slash"],"picked":"Slice","floor":1.0},{"not_picked":["Acrobatics","Underhanded Strike"],"picked":"Dagger Throw","floor":4.0},{"not_picked":["Eviscerate","PiercingWail"],"picked":"Footwork","floor":5.0},{"not_picked":["PiercingWail","Wraith Form v2"],"picked":"Sucker Punch","floor":8},{"not_picked":["Dodge and Roll","Prepared"],"picked":"Deadly Poison","floor":10},{"not_picked":["Dagger Throw+1","Concentrate"],"picked":"Finisher+1","floor":12},{"not_picked":["Bouncing Flask","Acrobatics"],"picked":"Sucker Punch+1","floor":14},{"not_picked":["Storm of Steel","Doppelganger"],"picked":"Die Die Die+1","floor":16},{"not_picked":["Prepared","Slice+1"],"picked":"Blade Dance","floor":18},{"not_picked":["PiercingWail","Deflect"],"picked":"Escape Plan+1","floor":19},{"not_picked":["Flying Knee+1","Eviscerate+1"],"picked":"Choke+1","floor":20},{"not_picked":["Night Terror","Underhanded Strike+1"],"picked":"Blade Dance","floor":21},{"not_picked":["Catalyst","Venomology","Choke+1"],"picked":"SKIP","floor":24},{"not_picked":["Flying Knee+1","Concentrate","Blade Dance"],"picked":"SKIP","floor":25},{"not_picked":["Slice+1","Riddle With Holes+1"],"picked":"Malaise+1","floor":27},{"not_picked":["Deadly Poison+1","Quick Slash+1","Tactician+1"],"picked":"SKIP","floor":29},{"not_picked":["Doppelganger+1","Night Terror+1"],"picked":"Corpse Explosion+1","floor":33},{"not_picked":["Underhanded Strike+1","Sucker Punch+1"],"picked":"PiercingWail+1","floor":35},{"not_picked":["Catalyst+1","Noxious Fumes","Quick Slash+1"],"picked":"SKIP","floor":36},{"not_picked":["Setup+1","Concentrate+1","Bouncing Flask+1"],"picked":"SKIP","floor":37},{"not_picked":["Enlightenment+1","Violence+1"],"picked":"Discovery+1","floor":39},{"not_picked":["Dagger Throw+1","Bouncing Flask+1"],"picked":"Slice+1","floor":40},{"not_picked":["Skewer+1","Backstab+1"],"picked":"Calculated Gamble+1","floor":42},{"not_picked":["Well Laid Plans","Quick Slash+1"],"picked":"Infinite Blades","floor":46},{"not_picked":["Storm of Steel+1","Sucker Punch+1"],"picked":"Acrobatics+1","floor":48}],"player_experience":2090941,"relics_obtained":[{"floor":8,"key":"Pantograph"},{"floor":9,"key":"Molten Egg 2"},{"floor":10,"key":"Ginger"},{"floor":24,"key":"Bag of Marbles"},{"floor":26,"key":"Toxic Egg 2"},{"floor":27,"key":"Mummified Hand"},{"floor":29,"key":"CeramicFish"},{"floor":40,"key":"Meat on the Bone"},{"floor":48,"key":"Juzu Bracelet"}],"event_choices":[{"damage_healed":0.0,"max_hp_gain":0.0,"max_hp_loss":0.0,"gold_gain":0.0,"event_name":"Scrap Ooze","player_choice":"Success","floor":2.0,"gold_loss":0.0,"damage_taken":11.0,"relics_obtained":["Paper Crane"]},{"damage_healed":22.0,"max_hp_gain":0.0,"max_hp_loss":0.0,"gold_gain":0.0,"event_name":"Big Fish","player_choice":"Banana","floor":3.0,"gold_loss":0.0,"damage_taken":0.0},{"cards_removed":["Strike_G"],"damage_healed":0.0,"max_hp_gain":0.0,"max_hp_loss":0.0,"gold_gain":0.0,"event_name":"Golden Wing","player_choice":"Card Removal","floor":7.0,"gold_loss":0.0,"damage_taken":7.0},{"cards_removed":["Strike_G"],"damage_healed":0,"gold_gain":0,"player_choice":"Single Remove","damage_taken":0,"max_hp_gain":0,"max_hp_loss":0,"event_name":"Designer","floor":22,"gold_loss":75},{"damage_healed":0,"gold_gain":0,"player_choice":"Simplicity","damage_taken":0,"max_hp_gain":0,"max_hp_loss":0,"event_name":"Back to Basics","floor":31,"gold_loss":0,"cards_upgraded":["Strike_G","Strike_G","Defend_G","Defend_G","Defend_G","Defend_G","Defend_G"]},{"damage_healed":0,"gold_gain":0,"player_choice":"Ignored","damage_taken":0,"max_hp_gain":0,"max_hp_loss":0,"event_name":"Tomb of Lord Red Mask","floor":38,"gold_loss":0},{"damage_healed":0,"gold_gain":0,"player_choice":"Memory 3","damage_taken":10,"max_hp_gain":0,"max_hp_loss":0,"event_name":"SensoryStone","floor":39,"gold_loss":0}],"is_beta":false,"boss_relics":[{"not_picked":["Empty Cage","Calling Bell"],"picked":"WristBlade"},{"not_picked":["Runic Dome","Coffee Dripper"],"picked":"Sozu"}],"items_purged_floors":[28],"is_endless":false,"potions_floor_spawned":[1,12,14,21,24,25,33,35,40,48],"killed_by":"Awakened One","ascension_level":20}}