{"host":"7hek758ba7rrttw2","time":1613933895,"event":{"mods":["BaseMod","Minty Spire (QoL Compilation)","Weighted Paths"],"gold_per_floor":[109,109,59,11,11,11,43,43,43,78,98,114,142,157,157,258,258,274,373,373,388,388,388,405,421,446,446,361,361,361,361],"floor_reached":30,"language":"ENG","playtime":866,"items_purged":[],"score":414,"play_id":"27036c86-be67-4c60-ae57-4fb80eabbc5b","local_time":"20210221195815","is_ascension_mode":true,"campfire_choices":[{"data":"True Grit","floor":6.0,"key":"SMITH"},{"data":"Body Slam","floor":8.0,"key":"SMITH"},{"data":"Body Slam","floor":15,"key":"SMITH"},{"floor":23,"key":"REST"},{"floor":27,"key":"REST"}],"circlet_count":0,"master_deck":["Strike_R","Strike_R","Strike_R","Strike_R","Strike_R","Defend_R+1","Defend_R+1","Defend_R","Defend_R","Bash","Disarm","True Grit+1","Body Slam+1","Juggernaut","Juggernaut","Body Slam+1","Iron Wave","Shockwave"],"relics":["Burning Blood","NeowsBlessing","Gremlin Horn","Dream Catcher","Kunai","Tiny Chest","Philosopher\u0027s Stone","War Paint","Lantern","Matryoshka"],"acts_visited":["Exordium","TheCity"],"potions_floor_usage":[13,14,16,16,25],"damage_taken":[{"damage":0.0,"enemies":"Jaw Worm","floor":1.0,"turns":1.0},{"damage":0.0,"enemies":"3 Sentries","floor":7.0,"turns":2.0},{"damage":0.0,"enemies":"Lagavulin","floor":10.0,"turns":1.0},{"damage":6.0,"enemies":"2 Louse","floor":11.0,"turns":5.0},{"damage":1.0,"enemies":"Small Slimes","floor":12.0,"turns":4.0},{"damage":16,"enemies":"Gremlin Nob","floor":13,"turns":3},{"damage":2,"enemies":"Looter","floor":14,"turns":3},{"damage":39,"enemies":"Slime Boss","floor":16,"turns":10},{"damage":48,"enemies":"3 Byrds","floor":18,"turns":5},{"damage":23,"enemies":"Shell Parasite","floor":21,"turns":5},{"damage":24,"enemies":"Snake Plant","floor":24,"turns":4},{"damage":5,"enemies":"Snecko","floor":25,"turns":5},{"damage":27,"enemies":"Slavers","floor":30,"turns":1}],"seed_played":"8532045038212051102","potions_obtained":[{"floor":10.0,"key":"HeartOfIron"},{"floor":11.0,"key":"ColorlessPotion"},{"floor":13,"key":"Block Potion"},{"floor":14,"key":"GamblersBrew"},{"floor":24,"key":"DistilledChaos"}],"is_trial":false,"path_per_floor":["M","?","?","$","$","R","E","R","T","E","M","M","E","M","R","B",null,"M","?","?","M","T","R","M","M","T","R","?","?","E"],"character_chosen":"IRONCLAD","items_purchased":["True Grit"],"campfire_rested":2,"item_purchase_floors":[4],"current_hp_per_floor":[78,78,78,78,78,78,80,80,80,80,80,80,70,74,74,41,70,28,28,28,11,11,35,17,18,18,42,42,27,0,0],"gold":361,"neow_bonus":"THREE_ENEMY_KILL","is_daily":false,"chose_seed":false,"campfire_upgraded":3,"win_rate":0.0,"timestamp":1613933895,"path_taken":["M","?","?","?","$","R","E","R","T","E","M","M","E","M","R","BOSS","M","?","?","?","?","R","M","M","T","R","?","?","E"],"items_purchased_type":["Card"],"build_version":"2020-12-22","purchased_purges":0,"victory":false,"max_hp_per_floor":[80,80,80,80,80,80,80,80,80,80,80,80,80,80,80,80,80,80,80,80,80,80,80,80,80,80,80,80,85,85,85],"card_choices":[{"not_picked":["Twin Strike","Clash"],"picked":"Disarm","floor":1.0},{"not_picked":["Clash","Iron Wave"],"picked":"Body Slam","floor":7.0},{"not_picked":["Clash","Sever Soul","Iron Wave"],"picked":"SKIP","floor":10.0},{"not_picked":["Sword Boomerang","Body Slam"],"picked":"Juggernaut","floor":11.0},{"not_picked":["Hemokinesis","Sword Boomerang","Uppercut"],"picked":"SKIP","floor":12.0},{"not_picked":["Body Slam","Heavy Blade"],"picked":"Juggernaut","floor":13},{"not_picked":["Rampage","Thunderclap"],"picked":"Body Slam","floor":14},{"not_picked":["Warcry+1","Clash","Anger"],"picked":"SKIP","floor":18},{"not_picked":["Wild Strike","Perfected Strike"],"picked":"Iron Wave","floor":21},{"not_picked":["Havoc","Clash+1","Burning Pact"],"picked":"SKIP","floor":24},{"not_picked":["Heavy Blade","Thunderclap+1","Flex"],"picked":"SKIP","floor":25},{"not_picked":["Body Slam","Armaments"],"picked":"Shockwave","floor":27}],"player_experience":376956,"relics_obtained":[{"floor":7.0,"key":"Dream Catcher"},{"floor":10.0,"key":"Kunai"},{"floor":13,"key":"Tiny Chest"},{"floor":22,"key":"War Paint"},{"floor":26,"key":"Lantern"}],"event_choices":[{"damage_healed":0.0,"max_hp_gain":0.0,"max_hp_loss":0.0,"gold_gain":0.0,"event_name":"Big Fish","player_choice":"Box","floor":2.0,"gold_loss":0.0,"damage_taken":0.0,"relics_obtained":["Gremlin Horn"],"cards_obtained":["Regret"]},{"cards_removed":["Regret"],"damage_healed":0.0,"max_hp_gain":0.0,"max_hp_loss":0.0,"gold_gain":0.0,"event_name":"The Cleric","player_choice":"Card Removal","floor":3.0,"gold_loss":50.0,"damage_taken":0.0},{"damage_healed":0,"gold_gain":99,"player_choice":"Stole From Cult","damage_taken":0,"max_hp_gain":0,"max_hp_loss":0,"event_name":"Nest","floor":19,"gold_loss":0},{"damage_healed":0,"gold_gain":0,"player_choice":"Bought 0 Potions","damage_taken":0,"max_hp_gain":0,"max_hp_loss":0,"event_name":"The Woman in Blue","floor":20,"gold_loss":0},{"damage_healed":0,"gold_gain":0,"player_choice":"Obtained Relic","damage_taken":0,"relics_obtained":["Matryoshka"],"max_hp_gain":0,"max_hp_loss":0,"event_name":"Addict","floor":28,"gold_loss":85},{"damage_healed":0,"gold_gain":0,"player_choice":"Shed Blood","damage_taken":20,"max_hp_gain":5,"max_hp_loss":0,"event_name":"Forgotten Altar","floor":29,"gold_loss":0}],"is_beta":false,"boss_relics":[{"not_picked":["Black Star","Fusion Hammer"],"picked":"Philosopher\u0027s Stone"}],"items_purged_floors":[],"is_endless":false,"potions_floor_spawned":[10,11,13,14,24],"killed_by":"Slavers","ascension_level":8}}