{"host":"1avr1135to2copjv","time":1613892399,"event":{"mods":["BaseMod","Colored Map","Colored Powertips","Filter the Spire","Minty Spire (QoL Compilation)","Relic Stats","StSLib","The Servant 0.9.4"],"gold_per_floor":[118,134,134,148,148,177,177,509,509,523,523,550,550,560,560,663,663,677,692,692,692,708,708,738,15,15,15,25,125,157,72,72,175,175,195,195,207,207,207,234,234,264,334,334,364,375,388,415,415,415,415,415,18,50,50],"floor_reached":56,"language":"ENG","playtime":2845,"items_purged":[],"score":1770,"play_id":"1df8f2db-8712-449f-b436-77363146d67d","local_time":"20210221102639","is_ascension_mode":true,"campfire_choices":[{"data":"After Image","floor":7,"key":"SMITH"},{"data":"Dash","floor":11,"key":"SMITH"},{"data":"Noxious Fumes","floor":13,"key":"SMITH"},{"data":"Noxious Fumes","floor":15,"key":"SMITH"},{"floor":23,"key":"REST"},{"data":"Prepared","floor":27,"key":"SMITH"},{"floor":32,"key":"REST"},{"floor":44,"key":"REST"},{"floor":49,"key":"RECALL"},{"floor":52,"key":"REST"}],"circlet_count":0,"master_deck":["Survivor","Neutralize","Deadly Poison","Deadly Poison","Blur","Quick Slash+1","Accuracy","Outmaneuver","Dagger Throw","Terror+1","Cloak And Dagger","Crippling Poison","Noxious Fumes+1","After Image+1","Noxious Fumes+1","Dash+1","Catalyst","After Image","Catalyst+1","Well Laid Plans","Prepared+1","Tools of the Trade","Calculated Gamble","PiercingWail+1","CurseOfTheBell","Noxious Fumes","After Image","Purity","Footwork","Prepared+1","Flechettes+1","Reflex","Blade Dance","Tactician","Apotheosis","Calculated Gamble"],"relics":["Pandora\u0027s Box","Boot","Old Coin","Darkstone Periapt","Ninja Scroll","SlaversCollar","Nilry\u0027s Codex","Tough Bandages","Snake Skull","Tingsha","ClockworkSouvenir","Ice Cream","WingedGreaves","Pantograph","Orichalcum","Bag of Preparation","Calling Bell","MealTicket","Mercury Hourglass","The Specimen","Regal Pillow","Pear","Question Card","Blood Vial","Shuriken","Medical Kit","Turnip"],"acts_visited":["Exordium","TheCity","TheBeyond","TheEnding"],"potions_floor_usage":[24,28,30,30,45,55,55,55],"damage_taken":[{"damage":0,"enemies":"Small Slimes","floor":1,"turns":3},{"damage":1,"enemies":"Jaw Worm","floor":2,"turns":3},{"damage":0,"enemies":"Cultist","floor":4,"turns":3},{"damage":16,"enemies":"Lagavulin","floor":6,"turns":6},{"damage":9,"enemies":"3 Sentries","floor":8,"turns":5},{"damage":0,"enemies":"Large Slime","floor":10,"turns":4},{"damage":0,"enemies":"Lagavulin","floor":12,"turns":6},{"damage":15,"enemies":"Exordium Wildlife","floor":14,"turns":3},{"damage":24,"enemies":"Slime Boss","floor":16,"turns":7},{"damage":4,"enemies":"Shell Parasite","floor":18,"turns":4},{"damage":0,"enemies":"3 Byrds","floor":19,"turns":4},{"damage":15,"enemies":"Snake Plant","floor":22,"turns":4},{"damage":6,"enemies":"Slavers","floor":24,"turns":5},{"damage":4,"enemies":"Chosen and Byrds","floor":28,"turns":3},{"damage":16,"enemies":"Colosseum Slavers","floor":29,"turns":5},{"damage":13,"enemies":"Colosseum Nobs","floor":29,"turns":4},{"damage":8,"enemies":"Book of Stabbing","floor":30,"turns":5},{"damage":12,"enemies":"Collector","floor":33,"turns":5},{"damage":11,"enemies":"3 Darklings","floor":35,"turns":4},{"damage":7,"enemies":"Orb Walker","floor":37,"turns":4},{"damage":0,"enemies":"Giant Head","floor":40,"turns":6},{"damage":49,"enemies":"Nemesis","floor":42,"turns":7},{"damage":0,"enemies":"Reptomancer","floor":45,"turns":6},{"damage":15,"enemies":"3 Darklings","floor":46,"turns":5},{"damage":16,"enemies":"Writhing Mass","floor":47,"turns":6},{"damage":14,"enemies":"Nemesis","floor":48,"turns":7},{"damage":25,"enemies":"Time Eater","floor":50,"turns":7},{"damage":76,"enemies":"Shield and Spear","floor":54,"turns":6},{"damage":46,"enemies":"The Heart","floor":55,"turns":5}],"seed_played":"-1757929071112991757","potions_obtained":[{"floor":2,"key":"BlessingOfTheForge"},{"floor":4,"key":"GhostInAJar"},{"floor":8,"key":"Explosive Potion"},{"floor":10,"key":"DuplicationPotion"},{"floor":22,"key":"Weak Potion"},{"floor":28,"key":"PowerPotion"},{"floor":30,"key":"Swift Potion"},{"floor":35,"key":"Explosive Potion"},{"floor":46,"key":"Poison Potion"}],"is_trial":false,"path_per_floor":["M","M","?","M","?","E","R","E","T","M","R","E","R","M","R","B",null,"M","M","?","?","M","R","E","$","T","R","M","?","E","?","R","B",null,"M","?","M","?","T","E","?","E","T","R","E","M","M","E","R","B",null,"R","$","E","B",null],"character_chosen":"THE_SILENT","items_purchased":["Snake Skull","Tingsha","ClockworkSouvenir","Well Laid Plans","Prepared","Dexterity Potion","Medical Kit","Tactician","Apotheosis"],"campfire_rested":4,"item_purchase_floors":[25,25,25,25,25,25,53,53,53],"current_hp_per_floor":[70,69,55,55,80,64,64,55,55,55,55,55,55,40,40,16,64,60,60,44,44,29,53,47,47,47,47,43,14,6,6,30,43,77,66,66,59,59,59,59,59,20,20,63,63,50,36,24,24,26,79,96,96,20,1],"gold":50,"neow_bonus":"BOSS_RELIC","is_daily":false,"chose_seed":false,"campfire_upgraded":5,"win_rate":0.0,"timestamp":1613892399,"path_taken":["M","M","?","M","?","E","R","E","T","?","R","E","R","M","R","BOSS","M","M","?","?","?","R","E","$","T","R","M","?","E","?","R","BOSS","M","?","?","?","?","E","?","E","T","R","E","M","M","E","R","BOSS","R","$","E","BOSS"],"items_purchased_type":["Relic","Relic","Relic","Card","Card","Potion","Relic","Card","Card"],"build_version":"2020-12-22","purchased_purges":0,"victory":true,"max_hp_per_floor":[70,70,70,70,80,80,80,80,80,80,80,80,80,80,80,80,80,80,80,80,80,80,80,80,80,80,80,80,80,80,80,80,80,86,86,86,86,86,86,86,86,96,96,96,96,96,96,96,96,96,96,96,96,96,96],"relic_stats":{"Darkstone Periapt":6,"Regal Pillow":15,"counters":[29,141],"Tingsha":[320],"Snake Skull":[167],"Bag of Preparation":[24],"Orichalcum":[0],"Boot":[172],"Question Card":5,"Medical Kit":[0],"Mercury Hourglass":[222],"Blood Vial":10,"Tough Bandages":[366],"Shuriken":[8],"Pantograph":75,"Pandora\u0027s Box":["Deadly Poison","Deadly Poison","Blur","Quick Slash","Accuracy","Outmaneuver","Riddle With Holes","Dagger Throw","Terror","Wraith Form v2"],"MealTicket":0,"Turnip":[2],"obtain_stats":[{"Darkstone Periapt":9,"Ice Cream":26,"Regal Pillow":40,"Nilry\u0027s Codex":20,"Snake Skull":25,"Bag of Preparation":31,"Boot":6,"Old Coin":8,"ClockworkSouvenir":25,"Blood Vial":45,"Tough Bandages":24,"Ninja Scroll":12,"Pantograph":29,"MealTicket":34,"WingedGreaves":29,"Ring of the Snake":0,"Pear":42,"The Specimen":34,"Tingsha":25,"Orichalcum":30,"Question Card":43,"Medical Kit":53,"Mercury Hourglass":34,"Calling Bell":34,"SlaversCollar":17,"Shuriken":48,"Pandora\u0027s Box":0,"Turnip":54},{"Darkstone Periapt":5,"Ice Cream":13,"Regal Pillow":21,"Nilry\u0027s Codex":11,"Snake Skull":13,"Bag of Preparation":17,"Boot":4,"Old Coin":5,"ClockworkSouvenir":13,"Blood Vial":23,"Tough Bandages":13,"Ninja Scroll":7,"Pantograph":16,"MealTicket":18,"WingedGreaves":16,"Ring of the Snake":0,"Pear":22,"The Specimen":18,"Tingsha":13,"Orichalcum":17,"Question Card":22,"Medical Kit":27,"Mercury Hourglass":18,"Calling Bell":18,"SlaversCollar":9,"Shuriken":26,"Pandora\u0027s Box":0,"Turnip":28},{"Darkstone Periapt":20,"Ice Cream":57,"Regal Pillow":92,"Nilry\u0027s Codex":48,"Snake Skull":57,"Bag of Preparation":74,"Boot":15,"Old Coin":20,"ClockworkSouvenir":57,"Blood Vial":105,"Tough Bandages":57,"Ninja Scroll":30,"Pantograph":69,"MealTicket":79,"WingedGreaves":69,"Ring of the Snake":0,"Pear":99,"The Specimen":79,"Tingsha":57,"Orichalcum":74,"Question Card":99,"Medical Kit":130,"Mercury Hourglass":79,"Calling Bell":79,"SlaversCollar":40,"Shuriken":123,"Pandora\u0027s Box":0,"Turnip":136}]},"card_choices":[{"not_picked":["Terror","Prepared"],"picked":"Cloak And Dagger","floor":1},{"not_picked":["Slice","Choke"],"picked":"Crippling Poison","floor":2},{"not_picked":["Underhanded Strike","Deflect"],"picked":"Noxious Fumes","floor":4},{"not_picked":["PiercingWail","Masterful Stab"],"picked":"After Image","floor":6},{"not_picked":["Underhanded Strike","Slice"],"picked":"Noxious Fumes","floor":8},{"not_picked":["Distraction","Skewer"],"picked":"Dash","floor":10},{"not_picked":["Backstab","Poisoned Stab","Infinite Blades"],"picked":"SKIP","floor":12},{"not_picked":["Deflect","Outmaneuver"],"picked":"Catalyst","floor":14},{"not_picked":["Glass Knife","Burst"],"picked":"After Image","floor":16},{"not_picked":["Acrobatics","Choke","Eviscerate+1"],"picked":"SKIP","floor":18},{"not_picked":["Reflex","Cloak And Dagger","Outmaneuver"],"picked":"SKIP","floor":19},{"not_picked":["Underhanded Strike+1","Eviscerate","Sucker Punch"],"picked":"SKIP","floor":22},{"not_picked":["Flying Knee+1","Well Laid Plans"],"picked":"Catalyst+1","floor":24},{"not_picked":["Dodge and Roll","Catalyst"],"picked":"Tools of the Trade","floor":28},{"not_picked":["Endless Agony","Terror"],"picked":"Calculated Gamble","floor":29},{"not_picked":["Blur","Die Die Die"],"picked":"PiercingWail+1","floor":30},{"not_picked":["Acrobatics","Masterful Stab+1"],"picked":"Noxious Fumes","floor":35},{"not_picked":["Masterful Stab+1","Slice+1"],"picked":"Prepared","floor":37},{"not_picked":["Outmaneuver+1","Blade Dance+1"],"picked":"Footwork","floor":40},{"not_picked":["Blade Dance+1","Masterful Stab"],"picked":"Prepared+1","floor":42},{"not_picked":["Storm of Steel","Acrobatics","Terror"],"picked":"Flechettes+1","floor":45},{"not_picked":["Setup","Quick Slash+1","Prepared"],"picked":"Reflex","floor":46},{"not_picked":["Distraction","Prepared","Backstab+1","Blade Dance"],"picked":"SKIP","floor":47},{"not_picked":["Flying Knee","Sucker Punch+1","Envenom"],"picked":"Blade Dance","floor":48},{"not_picked":["Outmaneuver+1","Concentrate+1","Slice+1"],"picked":"Calculated Gamble","floor":54}],"player_experience":1078626,"relics_obtained":[{"floor":6,"key":"Boot"},{"floor":8,"key":"Old Coin"},{"floor":9,"key":"Darkstone Periapt"},{"floor":12,"key":"Ninja Scroll"},{"floor":20,"key":"Nilry\u0027s Codex"},{"floor":24,"key":"Tough Bandages"},{"floor":26,"key":"Ice Cream"},{"floor":29,"key":"WingedGreaves"},{"floor":29,"key":"Pantograph"},{"floor":30,"key":"Orichalcum"},{"floor":34,"key":"MealTicket"},{"floor":34,"key":"Mercury Hourglass"},{"floor":34,"key":"The Specimen"},{"floor":40,"key":"Regal Pillow"},{"floor":42,"key":"Pear"},{"floor":43,"key":"Question Card"},{"floor":45,"key":"Blood Vial"},{"floor":48,"key":"Shuriken"},{"floor":54,"key":"Turnip"}],"event_choices":[{"damage_healed":0,"gold_gain":0,"player_choice":"Entered Light","damage_taken":14,"max_hp_gain":0,"max_hp_loss":0,"event_name":"Shining Light","floor":3,"gold_loss":0,"cards_upgraded":["Quick Slash","Terror"]},{"cards_removed":["Wraith Form v2"],"damage_healed":15,"gold_gain":0,"player_choice":"Offered Rare","damage_taken":0,"max_hp_gain":10,"max_hp_loss":0,"event_name":"Bonfire Elementals","floor":5,"gold_loss":0},{"damage_healed":0,"gold_gain":0,"player_choice":"Obtained Book","damage_taken":16,"max_hp_gain":0,"max_hp_loss":0,"event_name":"Cursed Tome","floor":20,"gold_loss":0},{"cards_removed":["Riddle With Holes"],"damage_healed":0,"gold_gain":0,"player_choice":"Purged","damage_taken":0,"max_hp_gain":0,"max_hp_loss":0,"event_name":"Purifier","floor":21,"gold_loss":0},{"damage_healed":0,"gold_gain":0,"player_choice":"Fight","damage_taken":0,"max_hp_gain":0,"max_hp_loss":0,"event_name":"Colosseum","floor":29,"gold_loss":0},{"damage_healed":0,"gold_gain":0,"player_choice":"Fought Nobs","damage_taken":0,"max_hp_gain":0,"max_hp_loss":0,"event_name":"Colosseum","floor":29,"gold_loss":0},{"damage_healed":0,"gold_gain":0,"player_choice":"Obtained Relic","damage_taken":0,"relics_obtained":["Bag of Preparation"],"max_hp_gain":0,"max_hp_loss":0,"event_name":"Addict","floor":31,"gold_loss":85},{"damage_healed":0,"gold_gain":0,"player_choice":"2 cards matched","damage_taken":0,"max_hp_gain":0,"max_hp_loss":0,"event_name":"Match and Keep!","floor":36,"gold_loss":0,"cards_obtained":["After Image","Purity"]},{"damage_healed":0,"gold_gain":0,"player_choice":"Ignored","damage_taken":0,"max_hp_gain":0,"max_hp_loss":0,"event_name":"Tomb of Lord Red Mask","floor":38,"gold_loss":0},{"cards_removed":["Prepared"],"damage_healed":0,"gold_gain":0,"player_choice":"Removed Skill","damage_taken":0,"max_hp_gain":0,"max_hp_loss":0,"event_name":"Falling","floor":41,"gold_loss":0}],"is_beta":false,"boss_relics":[{"not_picked":["Empty Cage","Astrolabe"],"picked":"SlaversCollar"},{"not_picked":["HoveringKite","Black Star"],"picked":"Calling Bell"}],"items_purged_floors":[],"is_endless":false,"potions_floor_spawned":[2,4,8,10,16,19,22,28,29,29,30,35,46,48,54],"ascension_level":5}}