{"host":"JIN","time":1613876102,"event":{"mods":["BaseMod","Custom Start","DeckTracker","Hermit","Minty Spire (QoL Compilation)","Shop Mod","StSLib","SuperFastMode"],"gold_per_floor":[112,162,212,114,164,197,197,238,264,264,304,347,347,386,386,484,484,503,553,53,103,174,215,215,250,250,294,360,391,435,476,476,572,572,614,664,183,266,334,334,365,151,151,151,182,39,83,108,108,108,108,108,108,13,44,44],"floor_reached":57,"language":"KOR","playtime":2030,"items_purged":[],"score":4074,"play_id":"54702af1-b5b0-458f-a6df-5ac0c631cc15","local_time":"20210221115502","daily_mods":["Heirloom","Flight","DeadlyEvents","Elite Swarm"],"is_ascension_mode":true,"campfire_choices":[{"data":"Barricade","floor":7.0,"key":"SMITH"},{"data":"Dark Embrace","floor":10.0,"key":"SMITH"},{"data":"Evolve","floor":13.0,"key":"SMITH"},{"data":"Feel No Pain","floor":15.0,"key":"SMITH"},{"data":"Body Slam","floor":24.0,"key":"SMITH"},{"data":"Berserk","floor":32.0,"key":"SMITH"},{"data":"Madness","floor":40,"key":"SMITH"},{"data":"Madness","floor":44,"key":"SMITH"},{"data":"Juggernaut","floor":49,"key":"SMITH"},{"data":"Dark Embrace","floor":53,"key":"SMITH"}],"circlet_count":0,"master_deck":["Power Through+1","Power Through","Fire Breathing","Evolve+1","Dark Embrace+1","Feel No Pain+1","Second Wind","Wild Strike","Reckless Charge+1","True Grit","Shrug It Off","Apotheosis+1","Barricade+1","Berserk+1","Demon Form","Exhume+1","Reaper+1","Body Slam+1","Burning Pact","Offering","Juggernaut+1","Disarm","Dark Embrace+1","Madness+1","Madness+1","Entrench","Offering","Metallicize+1"],"relics":["Burning Blood","StoneCalendar","Black Star","Charon\u0027s Ashes","Omamori","Question Card","Prayer Wheel","Membership Card","The Courier","Smiling Mask","SsserpentHead","Golden Idol","Peace Pipe","Medical Kit","Du-Vu Doll","Happy Flower","Torii","Lizard Tail","Strawberry","Red Skull","Paper Frog","Turnip","Ginger","Matryoshka","SlaversCollar","Enchiridion","Bag of Marbles","Pantograph","Incense Burner","Unceasing Top","Pocketwatch","PreservedInsect","Champion Belt","Art of War","White Beast Statue","Smiling Mask","FossilizedHelix","Vajra","Mango","Eternal Feather","Darkstone Periapt","Lantern","Prayer Wheel","Gambling Chip","InkBottle","Calling Bell","CeramicFish","Gremlin Horn","Ice Cream","Bag of Preparation","Frozen Egg 2","Whetstone","MealTicket","Akabeko","Oddly Smooth Stone","Calipers","Pear","CaptainsWheel","Thread and Needle","Orichalcum","Blood Vial","War Paint","Toy Ornithopter","Nunchaku","Mercury Hourglass","Magic Flower","Pen Nib","Bird Faced Urn","Potion Belt","Dream Catcher","Singing Bowl","TheAbacus","Blue Candle","Kunai"],"acts_visited":["Exordium","TheCity","TheBeyond","TheEnding"],"potions_floor_usage":[56,56,56],"damage_taken":[{"damage":0.0,"enemies":"Jaw Worm","floor":1.0,"turns":3.0},{"damage":17.0,"enemies":"Gremlin Nob","floor":6.0,"turns":4.0},{"damage":0.0,"enemies":"Lagavulin","floor":8.0,"turns":5.0},{"damage":1.0,"enemies":"Gremlin Nob","floor":11.0,"turns":4.0},{"damage":0.0,"enemies":"Lagavulin","floor":12.0,"turns":5.0},{"damage":9.0,"enemies":"Gremlin Nob","floor":14.0,"turns":4.0},{"damage":16.0,"enemies":"The Guardian","floor":16.0,"turns":6.0},{"damage":0.0,"enemies":"Chosen","floor":18.0,"turns":3.0},{"damage":25.0,"enemies":"Shell Parasite","floor":22.0,"turns":4.0},{"damage":8.0,"enemies":"Book of Stabbing","floor":23.0,"turns":5.0},{"damage":3.0,"enemies":"Gremlin Leader","floor":25.0,"turns":4.0},{"damage":0.0,"enemies":"Slavers","floor":27.0,"turns":3.0},{"damage":6.0,"enemies":"Centurion and Healer","floor":28.0,"turns":5.0},{"damage":1.0,"enemies":"Book of Stabbing","floor":29.0,"turns":4.0},{"damage":0.0,"enemies":"Gremlin Leader","floor":30.0,"turns":3.0},{"damage":0.0,"enemies":"Slavers","floor":31.0,"turns":2.0},{"damage":6.0,"enemies":"Champ","floor":33.0,"turns":3.0},{"damage":7,"enemies":"Orb Walker","floor":35,"turns":2},{"damage":0,"enemies":"Reptomancer","floor":38,"turns":2},{"damage":8,"enemies":"Nemesis","floor":41,"turns":3},{"damage":0,"enemies":"Reptomancer","floor":45,"turns":2},{"damage":0,"enemies":"Giant Head","floor":47,"turns":3},{"damage":12,"enemies":"3 Darklings","floor":48,"turns":2},{"damage":0,"enemies":"Awakened One","floor":50,"turns":3},{"damage":6,"enemies":"Donu and Deca","floor":51,"turns":2},{"damage":6,"enemies":"Shield and Spear","floor":55,"turns":2},{"damage":6,"enemies":"The Heart","floor":56,"turns":6}],"seed_played":"8604948903139551577","potions_obtained":[{"floor":8.0,"key":"DistilledChaos"},{"floor":14.0,"key":"LiquidBronze"},{"floor":16.0,"key":"EssenceOfSteel"},{"floor":30.0,"key":"Strength Potion"},{"floor":35,"key":"PowerPotion"},{"floor":47,"key":"DistilledChaos"},{"floor":48,"key":"DuplicationPotion"},{"floor":55,"key":"Ancient Potion"}],"is_trial":true,"path_per_floor":["M","?","?","$","?","E","R","E","T","R","E","E","R","E","R","B",null,"M","?","$","?","M","E","R","E","T","E","M","E","E","E","R","B",null,"M","?","$","E","?","R","E","$","T","R","E","$","E","M","R","B","B",null,"R","$","E","B",null],"character_chosen":"IRONCLAD","items_purchased":["Medical Kit","Apotheosis","Strange Spoon","Bag of Marbles","Pantograph","Incense Burner","Unceasing Top","Bag of Preparation","Frozen Egg 2","Whetstone","MealTicket","Akabeko","Oddly Smooth Stone","Calipers","Blood Vial","War Paint","Toy Ornithopter","Entrench","Bird Faced Urn","Potion Belt","TheAbacus","Metallicize+1"],"campfire_rested":0,"item_purchase_floors":[4,4,20,20,20,20,20,37,37,37,37,37,37,37,42,42,42,42,46,46,54,54],"current_hp_per_floor":[74,69,69,69,69,58,58,64,71,71,76,82,82,79,79,69,79,82,61,61,61,42,44,44,47,47,81,96,96,96,96,96,96,96,95,95,95,106,87,102,101,106,106,106,106,106,106,106,106,106,106,106,106,106,108,108],"gold":44,"neow_bonus":"","is_daily":false,"chose_seed":false,"campfire_upgraded":10,"win_rate":0.0,"timestamp":1613876102,"path_taken":["M","?","?","?","?","E","R","E","T","R","E","E","R","E","R","BOSS","M","?","$","?","?","E","R","E","T","E","?","E","E","E","R","BOSS","M","?","?","?","?","R","E","$","T","R","E","?","E","M","R","BOSS","BOSS","R","$","E","BOSS"],"items_purchased_type":["Relic","Card","Relic","Relic","Relic","Relic","Relic","Relic","Relic","Relic","Relic","Relic","Relic","Relic","Relic","Relic","Relic","Card","Relic","Relic","Relic","Card"],"build_version":"2020-12-18","purchased_purges":0,"victory":true,"max_hp_per_floor":[75,75,75,75,75,75,75,75,82,82,82,82,82,82,82,82,82,82,82,82,82,82,82,82,82,82,96,96,96,96,96,96,96,96,96,96,96,106,106,106,106,106,106,106,106,106,106,106,106,106,106,106,106,106,108,108],"card_choices":[{"not_picked":["Cleave","Flame Barrier","Wild Strike"],"picked":"True Grit","floor":1.0},{"not_picked":["Havoc","Clash","Warcry"],"picked":"Shrug It Off","floor":1.0},{"not_picked":["Immolate","Brutality","Double Tap"],"picked":"Barricade","floor":6.0},{"not_picked":["Brutality","Barricade","Reaper"],"picked":"Berserk","floor":8.0},{"not_picked":["Feed","Double Tap","Impervious"],"picked":"Demon Form","floor":11.0},{"not_picked":["Feed","Barricade","Fiend Fire"],"picked":"Exhume","floor":12.0},{"not_picked":["Impervious","Barricade","Bludgeon"],"picked":"Reaper","floor":14.0},{"not_picked":["Dropkick","Flex","Clothesline"],"picked":"Body Slam","floor":18.0},{"not_picked":["Cleave+1","Twin Strike","Evolve","Whirlwind"],"picked":"SKIP","floor":18.0},{"not_picked":["Cleave","Warcry","Wild Strike"],"picked":"Burning Pact","floor":22.0},{"not_picked":["Thunderclap","Wild Strike","Clothesline","Barricade"],"picked":"SKIP","floor":22.0},{"not_picked":["Berserk","Double Tap","Fiend Fire","Brutality"],"picked":"SKIP","floor":23.0},{"not_picked":["Feed","Demon Form","Brutality"],"picked":"Offering","floor":25.0},{"not_picked":["Offering","Limit Break","Corruption","Double Tap"],"picked":"SKIP","floor":27.0},{"not_picked":["Battle Trance","Perfected Strike","Heavy Blade","Havoc+1"],"picked":"SKIP","floor":28.0},{"not_picked":["Clothesline","Thunderclap","Headbutt","Twin Strike"],"picked":"SKIP","floor":28.0},{"not_picked":["Fiend Fire","Immolate","Brutality"],"picked":"Juggernaut","floor":29.0},{"not_picked":["Corruption","Berserk","Double Tap","Offering"],"picked":"SKIP","floor":30.0},{"not_picked":["Exhume","Demon Form","Offering","Immolate"],"picked":"SKIP","floor":31.0},{"not_picked":["Perfected Strike","Clash","Rampage"],"picked":"Disarm","floor":35},{"not_picked":["Sword Boomerang","Twin Strike","Searing Blow"],"picked":"Dark Embrace","floor":35},{"not_picked":["Exhume","Brutality+1","Fiend Fire","Berserk+1"],"picked":"SKIP","floor":38},{"not_picked":["Exhume","Corruption+1","Demon Form+1","Immolate"],"picked":"SKIP","floor":41},{"not_picked":["Offering","Double Tap","Barricade+1","Brutality+1"],"picked":"SKIP","floor":45},{"not_picked":["Berserk+1","Double Tap","Limit Break"],"picked":"Offering","floor":47},{"not_picked":["Iron Wave+1","Inflame+1","Second Wind","Havoc"],"picked":"SKIP","floor":48},{"not_picked":["Anger","Spot Weakness","Headbutt","Wild Strike"],"picked":"SKIP","floor":48},{"not_picked":["Reaper","Offering","Limit Break","Barricade+1"],"picked":"Singing Bowl","floor":55}],"player_experience":1260609,"relics_obtained":[{"floor":6.0,"key":"Du-Vu Doll"},{"floor":6.0,"key":"Happy Flower"},{"floor":8.0,"key":"Torii"},{"floor":8.0,"key":"Lizard Tail"},{"floor":9.0,"key":"Strawberry"},{"floor":11.0,"key":"Red Skull"},{"floor":12.0,"key":"Paper Frog"},{"floor":12.0,"key":"Turnip"},{"floor":14.0,"key":"Ginger"},{"floor":14.0,"key":"Matryoshka"},{"floor":19.0,"key":"Enchiridion"},{"floor":23.0,"key":"PreservedInsect"},{"floor":23.0,"key":"Champion Belt"},{"floor":25.0,"key":"Art of War"},{"floor":25.0,"key":"White Beast Statue"},{"floor":26.0,"key":"Smiling Mask"},{"floor":26.0,"key":"FossilizedHelix"},{"floor":27.0,"key":"Vajra"},{"floor":27.0,"key":"Mango"},{"floor":29.0,"key":"Eternal Feather"},{"floor":29.0,"key":"Darkstone Periapt"},{"floor":30.0,"key":"Lantern"},{"floor":30.0,"key":"Prayer Wheel"},{"floor":31.0,"key":"Gambling Chip"},{"floor":31.0,"key":"InkBottle"},{"floor":34.0,"key":"CeramicFish"},{"floor":34.0,"key":"Gremlin Horn"},{"floor":34.0,"key":"Ice Cream"},{"floor":38,"key":"Pear"},{"floor":38,"key":"CaptainsWheel"},{"floor":41,"key":"Thread and Needle"},{"floor":41,"key":"Orichalcum"},{"floor":43,"key":"Nunchaku"},{"floor":43,"key":"Mercury Hourglass"},{"floor":45,"key":"Magic Flower"},{"floor":45,"key":"Pen Nib"},{"floor":47,"key":"Dream Catcher"},{"floor":47,"key":"Singing Bowl"},{"floor":55,"key":"Blue Candle"},{"floor":55,"key":"Kunai"}],"event_choices":[{"damage_healed":0.0,"max_hp_gain":0.0,"max_hp_loss":0.0,"gold_gain":0.0,"event_name":"Scrap Ooze","player_choice":"Success","floor":2.0,"gold_loss":0.0,"damage_taken":5.0,"relics_obtained":["Peace Pipe"]},{"damage_healed":0.0,"max_hp_gain":0.0,"max_hp_loss":0.0,"gold_gain":0.0,"event_name":"The Cleric","player_choice":"Leave","floor":3.0,"gold_loss":0.0,"damage_taken":0.0},{"damage_healed":0.0,"max_hp_gain":0.0,"max_hp_loss":0.0,"gold_gain":0.0,"event_name":"Upgrade Shrine","player_choice":"Upgraded","floor":5.0,"gold_loss":0.0,"damage_taken":0.0,"cards_upgraded":["Apotheosis"]},{"damage_healed":0.0,"max_hp_gain":0.0,"max_hp_loss":0.0,"gold_gain":0.0,"event_name":"Cursed Tome","player_choice":"Obtained Book","floor":19.0,"gold_loss":0.0,"damage_taken":21.0},{"damage_healed":0.0,"max_hp_gain":0.0,"max_hp_loss":0.0,"gold_gain":0.0,"event_name":"The Mausoleum","player_choice":"Opened","floor":21.0,"gold_loss":0.0,"damage_taken":0.0,"relics_obtained":["Pocketwatch"],"cards_obtained":["Writhe"]},{"cards_removed":["Reckless Charge"],"damage_healed":0,"gold_gain":0,"player_choice":"Removed Attack","damage_taken":0,"max_hp_gain":0,"max_hp_loss":0,"event_name":"Falling","floor":36,"gold_loss":0},{"damage_healed":0,"gold_gain":0,"player_choice":"Embrace Madness","damage_taken":19,"max_hp_gain":0,"max_hp_loss":0,"event_name":"Winding Halls","floor":39,"gold_loss":0,"cards_obtained":["Madness","Madness"]}],"is_beta":true,"boss_relics":[{"not_picked":["Empty Cage","Mark of Pain"],"picked":"SlaversCollar"},{"not_picked":["Astrolabe","SacredBark"],"picked":"Calling Bell"}],"items_purged_floors":[],"is_endless":false,"potions_floor_spawned":[8,14,16,18,22,27,28,29,30,31,33,35,38,41,45,47,48,55],"ascension_level":20}}