{"host":"as7albp2mcgkylj3","time":1613942487,"event":{"mods":["2.2 Compatiblity","AchievementEnabler","BaseMod","Colored Map","Downfall","Googly Eyes","Highlight Path","Minty Spire (QoL Compilation)","Replay The Spire","StSLib","SuperFastMode"],"gold_per_floor":[115,130,130,151,167,198,198,123,123,123,142,185,155,180,180,180,180],"floor_reached":16,"language":"ITA","playtime":534,"items_purged":["Strike_B"],"score":179,"play_id":"6185a404-54d3-4720-a58a-1d51d0941fcd","local_time":"20210221222127","is_ascension_mode":true,"campfire_choices":[{"floor":7,"key":"REST"},{"floor":10,"key":"REST"},{"floor":15,"key":"REST"}],"circlet_count":0,"master_deck":["AscendersBane","Strike_B","Strike_B","Strike_B","Defend_B","Defend_B","Defend_B","Defend_B","Zap","Dualcast","Cold Snap","Leap","Panic Button"],"relics":["Cracked Core","NeowsBlessing","Golden Idol","Letter Opener","StrikeDummy","Divine Protection"],"acts_visited":["Exordium"],"potions_floor_usage":[6,12,16],"damage_taken":[{"damage":0,"enemies":"Cultist","floor":1,"turns":1},{"damage":0,"enemies":"2 Louse","floor":2,"turns":1},{"damage":0,"enemies":"Small Slimes","floor":4,"turns":1},{"damage":20,"enemies":"3 Louse","floor":5,"turns":5},{"damage":46,"enemies":"Lagavulin","floor":6,"turns":7},{"damage":18,"enemies":"Lots of Slimes","floor":11,"turns":5},{"damage":19,"enemies":"3 Sentries","floor":12,"turns":8},{"damage":0,"enemies":"Red Slaver","floor":14,"turns":4},{"damage":27,"enemies":"Slime Boss","floor":16,"turns":11}],"seed_played":"8214777862090766991","potions_obtained":[{"floor":1,"key":"Explosive Potion"},{"floor":6,"key":"Elixir"},{"floor":12,"key":"ColorlessPotion"},{"floor":14,"key":"Dexterity Potion"}],"is_trial":false,"path_per_floor":["M","M","?","M","M","E","R","$","T","R","M","E","?","M","R_BF","B"],"character_chosen":"DEFECT","items_purchased":[],"campfire_rested":3,"item_purchase_floors":[],"current_hp_per_floor":[68,68,68,68,48,2,22,22,22,42,24,5,5,5,25,0,0],"gold":180,"neow_bonus":"THREE_ENEMY_KILL","is_daily":false,"chose_seed":false,"campfire_upgraded":0,"win_rate":0.0,"timestamp":1613942487,"path_taken":["M","?","?","M","M","E","R","$","T","R","M","E","?","M","R_BF","BOSS"],"items_purchased_type":[],"build_version":"2020-12-22","purchased_purges":1,"victory":false,"max_hp_per_floor":[75,75,69,69,69,69,69,69,69,69,69,69,69,69,69,69,69],"card_choices":[{"not_picked":["ReplayTheSpireMod:System Scan","Auto Shields","Leap"],"picked":"SKIP","floor":1},{"not_picked":["Turbo","Go for the Eyes","Ball Lightning"],"picked":"SKIP","floor":2},{"not_picked":["Doom and Gloom","Recycle","Hologram"],"picked":"SKIP","floor":4},{"not_picked":["Fission","BasicCrystalCard"],"picked":"Cold Snap","floor":5},{"not_picked":["Melter","Turbo","Echo Form"],"picked":"SKIP","floor":6},{"not_picked":["Rebound","ReplayTheSpireMod:Repulse","Sunder"],"picked":"SKIP","floor":11},{"not_picked":["Storm","ReplayTheSpireMod:GoodbyeWorld"],"picked":"Leap","floor":12},{"not_picked":["Barrage","Recycle"],"picked":"Panic Button","floor":14}],"player_experience":544125,"relics_obtained":[{"floor":6,"key":"Letter Opener"},{"floor":9,"key":"StrikeDummy"},{"floor":12,"key":"Divine Protection"}],"event_choices":[{"damage_healed":0,"gold_gain":0,"player_choice":"Lose Max HP","damage_taken":0,"relics_obtained":["Golden Idol"],"max_hp_gain":0,"max_hp_loss":6,"event_name":"Golden Idol","floor":3,"gold_loss":0},{"damage_healed":0,"gold_gain":0,"player_choice":"Left Gold","damage_taken":0,"max_hp_gain":0,"max_hp_loss":0,"event_name":"World of Goop","floor":13,"gold_loss":30}],"is_beta":false,"boss_relics":[],"items_purged_floors":[8],"is_endless":false,"potions_floor_spawned":[1,6,12,14],"killed_by":"Slime Boss","ascension_level":12}}