{"host":"u2qrfxkm3wve0vp3","time":1613919095,"event":{"mods":["AchievementEnabler","BaseMod","Better Match","Better Note","Better Third Choice","Better Vampires","Downfall","Minty Spire (QoL Compilation)","Quick Restart","Shop Mod","StSLib","The Cursed","The Marked","The Servant 0.9.4"],"gold_per_floor":[116,116,191,207,207,243,193,234,234,270,288,288,306,324,324,324,324],"floor_reached":16,"language":"ZHS","playtime":545,"items_purged":[],"score":152,"play_id":"9eb8ef61-9409-40c1-bde1-4dcadf11e89f","local_time":"20210221225135","is_ascension_mode":true,"campfire_choices":[{"data":"SurpressingFire","floor":12,"key":"SMITH"},{"data":"Luminosity","floor":15,"key":"SMITH"}],"circlet_count":0,"master_deck":["Strike_S+1","Strike_S","Strike_S","Strike_S","Defend_S","Defend_S","Defend_S","KidneyShot+1","Exchange","SurpressingFire+1","Moonlight","Ricochet","FastForward","Luminosity+1","Contraction"],"relics":["Uniform","NeowsBlessing","Golden Idol","WingedGreaves","Matryoshka","Whetstone","Meat on the Bone"],"acts_visited":["Exordium"],"potions_floor_usage":[],"damage_taken":[{"damage":0,"enemies":"Small Slimes","floor":1,"turns":1},{"damage":0,"enemies":"2 Louse","floor":4,"turns":1},{"damage":0,"enemies":"3 Sentries","floor":6,"turns":2},{"damage":4,"enemies":"Gremlin Nob","floor":8,"turns":4},{"damage":30,"enemies":"Lagavulin","floor":10,"turns":8},{"damage":6,"enemies":"Jaw Worm","floor":11,"turns":3},{"damage":0,"enemies":"Looter","floor":13,"turns":3},{"damage":7,"enemies":"Large Slime","floor":14,"turns":5},{"damage":36,"enemies":"Hexaghost","floor":16,"turns":16}],"seed_played":"-6938851556102046862","potions_obtained":[{"floor":4,"key":"Ancient Potion"},{"floor":10,"key":"Guardian:BlockOnCardUsePotion"},{"floor":13,"key":"Regen Potion"},{"floor":14,"key":"Explosive Potion"}],"is_trial":false,"path_per_floor":["M","?","?","M","?","E","?","E","T","E","M","R","M","M","R","B"],"character_chosen":"THE_SERVANT","items_purchased":[],"campfire_rested":0,"item_purchase_floors":[],"current_hp_per_floor":[65,49,38,38,59,59,59,55,55,25,31,31,43,36,36,0,0],"gold":324,"neow_bonus":"THREE_ENEMY_KILL","is_daily":false,"chose_seed":false,"campfire_upgraded":2,"win_rate":0.0,"timestamp":1613919095,"path_taken":["M","?","?","M","?","E","?","E","T","E","M","R","?","M","R","BOSS"],"items_purchased_type":[],"build_version":"2020-12-22","purchased_purges":0,"victory":false,"max_hp_per_floor":[65,65,65,65,65,65,65,65,65,65,65,65,65,65,65,65,65],"card_choices":[{"not_picked":["BottledTime","Replace","DoubleEdge"],"picked":"SKIP","floor":1},{"not_picked":["Luminosity","Desolation"],"picked":"SurpressingFire","floor":4},{"not_picked":["Revamp","Duplication"],"picked":"Moonlight","floor":6},{"not_picked":["TimeWarp","FastForward"],"picked":"Ricochet","floor":8},{"not_picked":["Defy","Spin","Starlight"],"picked":"SKIP","floor":10},{"not_picked":["Revamp","MoonPhase"],"picked":"FastForward","floor":11},{"not_picked":["Hightail","FastForward"],"picked":"Luminosity","floor":13},{"not_picked":["DualDimension","Rearm"],"picked":"Contraction","floor":14}],"player_experience":348826,"relics_obtained":[{"floor":6,"key":"WingedGreaves"},{"floor":8,"key":"Matryoshka"},{"floor":9,"key":"Whetstone"},{"floor":10,"key":"Meat on the Bone"}],"event_choices":[{"damage_healed":0,"gold_gain":0,"player_choice":"Take Damage","damage_taken":16,"relics_obtained":["Golden Idol"],"max_hp_gain":0,"max_hp_loss":0,"event_name":"Golden Idol","floor":2,"gold_loss":0},{"damage_healed":0,"gold_gain":75,"player_choice":"Gold","damage_taken":11,"max_hp_gain":0,"max_hp_loss":0,"event_name":"betterThird:BetterGoop","floor":3,"gold_loss":0},{"damage_healed":21,"gold_gain":0,"player_choice":"Banana","damage_taken":0,"max_hp_gain":0,"max_hp_loss":0,"event_name":"Big Fish","floor":5,"gold_loss":0},{"cards_removed":["Defend_S"],"damage_healed":0,"gold_gain":0,"player_choice":"Card Removal","damage_taken":0,"max_hp_gain":0,"max_hp_loss":0,"event_name":"The Cleric","floor":7,"gold_loss":50}],"is_beta":false,"boss_relics":[],"items_purged_floors":[],"is_endless":false,"potions_floor_spawned":[4,10,13,14],"killed_by":"Hexaghost","ascension_level":1}}