{"host":"lxu17chzujqn8whl","time":1613948833,"event":{"mods":["BaseMod","Minty Spire (QoL Compilation)","Relic Stats","StSLib"],"gold_per_floor":[113,137,312,325,345,371,391,421,473,473,473,489,489,1,1,99,99,118,134,147,165,183,211,230,230,230,258,258,277,277,289,289,385,385,402,448,448,460,470,503,20,54,54,54,69,69,69,95,95,95],"floor_reached":51,"language":"ENG","playtime":1388,"items_purged":[],"score":939,"play_id":"9a4a8d96-b516-4216-9646-26978c9d1961","local_time":"20210221150713","is_ascension_mode":false,"campfire_choices":[{"floor":11,"key":"REST"},{"floor":15,"key":"REST"},{"floor":30,"key":"REST"},{"data":"Venomology","floor":32,"key":"SMITH"},{"data":"Accuracy","floor":44,"key":"SMITH"},{"floor":46,"key":"REST"},{"floor":49,"key":"REST"}],"circlet_count":0,"master_deck":["Strike_G","Strike_G+1","Strike_G","Strike_G","Defend_G","Defend_G","Defend_G","Defend_G","Defend_G","Survivor","Neutralize","Sucker Punch","Cloak And Dagger","Dagger Spray","Terror+1","Flying Knee+1","Adrenaline","Blade Dance+1","Sadistic Nature","Die Die Die","All Out Attack+1","Flying Knee+1","Cloak And Dagger","Calculated Gamble+1","Venomology+1","Choke","Finisher","Dagger Spray+1","Malaise","Cloak And Dagger+1","Glass Knife","Accuracy+1","Predator+1","Envenom"],"relics":["Ring of the Snake","Akabeko","Girya","TungstenRod","Blood Vial","Vajra","Whetstone","Black Star","Blue Candle","Omamori","Gremlin Horn","Paper Crane","Ancient Tea Set","MutagenicStrength","Calling Bell","Oddly Smooth Stone","Meat on the Bone","Turnip","Ice Cream","Regal Pillow","War Paint","Chemical X","Potion Belt","Bag of Marbles","Art of War","Bottled Tornado","Strawberry","Shuriken"],"acts_visited":["Exordium","TheCity","TheBeyond"],"potions_floor_usage":[6,16,23,24,29,33,33,33,33,38,39,39,40,42,45,45,45,50,50],"damage_taken":[{"damage":1,"enemies":"Cultist","floor":1,"turns":4},{"damage":0,"enemies":"Small Slimes","floor":4,"turns":3},{"damage":0,"enemies":"Jaw Worm","floor":5,"turns":4},{"damage":21,"enemies":"3 Sentries","floor":6,"turns":7},{"damage":4,"enemies":"Exordium Thugs","floor":7,"turns":4},{"damage":38,"enemies":"Lagavulin","floor":8,"turns":7},{"damage":0,"enemies":"Looter","floor":12,"turns":2},{"damage":0,"enemies":"Slime Boss","floor":16,"turns":4},{"damage":9,"enemies":"Spheric Guardian","floor":18,"turns":3},{"damage":15,"enemies":"2 Thieves","floor":19,"turns":2},{"damage":0,"enemies":"3 Cultists","floor":20,"turns":3},{"damage":10,"enemies":"Snecko","floor":21,"turns":4},{"damage":3,"enemies":"Centurion and Healer","floor":22,"turns":4},{"damage":28,"enemies":"Book of Stabbing","floor":23,"turns":4},{"damage":8,"enemies":"Chosen and Byrds","floor":24,"turns":4},{"damage":9,"enemies":"Gremlin Leader","floor":27,"turns":3},{"damage":0,"enemies":"Snake Plant","floor":29,"turns":2},{"damage":0,"enemies":"3 Cultists","floor":31,"turns":3},{"damage":23,"enemies":"Champ","floor":33,"turns":7},{"damage":0,"enemies":"Orb Walker","floor":35,"turns":2},{"damage":39,"enemies":"2 Orb Walkers","floor":36,"turns":3},{"damage":4,"enemies":"3 Shapes","floor":38,"turns":2},{"damage":0,"enemies":"Jaw Worm Horde","floor":39,"turns":2},{"damage":0,"enemies":"Reptomancer","floor":40,"turns":4},{"damage":9,"enemies":"Nemesis","floor":42,"turns":7},{"damage":0,"enemies":"Writhing Mass","floor":45,"turns":1},{"damage":22,"enemies":"Giant Head","floor":48,"turns":8},{"damage":69,"enemies":"Donu and Deca","floor":50,"turns":6}],"seed_played":"899471025650819166","potions_obtained":[{"floor":4,"key":"SpeedPotion"},{"floor":12,"key":"ColorlessPotion"},{"floor":21,"key":"Poison Potion"},{"floor":22,"key":"Strength Potion"},{"floor":23,"key":"Block Potion"},{"floor":31,"key":"EntropicBrew"},{"floor":38,"key":"ColorlessPotion"},{"floor":40,"key":"CunningPotion"},{"floor":42,"key":"Dexterity Potion"}],"is_trial":false,"path_per_floor":["M","T","?","M","M","E","M","E","T","?","R","M","?","$","R","B",null,"M","M","M","M","M","E","M","?","T","E","?","M","R","M","R","B",null,"M","?","?","M","M","E","$","E","T","R","M","R","?","E","R","B",null],"character_chosen":"THE_SILENT","items_purchased":["Vajra","Whetstone","Sadistic Nature","Chemical X","Accuracy","Potion Belt","Energy Potion","GhostInAJar"],"campfire_rested":5,"item_purchase_floors":[14,14,14,41,41,41,41,41],"current_hp_per_floor":[76,76,76,76,76,55,51,13,13,13,36,38,32,32,55,57,77,68,55,57,49,48,22,16,41,41,34,34,36,59,61,61,40,77,77,50,50,48,50,52,52,45,45,45,47,77,73,58,80,23],"gold":95,"neow_bonus":"TEN_PERCENT_HP_BONUS","is_daily":false,"chose_seed":false,"campfire_upgraded":2,"win_rate":0.0,"timestamp":1613948833,"path_taken":["M","?","?","M","M","E","M","E","T","?","R","?","?","$","R","BOSS","M","M","M","M","M","E","M","?","T","E","?","M","R","M","R","BOSS","M","?","?","M","?","E","$","E","T","R","?","R","?","E","R","BOSS"],"items_purchased_type":["Relic","Relic","Card","Relic","Card","Relic","Potion","Potion"],"build_version":"2020-12-22","purchased_purges":0,"victory":true,"max_hp_per_floor":[77,77,77,77,77,77,77,77,77,77,77,77,77,77,77,77,77,77,77,77,77,77,77,77,77,77,77,77,77,77,77,77,77,77,77,77,77,77,77,77,77,77,77,77,77,77,73,80,80,80],"relic_stats":{"Regal Pillow":7,"Gremlin Horn":[15,15],"counters":[28,109],"Blue Candle":[0],"Whetstone":["Strike_G","Flying Knee"],"War Paint":["Terror","Blade Dance"],"Blood Vial":34,"Shuriken":[6],"Turnip":[0],"Black Star":5,"Art of War":[1],"Chemical X":[4],"obtain_stats":[{"Ice Cream":36,"Regal Pillow":40,"Gremlin Horn":26,"Vajra":14,"Whetstone":14,"Bottled Tornado":43,"Ancient Tea Set":27,"Blood Vial":9,"Strawberry":48,"Chemical X":41,"Ring of the Snake":0,"Potion Belt":41,"Girya":6,"Blue Candle":23,"Oddly Smooth Stone":34,"Omamori":23,"Paper Crane":27,"War Paint":40,"Akabeko":2,"Calling Bell":34,"Shuriken":48,"MutagenicStrength":28,"Turnip":34,"Black Star":17,"Bag of Marbles":42,"Art of War":42,"TungstenRod":8,"Meat on the Bone":34},{"Ice Cream":21,"Regal Pillow":24,"Gremlin Horn":15,"Vajra":7,"Whetstone":7,"Bottled Tornado":25,"Ancient Tea Set":16,"Blood Vial":6,"Strawberry":27,"Chemical X":24,"Ring of the Snake":0,"Potion Belt":24,"Girya":4,"Blue Candle":14,"Oddly Smooth Stone":19,"Omamori":14,"Paper Crane":16,"War Paint":24,"Akabeko":1,"Calling Bell":19,"Shuriken":27,"MutagenicStrength":16,"Turnip":19,"Black Star":8,"Bag of Marbles":25,"Art of War":25,"TungstenRod":6,"Meat on the Bone":19},{"Ice Cream":79,"Regal Pillow":87,"Gremlin Horn":59,"Vajra":31,"Whetstone":31,"Bottled Tornado":94,"Ancient Tea Set":62,"Blood Vial":29,"Strawberry":103,"Chemical X":87,"Ring of the Snake":0,"Potion Belt":87,"Girya":18,"Blue Candle":55,"Oddly Smooth Stone":74,"Omamori":55,"Paper Crane":62,"War Paint":87,"Akabeko":4,"Calling Bell":74,"Shuriken":103,"MutagenicStrength":62,"Turnip":74,"Black Star":35,"Bag of Marbles":94,"Art of War":94,"TungstenRod":29,"Meat on the Bone":74}],"TungstenRod":45,"Ring of the Snake":[56],"Meat on the Bone":24},"card_choices":[{"not_picked":["Prepared","Heel Hook"],"picked":"Sucker Punch","floor":1},{"not_picked":["Underhanded Strike","Caltrops"],"picked":"Cloak And Dagger","floor":4},{"not_picked":["Prepared","Noxious Fumes"],"picked":"Dagger Spray","floor":5},{"not_picked":["Infinite Blades","Setup"],"picked":"Terror","floor":6},{"not_picked":["Dagger Throw","Slice"],"picked":"Flying Knee","floor":7},{"not_picked":["Backflip","Blur"],"picked":"Adrenaline","floor":8},{"not_picked":["PiercingWail","Terror"],"picked":"Blade Dance","floor":12},{"not_picked":["Burst","After Image"],"picked":"Die Die Die","floor":16},{"not_picked":["Cloak And Dagger","Blade Dance+1"],"picked":"All Out Attack+1","floor":18},{"not_picked":["Dagger Spray","Poisoned Stab+1"],"picked":"Flying Knee+1","floor":19},{"not_picked":["PiercingWail","Backflip"],"picked":"Cloak And Dagger","floor":20},{"not_picked":["Blade Dance","Sucker Punch"],"picked":"Calculated Gamble+1","floor":21},{"not_picked":["Bane+1","Distraction"],"picked":"Venomology","floor":22},{"not_picked":["Quick Slash+1","Poisoned Stab"],"picked":"Choke","floor":23},{"not_picked":["Calculated Gamble","Deadly Poison","Skewer"],"picked":"SKIP","floor":24},{"not_picked":["Bane+1","Concentrate"],"picked":"Finisher","floor":27},{"not_picked":["Acrobatics","Prepared","Underhanded Strike"],"picked":"SKIP","floor":29},{"not_picked":["Expertise","Dagger Throw"],"picked":"Dagger Spray+1","floor":31},{"not_picked":["Night Terror","Venomology"],"picked":"Malaise","floor":33},{"not_picked":["Quick Slash+1","Eviscerate+1","Calculated Gamble+1"],"picked":"SKIP","floor":35},{"not_picked":["Noxious Fumes","Riddle With Holes+1","Eviscerate"],"picked":"SKIP","floor":38},{"not_picked":["Deadly Poison+1","Acrobatics+1"],"picked":"Cloak And Dagger+1","floor":39},{"not_picked":["Flying Knee","Acrobatics"],"picked":"Glass Knife","floor":40},{"not_picked":["Outmaneuver+1","Sucker Punch","Backflip"],"picked":"SKIP","floor":42},{"not_picked":["Deflect+1","Prepared+1"],"picked":"Predator+1","floor":45},{"not_picked":["Predator","Prepared"],"picked":"Envenom","floor":48}],"player_experience":725068,"relics_obtained":[{"floor":2,"key":"Akabeko"},{"floor":6,"key":"Girya"},{"floor":8,"key":"TungstenRod"},{"floor":9,"key":"Blood Vial"},{"floor":23,"key":"Blue Candle"},{"floor":23,"key":"Omamori"},{"floor":26,"key":"Gremlin Horn"},{"floor":27,"key":"Paper Crane"},{"floor":27,"key":"Ancient Tea Set"},{"floor":34,"key":"Oddly Smooth Stone"},{"floor":34,"key":"Meat on the Bone"},{"floor":34,"key":"Turnip"},{"floor":36,"key":"Ice Cream"},{"floor":40,"key":"Regal Pillow"},{"floor":40,"key":"War Paint"},{"floor":42,"key":"Bag of Marbles"},{"floor":42,"key":"Art of War"},{"floor":43,"key":"Bottled Tornado"},{"floor":48,"key":"Strawberry"},{"floor":48,"key":"Shuriken"}],"event_choices":[{"damage_healed":0,"gold_gain":175,"player_choice":"AGREE","damage_taken":0,"max_hp_gain":0,"max_hp_loss":0,"event_name":"Liars Game","floor":3,"gold_loss":0,"cards_obtained":["Doubt"]},{"cards_removed":["Strike_G"],"damage_healed":0,"gold_gain":0,"player_choice":"Card Removal","damage_taken":0,"max_hp_gain":0,"max_hp_loss":0,"event_name":"Wheel of Change","floor":10,"gold_loss":0},{"cards_removed":["Doubt"],"damage_healed":0,"gold_gain":0,"player_choice":"Card Removal","damage_taken":7,"max_hp_gain":0,"max_hp_loss":0,"event_name":"Golden Wing","floor":13,"gold_loss":0},{"damage_healed":25,"gold_gain":0,"player_choice":"Heal","damage_taken":0,"max_hp_gain":0,"max_hp_loss":0,"event_name":"The Library","floor":25,"gold_loss":0},{"damage_healed":0,"gold_gain":0,"player_choice":"Inject Mutagens","damage_taken":0,"relics_obtained":["MutagenicStrength"],"max_hp_gain":0,"max_hp_loss":0,"event_name":"Drug Dealer","floor":28,"gold_loss":0},{"damage_healed":0,"gold_gain":0,"player_choice":"Fight","damage_taken":0,"max_hp_gain":0,"max_hp_loss":0,"event_name":"Mysterious Sphere","floor":36,"gold_loss":0},{"damage_healed":0,"gold_gain":0,"player_choice":"Memory 1","damage_taken":0,"max_hp_gain":0,"max_hp_loss":0,"event_name":"SensoryStone","floor":37,"gold_loss":0},{"damage_healed":0,"gold_gain":0,"player_choice":"Max HP","damage_taken":0,"max_hp_gain":0,"max_hp_loss":4,"event_name":"Winding Halls","floor":47,"gold_loss":0}],"is_beta":false,"boss_relics":[{"not_picked":["Cursed Key","Tiny House"],"picked":"Black Star"},{"not_picked":["Coffee Dripper","Fusion Hammer"],"picked":"Calling Bell"}],"items_purged_floors":[],"is_endless":false,"potions_floor_spawned":[4,12,21,22,23,27,31,38,40,42],"ascension_level":0}}