{"host":"lg1piimdyocafd6j","time":1613913973,"event":{"mods":["AchievementEnabler","BaseMod","Better Third Choice","BetterRewards","Colored Map","Colored Powertips","Downfall","Minty Spire (QoL Compilation)","Quick Restart","Rare Cards Sparkle","Remove Card Discount Mod","Shop Mod","StSLib","SuperFastMode"],"gold_per_floor":[119,131,74,149,149,149,179,190,216,245,245,262,262,282,282,385,385,397,397,397,228,328,328,341,339,339,351,351,367,173,97,97,198,198,208,193,212,222,222,222,222,222,222,222,256,271,271,271,271,271,271,271,135,170,170,170],"floor_reached":55,"language":"ENG","playtime":2543,"items_purged":["Strike_B","Defend_B","Defend_B","Defend_B","Dualcast","Strike_B","Strike_B","Strike_B","Defend_B","Double Energy","Tempest","Zap","Madness","Finesse","Madness","Self Repair","Self Repair"],"score":701,"play_id":"9940906f-962b-4cf3-88f0-0095ad0cb2cf","local_time":"20210221142613","is_ascension_mode":false,"campfire_choices":[{"floor":6,"key":"RECALL"},{"data":"Redo","floor":11,"key":"SMITH"},{"floor":15,"key":"REST"},{"data":"Static Discharge","floor":23,"key":"SMITH"},{"data":"Redo","floor":28,"key":"SMITH"},{"data":"Redo","floor":32,"key":"SMITH"},{"data":"Static Discharge","floor":40,"key":"SMITH"},{"data":"Defragment","floor":42,"key":"SMITH"},{"data":"Defragment","floor":44,"key":"SMITH"},{"floor":47,"key":"REST"},{"data":"Static Discharge","floor":49,"key":"SMITH"},{"data":"Conserve Battery","floor":52,"key":"SMITH"}],"circlet_count":0,"master_deck":["Conserve Battery","Conserve Battery","Redo+1","Conserve Battery","Redo+1","Defragment+1","Defragment+1","Defragment+1","Conserve Battery+1","Loop","Thunder Strike+1","Static Discharge+1","Lockon+1","Redo+1","Static Discharge+1","Redo+1","Ball Lightning","Loop","Static Discharge+1"],"relics":["Cracked Core","Membership Card","Lantern","Pen Nib","Gambling Chip","Sozu","Gremlin Horn","WingedGreaves","InkBottle","Whetstone","Regal Pillow","Orrery","Runic Pyramid","Pantograph","Emotion Chip","HornCleat","Oddly Smooth Stone"],"acts_visited":["Exordium","TheCity","TheBeyond","TheEnding"],"potions_floor_usage":[50,50,54],"damage_taken":[{"damage":4,"enemies":"Jaw Worm","floor":1,"turns":3},{"damage":0,"enemies":"Small Slimes","floor":2,"turns":3},{"damage":17,"enemies":"3 Sentries","floor":7,"turns":7},{"damage":0,"enemies":"2 Louse","floor":8,"turns":3},{"damage":9,"enemies":"Gremlin Nob","floor":10,"turns":4},{"damage":0,"enemies":"Lots of Slimes","floor":12,"turns":4},{"damage":0,"enemies":"2 Fungi Beasts","floor":14,"turns":3},{"damage":2,"enemies":"Slime Boss","floor":16,"turns":7},{"damage":3,"enemies":"Spheric Guardian","floor":18,"turns":3},{"damage":0,"enemies":"Chosen","floor":24,"turns":3},{"damage":1,"enemies":"Snecko","floor":27,"turns":3},{"damage":6,"enemies":"Snake Plant","floor":29,"turns":2},{"damage":15,"enemies":"Automaton","floor":33,"turns":6},{"damage":18,"enemies":"Orb Walker","floor":35,"turns":2},{"damage":6,"enemies":"3 Darklings","floor":37,"turns":4},{"damage":8,"enemies":"Sphere and 2 Shapes","floor":38,"turns":3},{"damage":33,"enemies":"Giant Head","floor":45,"turns":5},{"damage":14,"enemies":"Spire Growth","floor":46,"turns":3},{"damage":66,"enemies":"Awakened One","floor":50,"turns":5},{"damage":28,"enemies":"Shield and Spear","floor":54,"turns":3},{"damage":77,"enemies":"The Heart","floor":55,"turns":3}],"seed_played":"-275186119292343693","potions_obtained":[{"floor":10,"key":"SkillPotion"},{"floor":12,"key":"AttackPotion"},{"floor":14,"key":"SneckoOil"}],"is_trial":false,"path_per_floor":["M","M","$","?","?","R","E","M","T","E","R","M","?","M","R","B",null,"M","?","T","$","?","R","M","$","T","M","R","M","$","$","R","B",null,"M","$","M","M","?","R","?","R","T","R","E","M","R","?","R","B",null,"R","$","E","B"],"character_chosen":"DEFECT","items_purchased":["Membership Card","Conserve Battery","Conserve Battery","Redo","Conserve Battery","Lantern","Redo","Defragment","Double Energy","Defragment","Conserve Battery","Static Discharge","WingedGreaves","Redo","Static Discharge","Whetstone","Regal Pillow","Orrery","Ball Lightning","HornCleat"],"campfire_rested":2,"item_purchase_floors":[0,0,0,0,0,0,0,0,0,3,3,21,21,30,30,30,30,31,36,53],"current_hp_per_floor":[71,71,71,60,65,65,48,48,48,39,39,39,39,39,63,61,80,77,77,77,77,77,77,77,77,77,76,76,70,70,70,70,69,80,69,69,77,76,66,66,66,66,66,66,47,40,79,79,79,28,80,80,80,52,0,0],"gold":170,"neow_bonus":"","is_daily":false,"chose_seed":false,"campfire_upgraded":9,"win_rate":0.0,"timestamp":1613913973,"path_taken":["M","M","$","?","?","R","E","M","T","E","R","M","?","?","R","BOSS","M","?","?","$","?","R","?","$","T","?","R","M","?","$","R","BOSS","M","$","?","M","?","R","?","R","T","R","E","M","R","?","R","BOSS","R","$","E","BOSS"],"items_purchased_type":["Relic","Card","Card","Card","Card","Relic","Card","Card","Card","Card","Card","Card","Relic","Card","Card","Relic","Relic","Relic","Card","Relic"],"build_version":"2020-12-22","purchased_purges":17,"victory":false,"max_hp_per_floor":[75,75,75,75,80,80,80,80,80,80,80,80,80,80,80,80,80,80,80,80,80,80,80,80,80,80,80,80,80,80,80,80,80,80,80,80,80,80,80,80,80,80,80,80,80,80,80,80,80,80,80,80,80,80,80,80],"card_choices":[{"not_picked":["Stack","FTL","Coolheaded"],"picked":"SKIP","floor":1},{"not_picked":["Go for the Eyes","Compile Driver"],"picked":"Defragment","floor":2},{"not_picked":["Turbo","Recycle","Hello World"],"picked":"SKIP","floor":7},{"not_picked":["Hologram","Turbo"],"picked":"Loop","floor":8},{"not_picked":["Fusion","Hello World"],"picked":"Tempest","floor":10},{"not_picked":["Steam","Steam Power","Barrage"],"picked":"SKIP","floor":12},{"not_picked":["Genetic Algorithm","Beam Cell","Gash"],"picked":"SKIP","floor":14},{"not_picked":["Echo Form","Reboot"],"picked":"Thunder Strike","floor":16},{"not_picked":["Streamline","Cold Snap","Rebound"],"picked":"SKIP","floor":18},{"not_picked":["Coolheaded","Undo","Turbo"],"picked":"SKIP","floor":24},{"not_picked":["Glacier","Fusion"],"picked":"Lockon","floor":27},{"not_picked":["Gash","Reprogram"],"picked":"Self Repair","floor":29},{"not_picked":["Streamline+1","Stack"],"picked":"Redo+1","floor":31},{"not_picked":["Beam Cell","Stack"],"picked":"Self Repair","floor":31},{"not_picked":["Tempest","Beam Cell+1"],"picked":"Reinforced Body+1","floor":35},{"not_picked":["Aggregate+1","Leap+1"],"picked":"Loop","floor":37},{"not_picked":["Compile Driver+1","Sweeping Beam"],"picked":"Static Discharge","floor":38},{"not_picked":["Jack Of All Trades","Madness"],"picked":"Finesse","floor":41},{"not_picked":["Auto Shields+1","Sweeping Beam","Stack"],"picked":"SKIP","floor":45},{"not_picked":["Stack","Tempest+1","Cold Snap"],"picked":"SKIP","floor":46},{"not_picked":["Fission","Gash","Auto Shields"],"picked":"SKIP","floor":54}],"player_experience":173921,"relics_obtained":[{"floor":7,"key":"Pen Nib"},{"floor":10,"key":"Gambling Chip"},{"floor":20,"key":"Gremlin Horn"},{"floor":26,"key":"InkBottle"},{"floor":43,"key":"Pantograph"},{"floor":45,"key":"Emotion Chip"},{"floor":54,"key":"Oddly Smooth Stone"}],"event_choices":[{"damage_healed":0,"gold_gain":75,"player_choice":"Gold","damage_taken":11,"max_hp_gain":0,"max_hp_loss":0,"event_name":"betterThird:BetterGoop","floor":4,"gold_loss":0},{"damage_healed":0,"gold_gain":0,"player_choice":"Donut","damage_taken":0,"max_hp_gain":5,"max_hp_loss":0,"event_name":"Big Fish","floor":5,"gold_loss":0},{"damage_healed":0,"gold_gain":0,"player_choice":"Forge","damage_taken":0,"max_hp_gain":0,"max_hp_loss":0,"event_name":"Accursed Blacksmith","floor":13,"gold_loss":0,"cards_upgraded":["Defragment"]},{"damage_healed":0,"gold_gain":100,"player_choice":"Pray","damage_taken":0,"max_hp_gain":0,"max_hp_loss":0,"event_name":"Golden Shrine","floor":22,"gold_loss":0},{"damage_healed":0,"gold_gain":0,"player_choice":"Embrace Madness","damage_taken":10,"max_hp_gain":0,"max_hp_loss":0,"event_name":"Winding Halls","floor":39,"gold_loss":0,"cards_obtained":["Madness","Madness"]},{"damage_healed":0,"gold_gain":0,"player_choice":"Memory 1","damage_taken":0,"max_hp_gain":0,"max_hp_loss":0,"event_name":"SensoryStone","floor":41,"gold_loss":0},{"cards_removed":["Reinforced Body"],"damage_healed":0,"gold_gain":0,"player_choice":"Removed Skill","damage_taken":0,"max_hp_gain":0,"max_hp_loss":0,"event_name":"Falling","floor":48,"gold_loss":0}],"is_beta":false,"boss_relics":[{"not_picked":["SacredBark","Philosopher\u0027s Stone"],"picked":"Sozu"},{"not_picked":["Empty Cage","Snecko Eye"],"picked":"Runic Pyramid"}],"items_purged_floors":[0,0,0,0,0,0,0,0,3,3,25,36,53,53,53,53,53],"is_endless":false,"potions_floor_spawned":[2,10,12,14,27,29,33,38,46],"killed_by":"The Heart","ascension_level":0}}