{"host":"ndpbn7fqb3wjbd7p","time":1613876286,"event":{"mods":["AchievementEnabler","Act Like it!","AlwaysNeverKeys","BaseMod","Better Vampires","Block Reminder","Colored Powertips","DeckTracker","Defuse TimeMaze Blight","Friendly Minions","Highlight Path","MarisaÅiñ∂âJÅ@ñÇóùçπÅj","Minty Spire (QoL Compilation)","Permanent Neow","StSLib","SuperFastMode","Synergy Search","Unceasing Turn Reminder","Wandering Minibosses"],"gold_per_floor":[133,211,270,306,106,157,157,226,251,327,389,389,453,465,477,596,608,721,742,754,817,428,428,428,428],"floor_reached":24,"language":"ENG","playtime":1379,"items_purged":["Strike_P","Eruption"],"score":289,"play_id":"8dd6b1bf-f507-420e-ae44-302648a5cd4e","local_time":"20210221035806","is_ascension_mode":true,"campfire_choices":[{"data":"HandOfGreed","floor":7,"key":"SMITH"},{"floor":15,"key":"REST"},{"data":"RitualDagger","floor":23,"key":"SMITH"}],"circlet_count":0,"master_deck":["Strike_P","Strike_P","Strike_P","Defend_P","Defend_P","Defend_P","Defend_P","Vigilance","HandOfGreed+1","Meditate","Prostrate","Pray","EmptyMind","Panacea","TalkToTheHand","Prostrate","Prostrate","Weave","FollowUp","Brilliance","Wireheading","RitualDagger+1","Nirvana+1"],"relics":["HolyWater","Ornamental Fan","Turnip","CeramicFish","Bag of Marbles","MawBank","Melange","Bag of Preparation"],"acts_visited":["Exordium","TheCity"],"potions_floor_usage":[6,6,13,16],"damage_taken":[{"damage":0,"enemies":"Cultist","floor":1,"turns":2},{"damage":4,"enemies":"2 Louse","floor":3,"turns":3},{"damage":0,"enemies":"Jaw Worm","floor":4,"turns":1},{"damage":0,"enemies":"Gremlin Nob","floor":6,"turns":2},{"damage":10,"enemies":"Exordium Wildlife","floor":8,"turns":6},{"damage":13,"enemies":"Large Slime","floor":10,"turns":8},{"damage":10,"enemies":"Lagavulin","floor":11,"turns":5},{"damage":0,"enemies":"Blue Slaver","floor":13,"turns":3},{"damage":6,"enemies":"Hexaghost","floor":16,"turns":9},{"damage":29,"enemies":"3 Byrds","floor":18,"turns":8},{"damage":13,"enemies":"2 Thieves","floor":21,"turns":3},{"damage":10,"enemies":"Snecko","floor":24,"turns":3}],"seed_played":"3848787869762066580","potions_obtained":[{"floor":1,"key":"SneckoOil"},{"floor":3,"key":"SpeedPotion"},{"floor":4,"key":"PowerPotion"},{"floor":8,"key":"PowerPotion"}],"is_trial":false,"path_per_floor":["M","T","M","M","$","E","R","M","T","M","E","?","M","?","R","B",null,"M","?","?","M","$","R","M"],"character_chosen":"WATCHER","items_purchased":["EmptyMind","Panacea","Melange","Bag of Preparation"],"campfire_rested":1,"item_purchase_floors":[5,5,22,22],"current_hp_per_floor":[65,65,61,61,61,61,61,51,51,38,28,3,3,3,22,16,53,24,18,18,5,5,5,0,0],"gold":428,"neow_bonus":"RANDOM_COLORLESS_2","is_daily":false,"chose_seed":false,"campfire_upgraded":2,"win_rate":0.0,"timestamp":1613876286,"path_taken":["M","?","?","M","$","E","R","M","T","M","E","?","M","?","R","BOSS","M","?","?","M","$","R","M"],"items_purchased_type":["Card","Card","Relic","Relic"],"build_version":"2020-12-22","purchased_purges":2,"victory":false,"max_hp_per_floor":[65,65,65,65,65,65,65,65,65,65,65,65,65,65,65,65,65,65,65,65,65,65,65,65,65],"card_choices":[{"not_picked":["Violence","Thinking Ahead"],"picked":"HandOfGreed","floor":0},{"not_picked":["CutThroughFate","WreathOfFlame"],"picked":"Meditate","floor":1},{"not_picked":["SashWhip","BowlingBash"],"picked":"Prostrate","floor":3},{"not_picked":["Vengeance","FollowUp"],"picked":"Pray","floor":4},{"not_picked":["WheelKick","FollowUp"],"picked":"TalkToTheHand","floor":6},{"not_picked":["Collect","Blasphemy"],"picked":"Prostrate","floor":8},{"not_picked":["PathToVictory","BowlingBash"],"picked":"Prostrate","floor":10},{"not_picked":["EmptyFist","FlyingSleeves"],"picked":"Weave","floor":11},{"not_picked":["BowlingBash","CrushJoints"],"picked":"FollowUp","floor":13},{"not_picked":["Ragnarok","DeusExMachina"],"picked":"Brilliance","floor":16},{"not_picked":["ForeignInfluence+1","EmptyBody"],"picked":"Wireheading","floor":18},{"not_picked":["Halt","FearNoEvil"],"picked":"Nirvana+1","floor":21}],"player_experience":1203961,"relics_obtained":[{"floor":2,"key":"Ornamental Fan"},{"floor":6,"key":"Turnip"},{"floor":9,"key":"CeramicFish"},{"floor":11,"key":"Bag of Marbles"}],"event_choices":[{"damage_healed":0,"gold_gain":0,"player_choice":"Success","damage_taken":25,"relics_obtained":["MawBank"],"max_hp_gain":0,"max_hp_loss":0,"event_name":"Scrap Ooze","floor":12,"gold_loss":0},{"damage_healed":0,"gold_gain":0,"player_choice":"Ignored","damage_taken":0,"max_hp_gain":0,"max_hp_loss":0,"event_name":"Shining Light","floor":14,"gold_loss":0},{"damage_healed":0,"gold_gain":0,"player_choice":"Joined the Cult","damage_taken":6,"max_hp_gain":0,"max_hp_loss":0,"event_name":"Nest","floor":19,"gold_loss":0,"cards_obtained":["RitualDagger"]},{"damage_healed":0,"gold_gain":0,"player_choice":"Ignored","damage_taken":0,"max_hp_gain":0,"max_hp_loss":0,"event_name":"The Mausoleum","floor":20,"gold_loss":0}],"is_beta":false,"boss_relics":[{"not_picked":["Calling Bell","Black Star"],"picked":"HolyWater"}],"items_purged_floors":[5,22],"is_endless":false,"potions_floor_spawned":[1,3,4,8],"killed_by":"Snecko","ascension_level":5}}