{"host":"mhzgc0zma59jtmoj","time":1613926546,"event":{"mods":["BaseMod","BetterRewards","Custom Start","Glutton Mod","Ironclad Rager","Minty Spire (QoL Compilation)","Replay The Spire","Somnambulant","StSLib","The Cursed","The Hierophant","The Jungle","Treasure Hunter"],"gold_per_floor":[10,27,27,27,27,61,61,61,133,163,176,203,276,311,311,410,410,292,292,67,86,11,11,26,26,51,69,79,79,79],"floor_reached":29,"language":"ENG","playtime":1512,"items_purged":["CommonCold"],"score":331,"play_id":"df10a1f6-8c74-4aa3-9bde-352dadc91ec4","local_time":"20210221115546","is_ascension_mode":true,"campfire_choices":[{"data":"Dualcast","floor":8.0,"key":"SMITH"},{"data":"ReplayTheSpireMod:Fabricate Wheel","floor":15.0,"key":"SMITH"},{"data":"ReplayTheSpireMod:Fabricate Wheel","floor":23.0,"key":"SMITH"},{"floor":25.0,"key":"REST"}],"circlet_count":0,"master_deck":["Ball Lightning","Cold Snap","Cold Snap","Leap","Leap","Leap","Blizzard","ReplayRNGCard","Echo Form","Defragment+1","ICR:ChainLightning","Echo Form","Defragment","Buffer","ReplayTheSpireMod:Calculation Training+1","Capacitor"],"relics":["Cracked Core","Replay:Bottled Flurry","Symbiotic Virus","White Beast Statue","Art of War","Question Card","ReplayFunnel","Prayer Wheel","Kintsugi","DollysMirror","Prayer Wheel","Prayer Wheel","Prayer Wheel"],"acts_visited":["Exordium","TheCity"],"potions_floor_usage":[29,29],"damage_taken":[{"damage":0.0,"enemies":"Cultist","floor":1.0,"turns":3.0},{"damage":0.0,"enemies":"2 Louse","floor":2.0,"turns":2.0},{"damage":5.0,"enemies":"3 Sentries","floor":6.0,"turns":10.0},{"damage":0.0,"enemies":"Lagavulin","floor":10.0,"turns":5.0},{"damage":3.0,"enemies":"Jaw Worm","floor":11.0,"turns":2.0},{"damage":2.0,"enemies":"Gremlin Nob","floor":12.0,"turns":3.0},{"damage":0.0,"enemies":"3 Sentries","floor":14.0,"turns":4.0},{"damage":9.0,"enemies":"Hexaghost","floor":16.0,"turns":12.0},{"damage":7.0,"enemies":"2 Thieves","floor":18.0,"turns":4.0},{"damage":13.0,"enemies":"Spheric Guardian","floor":21.0,"turns":5.0},{"damage":21.0,"enemies":"Centurion and Healer","floor":24.0,"turns":8.0},{"damage":16.0,"enemies":"Snake Plant","floor":27.0,"turns":5.0},{"damage":19.0,"enemies":"Cultist and Chosen","floor":28.0,"turns":7.0},{"damage":15,"enemies":"Shelled Parasite and Fungi","floor":29,"turns":2}],"seed_played":"-3293279512112112496","potions_obtained":[{"floor":11.0,"key":"FearPotion"},{"floor":12.0,"key":"Milkshake"},{"floor":14.0,"key":"SkillPotion"},{"floor":16.0,"key":"EssenceOfDarkness"},{"floor":21.0,"key":"Elixir"},{"floor":24.0,"key":"Block Potion"},{"floor":28.0,"key":"Block Potion"}],"is_trial":false,"path_per_floor":["M","M","?","?","$","E","?","R","T","E","M","E","T","E","R","B",null,"M","?","$","M","?","R","M","R","T","M","M","M"],"character_chosen":"DEFECT","items_purchased":["DollysMirror"],"campfire_rested":1,"item_purchase_floors":[20],"current_hp_per_floor":[50,50,43,48,48,43,73,73,73,73,70,68,68,68,68,59,73,66,53,53,40,40,40,19,42,42,26,7,0,0],"gold":79,"neow_bonus":"DEFECT_STORMLORD","is_daily":false,"chose_seed":false,"campfire_upgraded":3,"win_rate":0.0,"timestamp":1613926546,"path_taken":["M","?","?","?","$","E","?","R","T","E","?","E","?","E","R","BOSS","M","?","$","M","?","R","M","R","T","M","M","M"],"items_purchased_type":["Relic"],"build_version":"2020-12-22","purchased_purges":1,"victory":false,"max_hp_per_floor":[68,68,68,73,73,73,73,73,73,73,73,73,73,73,73,73,73,73,78,78,78,78,78,78,78,78,78,78,78,78],"card_choices":[{"not_picked":["Coolheaded","Barrage","Redo"],"picked":"SKIP","floor":1.0},{"not_picked":["Rebound","Turbo","Undo"],"picked":"SKIP","floor":2.0},{"not_picked":["Panic Button","Turbo"],"picked":"Blizzard","floor":6.0},{"not_picked":["TH:ElvenBoots","TH:BikiniMail"],"picked":"SKIP","floor":6.0},{"not_picked":["TH:PixieDust","TH:CopperCoins"],"picked":"SKIP","floor":9.0},{"not_picked":["Fission","Panic Button"],"picked":"Cold Snap","floor":10.0},{"not_picked":["TH:DeckOfManyThings","TH:CursedSword"],"picked":"SKIP","floor":10.0},{"not_picked":["Gash","BasicCrystalCard","Recycle"],"picked":"SKIP","floor":11.0},{"not_picked":["TH:PixieDust","TH:CursedSword"],"picked":"SKIP","floor":12.0},{"not_picked":["ReplaySolidLightProjector","Conserve Battery","Undo"],"picked":"SKIP","floor":12.0},{"not_picked":["TH:BikiniMail","TH:PixieDust"],"picked":"SKIP","floor":13.0},{"not_picked":["Redo","Tempest","Sweeping Beam"],"picked":"ReplayTheSpireMod:Fabricate Wheel","floor":14.0},{"not_picked":["TH:BikiniMail","TH:ElvenBoots","TH:CopperCoins"],"picked":"SKIP","floor":14.0},{"not_picked":["All For One","Thunder Strike","Mirror Shield"],"picked":"Echo Form","floor":16.0},{"not_picked":["BasicCrystalCard","Hologram+1","Panic Button"],"picked":"Defragment+1","floor":18.0},{"not_picked":["Storm","Leap+1","Darkness"],"picked":"ICR:ChainLightning","floor":18.0},{"not_picked":["Blizzard","Streamline","Darkness"],"picked":"ReplayTheSpireMod:Fabricate Wheel","floor":21.0},{"not_picked":["Leap","Cold Snap","ICR:ChainLightning"],"picked":"Defragment","floor":21.0},{"not_picked":["Streamline","ReplayTheSpireMod:System Scan","Leap+1"],"picked":"Buffer","floor":24.0},{"not_picked":["Turbo","Aggregate+1","Storm+1"],"picked":"ReplayTheSpireMod:Calculation Training+1","floor":24.0},{"not_picked":["Hologram","Barrage","Static Discharge","Turbo"],"picked":"SKIP","floor":24.0},{"not_picked":["ReplayGash","Compile Driver","Melter+1","Leap"],"picked":"SKIP","floor":24.0},{"not_picked":["TH:BikiniMail","TH:TreasureMap","TH:EnergyPotion"],"picked":"SKIP","floor":26.0},{"not_picked":["Gash+1","ReplayTheSpireMod:Calculation Training","Cold Snap+1","Force Field+1"],"picked":"SKIP","floor":27.0},{"not_picked":["Meteor Strike","Doom and Gloom+1","Coolheaded","Leap+1"],"picked":"SKIP","floor":27.0},{"not_picked":["ReplaySort","Steam","Coolheaded","Blizzard"],"picked":"SKIP","floor":27.0},{"not_picked":["Ball Lightning+1","Crystallizer","Mirror Shield","Cold Snap"],"picked":"SKIP","floor":27.0},{"not_picked":["Go for the Eyes","Stack","ReplaySort","Heatsinks"],"picked":"SKIP","floor":27.0},{"not_picked":["White Noise+1","Panic Button","Leap"],"picked":"Capacitor","floor":28.0},{"not_picked":["Conserve Battery+1","Cold Snap+1","ReplaySolidLightProjector+1","Turbo"],"picked":"SKIP","floor":28.0},{"not_picked":["Steam","ReplayTheSpireMod:System Scan","Time Bomb","Sweeping Beam"],"picked":"SKIP","floor":28.0},{"not_picked":["Conserve Battery","Sweeping Beam","Seek","Hologram"],"picked":"SKIP","floor":28.0},{"not_picked":["Hello World","Hologram","Aggregate","ReplayTheSpireMod:Reroute Power+1"],"picked":"SKIP","floor":28.0}],"player_experience":311674,"relics_obtained":[{"floor":6.0,"key":"Replay:Bottled Flurry"},{"floor":9.0,"key":"Symbiotic Virus"},{"floor":10.0,"key":"White Beast Statue"},{"floor":12.0,"key":"Art of War"},{"floor":13.0,"key":"Question Card"},{"floor":14.0,"key":"ReplayFunnel"}],"event_choices":[{"cards_removed":["Zap"],"damage_healed":0.0,"max_hp_gain":0.0,"max_hp_loss":0.0,"gold_gain":0.0,"event_name":"Golden Wing","player_choice":"Card Removal","floor":3.0,"gold_loss":0.0,"damage_taken":7.0},{"damage_healed":0.0,"max_hp_gain":5.0,"max_hp_loss":0.0,"gold_gain":0.0,"event_name":"Big Fish","player_choice":"Donut","floor":4.0,"gold_loss":0.0,"damage_taken":0.0},{"damage_healed":30.0,"max_hp_gain":0.0,"max_hp_loss":0.0,"gold_gain":0.0,"event_name":"Wheel of Change","player_choice":"Full Heal","floor":7.0,"gold_loss":0.0,"damage_taken":0.0},{"damage_healed":0.0,"max_hp_gain":5.0,"max_hp_loss":0.0,"gold_gain":0.0,"event_name":"Forgotten Altar","player_choice":"Shed Blood","floor":19.0,"gold_loss":0.0,"damage_taken":18.0},{"cards_removed":["Writhe"],"damage_healed":0.0,"max_hp_gain":0.0,"max_hp_loss":0.0,"gold_gain":0.0,"event_name":"Beggar","player_choice":"Gave Gold","floor":22.0,"gold_loss":75.0,"damage_taken":0.0}],"is_beta":false,"boss_relics":[{"not_picked":["Velvet Choker","Painkiller Herb"],"picked":"Kintsugi"}],"items_purged_floors":[20],"is_endless":false,"potions_floor_spawned":[11,12,14,16,18,21,24,27,28],"killed_by":"Shelled Parasite and Fungi","ascension_level":2}}