{"host":"k653q14gphaoox56","time":1613930933,"event":{"mods":["BaseMod","Colored Map","Conspire","DeckTracker","Hubris","Infinite Spire","Minty Spire (QoL Compilation)","Replay The Spire","StSLib"],"gold_per_floor":[118,135,135,151,29,29,58,58,58,71,71,91,91,91,91,191,191,201,214,14,54,54,54,99,59,59,84,196,6,6,6,6,165,165,197,228,242,242],"floor_reached":37,"language":"ENG","playtime":2201,"items_purged":["Strike_R"],"score":669,"play_id":"b39a44ee-20f9-4227-9c60-8fb7caa35452","local_time":"20210221130853","is_ascension_mode":false,"campfire_choices":[{"data":"Flex","floor":6,"key":"SMITH"},{"data":"Heavy Blade","floor":11,"key":"SMITH"},{"data":"Rampage","floor":13,"key":"SMITH"},{"data":"hubris:StunningStrike","floor":15,"key":"SMITH"},{"data":"infinitespire:SevenWalls","floor":23,"key":"SMITH"},{"data":"ReplayTheSpireMod:Muscle Training","floor":32,"key":"SMITH"}],"circlet_count":0,"master_deck":["Strike_R","Strike_R","Strike_R","Defend_R","Defend_R","Defend_R","Defend_R","Bash","Rampage+1","Clothesline","hubris:StunningStrike+1","Dramatic Entrance","Heavy Blade+1","Flex+1","Heavy Blade+1","Sword Boomerang+1","Cleave","Brutality","Blood for Blood+1","Thunderclap","conspire:SpireCoStock","conspire:SpireCoStock","conspire:SpireCoStock+1","conspire:SpireCoStock","Cleave","hubris:InfiniteBlow+2","infinitespire:SevenWalls+1","Armaments","Metallicize","ReplayTheSpireMod:Muscle Training+1","hubris:EnhanceAbility","Spot Weakness","Demon Form","Iron Wave","Heavy Blade+1"],"relics":["Burning Blood","infinitespire:BottledMercury","HornCleat","conspire:RunicOctahedron","Medical Kit","Ginger","Turnip","Gremlin Horn","hubris:BottledHeart","infinitespire:EvilPickle","hubris:HollowSoul"],"acts_visited":["Exordium","TheCity","TheBeyond"],"potions_floor_usage":[7,16,21,21,28,33,35,36,37],"damage_taken":[{"damage":2,"enemies":"2 Louse","floor":1,"turns":4},{"damage":1,"enemies":"Cultist","floor":2,"turns":3},{"damage":0,"enemies":"conspire:RoseBush","floor":4,"turns":3},{"damage":25,"enemies":"3 Sentries","floor":7,"turns":8},{"damage":10,"enemies":"Large Slime","floor":10,"turns":5},{"damage":9,"enemies":"2 Fungi Beasts","floor":12,"turns":2},{"damage":60,"enemies":"Hexaghost","floor":16,"turns":9},{"damage":22,"enemies":"Spheric Guardian","floor":18,"turns":4},{"damage":30,"enemies":"conspire:FuzzyDice","floor":19,"turns":5},{"damage":0,"enemies":"Centurion and Healer","floor":21,"turns":6},{"damage":18,"enemies":"Cultist and Chosen","floor":24,"turns":6},{"damage":5,"enemies":"Chosen and Byrds","floor":27,"turns":6},{"damage":15,"enemies":"Colosseum Slavers","floor":28,"turns":4},{"damage":20,"enemies":"Colosseum Nobs","floor":28,"turns":4},{"damage":0,"enemies":"Pondfish","floor":33,"turns":11},{"damage":0,"enemies":"3 Darklings","floor":35,"turns":7},{"damage":0,"enemies":"3 Shapes","floor":36,"turns":4},{"damage":25,"enemies":"Transient","floor":37,"turns":5}],"seed_played":"7758224259095122096","potions_obtained":[{"floor":1,"key":"Block Potion"},{"floor":12,"key":"Regen Potion"},{"floor":16,"key":"HeartOfIron"},{"floor":18,"key":"LiquidBronze"},{"floor":19,"key":"SteroidPotion"},{"floor":24,"key":"Death Potion"},{"floor":33,"key":"Adrenaline Potion"},{"floor":35,"key":"Fire Potion"},{"floor":36,"key":"EssenceOfSteel"}],"is_trial":false,"path_per_floor":["M","M","?","M","$","R","E","?","T","M","R","M","R","?","R","B",null,"M","M","?","M","AVR","R","M","?","T","M","?","$","?","?","R","B",null,"M","M","M"],"character_chosen":"IRONCLAD","items_purchased":["Flex","hubris:EnhanceAbility"],"campfire_rested":0,"item_purchase_floors":[5,29],"current_hp_per_floor":[88,88,88,88,88,88,69,69,69,65,65,62,62,67,67,28,93,77,53,53,59,59,59,47,47,47,48,25,25,1,1,1,1,1,1,1,0,0],"gold":242,"neow_bonus":"TEN_PERCENT_HP_BONUS","is_daily":false,"chose_seed":false,"campfire_upgraded":6,"win_rate":0.0,"timestamp":1613930933,"path_taken":["M","M","?","?","$","R","E","?","T","M","R","M","R","?","R","BOSS","M","M","?","M","AVR","R","M","?","T","?","?","?","?","?","R","BOSS","M","?","M"],"items_purchased_type":["Card","Card"],"build_version":"2020-12-22","purchased_purges":1,"victory":false,"max_hp_per_floor":[88,88,88,88,88,88,88,88,88,88,88,88,88,93,93,93,93,93,93,93,93,93,93,93,93,93,93,93,93,1,1,1,1,1,1,1,1,1],"card_choices":[{"not_picked":["Clothesline","Anger"],"picked":"Rampage","floor":1},{"not_picked":["Second Wind","Anger"],"picked":"Clothesline","floor":2},{"not_picked":["Pommel Strike","Run Through"],"picked":"Heavy Blade","floor":4},{"not_picked":["Wild Strike","Uppercut"],"picked":"Heavy Blade","floor":7},{"not_picked":["Pommel Strike","Abandon"],"picked":"Sword Boomerang","floor":10},{"not_picked":["Second Wind","Twin Strike"],"picked":"Cleave","floor":12},{"not_picked":["conspire:HitWhereItHurts","Hemogenesis"],"picked":"Brutality","floor":16},{"not_picked":["Shrug It Off","Power Through"],"picked":"Blood for Blood+1","floor":18},{"not_picked":["Anger","Wild Strike+1"],"picked":"Thunderclap","floor":19},{"not_picked":["Anger","Burning Pact"],"picked":"Cleave","floor":21},{"not_picked":["Intimidate","Replay:Undeath\u0027s Touch+1"],"picked":"Armaments","floor":24},{"not_picked":["Shrug It Off","hubris:ReadiedAction"],"picked":"Metallicize","floor":27},{"not_picked":["Anger+1","Heavy Blade"],"picked":"ReplayTheSpireMod:Muscle Training","floor":28},{"not_picked":["Hemogenesis","Demonic Infusion"],"picked":"Demon Form","floor":33},{"not_picked":["ReplayTheSpireMod:Corrosion Curse","Burning Pact"],"picked":"Iron Wave","floor":35},{"not_picked":["Iron Wave+1","hubris:CleavingFinish"],"picked":"Heavy Blade+1","floor":36}],"player_experience":145368,"relics_obtained":[{"floor":7,"key":"infinitespire:BottledMercury"},{"floor":9,"key":"HornCleat"},{"floor":26,"key":"Ginger"},{"floor":28,"key":"Turnip"},{"floor":28,"key":"Gremlin Horn"}],"event_choices":[{"damage_healed":0,"gold_gain":0,"player_choice":"2 cards matched","damage_taken":0,"max_hp_gain":0,"max_hp_loss":0,"event_name":"Match and Keep!","floor":3,"gold_loss":0,"cards_obtained":["hubris:StunningStrike","Dramatic Entrance"]},{"damage_healed":0,"gold_gain":0,"player_choice":"Grow","damage_taken":0,"max_hp_gain":0,"max_hp_loss":0,"event_name":"Living Wall","floor":8,"gold_loss":0,"cards_upgraded":["Heavy Blade"]},{"damage_healed":0,"gold_gain":0,"player_choice":"Donut","damage_taken":0,"max_hp_gain":5,"max_hp_loss":0,"event_name":"Big Fish","floor":14,"gold_loss":0},{"damage_healed":0,"gold_gain":0,"player_choice":"Invest 4","damage_taken":0,"max_hp_gain":0,"max_hp_loss":0,"event_name":"conspire:Investor","floor":20,"gold_loss":0},{"damage_healed":0,"gold_gain":0,"player_choice":"Upgraded Two","damage_taken":0,"max_hp_gain":0,"max_hp_loss":0,"event_name":"Designer","floor":25,"gold_loss":40,"cards_upgraded":["conspire:SpireCoStock","Sword Boomerang"]},{"damage_healed":0,"gold_gain":0,"player_choice":"Fight","damage_taken":0,"max_hp_gain":0,"max_hp_loss":0,"event_name":"Colosseum","floor":28,"gold_loss":0},{"damage_healed":0,"gold_gain":0,"player_choice":"Fought Nobs","damage_taken":0,"max_hp_gain":0,"max_hp_loss":0,"event_name":"Colosseum","floor":28,"gold_loss":0},{"damage_healed":0,"gold_gain":0,"cards_transformed":["Strike_R"],"player_choice":"Transformed","damage_taken":0,"max_hp_gain":0,"max_hp_loss":0,"event_name":"Transmorgrifier","floor":31,"gold_loss":0,"cards_obtained":["Spot Weakness"]}],"is_beta":false,"boss_relics":[{"not_picked":["hubris:RunicObelisk","hubris:CrackedHourglass"],"picked":"conspire:RunicOctahedron"},{"not_picked":["Ring of Chaos","Velvet Choker"],"picked":"hubris:HollowSoul"}],"items_purged_floors":[5],"is_endless":false,"potions_floor_spawned":[1,12,16,18,19,24,33,35,36],"killed_by":"Transient","ascension_level":0}}