{"host":"etc34k4ck9qyv0fa","time":1613943726,"event":{"mods":["AchievementEnabler","BaseMod","Colored Map","Colored Powertips","Marisa????????","Minty Spire (QoL Compilation)","Reimu??????","Replay The Spire","StSLib","The Animator","The Servant 0.9.4"],"gold_per_floor":[217,237,237,271,302,345,345,387,387,387,387,387,253,14,14,14,14],"floor_reached":16,"language":"ENG","playtime":628,"items_purged":["Strike_MRS"],"score":211,"play_id":"f5617f9f-3c9e-410e-b875-207b3658953c","local_time":"20210221224206","is_ascension_mode":true,"campfire_choices":[{"floor":7.0,"key":"REST"},{"floor":11,"key":"REST"},{"floor":15,"key":"REST"}],"circlet_count":0,"master_deck":["AscendersBane","Strike_MRS","Defend_MRS","Defend_MRS","Defend_MRS","Defend_MRS","MasterSpark","UpSweep","GalacticHalo","WitchOfGreed","DeepEcoloBomb","UltimateShortwave","OortCloud+1","PulseMagic"],"relics":["MiniHakkero","Torii","Omamori","ReplayTheSpireMod:Shallot","Juzu Bracelet","Bronze Scales"],"acts_visited":["Exordium"],"potions_floor_usage":[16],"damage_taken":[{"damage":2.0,"enemies":"Cultist","floor":1.0,"turns":4.0},{"damage":0.0,"enemies":"Jaw Worm","floor":2.0,"turns":5.0},{"damage":4.0,"enemies":"Small Slimes","floor":4.0,"turns":5.0},{"damage":10.0,"enemies":"Blue Slaver","floor":5.0,"turns":6.0},{"damage":46.0,"enemies":"Gremlin Nob","floor":6.0,"turns":5.0},{"damage":13,"enemies":"3 Sentries","floor":8,"turns":8},{"damage":56,"enemies":"Slime Boss","floor":16,"turns":10}],"seed_played":"-5412190066856560749","potions_obtained":[{"floor":2.0,"key":"Explosive Potion"},{"floor":4.0,"key":"SneckoOil"},{"floor":6.0,"key":"Weak Potion"},{"floor":8,"key":"PowerPotion"}],"is_trial":false,"path_per_floor":["M","M","?","M","M","E","R","E","T","T","R","?","$","$","R","B"],"character_chosen":"MARISA","items_purchased":["OortCloud+1","PulseMagic","Bronze Scales"],"campfire_rested":3,"item_purchase_floors":[13,13,14],"current_hp_per_floor":[61,61,61,57,47,1,22,9,9,9,30,30,30,30,51,0,0],"gold":14,"neow_bonus":"HUNDRED_GOLD","is_daily":false,"chose_seed":false,"campfire_upgraded":0,"win_rate":0.0,"timestamp":1613943726,"path_taken":["M","M","?","?","M","E","R","E","T","?","R","?","?","$","R","BOSS"],"items_purchased_type":["Card","Card","Relic"],"build_version":"2020-12-22","purchased_purges":1,"victory":false,"max_hp_per_floor":[70,70,70,70,70,70,70,70,70,70,70,70,70,70,70,70,70],"card_choices":[{"not_picked":["DragonMeteor","WitchLeyline"],"picked":"GalacticHalo","floor":1.0},{"not_picked":["DoubleSpark","GravityBeat"],"picked":"WitchOfGreed","floor":2.0},{"not_picked":["DarkMatter","ShootingEcho"],"picked":"DeepEcoloBomb","floor":4.0},{"not_picked":["BlazeAway","GravityBeat","MilkyWay"],"picked":"SKIP","floor":5.0},{"not_picked":["LuminesStrike","PowerUp"],"picked":"UltimateShortwave","floor":6.0},{"not_picked":["UnstableBomb","EnergyRecoil","Acceleration"],"picked":"SKIP","floor":8}],"player_experience":506708,"relics_obtained":[{"floor":6.0,"key":"Torii"},{"floor":8,"key":"Omamori"},{"floor":9,"key":"ReplayTheSpireMod:Shallot"},{"floor":10,"key":"Juzu Bracelet"}],"event_choices":[{"cards_removed":["Strike_MRS"],"damage_healed":0.0,"max_hp_gain":0.0,"max_hp_loss":0.0,"gold_gain":0.0,"event_name":"Purifier","player_choice":"Purged","floor":3.0,"gold_loss":0.0,"damage_taken":0.0},{"cards_removed":["Strike_MRS"],"damage_healed":0,"gold_gain":0,"player_choice":"Offered Basic","damage_taken":0,"max_hp_gain":0,"max_hp_loss":0,"event_name":"Bonfire Elementals","floor":12,"gold_loss":0}],"is_beta":false,"boss_relics":[],"items_purged_floors":[14],"is_endless":false,"potions_floor_spawned":[2,8],"killed_by":"Slime Boss","ascension_level":19}}