{"host":"mhzgc0zma59jtmoj","time":1613929557,"event":{"mods":["BaseMod","BetterRewards","Custom Start","Glutton Mod","Ironclad Rager","Minty Spire (QoL Compilation)","Replay The Spire","Somnambulant","StSLib","The Cursed","The Hierophant","The Jungle","Treasure Hunter"],"gold_per_floor":[111,286,286,306,330,330,346,379,379,379,389,314,327,327,327,422,422,437,437,449,461,561,561,581,611,690,289,322,333,349,367,367,469,469,479,479,498,513,513,548,567,596,623,640,429,479,490,501,698,698],"floor_reached":51,"language":"ENG","playtime":2849,"items_purged":["Doubt","Looming Evil","Parasite"],"score":1028,"play_id":"009b9966-1dcf-4a6f-b091-b43f0d0e23ab","local_time":"20210221124557","is_ascension_mode":false,"campfire_choices":[{"data":"Echo Form","floor":6,"key":"SMITH"},{"data":"Self Repair","floor":10,"key":"SMITH"},{"floor":15,"key":"REST"},{"data":"Creative AI","floor":23,"key":"SMITH"}],"circlet_count":0,"master_deck":["FIFO Queue+1","Defragment+1","Loop+1","Electrodynamics+1","ICR:Cyclone+1","Buffer+1","Creative AI+1","Echo Form+1","Echo Form+1","Self Repair+1","Self Repair+1"],"relics":["Cracked Core","Geode","CaptainsWheel","Garlic","ReplayTheSpireMod:Ring of Exchange","Ring of Peace","Snecko Heart","Frozen Egg 2","Iron Hammer","Membership Card","Replay:Rubber Ducky","Sundial","Replay:Multitool","ClockworkSouvenir","Akabeko","Eternal Feather","Bag of Preparation","Strawberry","Potion Belt","Pondfish Scales"],"acts_visited":["Exordium","TheCity","TheBeyond"],"potions_floor_usage":[7,25],"damage_taken":[{"damage":11,"enemies":"Jaw Worm","floor":1,"turns":6},{"damage":24,"enemies":"2 Louse","floor":4,"turns":6},{"damage":19,"enemies":"Small Slimes","floor":7,"turns":5},{"damage":28,"enemies":"3 Sentries","floor":8,"turns":5},{"damage":19,"enemies":"Exordium Wildlife","floor":11,"turns":3},{"damage":8,"enemies":"Large Slime","floor":13,"turns":6},{"damage":0,"enemies":"Fading Forest","floor":16,"turns":10},{"damage":6,"enemies":"Shell Parasite","floor":18,"turns":6},{"damage":5,"enemies":"2 Thieves","floor":20,"turns":4},{"damage":7,"enemies":"Shelled Parasite and Fungi","floor":21,"turns":5},{"damage":0,"enemies":"Centurion and Healer","floor":24,"turns":4},{"damage":0,"enemies":"Gremlin Leader","floor":25,"turns":5},{"damage":0,"enemies":"Book of Stabbing","floor":28,"turns":5},{"damage":0,"enemies":"Snecko","floor":29,"turns":4},{"damage":0,"enemies":"Sentry and Sphere","floor":30,"turns":3},{"damage":3,"enemies":"Snake Plant","floor":31,"turns":5},{"damage":0,"enemies":"Automaton","floor":33,"turns":6},{"damage":0,"enemies":"3 Shapes","floor":35,"turns":2},{"damage":4,"enemies":"3 Darklings","floor":37,"turns":3},{"damage":6,"enemies":"Transient","floor":38,"turns":5},{"damage":0,"enemies":"R_Hoarder","floor":40,"turns":6},{"damage":0,"enemies":"Writhing Mass","floor":41,"turns":5},{"damage":24,"enemies":"Reptomancer","floor":42,"turns":5},{"damage":2,"enemies":"Jaw Worm Horde","floor":44,"turns":3},{"damage":0,"enemies":"Mind Bloom Boss Battle","floor":46,"turns":4},{"damage":0,"enemies":"Spire Growth","floor":47,"turns":5},{"damage":0,"enemies":"Writhing Mass","floor":48,"turns":5},{"damage":0,"enemies":"Donu and Deca","floor":50,"turns":6}],"seed_played":"7185909453618383212","potions_obtained":[{"floor":4,"key":"Block Potion"},{"floor":8,"key":"Elixir"},{"floor":11,"key":"SpeedPotion"},{"floor":16,"key":"Milkshake"},{"floor":18,"key":"DistilledChaos"},{"floor":25,"key":"SpeedPotion"},{"floor":44,"key":"Block Potion"},{"floor":46,"key":"SkillPotion"},{"floor":47,"key":"ColorlessPotion"}],"is_trial":true,"path_per_floor":["M","?","?","M","T","R","M","E","T","R","M","$","M","?","R","B",null,"M","?","M","M","?","R","M","E","T","$","E","M","M","M","R","B",null,"M","?","M","M","?","E","M","E","T","M","$","?","M","M","R","B",null],"character_chosen":"DEFECT","items_purchased":["Membership Card","Replay:Rubber Ducky","Sundial","Strawberry","Potion Belt"],"campfire_rested":1,"item_purchase_floors":[27,27,27,45,45],"current_hp_per_floor":[64,64,64,60,60,60,41,33,33,33,14,14,36,36,58,75,75,75,75,75,75,75,75,75,75,75,75,75,75,75,75,75,75,75,75,75,75,75,75,75,75,71,71,69,76,79,79,79,60,79],"gold":698,"neow_bonus":"","is_daily":false,"chose_seed":false,"campfire_upgraded":3,"win_rate":0.0,"timestamp":1613929557,"path_taken":["M","?","?","M","?","R","M","E","T","R","M","$","M","?","R","BOSS","M","?","M","M","?","R","?","E","T","$","E","M","M","M","R","BOSS","M","?","?","M","?","E","M","E","T","M","$","?","M","M","R","BOSS"],"items_purchased_type":["Relic","Relic","Relic","Relic","Relic"],"build_version":"2020-12-22","purchased_purges":3,"victory":true,"max_hp_per_floor":[75,75,75,75,75,75,75,75,75,75,75,75,75,75,75,75,75,75,75,75,75,75,75,75,75,75,75,75,75,75,75,75,75,75,75,75,75,75,75,75,75,75,75,75,79,79,79,79,79,79],"card_choices":[{"not_picked":["ReplaySolidLightProjector","Go for the Eyes"],"picked":"Self Repair","floor":1},{"not_picked":["Panic Button","Rebound","Conserve Battery"],"picked":"SKIP","floor":4},{"not_picked":["TH:CopperCoins","TH:CursedSword"],"picked":"SKIP","floor":5},{"not_picked":["Steam","Gash","White Noise"],"picked":"SKIP","floor":7},{"not_picked":["Reboot","Fission"],"picked":"Self Repair","floor":8},{"not_picked":["TH:EnergyPotion","TH:DeckOfManyThings"],"picked":"SKIP","floor":8},{"not_picked":["TH:TreasureMap","TH:ElvenBoots"],"picked":"SKIP","floor":9},{"not_picked":["Steam","ReplaySolidLightProjector","ReplayTheSpireMod:System Scan"],"picked":"SKIP","floor":11},{"not_picked":["Beam Cell","ReplayTheSpireMod:System Scan","Leap"],"picked":"SKIP","floor":13},{"not_picked":["Core Surge","Rainbow"],"picked":"Creative AI","floor":16},{"not_picked":["Sweeping Beam","Capacitor","Darkness"],"picked":"SKIP","floor":18},{"not_picked":["Loop","Barrage","Ball Lightning"],"picked":"SKIP","floor":20},{"not_picked":["Barrage","Streamline+1","Go for the Eyes"],"picked":"SKIP","floor":21},{"not_picked":["Streamline","Beam Cell","Sweeping Beam+1"],"picked":"SKIP","floor":24},{"not_picked":["TH:CopperCoins","TH:TreasureMap"],"picked":"SKIP","floor":25},{"not_picked":["Crystallizer+1","Gash","Rebound"],"picked":"SKIP","floor":25},{"not_picked":["TH:Mimic","TH:ElvenBoots"],"picked":"SKIP","floor":26},{"not_picked":["TH:ArmorSpikes","TH:DeckOfManyThings"],"picked":"SKIP","floor":28},{"not_picked":["Compile Driver","Cold Snap","All For One"],"picked":"SKIP","floor":28},{"not_picked":["Doom and Gloom","Go for the Eyes+1","Static Discharge+1"],"picked":"SKIP","floor":29},{"not_picked":["Panic Button+1","Beam Cell","Go for the Eyes+1"],"picked":"SKIP","floor":30},{"not_picked":["FTL","Conserve Battery","Tempest+1"],"picked":"SKIP","floor":31},{"not_picked":["Scrape","Gash","Turbo+1"],"picked":"SKIP","floor":35},{"not_picked":["Redo+1","Stack+1","Defragment+1"],"picked":"SKIP","floor":37},{"not_picked":["White Noise","ICR:FrostFall+1","Panic Button+1"],"picked":"SKIP","floor":38},{"not_picked":["TH:CopperCoins","TH:TreasureMap"],"picked":"SKIP","floor":40},{"not_picked":["Stack","FTL","Gash"],"picked":"SKIP","floor":40},{"not_picked":["Go for the Eyes+1","Genetic Algorithm+1","Streamline"],"picked":"SKIP","floor":41},{"not_picked":["TH:EnergyPotion","TH:CursedSword"],"picked":"SKIP","floor":42},{"not_picked":["Auto Shields+1","Capacitor+1","Redo+1"],"picked":"SKIP","floor":42},{"not_picked":["TH:CursedSword","TH:PixieDust"],"picked":"SKIP","floor":43},{"not_picked":["Sunder+1","Fission","Streamline"],"picked":"SKIP","floor":44},{"not_picked":["Steam","Panic Button","Sweeping Beam+1"],"picked":"SKIP","floor":47},{"not_picked":["Redo","ReplaySort+1","Streamline+1"],"picked":"SKIP","floor":48}],"player_experience":313192,"relics_obtained":[{"floor":5,"key":"Geode"},{"floor":8,"key":"CaptainsWheel"},{"floor":9,"key":"Garlic"},{"floor":14,"key":"ReplayTheSpireMod:Ring of Exchange"},{"floor":14,"key":"Ring of Peace"},{"floor":25,"key":"Frozen Egg 2"},{"floor":26,"key":"Iron Hammer"},{"floor":28,"key":"Replay:Multitool"},{"floor":40,"key":"Akabeko"},{"floor":42,"key":"Eternal Feather"},{"floor":43,"key":"Bag of Preparation"},{"floor":46,"key":"Pondfish Scales"}],"event_choices":[{"damage_healed":0,"gold_gain":175,"player_choice":"AGREE","damage_taken":0,"max_hp_gain":0,"max_hp_loss":0,"event_name":"Liars Game","floor":2,"gold_loss":0,"cards_obtained":["Doubt"]},{"damage_healed":0,"gold_gain":0,"player_choice":"Grow","damage_taken":0,"max_hp_gain":0,"max_hp_loss":0,"event_name":"Living Wall","floor":3,"gold_loss":0,"cards_upgraded":["Self Repair"]},{"damage_healed":0,"gold_gain":0,"player_choice":"Ignored","damage_taken":0,"max_hp_gain":0,"max_hp_loss":0,"event_name":"Ghosts","floor":19,"gold_loss":0},{"damage_healed":0,"gold_gain":100,"player_choice":"Pray","damage_taken":0,"max_hp_gain":0,"max_hp_loss":0,"event_name":"Golden Shrine","floor":22,"gold_loss":0},{"damage_healed":0,"gold_gain":0,"player_choice":"Ignored","damage_taken":0,"max_hp_gain":0,"max_hp_loss":0,"event_name":"Vampires","floor":32,"gold_loss":0},{"cards_removed":["Creative AI"],"damage_healed":0,"gold_gain":0,"player_choice":"Card Removal","damage_taken":0,"max_hp_gain":0,"max_hp_loss":0,"event_name":"Wheel of Change","floor":36,"gold_loss":0},{"damage_healed":0,"gold_gain":0,"player_choice":"Memory 1","damage_taken":0,"max_hp_gain":0,"max_hp_loss":0,"event_name":"SensoryStone","floor":39,"gold_loss":0},{"damage_healed":0,"gold_gain":0,"player_choice":"Fight","damage_taken":0,"max_hp_gain":0,"max_hp_loss":0,"event_name":"MindBloom","floor":46,"gold_loss":0}],"is_beta":false,"boss_relics":[{"not_picked":["Strange Spoon","Replay:Drink Me"],"picked":"Snecko Heart"},{"not_picked":["Replay:Bronze Core","Inserter"],"picked":"ClockworkSouvenir"}],"items_purged_floors":[12,27,45],"is_endless":false,"potions_floor_spawned":[1,4,8,11,16,18,25,29,33,40,41,44,46,47],"ascension_level":0}}