{"host":"syfsfjmzue8y1a6l","time":1613887641,"event":{"mods":["AchievementEnabler","BaseMod","Colored Map","DeckTracker","Minty Spire (QoL Compilation)","Permanent Neow","SuperFastMode"],"gold_per_floor":[117,128,143,157,257,257,290,290,290,290,310,329,254,266,266,365,365,375,392,215,232,245,245,270,270,270],"floor_reached":25,"language":"KOR","playtime":1539,"items_purged":["Defend_R","Defend_R"],"score":252,"play_id":"5cc63982-f23b-486a-8003-142925274a62","local_time":"20210221150721","is_ascension_mode":false,"campfire_choices":[{"data":"True Grit","floor":6.0,"key":"SMITH"},{"data":"Feed","floor":8.0,"key":"SMITH"},{"floor":10.0,"key":"RECALL"},{"data":"Shockwave","floor":15.0,"key":"SMITH"},{"data":"Barricade","floor":23.0,"key":"SMITH"}],"circlet_count":0,"master_deck":["Strike_R","Strike_R","Strike_R","Defend_R","Defend_R","Bash","Sword Boomerang","Clash","Power Through","True Grit+1","Feed+1","Body Slam","Shockwave+1","Anger","Barricade+1","Metallicize","Ghostly Armor","Warcry+1","Evolve+1"],"relics":["Burning Blood","Orichalcum","Art of War","Nunchaku","Empty Cage","Molten Egg 2"],"acts_visited":["Exordium","TheCity"],"potions_floor_usage":[24,24,25],"damage_taken":[{"damage":4.0,"enemies":"Small Slimes","floor":1.0,"turns":4.0},{"damage":0.0,"enemies":"Cultist","floor":2.0,"turns":3.0},{"damage":5.0,"enemies":"2 Louse","floor":3.0,"turns":3.0},{"damage":2.0,"enemies":"Large Slime","floor":4.0,"turns":7.0},{"damage":35.0,"enemies":"3 Sentries","floor":7.0,"turns":14.0},{"damage":4.0,"enemies":"Looter","floor":11.0,"turns":3.0},{"damage":0.0,"enemies":"2 Fungi Beasts","floor":12.0,"turns":3.0},{"damage":6.0,"enemies":"Blue Slaver","floor":14.0,"turns":6.0},{"damage":20.0,"enemies":"Slime Boss","floor":16.0,"turns":8.0},{"damage":23.0,"enemies":"Spheric Guardian","floor":18.0,"turns":6.0},{"damage":3.0,"enemies":"Chosen","floor":19.0,"turns":7.0},{"damage":33.0,"enemies":"Shelled Parasite and Fungi","floor":21.0,"turns":7.0},{"damage":19.0,"enemies":"Snecko","floor":22.0,"turns":8.0},{"damage":63,"enemies":"Book of Stabbing","floor":24,"turns":11},{"damage":13,"enemies":"3 Cultists","floor":25,"turns":3}],"seed_played":"-3429057332779993439","potions_obtained":[{"floor":1.0,"key":"Energy Potion"},{"floor":4.0,"key":"SkillPotion"},{"floor":14.0,"key":"Weak Potion"},{"floor":16.0,"key":"ColorlessPotion"},{"floor":19.0,"key":"BloodPotion"},{"floor":24,"key":"Dexterity Potion"}],"is_trial":false,"path_per_floor":["M","M","M","M","?","R","E","R","T","R","M","M","$","M","R","B",null,"M","M","$","M","M","R","E","M"],"character_chosen":"IRONCLAD","items_purchased":["Metallicize"],"campfire_rested":0,"item_purchase_floors":[20],"current_hp_per_floor":[80,80,80,80,80,80,51,51,51,51,53,63,63,67,67,57,92,75,82,82,59,50,50,13,0,0],"gold":270,"neow_bonus":"RANDOM_COMMON_RELIC","is_daily":false,"chose_seed":false,"campfire_upgraded":4,"win_rate":0.0,"timestamp":1613887641,"path_taken":["M","M","M","M","?","R","E","R","T","R","M","M","$","?","R","BOSS","M","M","$","M","M","R","E","M"],"items_purchased_type":["Card"],"build_version":"2020-12-22","purchased_purges":2,"victory":false,"max_hp_per_floor":[80,80,80,80,80,80,80,80,80,80,80,84,84,88,88,92,92,92,96,96,100,104,104,104,104,104],"card_choices":[{"not_picked":["Feel No Pain","Cleave"],"picked":"Sword Boomerang","floor":1.0},{"not_picked":["Clothesline","Body Slam"],"picked":"Clash","floor":2.0},{"not_picked":["Disarm","Havoc"],"picked":"Power Through","floor":3.0},{"not_picked":["Combust","Immolate"],"picked":"True Grit","floor":4.0},{"not_picked":["Disarm","Rupture"],"picked":"Feed","floor":7.0},{"not_picked":["Headbutt","Sword Boomerang"],"picked":"Body Slam","floor":11.0},{"not_picked":["Dual Wield","Clash"],"picked":"Shockwave","floor":12.0},{"not_picked":["Wild Strike","Shrug It Off"],"picked":"Anger","floor":14.0},{"not_picked":["Bludgeon","Berserk"],"picked":"Barricade","floor":16.0},{"not_picked":["Iron Wave","Clothesline","Rupture"],"picked":"SKIP","floor":18.0},{"not_picked":["Infernal Blade","Havoc","Shrug It Off"],"picked":"SKIP","floor":19.0},{"not_picked":["Thunderclap","Havoc"],"picked":"Ghostly Armor","floor":21.0},{"not_picked":["Clothesline","Hemokinesis"],"picked":"Warcry+1","floor":22.0},{"not_picked":["Armaments","Havoc+1"],"picked":"Evolve+1","floor":24}],"player_experience":174696,"relics_obtained":[{"floor":7.0,"key":"Art of War"},{"floor":9.0,"key":"Nunchaku"},{"floor":24,"key":"Molten Egg 2"}],"event_choices":[{"damage_healed":0.0,"max_hp_gain":0.0,"max_hp_loss":0.0,"gold_gain":100.0,"event_name":"Golden Shrine","player_choice":"Pray","floor":5.0,"gold_loss":0.0,"damage_taken":0.0}],"is_beta":false,"boss_relics":[{"not_picked":["Runic Pyramid","Pandora\u0027s Box"],"picked":"Empty Cage"}],"items_purged_floors":[13,20],"is_endless":false,"potions_floor_spawned":[1,4,14,16,19,24],"killed_by":"3 Cultists","ascension_level":0}}