{"host":"osru0s4hyl5hhaol","time":1613880922,"event":{"mods":["BaseMod","Colored Map","Minty Spire (QoL Compilation)"],"gold_per_floor":[111,286,297,297,297,297,313,122,173,173,193,228,228,246,246,343,343,363,294,311,329,343,343,343,343,397,408,422,521,521,53,53,53,53],"floor_reached":33,"language":"ENG","playtime":1103,"items_purged":["Strike_B"],"score":272,"play_id":"9ac85d9f-7c79-435c-8a69-5792b6593e1e","local_time":"20210220221522","is_ascension_mode":false,"campfire_choices":[{"data":"Sunder","floor":6,"key":"SMITH"},{"data":"Defragment","floor":10,"key":"SMITH"},{"floor":13,"key":"REST"},{"floor":15,"key":"REST"},{"floor":23,"key":"REST"},{"data":"Fusion","floor":25,"key":"SMITH"},{"floor":32,"key":"REST"}],"circlet_count":0,"master_deck":["Strike_B","Strike_B","Strike_B","Defend_B","Defend_B","Defend_B","Defend_B","Zap","Dualcast","FTL","Sunder+1","Reboot","Defragment+1","Cold Snap","Loop+1","Fusion+1","Echo Form+1","Defragment+1","Electrodynamics+1","Go for the Eyes","Defragment+1","Barrage+1","Creative AI+1","Beam Cell+1","Beam Cell+1","Redo","Fusion+1","Creative AI+1","Mayhem+1","Double Energy+1"],"relics":["Cracked Core","Omamori","Dream Catcher","Frozen Egg 2","Calling Bell","Bag of Marbles","Mummified Hand","Gambling Chip","PreservedInsect","Nloth\u0027s Gift","ClockworkSouvenir"],"acts_visited":["Exordium","TheCity"],"potions_floor_usage":[11,12,16,16,21,22,33,33],"damage_taken":[{"damage":0,"enemies":"Small Slimes","floor":1,"turns":3},{"damage":2,"enemies":"2 Louse","floor":3,"turns":2},{"damage":0,"enemies":"Cultist","floor":7,"turns":3},{"damage":17,"enemies":"Large Slime","floor":11,"turns":4},{"damage":22,"enemies":"3 Sentries","floor":12,"turns":7},{"damage":8,"enemies":"Looter","floor":14,"turns":3},{"damage":29,"enemies":"Slime Boss","floor":16,"turns":9},{"damage":3,"enemies":"Shell Parasite","floor":18,"turns":4},{"damage":6,"enemies":"Chosen","floor":20,"turns":2},{"damage":13,"enemies":"Shelled Parasite and Fungi","floor":21,"turns":3},{"damage":10,"enemies":"Snake Plant","floor":22,"turns":3},{"damage":10,"enemies":"Cultist and Chosen","floor":27,"turns":3},{"damage":14,"enemies":"Centurion and Healer","floor":28,"turns":3},{"damage":80,"enemies":"Automaton","floor":33,"turns":6}],"seed_played":"-5785516866365066892","potions_obtained":[{"floor":0,"key":"EssenceOfDarkness"},{"floor":0,"key":"AttackPotion"},{"floor":0,"key":"SpeedPotion"},{"floor":3,"key":"Strength Potion"},{"floor":11,"key":"DistilledChaos"},{"floor":18,"key":"Regen Potion"},{"floor":20,"key":"FearPotion"},{"floor":21,"key":"DuplicationPotion"},{"floor":27,"key":"FearPotion"}],"is_trial":false,"path_per_floor":["M","?","M","?","$","R","M","$","T","R","M","E","R","M","R","B",null,"M","$","M","M","M","R","?","R","T","M","M","?","?","$","R","B"],"character_chosen":"DEFECT","items_purchased":["Omamori","Defragment","Defragment+1","Creative AI+1","ClockworkSouvenir","Mayhem+1"],"campfire_rested":4,"item_purchase_floors":[8,8,19,31,31,31],"current_hp_per_floor":[75,75,73,73,73,73,73,73,73,73,56,34,56,48,70,41,75,72,72,66,62,52,74,74,74,74,64,50,50,50,50,72,0,0],"gold":53,"neow_bonus":"THREE_SMALL_POTIONS","is_daily":false,"chose_seed":false,"campfire_upgraded":3,"win_rate":0.0,"timestamp":1613880922,"path_taken":["M","?","M","?","$","R","M","$","T","R","M","E","R","M","R","BOSS","M","$","?","M","M","R","?","R","T","M","M","?","?","$","R","BOSS"],"items_purchased_type":["Relic","Card","Card","Card","Relic","Card"],"build_version":"2020-12-22","purchased_purges":1,"victory":false,"max_hp_per_floor":[75,75,75,75,75,75,75,75,75,75,75,75,75,75,75,75,75,75,75,75,75,75,75,75,75,75,75,75,75,75,75,75,75,75],"card_choices":[{"not_picked":["Aggregate","Rebound"],"picked":"FTL","floor":1},{"not_picked":["Conserve Battery","Gash"],"picked":"Sunder","floor":3},{"not_picked":["Ball Lightning","Hologram"],"picked":"Reboot","floor":7},{"not_picked":["Auto Shields","Streamline"],"picked":"Cold Snap","floor":11},{"not_picked":["Consume","Glacier"],"picked":"Loop+1","floor":12},{"not_picked":["Sweeping Beam","Rebound"],"picked":"Fusion","floor":13},{"not_picked":["Sweeping Beam","Hello World+1"],"picked":"Echo Form+1","floor":14},{"not_picked":["Hello World+1","Leap"],"picked":"Defragment+1","floor":15},{"not_picked":["Amplify","Creative AI+1"],"picked":"Electrodynamics+1","floor":16},{"not_picked":["Force Field","Double Energy"],"picked":"Go for the Eyes","floor":18},{"not_picked":["Capacitor+1","Chaos"],"picked":"Barrage+1","floor":20},{"not_picked":["Rebound","Barrage"],"picked":"Creative AI+1","floor":21},{"not_picked":["Barrage+1","Steam"],"picked":"Beam Cell+1","floor":22},{"not_picked":["Double Energy","BootSequence"],"picked":"Beam Cell+1","floor":23},{"not_picked":["Darkness","Leap"],"picked":"Redo","floor":27},{"not_picked":["Lockon","Conserve Battery"],"picked":"Fusion+1","floor":28},{"not_picked":["Genetic Algorithm","Go for the Eyes"],"picked":"Double Energy+1","floor":32}],"player_experience":195453,"relics_obtained":[{"floor":9,"key":"Dream Catcher"},{"floor":12,"key":"Frozen Egg 2"},{"floor":17,"key":"Bag of Marbles"},{"floor":17,"key":"Mummified Hand"},{"floor":17,"key":"Gambling Chip"},{"floor":26,"key":"PreservedInsect"}],"event_choices":[{"damage_healed":0,"gold_gain":175,"player_choice":"AGREE","damage_taken":0,"max_hp_gain":0,"max_hp_loss":0,"event_name":"Liars Game","floor":2,"gold_loss":0,"cards_obtained":["Doubt"]},{"cards_removed":["Doubt"],"damage_healed":0,"gold_gain":0,"player_choice":"Offered Curse","damage_taken":0,"relics_obtained":["Spirit Poop"],"max_hp_gain":0,"max_hp_loss":0,"event_name":"Bonfire Elementals","floor":4,"gold_loss":0},{"damage_healed":0,"gold_gain":0,"player_choice":"Ignored","damage_taken":0,"max_hp_gain":0,"max_hp_loss":0,"event_name":"Beggar","floor":24,"gold_loss":0},{"damage_healed":0,"gold_gain":99,"player_choice":"Stole From Cult","damage_taken":0,"max_hp_gain":0,"max_hp_loss":0,"event_name":"Nest","floor":29,"gold_loss":0},{"damage_healed":0,"gold_gain":0,"player_choice":"Traded Relic","damage_taken":0,"relics_obtained":["Nloth\u0027s Gift"],"max_hp_gain":0,"max_hp_loss":0,"event_name":"N\u0027loth","floor":30,"relics_lost":["Spirit Poop"],"gold_loss":0}],"is_beta":false,"boss_relics":[{"not_picked":["Black Star","Cursed Key"],"picked":"Calling Bell"}],"items_purged_floors":[31],"is_endless":false,"potions_floor_spawned":[3,11,18,20,21,27],"killed_by":"Automaton","ascension_level":0}}