{"host":"szp1d6dso4pv7ddl","time":1613940093,"event":{"mods":["AchievementEnabler","Alarm Clock","BaseMod","Bestiary","Block Reminder","Colored Map","Colored Powertips","Curses Come First","Dark Map","Displayed Cursed Tome","Highlight Path","Minty Spire (QoL Compilation)","Permanent Neow","Quick Restart","Relic Sorter","Relic Stats","StSLib","Synergy Search"],"gold_per_floor":[117,131,131,131,150,182,194,232,271,283,295,295],"floor_reached":11,"language":"ENG","playtime":537,"items_purged":[],"score":162,"play_id":"6356c2e6-4c8d-43f9-9394-c32b6c99ba98","local_time":"20210221124133","is_ascension_mode":true,"campfire_choices":[{"data":"Havoc","floor":7.0,"key":"SMITH"},{"floor":10,"key":"REST"}],"circlet_count":0,"master_deck":["AscendersBane","Strike_R","Strike_R","Strike_R","Strike_R","Defend_R","Defend_R","Defend_R","Defend_R","Bash","Headbutt","Disarm","Havoc+1","Corruption","Intimidate"],"relics":["Burning Blood","MawBank","Omamori","Potion Belt"],"acts_visited":["Exordium"],"potions_floor_usage":[11],"damage_taken":[{"damage":2.0,"enemies":"2 Louse","floor":1.0,"turns":3.0},{"damage":12.0,"enemies":"Cultist","floor":2.0,"turns":4.0},{"damage":7.0,"enemies":"Small Slimes","floor":5.0,"turns":3.0},{"damage":28.0,"enemies":"3 Sentries","floor":6.0,"turns":10.0},{"damage":54,"enemies":"Lagavulin","floor":8,"turns":9},{"damage":41,"enemies":"3 Sentries","floor":11,"turns":6}],"seed_played":"-9064543622606007919","potions_obtained":[{"floor":1.0,"key":"EntropicBrew"},{"floor":2.0,"key":"DistilledChaos"},{"floor":8,"key":"Swift Potion"}],"is_trial":false,"path_per_floor":["M","M","?","?","M","E","R","E","T","R","E"],"character_chosen":"IRONCLAD","items_purchased":[],"campfire_rested":1,"item_purchase_floors":[],"current_hp_per_floor":[72,66,59,85,84,62,62,14,14,39,0,0],"gold":295,"neow_bonus":"ONE_RANDOM_RARE_CARD","is_daily":false,"chose_seed":false,"campfire_upgraded":1,"win_rate":0.0,"timestamp":1613940093,"path_taken":["M","M","?","?","?","E","R","E","T","R","E"],"items_purchased_type":[],"build_version":"2020-12-22","purchased_purges":0,"victory":false,"max_hp_per_floor":[75,75,75,85,85,85,85,85,85,85,85,85],"relic_stats":{"counters":[6,35],"MawBank":60,"obtain_stats":[{"Potion Belt":9,"Omamori":8,"MawBank":6,"Burning Blood":0},{"Potion Belt":5,"Omamori":5,"MawBank":4,"Burning Blood":0},{"Potion Belt":29,"Omamori":29,"MawBank":20,"Burning Blood":0}],"Burning Blood":30},"card_choices":[{"not_picked":["Feel No Pain","True Grit"],"picked":"Headbutt","floor":1.0},{"not_picked":["Flex","Ghostly Armor"],"picked":"Disarm","floor":2.0},{"not_picked":["Heavy Blade","Armaments"],"picked":"Havoc","floor":5.0},{"not_picked":["Armaments","Iron Wave"],"picked":"Corruption","floor":6.0},{"not_picked":["Twin Strike","Cleave"],"picked":"Intimidate","floor":8}],"player_experience":1621883,"relics_obtained":[{"floor":6.0,"key":"MawBank"},{"floor":8,"key":"Omamori"},{"floor":9,"key":"Potion Belt"}],"event_choices":[{"cards_removed":["Strike_R"],"damage_healed":0.0,"max_hp_gain":0.0,"max_hp_loss":0.0,"gold_gain":0.0,"event_name":"Golden Wing","player_choice":"Card Removal","floor":3.0,"gold_loss":0.0,"damage_taken":7.0},{"cards_removed":["Exhume"],"damage_healed":16.0,"max_hp_gain":10.0,"max_hp_loss":0.0,"gold_gain":0.0,"event_name":"Bonfire Elementals","player_choice":"Offered Rare","floor":4.0,"gold_loss":0.0,"damage_taken":0.0}],"is_beta":false,"boss_relics":[],"items_purged_floors":[],"is_endless":false,"potions_floor_spawned":[1,2,8],"killed_by":"3 Sentries","ascension_level":20}}