{"host":"1lxw72ckkilnkgp7","time":1613917217,"event":{"mods":["BaseMod","BetterRewards","Custom Start","Marisa（F雨　魔理沙）","Minty Spire (QoL Compilation)","Quick Restart","Replay The Spire","Shop Mod","StSLib","The Servant 0.9.4","[功能]功能增强和修复MOD"],"gold_per_floor":[117,117,133,143,162,162,162,162,230,249,263,263,263,263,263,361,361,377,389,329,329,329,329,343,343,343,343,343,374,392,421,421,516,516,530,530,530,540,540,540,555,575,575,575,575,593,593,622,622,622,622,622,622,654,654],"floor_reached":56,"language":"ZHS","playtime":1116,"items_purged":["Strike_G","Strike_G","Strike_G","Strike_G","Strike_G","Defend_G","Defend_G","Concentrate","Defend_G","Defend_G","Defend_G","Neutralize"],"score":1730,"play_id":"eae9bb8e-0674-4990-9fa7-8033e0f9dfc2","local_time":"20210221222017","is_ascension_mode":false,"campfire_choices":[{"data":"Tactician","floor":6.0,"key":"SMITH"},{"data":"Calculated Gamble","floor":8.0,"key":"SMITH"},{"data":"Acrobatics","floor":12.0,"key":"SMITH"},{"data":"Footwork","floor":15.0,"key":"SMITH"},{"floor":23.0,"key":"RECALL"},{"data":"Backflip","floor":25.0,"key":"SMITH"},{"data":"Survivor","floor":28,"key":"SMITH"},{"data":"After Image","floor":32,"key":"SMITH"},{"floor":40,"key":"REST"},{"floor":44,"key":"REST"},{"floor":47,"key":"REST"},{"floor":49,"key":"REST"},{"floor":52,"key":"REST"}],"circlet_count":0,"master_deck":["Survivor+1","Grand Finale+1","Calculated Gamble+1","Acrobatics+1","Reflex+1","Tactician+1","Backflip+1","After Image+1","After Image+1"],"relics":["Ring of the Snake"],"acts_visited":["Exordium","TheCity","TheBeyond","TheEnding"],"potions_floor_usage":[29,55,55,55],"damage_taken":[{"damage":0.0,"enemies":"Jaw Worm","floor":1.0,"turns":1.0},{"damage":0.0,"enemies":"Small Slimes","floor":3.0,"turns":1.0},{"damage":0.0,"enemies":"2 Louse","floor":4.0,"turns":1.0},{"damage":0.0,"enemies":"Exordium Thugs","floor":5.0,"turns":1.0},{"damage":0.0,"enemies":"Exordium Wildlife","floor":10.0,"turns":1.0},{"damage":0.0,"enemies":"3 Louse","floor":11.0,"turns":1.0},{"damage":0.0,"enemies":"The Guardian","floor":16.0,"turns":1.0},{"damage":0.0,"enemies":"3 Byrds","floor":18.0,"turns":1.0},{"damage":0.0,"enemies":"2 Thieves","floor":19.0,"turns":1.0},{"damage":0.0,"enemies":"Snake Plant","floor":24.0,"turns":1.0},{"damage":0,"enemies":"Gremlin Leader","floor":29,"turns":1},{"damage":0,"enemies":"Snecko","floor":30,"turns":1},{"damage":0,"enemies":"Replay:Snechameleon","floor":31,"turns":1},{"damage":0,"enemies":"Collector","floor":33,"turns":1},{"damage":0,"enemies":"3 Darklings","floor":35,"turns":1},{"damage":0,"enemies":"Orb Walker","floor":38,"turns":1},{"damage":0,"enemies":"Transient","floor":41,"turns":5},{"damage":0,"enemies":"Writhing Mass","floor":42,"turns":1},{"damage":0,"enemies":"Sphere and 2 Shapes","floor":46,"turns":1},{"damage":0,"enemies":"Reptomancer","floor":48,"turns":1},{"damage":0,"enemies":"Awakened One","floor":50,"turns":2},{"damage":0,"enemies":"Shield and Spear","floor":54,"turns":1},{"damage":72,"enemies":"The Heart","floor":55,"turns":5}],"seed_played":"7392375075501942617","potions_obtained":[{"floor":3.0,"key":"Ancient Potion"},{"floor":4.0,"key":"PowerPotion"},{"floor":5.0,"key":"PowerPotion"},{"floor":24.0,"key":"ColorlessPotion"},{"floor":29,"key":"Fruit Juice"},{"floor":29,"key":"PowerPotion"}],"is_trial":false,"path_per_floor":["M","$","M","M","M","R","?","R","T","M","M","R","?","?","R","B",null,"M","M","?","T","?","R","M","R","T","T","R","E","M","E","R","B",null,"M","$","?","M","?","R","M","M","T","R","$","M","R","E","R","B",null,"R","$","E","B",null],"character_chosen":"THE_SILENT","items_purchased":["Grand Finale+1","Calculated Gamble","Acrobatics","Reflex","Concentrate","Tactician","Backflip","After Image"],"campfire_rested":5,"item_purchase_floors":[0,0,0,0,0,0,0,0],"current_hp_per_floor":[70,70,70,70,70,70,70,70,70,70,70,70,70,70,70,70,70,70,70,70,70,70,70,70,70,70,70,70,75,75,75,75,75,75,75,75,75,75,75,75,75,75,75,75,75,75,75,75,75,75,75,75,75,75,3],"gold":654,"neow_bonus":"","is_daily":false,"chose_seed":false,"campfire_upgraded":7,"win_rate":0.0,"timestamp":1613917217,"path_taken":["M","$","M","M","M","R","?","R","T","M","M","R","?","?","R","BOSS","M","M","?","?","?","R","?","R","T","?","R","E","M","E","R","BOSS","M","$","?","M","?","R","M","M","T","R","$","?","R","E","R","BOSS","R","$","E","BOSS"],"items_purchased_type":["Card","Card","Card","Card","Card","Card","Card","Card"],"build_version":"2020-12-22","purchased_purges":12,"victory":true,"max_hp_per_floor":[70,70,70,70,70,70,70,70,70,70,70,70,70,70,70,70,70,70,70,70,70,70,70,70,70,70,70,70,75,75,75,75,75,75,75,75,75,75,75,75,75,75,75,75,75,75,75,75,75,75,75,75,75,75,75],"card_choices":[{"not_picked":["Sucker Punch","Toxin Wave"],"picked":"Footwork","floor":1.0},{"not_picked":["Riddle With Holes","ReplayTheSpireMod:The Works","ReplayTheSpireMod:Shiv Toss"],"picked":"SKIP","floor":3.0},{"not_picked":["Bouncing Flask","Dodge and Roll","Tactician"],"picked":"SKIP","floor":4.0},{"not_picked":["Choke","Sucker Punch","Distraction"],"picked":"SKIP","floor":5.0},{"not_picked":["Acrobatics","Blade Dance","Catalyst"],"picked":"SKIP","floor":10.0},{"not_picked":["Expertise","Adrenaline","Dagger Throw"],"picked":"SKIP","floor":11.0},{"not_picked":["Caltrops","Underhanded Strike+1","Slice+1"],"picked":"SKIP","floor":18.0},{"not_picked":["Sucker Punch","Caltrops","Dodge and Roll"],"picked":"SKIP","floor":19.0},{"not_picked":["Cloak And Dagger+1","Choke","Flying Knee"],"picked":"SKIP","floor":24.0},{"not_picked":["Fluid Movement","After Image","Slice"],"picked":"SKIP","floor":29},{"not_picked":["Blade Dance","Blur","Choke"],"picked":"SKIP","floor":30},{"not_picked":["All Out Attack","Acrobatics","Dagger Spray+1"],"picked":"SKIP","floor":31},{"not_picked":["Acrobatics+1","Dagger Spray","Catalyst"],"picked":"SKIP","floor":35},{"not_picked":["Well Laid Plans+1","Backflip","Bouncing Flask+1"],"picked":"SKIP","floor":38},{"not_picked":["Backstab","Draining Mist+1","Poisoned Stab+1"],"picked":"SKIP","floor":41},{"not_picked":["Slice+1","Flechettes+1","Prepared"],"picked":"SKIP","floor":42},{"not_picked":["Deflect+1","Blade Dance+1","Wraith Form v2"],"picked":"SKIP","floor":46},{"not_picked":["Expertise+1","Sucker Punch","Poison Darts"],"picked":"SKIP","floor":48},{"not_picked":["Prepared+1","Dagger Spray+1","ReplayTheSpireMod:Scrap Shanks+1"],"picked":"SKIP","floor":54}],"player_experience":152006,"relics_obtained":[],"event_choices":[{"damage_healed":0.0,"max_hp_gain":0.0,"max_hp_loss":0.0,"gold_gain":0.0,"event_name":"Liars Game","player_choice":"Ignored","floor":7.0,"gold_loss":0.0,"damage_taken":0.0},{"damage_healed":0.0,"max_hp_gain":0.0,"max_hp_loss":0.0,"gold_gain":0.0,"event_name":"Scrap Ooze","player_choice":"Fled","floor":13.0,"gold_loss":0.0,"damage_taken":0.0},{"damage_healed":0.0,"max_hp_gain":0.0,"max_hp_loss":0.0,"gold_gain":0.0,"event_name":"Transmorgrifier","player_choice":"Ignored","floor":22.0,"gold_loss":0.0,"damage_taken":0.0},{"cards_removed":["Footwork"],"damage_healed":0,"gold_gain":0,"player_choice":"Removed Power","damage_taken":0,"max_hp_gain":0,"max_hp_loss":0,"event_name":"Falling","floor":37,"gold_loss":0},{"damage_healed":0,"gold_gain":0,"player_choice":"Copied","damage_taken":0,"max_hp_gain":0,"max_hp_loss":0,"event_name":"Duplicator","floor":39,"gold_loss":0,"cards_obtained":["After Image"]}],"is_beta":false,"boss_relics":[{"not_picked":["Kintsugi","Replay:Drink Me","Cursed Key"]},{"not_picked":["Snecko Eye","HoveringKite","Pandora\u0027s Box"]}],"items_purged_floors":[0,0,0,0,0,0,0,0,0,0,0,0],"is_endless":false,"potions_floor_spawned":[1,3,4,5,5,10,10,11,11,16,18,24,24,29,29,29,30,38,41,42,42,46,48,54],"ascension_level":0}}