{"host":"oknzaotplmnl5xaf","time":1613931909,"event":{"mods":["BaseMod","Colored Map","Highlight Path","Minty Spire (QoL Compilation)","Permanent Neow","Quick Restart","Relic Stats"],"gold_per_floor":[153,195,240,240,240,338,442,533,533,644,732,230,324,435,435,770,770,812,176,176,176,215,296,394,495,521,635,723,830,830,933,945,1285,1297,1361,1382,880,728,779,876,983,1068,1117,804,927,1047,1106,1216,1216,1216],"floor_reached":51,"language":"ENG","playtime":2595,"items_purged":[],"score":2016,"play_id":"af834f31-ec32-4f7a-a1b1-1424a788813a","local_time":"20210221132509","daily_mods":["Draft","Hoarder","Specialized","Diverse","Heirloom","Flight","Elite Swarm","Midas"],"is_ascension_mode":true,"campfire_choices":[{"floor":15,"key":"REST"},{"floor":32,"key":"REST"},{"data":"1","floor":49,"key":"LIFT"}],"circlet_count":0,"master_deck":["Ragnarok","Ragnarok","Ragnarok","Ragnarok","Ragnarok","Ragnarok","Ragnarok","Ragnarok","Ragnarok","Ragnarok","Ragnarok","Ragnarok","Ragnarok","Ragnarok","Ragnarok","Power Through","Power Through","Stack","Stack","Stack","ThirdEye","ThirdEye","ThirdEye","Hologram","Hologram+1","Hologram","Conserve Battery","Conserve Battery","Conserve Battery","Noxious Fumes","Noxious Fumes","Noxious Fumes","Armaments","Armaments","Armaments","Seeing Red","Seeing Red","Seeing Red","Flex","Flex","Flex","Bloodletting","Bloodletting","Bloodletting","Hologram","Hologram","Hologram+1","Aggregate","Aggregate","Aggregate","Cloak And Dagger","Cloak And Dagger","Cloak And Dagger","Concentrate","Concentrate","Concentrate","Hologram","Hologram","Hologram","CutThroughFate","CutThroughFate","CutThroughFate","PiercingWail","PiercingWail","PiercingWail","Tools of the Trade","Tools of the Trade","Tools of the Trade","Echo Form","Echo Form","Echo Form","Reboot","Reboot","Reboot","DevaForm","DevaForm","DevaForm","Buffer","Buffer","Buffer","Limit Break","Limit Break","Limit Break","Reboot","Reboot","Reboot","Demon Form","Demon Form","Demon Form","WheelKick","WheelKick","WheelKick","Calculated Gamble","Calculated Gamble","Calculated Gamble","Necronomicurse","Necronomicurse","Necronomicurse","EmptyMind","EmptyMind","EmptyMind","Exhume","Exhume","Exhume","Devotion","Devotion","Devotion","Scrawl","Scrawl","Scrawl","Venomology","Venomology","Venomology","Skim+1","Skim+1","Skim+1","Wraith Form v2","Wraith Form v2","Wraith Form v2","Corruption","Corruption","Corruption","Ragnarok","Ragnarok","Ragnarok","CurseOfTheBell","CurseOfTheBell","CurseOfTheBell","Adrenaline","Adrenaline","Adrenaline","Master of Strategy","Master of Strategy","Master of Strategy","Self Repair","Self Repair","Self Repair","Immolate","Immolate","Immolate","Barricade","Barricade","Barricade","Adrenaline","Adrenaline","Adrenaline","After Image","After Image","After Image","Scrawl","Scrawl","Scrawl"],"relics":["Ring of the Snake","StoneCalendar","Orichalcum","Golden Idol","Unceasing Top","Tough Bandages","PreservedInsect","TungstenRod","Ancient Tea Set","Shuriken","Regal Pillow","Ninja Scroll","Turnip","Gambling Chip","Snecko Eye","ClockworkSouvenir","Gremlin Horn","Blood Vial","Necronomicon","Torii","Eternal Feather","Toy Ornithopter","Pen Nib","Vajra","Red Mask","War Paint","MawBank","Bag of Preparation","Calling Bell","CeramicFish","Paper Crane","CaptainsWheel","Membership Card","Strawberry","Girya","Akabeko","MealTicket","Snake Skull","Juzu Bracelet","Sundial","Bronze Scales","TwistedFunnel","Centennial Puzzle","Potion Belt","Anchor","White Beast Statue","Du-Vu Doll"],"acts_visited":["Exordium","TheCity","TheBeyond"],"potions_floor_usage":[10,11,16,25,41,45,47,50,50,50],"damage_taken":[{"damage":0,"enemies":"Cultist","floor":1,"turns":2},{"damage":3,"enemies":"Small Slimes","floor":2,"turns":2},{"damage":0,"enemies":"Jaw Worm","floor":3,"turns":1},{"damage":0,"enemies":"3 Sentries","floor":6,"turns":3},{"damage":3,"enemies":"Lagavulin","floor":7,"turns":4},{"damage":0,"enemies":"3 Sentries","floor":8,"turns":3},{"damage":5,"enemies":"Lagavulin","floor":10,"turns":4},{"damage":0,"enemies":"Gremlin Nob","floor":11,"turns":2},{"damage":0,"enemies":"Lagavulin","floor":13,"turns":1},{"damage":0,"enemies":"3 Sentries","floor":14,"turns":2},{"damage":6,"enemies":"The Guardian","floor":16,"turns":7},{"damage":0,"enemies":"3 Byrds","floor":18,"turns":1},{"damage":0,"enemies":"Chosen","floor":22,"turns":1},{"damage":0,"enemies":"Gremlin Leader","floor":23,"turns":3},{"damage":0,"enemies":"Slavers","floor":24,"turns":1},{"damage":0,"enemies":"Gremlin Leader","floor":25,"turns":1},{"damage":0,"enemies":"Slavers","floor":27,"turns":1},{"damage":2,"enemies":"Masked Bandits","floor":28,"turns":1},{"damage":0,"enemies":"Gremlin Leader","floor":29,"turns":1},{"damage":0,"enemies":"Slavers","floor":31,"turns":1},{"damage":0,"enemies":"Champ","floor":33,"turns":1},{"damage":0,"enemies":"3 Shapes","floor":35,"turns":2},{"damage":0,"enemies":"Orb Walker","floor":39,"turns":2},{"damage":0,"enemies":"Giant Head","floor":40,"turns":1},{"damage":0,"enemies":"Reptomancer","floor":41,"turns":4},{"damage":0,"enemies":"Nemesis","floor":42,"turns":1},{"damage":0,"enemies":"Reptomancer","floor":45,"turns":3},{"damage":0,"enemies":"Giant Head","floor":46,"turns":2},{"damage":0,"enemies":"Transient","floor":47,"turns":5},{"damage":0,"enemies":"Reptomancer","floor":48,"turns":2},{"damage":0,"enemies":"Time Eater","floor":50,"turns":2}],"seed_played":"6722845999118785127","potions_obtained":[{"floor":2,"key":"DistilledChaos"},{"floor":7,"key":"Block Potion"},{"floor":11,"key":"SpeedPotion"},{"floor":13,"key":"Swift Potion"},{"floor":16,"key":"SteroidPotion"},{"floor":25,"key":"Weak Potion"},{"floor":28,"key":"EssenceOfSteel"},{"floor":45,"key":"Weak Potion"},{"floor":47,"key":"DistilledChaos"}],"is_trial":true,"path_per_floor":["M","M","M","?","?","E","E","E","T","E","E","$","E","E","R","B",null,"M","$","?","?","M","E","E","E","T","E","?","E","?","E","R","B",null,"M","?","$","$","M","E","E","E","T","$","E","E","M","E","R","B",null],"character_chosen":"THE_SILENT","items_purchased":["Regal Pillow","Ninja Scroll","Fruit Juice","ClockworkSouvenir","Calculated Gamble","Gremlin Horn","Blood Vial","Membership Card","Strawberry","Girya","Master of Strategy","GhostInAJar","Akabeko","MealTicket","TwistedFunnel","Centennial Puzzle","Potion Belt","GhostInAJar","DuplicationPotion"],"campfire_rested":2,"item_purchase_floors":[12,12,12,19,19,19,19,37,37,37,37,37,38,38,44,44,44,44,44],"current_hp_per_floor":[70,67,67,55,38,38,35,35,35,30,30,30,30,30,66,60,70,70,70,58,58,60,62,64,75,75,75,73,75,75,75,75,75,75,75,75,82,82,82,82,82,82,82,82,82,82,82,82,82,82],"gold":1216,"neow_bonus":"","is_daily":false,"chose_seed":false,"campfire_upgraded":0,"win_rate":0.0,"timestamp":1613931909,"path_taken":["M","M","M","?","?","E","E","E","T","E","E","$","E","E","R","BOSS","M","$","?","?","?","E","E","E","T","E","?","E","?","E","R","BOSS","M","?","$","$","?","E","E","E","T","$","E","E","M","E","R","BOSS"],"items_purchased_type":["Relic","Relic","Potion","Relic","Card","Relic","Relic","Relic","Relic","Relic","Card","Potion","Relic","Relic","Relic","Relic","Relic","Potion","Potion"],"build_version":"2020-12-22","purchased_purges":0,"victory":true,"max_hp_per_floor":[70,70,70,70,70,70,70,70,70,70,70,70,70,70,70,70,70,70,70,70,70,70,70,70,75,75,75,75,75,75,75,75,75,75,75,75,82,82,82,82,82,82,82,82,82,82,82,82,82,82],"relic_stats":{"Regal Pillow":15,"Gremlin Horn":[23,25],"Torii":0,"CeramicFish":72,"StoneCalendar":[8],"Snake Skull":[20],"Bag of Preparation":[0],"Juzu Bracelet":0,"Blood Vial":10,"Tough Bandages":[717],"Centennial Puzzle":[0],"Sundial":[4],"Gambling Chip":[148],"MealTicket":0,"Necronomicon":[21],"Ring of the Snake":[22],"counters":[31,67],"Golden Idol":249,"Eternal Feather":0,"PreservedInsect":834,"Pen Nib":[6],"Orichalcum":[18],"War Paint":["Hologram","Hologram"],"MawBank":84,"Shuriken":[25],"Bronze Scales":[33],"Snecko Eye":[147,157,164,174],"Turnip":[0],"obtain_stats":[{"TwistedFunnel":44,"Regal Pillow":12,"Gremlin Horn":19,"Torii":23,"CeramicFish":34,"Vajra":27,"StoneCalendar":0,"Snake Skull":40,"Bag of Preparation":31,"Juzu Bracelet":41,"Ancient Tea Set":10,"ClockworkSouvenir":19,"Blood Vial":19,"Tough Bandages":7,"Centennial Puzzle":44,"Ninja Scroll":12,"Sundial":42,"Gambling Chip":14,"Strawberry":37,"MealTicket":38,"Necronomicon":20,"Red Mask":28,"Ring of the Snake":0,"Potion Belt":44,"Girya":37,"Golden Idol":5,"Eternal Feather":24,"PreservedInsect":8,"Pen Nib":26,"Orichalcum":4,"War Paint":29,"Paper Crane":34,"MawBank":30,"Akabeko":38,"White Beast Statue":46,"Calling Bell":34,"Du-Vu Doll":48,"CaptainsWheel":34,"Anchor":45,"Shuriken":11,"Bronze Scales":43,"Snecko Eye":17,"Turnip":13,"Membership Card":37,"Unceasing Top":6,"TungstenRod":9,"Toy Ornithopter":25},{"TwistedFunnel":26,"Regal Pillow":8,"Gremlin Horn":12,"Torii":14,"CeramicFish":21,"Vajra":17,"StoneCalendar":0,"Snake Skull":24,"Bag of Preparation":20,"Juzu Bracelet":25,"Ancient Tea Set":7,"ClockworkSouvenir":12,"Blood Vial":12,"Tough Bandages":5,"Centennial Puzzle":26,"Ninja Scroll":8,"Sundial":26,"Gambling Chip":10,"Strawberry":22,"MealTicket":22,"Necronomicon":12,"Red Mask":18,"Ring of the Snake":0,"Potion Belt":26,"Girya":22,"Golden Idol":3,"Eternal Feather":15,"PreservedInsect":6,"Pen Nib":16,"Orichalcum":3,"War Paint":19,"Paper Crane":21,"MawBank":19,"Akabeko":22,"White Beast Statue":28,"Calling Bell":21,"Du-Vu Doll":30,"CaptainsWheel":21,"Anchor":27,"Shuriken":8,"Bronze Scales":26,"Snecko Eye":11,"Turnip":9,"Membership Card":22,"Unceasing Top":4,"TungstenRod":6,"Toy Ornithopter":16},{"TwistedFunnel":53,"Regal Pillow":21,"Gremlin Horn":32,"Torii":36,"CeramicFish":43,"Vajra":39,"StoneCalendar":0,"Snake Skull":48,"Bag of Preparation":42,"Juzu Bracelet":52,"Ancient Tea Set":19,"ClockworkSouvenir":32,"Blood Vial":32,"Tough Bandages":12,"Centennial Puzzle":53,"Ninja Scroll":21,"Sundial":53,"Gambling Chip":24,"Strawberry":45,"MealTicket":45,"Necronomicon":32,"Red Mask":40,"Ring of the Snake":0,"Potion Belt":53,"Girya":45,"Golden Idol":5,"Eternal Feather":37,"PreservedInsect":15,"Pen Nib":38,"Orichalcum":5,"War Paint":41,"Paper Crane":43,"MawBank":41,"Akabeko":45,"White Beast Statue":58,"Calling Bell":43,"Du-Vu Doll":65,"CaptainsWheel":43,"Anchor":56,"Shuriken":21,"Bronze Scales":53,"Snecko Eye":31,"Turnip":22,"Membership Card":45,"Unceasing Top":8,"TungstenRod":15,"Toy Ornithopter":38}],"Unceasing Top":[22],"TungstenRod":7,"Toy Ornithopter":4},"card_choices":[{"not_picked":["Compile Driver","Body Slam"],"picked":"Power Through","floor":0},{"not_picked":["SashWhip","Underhanded Strike"],"picked":"Stack","floor":0},{"not_picked":["True Grit","Cleave"],"picked":"ThirdEye","floor":0},{"not_picked":["Auto Shields","Cloak And Dagger"],"picked":"Hologram","floor":0},{"not_picked":["Barrage","Leap"],"picked":"Conserve Battery","floor":0},{"not_picked":["Chill","Indignation"],"picked":"Noxious Fumes","floor":0},{"not_picked":["Tantrum","Blizzard"],"picked":"Armaments","floor":0},{"not_picked":["Rampage","Dodge and Roll"],"picked":"Seeing Red","floor":0},{"not_picked":["SashWhip","Headbutt"],"picked":"Flex","floor":0},{"not_picked":["Wild Strike","Sweeping Beam"],"picked":"Bloodletting","floor":0},{"not_picked":["Clash","Pummel"],"picked":"Hologram","floor":0},{"not_picked":["Indignation","FollowUp"],"picked":"Aggregate","floor":0},{"not_picked":["SashWhip","Dagger Throw"],"picked":"Cloak And Dagger","floor":0},{"not_picked":["Beam Cell","Heavy Blade"],"picked":"Concentrate","floor":0},{"not_picked":["Cold Snap","Prepared"],"picked":"Hologram","floor":0},{"not_picked":["Clash","Rip and Tear"],"picked":"CutThroughFate","floor":1},{"not_picked":["Sword Boomerang","Dodge and Roll","Collect"],"picked":"SKIP","floor":2},{"not_picked":["Reckless Charge","Streamline"],"picked":"PiercingWail","floor":3},{"not_picked":["MasterReality","Judgement"],"picked":"Tools of the Trade","floor":6},{"not_picked":["MasterReality","LessonLearned"],"picked":"Echo Form","floor":7},{"not_picked":["Blasphemy","LessonLearned"],"picked":"Reboot","floor":8},{"not_picked":["Limit Break","Tools of the Trade"],"picked":"DevaForm","floor":10},{"not_picked":["Burst","Echo Form"],"picked":"Buffer","floor":11},{"not_picked":["Echo Form","Burst"],"picked":"Limit Break","floor":13},{"not_picked":["Reboot","Doppelganger","Grand Finale"],"picked":"SKIP","floor":14},{"not_picked":["Doppelganger","Grand Finale"],"picked":"Reboot","floor":14},{"not_picked":["Electrodynamics","Wraith Form v2"],"picked":"Demon Form","floor":16},{"not_picked":["Caltrops","Halt"],"picked":"WheelKick","floor":18},{"not_picked":["Dagger Throw+1","Beam Cell"],"picked":"EmptyMind","floor":22},{"not_picked":["Feed","Brutality"],"picked":"Exhume","floor":23},{"not_picked":["LessonLearned","Feed"],"picked":"Devotion","floor":24},{"not_picked":["Thunder Strike","Fission"],"picked":"Scrawl","floor":25},{"not_picked":["Wraith Form v2","Buffer"],"picked":"Venomology","floor":27},{"not_picked":["Turbo","Leap"],"picked":"Skim+1","floor":28},{"not_picked":["Blasphemy","Thunder Strike"],"picked":"Wraith Form v2","floor":29},{"not_picked":["Demon Form","Offering"],"picked":"Corruption","floor":31},{"not_picked":["Bullet Time","LessonLearned"],"picked":"Ragnarok","floor":33},{"not_picked":["ClearTheMind+1","Streamline","Halt"],"picked":"SKIP","floor":35},{"not_picked":["BowlingBash","Feed"],"picked":"Self Repair","floor":39},{"not_picked":["Double Tap","Biased Cognition"],"picked":"Immolate","floor":40},{"not_picked":["Demon Form","Alpha"],"picked":"Barricade","floor":41},{"not_picked":["DevaForm","Brilliance","Bullet Time"],"picked":"SKIP","floor":42},{"not_picked":["Judgement","ConjureBlade"],"picked":"Adrenaline","floor":45},{"not_picked":["Rainbow","Bullet Time"],"picked":"After Image","floor":46},{"not_picked":["WreathOfFlame","Genetic Algorithm+1","Evaluate+1"],"picked":"SKIP","floor":47},{"not_picked":["Die Die Die","Biased Cognition"],"picked":"Scrawl","floor":48}],"player_experience":1572556,"relics_obtained":[{"floor":6,"key":"Unceasing Top"},{"floor":7,"key":"Tough Bandages"},{"floor":8,"key":"PreservedInsect"},{"floor":9,"key":"TungstenRod"},{"floor":10,"key":"Ancient Tea Set"},{"floor":11,"key":"Shuriken"},{"floor":13,"key":"Turnip"},{"floor":14,"key":"Gambling Chip"},{"floor":20,"key":"Necronomicon"},{"floor":23,"key":"Torii"},{"floor":24,"key":"Eternal Feather"},{"floor":25,"key":"Toy Ornithopter"},{"floor":26,"key":"Pen Nib"},{"floor":27,"key":"Vajra"},{"floor":28,"key":"Red Mask"},{"floor":29,"key":"War Paint"},{"floor":31,"key":"Bag of Preparation"},{"floor":34,"key":"CeramicFish"},{"floor":34,"key":"Paper Crane"},{"floor":34,"key":"CaptainsWheel"},{"floor":40,"key":"Snake Skull"},{"floor":41,"key":"Juzu Bracelet"},{"floor":42,"key":"Sundial"},{"floor":43,"key":"Bronze Scales"},{"floor":45,"key":"Anchor"},{"floor":46,"key":"White Beast Statue"},{"floor":48,"key":"Du-Vu Doll"}],"event_choices":[{"damage_healed":0,"gold_gain":0,"player_choice":"Success","damage_taken":12,"relics_obtained":["Orichalcum"],"max_hp_gain":0,"max_hp_loss":0,"event_name":"Scrap Ooze","floor":4,"gold_loss":0},{"damage_healed":0,"gold_gain":0,"player_choice":"Take Damage","damage_taken":17,"relics_obtained":["Golden Idol"],"max_hp_gain":0,"max_hp_loss":0,"event_name":"Golden Idol","floor":5,"gold_loss":0},{"damage_healed":0,"gold_gain":0,"player_choice":"Obtained Book","damage_taken":16,"max_hp_gain":0,"max_hp_loss":0,"event_name":"Cursed Tome","floor":20,"gold_loss":0},{"cards_removed":["Power Through"],"damage_healed":0,"gold_gain":0,"player_choice":"Purged","damage_taken":0,"max_hp_gain":0,"max_hp_loss":0,"event_name":"Purifier","floor":21,"gold_loss":0},{"damage_healed":0,"gold_gain":0,"player_choice":"Fought Bandits","damage_taken":0,"max_hp_gain":0,"max_hp_loss":0,"event_name":"Masked Bandits","floor":28,"gold_loss":0},{"damage_healed":0,"gold_gain":0,"player_choice":"Opened","damage_taken":0,"relics_obtained":["MawBank"],"max_hp_gain":0,"max_hp_loss":0,"event_name":"The Mausoleum","floor":30,"gold_loss":0},{"damage_healed":0,"gold_gain":0,"player_choice":"1 cards matched","damage_taken":0,"max_hp_gain":0,"max_hp_loss":0,"event_name":"Match and Keep!","floor":36,"gold_loss":0,"cards_obtained":["Adrenaline"]}],"is_beta":false,"boss_relics":[{"not_picked":["Velvet Choker","Runic Dome"],"picked":"Snecko Eye"},{"not_picked":["Busted Crown","Runic Pyramid"],"picked":"Calling Bell"}],"items_purged_floors":[],"is_endless":false,"potions_floor_spawned":[2,7,11,13,16,25,27,28,29,31,35,41,45,46,47,48],"ascension_level":1}}