{"host":"as7albp2mcgkylj3","time":1613900890,"event":{"mods":["2.2 Compatiblity","AchievementEnabler","BaseMod","Colored Map","Downfall","Googly Eyes","Highlight Path","Minty Spire (QoL Compilation)","Replay The Spire","StSLib","SuperFastMode"],"gold_per_floor":[0,0,0,0,0,11,88,88,107,107,137,37,50,65,79,79,79,79],"floor_reached":16,"language":"ITA","playtime":1366,"items_purged":[],"score":105,"play_id":"b349e4e6-8364-4c33-8c2d-39415abc35ef","local_time":"20210221104810","is_ascension_mode":true,"campfire_choices":[{"data":"champ:Strike","floor":1,"key":"PURGE"},{"floor":12,"key":"REST"}],"circlet_count":0,"master_deck":["champ:Strike","champ:Strike","champ:Strike","champ:Defend","champ:Defend","champ:Defend","champ:Defend","champ:Execute","champ:Taunt+1","Secret Technique","champ:BerserkersShout","champ:CrookedStrike","champ:Devastate+1","champ:EnGarde","champ:BerserkersShout","champ:UltimateStance","champ:AdrenalArmor"],"relics":["champ:ChampionCrown","Blue Candle","ReplayTheSpireMod:Ring of Addiction","Toy Ornithopter","Potion Belt","Molten Egg 2","Replay:Bottled Flurry","downfall:HeartBlessingGreen"],"acts_visited":["Exordium"],"potions_floor_usage":[6,11,15,16],"damage_taken":[{"damage":20,"enemies":"downfall:FleeingMerchant","floor":4,"turns":4},{"damage":35,"enemies":"downfall:FleeingMerchant","floor":5,"turns":4},{"damage":20,"enemies":"Small Slimes","floor":6,"turns":4},{"damage":18,"enemies":"Jaw Worm","floor":9,"turns":4},{"damage":99,"enemies":"Lagavulin","floor":11,"turns":7},{"damage":5,"enemies":"2 Louse","floor":13,"turns":3},{"damage":66,"enemies":"Gremlin Gang","floor":14,"turns":5},{"damage":55,"enemies":"Exordium Thugs","floor":15,"turns":7},{"damage":156,"enemies":"DF_ARCHETYPE_STREAMLINE","floor":16,"turns":9}],"seed_played":"-4683699300392288649","potions_obtained":[{"floor":3,"key":"FearPotion"},{"floor":3,"key":"SkillPotion"},{"floor":3,"key":"DistilledChaos"},{"floor":6,"key":"champ:OpenerPotion"},{"floor":9,"key":"Elixir"},{"floor":11,"key":"champ:OpenerPotion"},{"floor":13,"key":"SmokeBomb"}],"is_trial":false,"path_per_floor":["R_BF","?","?","$","$","M","T","?","M","?","E","R","M","M","M","B"],"character_chosen":"THE_CHAMP","items_purchased":[],"campfire_rested":1,"item_purchase_floors":[],"current_hp_per_floor":[90,85,85,85,80,85,85,90,87,87,38,65,65,59,49,0,0,0],"gold":79,"neow_bonus":"RANDOM_COLORLESS_2","is_daily":false,"chose_seed":false,"campfire_upgraded":0,"win_rate":0.0,"timestamp":1613900890,"path_taken":["R_BF","?","?","?","$","M","T","?","M","?","E","R","M","?","M","BOSS"],"items_purchased_type":[],"build_version":"2020-12-22","purchased_purges":0,"victory":false,"max_hp_per_floor":[90,90,90,90,90,90,90,95,95,93,93,93,93,93,91,91,91,91],"card_choices":[{"not_picked":["The Bomb","Violence"],"picked":"Secret Technique","floor":0},{"not_picked":["champ:SkillfulDodge","champ:FanOfKnives"],"picked":"champ:BerserkersShout","floor":4},{"not_picked":["champ:Endure","champ:ShieldSlam"],"picked":"champ:CrookedStrike","floor":5},{"not_picked":["champ:PerfectedStrike","champ:Duel","champ:PreciseThrust"],"picked":"SKIP","floor":6},{"not_picked":["champ:FlashCut+1","champ:Circumvent"],"picked":"champ:Devastate+1","floor":9},{"not_picked":["champ:Encircle+1","champ:CrownThrow+1"],"picked":"champ:EnGarde","floor":11},{"not_picked":["champ:PreciseThrust+1","champ:DeathBlow+1"],"picked":"champ:BerserkersShout","floor":13},{"not_picked":["champ:Haymaker+1","champ:BladeFlurry+1"],"picked":"champ:UltimateStance","floor":14},{"not_picked":["champ:FalseCounter","champ:EndlessRage"],"picked":"champ:AdrenalArmor","floor":15}],"player_experience":531585,"relics_obtained":[{"floor":3,"key":"ReplayTheSpireMod:Ring of Addiction"},{"floor":3,"key":"Toy Ornithopter"},{"floor":3,"key":"Potion Belt"},{"floor":7,"key":"Molten Egg 2"},{"floor":11,"key":"Replay:Bottled Flurry"}],"event_choices":[{"damage_healed":0,"gold_gain":0,"player_choice":"Donut","damage_taken":0,"max_hp_gain":5,"max_hp_loss":0,"event_name":"Big Fish","floor":8,"gold_loss":0},{"damage_healed":0,"gold_gain":0,"player_choice":"Forge","damage_taken":0,"max_hp_gain":0,"max_hp_loss":0,"event_name":"Accursed Blacksmith","floor":10,"gold_loss":0,"cards_upgraded":["champ:Taunt"]}],"is_beta":false,"boss_relics":[],"items_purged_floors":[],"is_endless":false,"potions_floor_spawned":[6,9,11,13],"killed_by":"DF_ARCHETYPE_STREAMLINE","ascension_level":1}}