{"host":"s9mizfpm0ux1oq2e","time":1613895512,"event":{"mods":["Aspiration","BaseMod","Downfall","Minty Spire (QoL Compilation)","Permanent Neow","Replay The Spire","StSLib","SuperFastMode"],"gold_per_floor":[99,117,117,130,193,43,66,82,98,131,131,131,131,164,183,283,283,283,283,44,54,67,84,157,169,169,169],"floor_reached":25,"language":"ENG","playtime":1279,"items_purged":["bronze:Virus"],"score":236,"play_id":"f60b9753-1055-44d3-a63d-bf9eae4de1eb","local_time":"25640221151832","is_ascension_mode":false,"campfire_choices":[{"data":"bronze:Strike","floor":1,"key":"PURGE"},{"data":"bronze:Goto","floor":11,"key":"SMITH"},{"data":"bronze:ChosenStrike","floor":13,"key":"SMITH"},{"data":"bronze:Verify","floor":18,"key":"SMITH"}],"circlet_count":0,"master_deck":["bronze:Strike","bronze:Strike+1","bronze:Defend","bronze:Defend","bronze:Defend","bronze:Defend","bronze:Replicate+1","bronze:Goto+1","bronze:Optimize","bronze:ChosenStrike+1","bronze:ClassDefault","bronze:BronzeOrb","bronze:Verify+1","bronze:ChildClass","bronze:Repulsor","bronze:Turbo","bronze:Format"],"relics":["bronze:BronzeCore","bronze:BottledCode","Whetstone","Bronze Scales","Dream Catcher","Ring of Fangs","ReplayTheSpireMod:Ring of Collecting","Ring of Greed","PreservedInsect","Golden Idol","MawBank"],"acts_visited":["Exordium","TheCity"],"potions_floor_usage":[10,14,14,21,23],"damage_taken":[{"damage":0,"enemies":"Cultist","floor":2,"turns":4},{"damage":0,"enemies":"2 Louse","floor":4,"turns":3},{"damage":6,"enemies":"Jaw Worm","floor":8,"turns":3},{"damage":7,"enemies":"Blue Slaver","floor":9,"turns":2},{"damage":0,"enemies":"Lagavulin","floor":10,"turns":5},{"damage":8,"enemies":"3 Sentries","floor":14,"turns":5},{"damage":0,"enemies":"Gremlin Gang","floor":15,"turns":3},{"damage":11,"enemies":"SI_SHIV_ARCHETYPE","floor":16,"turns":5},{"damage":10,"enemies":"downfall:FleeingMerchant","floor":20,"turns":4},{"damage":20,"enemies":"downfall:LooterAlt2","floor":21,"turns":9},{"damage":10,"enemies":"Shell Parasite","floor":22,"turns":5},{"damage":27,"enemies":"Snecko","floor":23,"turns":6},{"damage":14,"enemies":"Centurion and Healer","floor":25,"turns":2}],"seed_played":"-9051452818762475525","potions_obtained":[{"floor":0,"key":"Flashbang"},{"floor":0,"key":"Block Potion"},{"floor":0,"key":"Regen Potion"},{"floor":5,"key":"Guardian:BlockOnCardUsePotion"},{"floor":15,"key":"Energy Potion"},{"floor":16,"key":"Explosive Potion"}],"is_trial":false,"path_per_floor":["R","M","?","M","?","?","T","M","M","E","R","?","R","E","M","B",null,"R","?","$","M","M","M","T","M"],"character_chosen":"THE_AUTOMATON","items_purchased":["bronze:ChildClass","bronze:Repulsor"],"campfire_rested":0,"item_purchase_floors":[20,20],"current_hp_per_floor":[70,70,60,60,45,70,70,64,57,57,57,57,57,61,61,50,70,70,70,60,40,30,3,3,0,0,0],"gold":169,"neow_bonus":"THREE_SMALL_POTIONS","is_daily":false,"chose_seed":false,"campfire_upgraded":3,"win_rate":0.0,"timestamp":1613895512,"path_taken":["R","M","?","M","?","?","T","?","M","E","R","?","R","E","M","BOSS","R","?","$","M","M","M","T","M"],"items_purchased_type":["Card","Card"],"build_version":"2020-12-22","purchased_purges":1,"victory":false,"max_hp_per_floor":[70,70,60,60,60,70,70,70,70,70,70,70,70,70,70,70,70,70,70,70,70,70,70,70,70,70,70],"card_choices":[{"not_picked":["bronze:Deprecate","bronze:Return"],"picked":"bronze:Optimize","floor":2},{"not_picked":["bronze:Turbo","bronze:Deprecate"],"picked":"bronze:ChosenStrike","floor":4},{"not_picked":["bronze:Return","bronze:Turbo"],"picked":"bronze:Virus","floor":5},{"not_picked":["bronze:Shell","bronze:DelayedSlice","bronze:Deprecate"],"picked":"SKIP","floor":8},{"not_picked":["bronze:Overheat","bronze:OilSpill"],"picked":"bronze:ClassDefault","floor":9},{"not_picked":["bronze:FineTuning","bronze:WhirlingStrike","bronze:Frontload"],"picked":"SKIP","floor":10},{"not_picked":["bronze:BugBarrage","bronze:DelayedSlice","bronze:Deprecate"],"picked":"SKIP","floor":14},{"not_picked":["bronze:Shell","bronze:Flail"],"picked":"bronze:BronzeOrb","floor":15},{"not_picked":["bronze:ShipIt","bronze:Virus"],"picked":"bronze:Verify","floor":16},{"not_picked":["bronze:Backtrace","bronze:Branch","bronze:Frontload"],"picked":"SKIP","floor":20},{"not_picked":["bronze:ClassDefault","bronze:Fortify"],"picked":"bronze:Turbo","floor":21},{"not_picked":["bronze:Branch","bronze:OilSpill+1","bronze:ClassDefault"],"picked":"SKIP","floor":22},{"not_picked":["bronze:BitShift","bronze:WildBeam+1"],"picked":"bronze:Format","floor":23}],"player_experience":180974,"relics_obtained":[{"floor":7,"key":"Whetstone"},{"floor":10,"key":"Bronze Scales"},{"floor":14,"key":"Dream Catcher"},{"floor":19,"key":"Ring of Fangs"},{"floor":19,"key":"ReplayTheSpireMod:Ring of Collecting"},{"floor":24,"key":"Ring of Greed"},{"floor":24,"key":"PreservedInsect"},{"floor":24,"key":"Golden Idol"},{"floor":24,"key":"MawBank"}],"event_choices":[{"cards_removed":["bronze:Strike"],"damage_healed":0,"gold_gain":0,"player_choice":"Card Removal","damage_taken":0,"max_hp_gain":0,"max_hp_loss":0,"event_name":"The Cleric","floor":12,"gold_loss":0}],"is_beta":false,"boss_relics":[{"not_picked":["ReplayTheSpireMod:DimensionalGlitch","Honey Jar","aspiration:WatcherSkillbook"]}],"items_purged_floors":[20],"is_endless":false,"potions_floor_spawned":[2,8,15,16],"killed_by":"Centurion and Healer","ascension_level":0}}