{"host":"4d3k7d8vp246c2eu","time":1613901777,"event":{"mods":["BaseMod","Downfall","Minty Spire (QoL Compilation)","StSLib"],"gold_per_floor":[199,211,226,242,342,342,342,358,358,370,370,387,562,592,608,710,710,710,728,728,728,13,33,58,83,83,100,119,119,138,9,22,22,22,22],"floor_reached":33,"language":"ENG","playtime":3385,"items_purged":["Doubt"],"score":311,"play_id":"958fc58b-8435-4ceb-9444-c9ade0f8254c","local_time":"20210221050257","is_ascension_mode":false,"campfire_choices":[{"data":"champ:Execute","floor":1,"key":"SMITH"},{"data":"champ:FancyFootwork","floor":9,"key":"SMITH"},{"data":"champ:Taunt","floor":11,"key":"SMITH"},{"data":"champ:LastStand","floor":18,"key":"SMITH"},{"floor":26,"key":"REST"},{"floor":29,"key":"REST"}],"circlet_count":0,"master_deck":["champ:Strike","champ:Strike","champ:Strike","champ:Strike","champ:Defend","champ:Defend","champ:Defend","champ:Defend","champ:Execute+1","champ:Taunt+1","champ:FancyFootwork+1","champ:Shatter","champ:BringItOn","champ:AdrenalArmor","champ:DefensiveShout","champ:LastStand+1","champ:Endure","champ:GutPunch","champ:ArenaPreparation","champ:GladiatorStyle","champ:Devastate","champ:GladiatorStyle+1","champ:Backstep","champ:Duel","champ:UltimateStance","champ:ViciousMockery","champ:FlashCut","champ:GutPunch+1","champ:Lariat+1","champ:GladiatorStyle+1","champ:BerserkerStyle","champ:DeathBlow+1","champ:IgnorePain","champ:RapidStrikes","champ:RisingSlash","champ:CrookedStrike","champ:FocusedDefense","champ:ShieldSlam"],"relics":["champ:ChampionCrown","Prayer Wheel","SlaversCollar","MutagenicStrength","Mango","Toolbox","Bag of Marbles","InkBottle"],"acts_visited":["Exordium","TheCity"],"potions_floor_usage":[16,27,33,33,33],"damage_taken":[{"damage":11,"enemies":"Cultist","floor":2,"turns":3},{"damage":15,"enemies":"Small Slimes","floor":3,"turns":4},{"damage":16,"enemies":"Jaw Worm","floor":4,"turns":3},{"damage":16,"enemies":"3 Louse","floor":8,"turns":3},{"damage":19,"enemies":"downfall:LooterAlt","floor":10,"turns":5},{"damage":35,"enemies":"Exordium Wildlife","floor":12,"turns":6},{"damage":15,"enemies":"Gremlin Gang","floor":15,"turns":4},{"damage":76,"enemies":"DF_ARCHETYPE_STREAMLINE","floor":16,"turns":13},{"damage":78,"enemies":"Chosen","floor":19,"turns":7},{"damage":38,"enemies":"downfall:FleeingMerchant","floor":22,"turns":4},{"damage":77,"enemies":"3 Byrds","floor":23,"turns":9},{"damage":54,"enemies":"Slavers","floor":25,"turns":7},{"damage":57,"enemies":"Cultist and Chosen","floor":27,"turns":5},{"damage":11,"enemies":"Snake Plant","floor":28,"turns":4},{"damage":38,"enemies":"Chosen and Byrds","floor":30,"turns":6},{"damage":40,"enemies":"downfall:FleeingMerchant","floor":31,"turns":4},{"damage":22,"enemies":"Cultist and Chosen","floor":32,"turns":6},{"damage":56,"enemies":"IC_MUSHROOM_ARCHETYPE","floor":33,"turns":4}],"seed_played":"5274950633775444096","potions_obtained":[{"floor":4,"key":"champ:UltimateStancePotion"},{"floor":10,"key":"Strength Potion"},{"floor":15,"key":"Strength Potion"},{"floor":20,"key":"CultistPotion"},{"floor":27,"key":"LiquidBronze"}],"is_trial":false,"path_per_floor":["R","M","M","M","?","?","T","M","R","M","R","M","?","?","M","B",null,"R","M","?","?","$","M","T","E","R","M","M","R","M","$","M","B"],"character_chosen":"THE_CHAMP","items_purchased":["Mango","champ:Duel","Toolbox","champ:UltimateStance","champ:CrookedStrike"],"campfire_rested":2,"item_purchase_floors":[22,22,22,22,31],"current_hp_per_floor":[90,89,84,78,78,88,88,82,82,73,73,48,48,48,48,37,100,100,67,67,67,78,47,47,18,52,25,14,48,31,31,24,0,0,0],"gold":22,"neow_bonus":"HUNDRED_GOLD","is_daily":false,"chose_seed":false,"campfire_upgraded":4,"win_rate":0.0,"timestamp":1613901777,"path_taken":["R","M","M","M","?","?","T","?","R","M","R","M","?","?","M","BOSS","R","M","?","?","?","M","T","E","R","M","M","R","M","$","M","BOSS"],"items_purchased_type":["Relic","Card","Relic","Card","Card"],"build_version":"2020-12-22","purchased_purges":1,"victory":false,"max_hp_per_floor":[90,90,90,90,90,100,100,100,100,100,100,100,100,100,100,100,100,100,100,100,100,114,114,114,114,114,114,114,114,114,114,114,114,114,114],"card_choices":[{"not_picked":["champ:Haymaker","champ:RageSigil"],"picked":"champ:FancyFootwork","floor":2},{"not_picked":["champ:Parry","champ:FanOfKnives"],"picked":"champ:Shatter","floor":3},{"not_picked":["champ:Backstep","champ:TornadoPunch"],"picked":"champ:BringItOn","floor":4},{"not_picked":["champ:TornadoPunch","champ:PerfectedStrike"],"picked":"champ:AdrenalArmor","floor":8},{"not_picked":["champ:EnragedBash","champ:Shatter"],"picked":"champ:DefensiveShout","floor":8},{"not_picked":["champ:Endure","champ:EnGarde"],"picked":"champ:LastStand","floor":10},{"not_picked":["champ:Backstep","champ:Circumvent"],"picked":"champ:Endure","floor":10},{"not_picked":["champ:BladeFlurry","champ:DefensiveShout"],"picked":"champ:GutPunch","floor":12},{"not_picked":["champ:ViciousMockery","champ:SetATrap"],"picked":"champ:ArenaPreparation","floor":12},{"not_picked":["champ:Circumvent","champ:HeartStrike"],"picked":"champ:GladiatorStyle","floor":15},{"not_picked":["champ:EnGarde","champ:PerfectedStrike","champ:DefensiveShout"],"picked":"SKIP","floor":15},{"not_picked":["champ:Improvising","champ:IgnorePain"],"picked":"champ:Devastate","floor":16},{"not_picked":["champ:AdrenalArmor","champ:DefensiveStyle"],"picked":"champ:GladiatorStyle+1","floor":19},{"not_picked":["champ:RecklessLeap+1","champ:DefensiveStyle"],"picked":"champ:Backstep","floor":19},{"not_picked":["champ:Circumvent","champ:AdrenalArmor","champ:Shatter"],"picked":"SKIP","floor":22},{"not_picked":["champ:RecklessLeap+1","champ:BladeFlurry+1"],"picked":"champ:ViciousMockery","floor":23},{"not_picked":["champ:TornadoPunch","champ:ShieldSigil"],"picked":"champ:FlashCut","floor":23},{"not_picked":["champ:BringItOn","champ:PerfectedStrike"],"picked":"champ:GutPunch+1","floor":25},{"not_picked":["champ:GladiatorStyle","champ:ShieldSlam"],"picked":"champ:Lariat+1","floor":27},{"not_picked":["champ:EnragedBash","champ:EnGarde"],"picked":"champ:GladiatorStyle+1","floor":27},{"not_picked":["champ:PerfectedStrike","champ:FancyFootwork"],"picked":"champ:BerserkerStyle","floor":28},{"not_picked":["champ:FanOfKnives","champ:StanceDance+1"],"picked":"champ:DeathBlow+1","floor":28},{"not_picked":["champ:ShieldSigil","champ:BerserkerStyle"],"picked":"champ:IgnorePain","floor":30},{"not_picked":["champ:PreemptiveStrike+1","champ:Shatter+1"],"picked":"champ:RapidStrikes","floor":30},{"not_picked":["champ:ShieldSigil","champ:Backstep"],"picked":"champ:RisingSlash","floor":31},{"not_picked":["champ:Shatter","champ:GladiatorStyle"],"picked":"champ:FocusedDefense","floor":32},{"not_picked":["champ:Parry+1","champ:RisingSlash"],"picked":"champ:ShieldSlam","floor":32}],"player_experience":604526,"relics_obtained":[{"floor":7,"key":"Prayer Wheel"},{"floor":24,"key":"Bag of Marbles"},{"floor":25,"key":"InkBottle"}],"event_choices":[{"damage_healed":0,"gold_gain":0,"player_choice":"Inject Mutagens","damage_taken":0,"relics_obtained":["MutagenicStrength"],"max_hp_gain":0,"max_hp_loss":0,"event_name":"Drug Dealer","floor":21,"gold_loss":0}],"is_beta":false,"boss_relics":[{"not_picked":["bronze:MakeshiftBattery","Sozu"],"picked":"SlaversCollar"}],"items_purged_floors":[31],"is_endless":false,"potions_floor_spawned":[4,10,15,25,27,28],"killed_by":"IC_MUSHROOM_ARCHETYPE","ascension_level":0}}