{"host":"qvl114e0jmbc6yhm","time":1613869346,"event":{"mods":["Act Like it!","Aspiration","BaseMod","Friendly Minions","Hermit","Highlight Path","Hubris","Jedi Mod","Marisa????????","Minty Spire (QoL Compilation)","Permanent Neow","Quick Restart","Random Character Button","Relic Sorter","Relic Stats","Shop Mod","Spicy Shops","StSLib","The Jungle"],"gold_per_floor":[14,30,30,49,65,100,100,134,134,134,161,177,177,192,192,266,266,281,281,301,54,54,92,92,112,112,123,140,170,170,211,211,298,298,318,335,335,335,348,386,608,65,116,149,174,195,241,271,283,295,307,319,62,105,105],"floor_reached":56,"language":"ENG","playtime":3971,"items_purged":["Strike_MRS","Regret"],"score":2616,"play_id":"63a1de73-cd82-4450-a21b-096bf990d348","local_time":"20210220200226","is_ascension_mode":true,"campfire_choices":[{"data":"OortCloud","floor":7,"key":"SMITH"},{"data":"BinaryStars","floor":10,"key":"SMITH"},{"data":"GrandCross","floor":15,"key":"SMITH"},{"data":"EnergyFlow","floor":24,"key":"SMITH"},{"data":"TreasureHunter","floor":30,"key":"SMITH"},{"data":"UltimateShortwave","floor":32,"key":"SMITH"},{"floor":49,"key":"RECALL"},{"data":"EscapeVelocity","floor":52,"key":"SMITH"}],"circlet_count":0,"master_deck":["AscendersBane","Strike_MRS","Defend_MRS","Defend_MRS","Defend_MRS","Defend_MRS","MasterSpark","UpSweep","OrrerysSun","MysteriousBeam","GalacticHalo","OortCloud+1","BinaryStars+1","NonDirectionalLaser","GrandCross+1","TreasureHunter+1","MagicAbsorber","Acceleration","Parasite","Parasite","UltimateShortwave+1","MilkyWay","EscapeVelocity+1","Acceleration+1","OortCloud","Iron Wave","DeepEcoloBomb"],"relics":["MiniHakkero","Incense Burner","White Beast Statue","SproutingBranch","Strawberry","hubris:Zylophone","SlaversCollar","PreservedInsect","Ice Cream","Medical Kit","ShroomBag","CeramicFish","hubris:BundleOfHerbs","jedi:bottledfury","hubris:TenFootPole","Toy Ornithopter","Red Mask","Thread and Needle","hubris:TerracottaHorce","InkBottle","Toxic Egg 2","OrangePellets","hubris:SlimyHat","Orichalcum","aspiration:ChemicalBlood","Happy Flower","MawBank","Juzu Bracelet","aspiration:HiddenCompartment","aspiration:Nostalgia","Cracked Core","Shuriken","aspiration:StickyExplosives_weak"],"acts_visited":["Exordium","TheCity","TheBeyond","TheEnding"],"potions_floor_usage":[6,8,11,20,20,25,47,48,55,55,55,55],"damage_taken":[{"damage":0,"enemies":"Jaw Worm","floor":1,"turns":3},{"damage":0,"enemies":"Cultist","floor":2,"turns":3},{"damage":8,"enemies":"2 Louse","floor":4,"turns":3},{"damage":18,"enemies":"Large Slime","floor":5,"turns":6},{"damage":6,"enemies":"3 Sentries","floor":6,"turns":7},{"damage":2,"enemies":"Gremlin Nob","floor":8,"turns":5},{"damage":2,"enemies":"3 Sentries","floor":11,"turns":6},{"damage":0,"enemies":"Looter","floor":12,"turns":3},{"damage":0,"enemies":"2 Fungi Beasts","floor":14,"turns":4},{"damage":0,"enemies":"Hexaghost","floor":16,"turns":9},{"damage":0,"enemies":"Chosen","floor":18,"turns":5},{"damage":10,"enemies":"2 Thieves","floor":20,"turns":3},{"damage":32,"enemies":"Slavers","floor":23,"turns":6},{"damage":2,"enemies":"Shelled Parasite and Fungi","floor":25,"turns":6},{"damage":6,"enemies":"Centurion and Healer","floor":27,"turns":7},{"damage":11,"enemies":"Snake Plant","floor":28,"turns":4},{"damage":23,"enemies":"Book of Stabbing","floor":29,"turns":6},{"damage":0,"enemies":"Masked Bandits","floor":31,"turns":8},{"damage":0,"enemies":"Champ","floor":33,"turns":7},{"damage":7,"enemies":"3 Darklings","floor":35,"turns":5},{"damage":0,"enemies":"3 Shapes","floor":36,"turns":5},{"damage":0,"enemies":"Transient","floor":39,"turns":6},{"damage":0,"enemies":"Giant Head","floor":40,"turns":6},{"damage":4,"enemies":"Reptomancer","floor":44,"turns":3},{"damage":5,"enemies":"Nemesis","floor":45,"turns":5},{"damage":20,"enemies":"Reptomancer","floor":47,"turns":4},{"damage":28,"enemies":"3 Darklings","floor":48,"turns":5},{"damage":14,"enemies":"Donu and Deca","floor":50,"turns":8},{"damage":20,"enemies":"Shield and Spear","floor":54,"turns":6},{"damage":65,"enemies":"The Heart","floor":55,"turns":9}],"seed_played":"230905055511714063","potions_obtained":[{"floor":2,"key":"Ancient Potion"},{"floor":4,"key":"LiquidBronze"},{"floor":5,"key":"AttackPotion"},{"floor":6,"key":"SmokeBomb"},{"floor":8,"key":"ShroomBrew"},{"floor":11,"key":"Strength Potion"},{"floor":12,"key":"Fire Potion"},{"floor":20,"key":"FearPotion"},{"floor":23,"key":"DuplicationPotion"},{"floor":25,"key":"BottledSpark"},{"floor":27,"key":"EssenceOfSteel"},{"floor":33,"key":"AttackPotion"},{"floor":35,"key":"jedi:wingpotion"},{"floor":45,"key":"Energy Potion"},{"floor":47,"key":"jedi:holywater"},{"floor":48,"key":"Strength Potion"},{"floor":55,"key":"Strength Potion"}],"is_trial":false,"path_per_floor":["M","M","?","M","M","E","R","E","T","R","E","M","?","M","R","B",null,"M","?","M","$","?","E","R","M","T","M","M","E","R","?","R","B",null,"M","M","$","?","M","E","?","$","T","E","E","?","E","M","R","B",null,"R","$","E","B",null],"character_chosen":"MARISA","items_purchased":["Ice Cream","Medical Kit","OortCloud","OrangePellets","hubris:SlimyHat","Orichalcum","aspiration:Nostalgia"],"campfire_rested":0,"item_purchase_floors":[21,21,42,42,42,42,53],"current_hp_per_floor":[63,63,63,55,37,31,31,29,36,36,49,58,51,63,63,77,77,77,77,71,71,71,57,57,74,74,77,77,68,68,77,77,77,77,77,77,77,77,77,77,77,77,77,77,77,77,67,62,62,67,75,75,75,66,32],"gold":105,"neow_bonus":"ONE_RARE_RELIC","is_daily":false,"chose_seed":false,"campfire_upgraded":7,"win_rate":0.0,"timestamp":1613869346,"path_taken":["M","M","?","?","M","E","R","E","T","R","E","M","?","M","R","BOSS","M","?","M","$","?","E","R","M","T","M","M","E","R","?","R","BOSS","M","M","$","?","M","E","?","$","T","E","E","?","E","M","R","BOSS","R","$","E","BOSS"],"items_purchased_type":["Relic","Relic","Card","Relic","Relic","Relic","Relic"],"build_version":"2020-12-22","purchased_purges":2,"victory":true,"max_hp_per_floor":[70,70,70,70,70,70,70,70,77,77,77,77,77,77,77,77,77,77,77,77,77,77,77,77,77,77,77,77,77,77,77,77,77,77,77,77,77,77,77,77,77,77,77,77,77,77,77,77,77,77,77,77,77,77,77],"relic_stats":{"Happy Flower":[10],"counters":[30,163],"CeramicFish":72,"PreservedInsect":464,"Juzu Bracelet":0,"Orichalcum":[66],"Medical Kit":[90],"MawBank":96,"OrangePellets":[5],"Shuriken":[3],"obtain_stats":[{"Ice Cream":21,"CeramicFish":23,"Incense Burner":0,"hubris:SlimyHat":42,"Juzu Bracelet":47,"SproutingBranch":8,"jedi:bottledfury":26,"hubris:TerracottaHorce":34,"aspiration:StickyExplosives_weak":54,"Strawberry":9,"Red Mask":31,"Toxic Egg 2":40,"Cracked Core":53,"InkBottle":40,"aspiration:ChemicalBlood":44,"Happy Flower":45,"aspiration:Nostalgia":53,"Thread and Needle":33,"PreservedInsect":19,"Orichalcum":42,"Medical Kit":21,"MawBank":45,"aspiration:HiddenCompartment":47,"White Beast Statue":6,"hubris:Zylophone":11,"SlaversCollar":17,"ShroomBag":22,"OrangePellets":42,"Shuriken":54,"hubris:BundleOfHerbs":23,"hubris:TenFootPole":29,"MiniHakkero":0,"Toy Ornithopter":29},{"Ice Cream":12,"CeramicFish":13,"Incense Burner":0,"hubris:SlimyHat":23,"Juzu Bracelet":26,"SproutingBranch":6,"jedi:bottledfury":14,"hubris:TerracottaHorce":19,"aspiration:StickyExplosives_weak":29,"Strawberry":6,"Red Mask":18,"Toxic Egg 2":23,"Cracked Core":28,"InkBottle":23,"aspiration:ChemicalBlood":24,"Happy Flower":25,"aspiration:Nostalgia":28,"Thread and Needle":19,"PreservedInsect":11,"Orichalcum":23,"Medical Kit":12,"MawBank":25,"aspiration:HiddenCompartment":26,"White Beast Statue":5,"hubris:Zylophone":7,"SlaversCollar":10,"ShroomBag":12,"OrangePellets":23,"Shuriken":29,"hubris:BundleOfHerbs":13,"hubris:TenFootPole":17,"MiniHakkero":0,"Toy Ornithopter":17},{"Ice Cream":57,"CeramicFish":63,"Incense Burner":0,"hubris:SlimyHat":123,"Juzu Bracelet":135,"SproutingBranch":27,"jedi:bottledfury":69,"hubris:TerracottaHorce":101,"aspiration:StickyExplosives_weak":154,"Strawberry":27,"Red Mask":94,"Toxic Egg 2":123,"Cracked Core":148,"InkBottle":123,"aspiration:ChemicalBlood":126,"Happy Flower":131,"aspiration:Nostalgia":148,"Thread and Needle":101,"PreservedInsect":54,"Orichalcum":123,"Medical Kit":57,"MawBank":131,"aspiration:HiddenCompartment":135,"White Beast Statue":22,"hubris:Zylophone":33,"SlaversCollar":49,"ShroomBag":57,"OrangePellets":123,"Shuriken":154,"hubris:BundleOfHerbs":63,"hubris:TenFootPole":86,"MiniHakkero":0,"Toy Ornithopter":86}],"Toy Ornithopter":29,"InkBottle":[26]},"card_choices":[{"not_picked":["LuminesStrike","IllusionStar"],"picked":"OrrerysSun","floor":1},{"not_picked":["6A","IllusionStar"],"picked":"MysteriousBeam","floor":2},{"not_picked":["DarkSpark","EventHorizon"],"picked":"GalacticHalo","floor":4},{"not_picked":["EnergyRecoil","WitchLeyline","DragonMeteor"],"picked":"SKIP","floor":5},{"not_picked":["ShootingEcho","BlazeAway"],"picked":"OortCloud","floor":6},{"not_picked":["StarlightTyphoon","PowerUp"],"picked":"BinaryStars","floor":8},{"not_picked":["GalacticHalo","Acceleration"],"picked":"NonDirectionalLaser","floor":11},{"not_picked":["DoubleSpark","DC"],"picked":"EnergyFlow","floor":12},{"not_picked":["StarBarrage","MagicChant"],"picked":"GrandCross","floor":14},{"not_picked":["EscapeVelocity","ManaRampage"],"picked":"TreasureHunter","floor":16},{"not_picked":["Occultation","StarlightTyphoon"],"picked":"MagicAbsorber","floor":18},{"not_picked":["LuminesStrike","GrandCross"],"picked":"Acceleration","floor":20},{"not_picked":["DoubleSpark","UnstableBomb"],"picked":"UltimateShortwave","floor":23},{"not_picked":["RefractionSpark","WitchOfGreed","6A"],"picked":"SKIP","floor":25},{"not_picked":["NonDirectionalLaser","SporeBomb","DoubleSpark"],"picked":"SKIP","floor":27},{"not_picked":["NonDirectionalLaser","SporeBomb","DoubleSpark"],"picked":"SKIP","floor":27},{"not_picked":["AsteroidBelt","OpenUniverse+1","ShootingEcho"],"picked":"SKIP","floor":28},{"not_picked":["GrandCross","Orbital","PowerUp"],"picked":"SKIP","floor":29},{"not_picked":["GrandCross","ChargeUpSpray+1"],"picked":"MilkyWay","floor":31},{"not_picked":["MaximisePower","TreasureHunter"],"picked":"EscapeVelocity","floor":33},{"not_picked":["MagicChant","MysteriousBeam+1","6A"],"picked":"SKIP","floor":35},{"not_picked":["EarthLightRay","Orbital+1","OpenUniverse"],"picked":"SKIP","floor":36},{"not_picked":["SuperPerseids","GrandCross+1","WitchLeyline"],"picked":"SKIP","floor":39},{"not_picked":["GravityBeat+1","FairyDestructionRay"],"picked":"Acceleration+1","floor":40},{"not_picked":["Orbital+1","EnergyRecoil+1","OneTimeOff+1"],"picked":"SKIP","floor":44},{"not_picked":["IllusionStar+1","EventHorizon","BlazeAway+1"],"picked":"SKIP","floor":45},{"not_picked":["Singularity","OpenUniverse+1","ManaRampage+1"],"picked":"SKIP","floor":47},{"not_picked":["DoubleSpark","OneTimeOff+1","GravityBeat"],"picked":"SKIP","floor":48},{"not_picked":["ShootTheMoon","PowerUp+1"],"picked":"DeepEcoloBomb","floor":54}],"player_experience":2471481,"relics_obtained":[{"floor":6,"key":"White Beast Statue"},{"floor":8,"key":"SproutingBranch"},{"floor":9,"key":"Strawberry"},{"floor":11,"key":"hubris:Zylophone"},{"floor":22,"key":"ShroomBag"},{"floor":23,"key":"CeramicFish"},{"floor":23,"key":"hubris:BundleOfHerbs"},{"floor":26,"key":"jedi:bottledfury"},{"floor":29,"key":"hubris:TenFootPole"},{"floor":29,"key":"Toy Ornithopter"},{"floor":31,"key":"Red Mask"},{"floor":33,"key":"Thread and Needle"},{"floor":40,"key":"InkBottle"},{"floor":40,"key":"Toxic Egg 2"},{"floor":44,"key":"aspiration:ChemicalBlood"},{"floor":45,"key":"Happy Flower"},{"floor":45,"key":"MawBank"},{"floor":47,"key":"Juzu Bracelet"},{"floor":47,"key":"aspiration:HiddenCompartment"},{"floor":54,"key":"Shuriken"},{"floor":54,"key":"aspiration:StickyExplosives_weak"}],"event_choices":[{"cards_removed":["Strike_MRS"],"damage_healed":0,"gold_gain":0,"player_choice":"Purged","damage_taken":0,"max_hp_gain":0,"max_hp_loss":0,"event_name":"Purifier","floor":3,"gold_loss":0},{"cards_removed":["Strike_MRS"],"damage_healed":0,"gold_gain":0,"player_choice":"Card Removal","damage_taken":7,"max_hp_gain":0,"max_hp_loss":0,"event_name":"Golden Wing","floor":13,"gold_loss":0},{"damage_healed":0,"gold_gain":0,"player_choice":"Opened","damage_taken":0,"relics_obtained":["PreservedInsect"],"max_hp_gain":0,"max_hp_loss":0,"event_name":"The Mausoleum","floor":19,"gold_loss":0},{"damage_healed":0,"gold_gain":0,"player_choice":"Fought Bandits","damage_taken":0,"max_hp_gain":0,"max_hp_loss":0,"event_name":"Masked Bandits","floor":31,"gold_loss":0},{"damage_healed":0,"gold_gain":0,"player_choice":"Memory 1","damage_taken":0,"max_hp_gain":0,"max_hp_loss":0,"event_name":"SensoryStone","floor":38,"gold_loss":0},{"damage_healed":0,"gold_gain":222,"player_choice":"Wore Mask","damage_taken":0,"max_hp_gain":0,"max_hp_loss":0,"event_name":"Tomb of Lord Red Mask","floor":41,"gold_loss":0},{"cards_removed":["EnergyFlow"],"damage_healed":0,"gold_gain":0,"player_choice":"Took Card","damage_taken":0,"max_hp_gain":0,"max_hp_loss":0,"event_name":"NoteForYourself","floor":46,"gold_loss":0,"cards_obtained":["Iron Wave"]}],"is_beta":false,"boss_relics":[{"not_picked":["Empty Cage","aspiration:RunicSpoon"],"picked":"SlaversCollar"},{"not_picked":["Fusion Hammer","ExperimentalFamiliar"],"picked":"hubris:TerracottaHorce"}],"items_purged_floors":[42,53],"is_endless":false,"potions_floor_spawned":[2,4,5,6,8,11,12,14,16,18,20,23,25,27,28,29,31,33,35,36,39,40,44,45,47,48,54],"ascension_level":19}}