{"host":"pu1pmxeu7vyxsds8","time":1613943340,"event":{"mods":["Act Like it!","BaseMod","Block Reminder","Minty Spire (QoL Compilation)","Permanent Neow","Quick Restart","Relic Stats"],"gold_per_floor":[110,110,0,13,23,57,57,89,89,101,101,111,10,38,38,139,139,159,159,171,189,21,51,51,61,61,87,98,127,7,24,24,120,120,120,12,43,43,43],"floor_reached":38,"language":"SPA","playtime":2742,"items_purged":["Strike_G","Strike_G"],"score":576,"play_id":"5ff15fe6-806c-4404-bf72-e4f5da655290","local_time":"20210221183540","is_ascension_mode":true,"campfire_choices":[{"data":"Neutralize","floor":7.0,"key":"SMITH"},{"data":"Bane","floor":11.0,"key":"SMITH"},{"data":"Deadly Poison","floor":15.0,"key":"SMITH"},{"data":"Noxious Fumes","floor":24.0,"key":"SMITH"},{"floor":32.0,"key":"REST"},{"data":"Footwork","floor":35,"key":"SMITH"}],"circlet_count":0,"master_deck":["Strike_G","Strike_G","Defend_G","Defend_G","Defend_G","Defend_G+1","Defend_G","Survivor","Neutralize+1","Sucker Punch","All Out Attack","Deadly Poison+1","Bane","Deadly Poison+1","Bane+1","Poisoned Stab","Bane","Heel Hook","Malaise","CurseOfTheBell","Deadly Poison","PiercingWail","Acrobatics+1","Noxious Fumes+1","Riddle With Holes+1","Die Die Die","Outmaneuver","Outmaneuver+1","Flechettes","Footwork+1","Backflip","Poisoned Stab","Corpse Explosion","Deadly Poison","Good Instincts","Poisoned Stab"],"relics":["Sozu","Potion Belt","Eternal Feather","Mercury Hourglass","War Paint","Anchor","Calling Bell","Centennial Puzzle","Pear","Du-Vu Doll","Tiny Chest","Torii","Toy Ornithopter","Ornamental Fan","Black Star","Bag of Preparation","Paper Crane"],"acts_visited":["TheEnding"],"potions_floor_usage":[],"damage_taken":[{"damage":0.0,"enemies":"Jaw Worm","floor":1.0,"turns":5.0},{"damage":0.0,"enemies":"Small Slimes","floor":4.0,"turns":4.0},{"damage":0.0,"enemies":"Cultist","floor":5.0,"turns":3.0},{"damage":14.0,"enemies":"Gremlin Nob","floor":6.0,"turns":5.0},{"damage":13.0,"enemies":"Lagavulin","floor":8.0,"turns":7.0},{"damage":0.0,"enemies":"2 Fungi Beasts","floor":10.0,"turns":2.0},{"damage":0.0,"enemies":"Exordium Thugs","floor":12.0,"turns":2.0},{"damage":13.0,"enemies":"3 Sentries","floor":14.0,"turns":5.0},{"damage":21.0,"enemies":"Hexaghost","floor":16.0,"turns":8.0},{"damage":0.0,"enemies":"Chosen","floor":18.0,"turns":4.0},{"damage":8.0,"enemies":"Spheric Guardian","floor":20.0,"turns":5.0},{"damage":6.0,"enemies":"Centurion and Healer","floor":21.0,"turns":6.0},{"damage":13.0,"enemies":"Gremlin Leader","floor":23.0,"turns":6.0},{"damage":16.0,"enemies":"Snake Plant","floor":25.0,"turns":3.0},{"damage":10.0,"enemies":"Slavers","floor":27.0,"turns":3.0},{"damage":2.0,"enemies":"Shelled Parasite and Fungi","floor":28.0,"turns":3.0},{"damage":16.0,"enemies":"Book of Stabbing","floor":29.0,"turns":5.0},{"damage":1.0,"enemies":"Snecko","floor":31.0,"turns":4.0},{"damage":61,"enemies":"Automaton","floor":33,"turns":8},{"damage":64,"enemies":"Shield and Spear","floor":37,"turns":5},{"damage":55,"enemies":"The Heart","floor":38,"turns":3}],"seed_played":"-5502564374445790269","potions_obtained":[],"is_trial":false,"path_per_floor":["M","?","?","M","M","E","R","E","T","M","R","M","$","E","R","B",null,"M","?","M","M","$","E","R","M","T","E","M","E","$","M","R","B",null,"R","$","E","B"],"character_chosen":"THE_SILENT","items_purchased":["Bane","Noxious Fumes","Footwork","Backflip","Deadly Poison","Good Instincts"],"campfire_rested":1,"item_purchase_floors":[13,22,30,30,36,36],"current_hp_per_floor":[70,75,75,75,75,61,70,57,57,57,66,66,66,53,65,44,85,85,85,77,71,71,58,73,57,57,47,45,29,29,28,71,10,85,85,85,21,0,0],"gold":43,"neow_bonus":"BOSS_RELIC","is_daily":false,"chose_seed":false,"campfire_upgraded":5,"win_rate":0.0,"timestamp":1613943340,"path_taken":["M","?","?","M","?","E","R","E","T","M","R","M","$","E","R","BOSS","M","?","?","M","$","E","R","M","T","E","M","E","?","M","R","BOSS","R","$","E","BOSS"],"items_purchased_type":["Card","Card","Card","Card","Card","Card"],"build_version":"2020-12-22","purchased_purges":2,"victory":false,"max_hp_per_floor":[70,75,75,75,75,75,75,75,75,75,75,75,75,75,75,75,85,85,85,85,85,85,85,85,85,85,85,85,85,85,85,85,85,85,85,85,85,85,85],"relic_stats":{"Torii":24,"counters":[6,28],"Eternal Feather":18,"Bag of Preparation":[2],"War Paint":[],"Mercury Hourglass":[114],"Sozu":0,"Centennial Puzzle":[18],"Ornamental Fan":[24],"Tiny Chest":0,"Black Star":1,"obtain_stats":[{"Potion Belt":0,"Pear":0,"Torii":0,"Eternal Feather":0,"Bag of Preparation":37,"War Paint":0,"Paper Crane":37,"Mercury Hourglass":0,"Sozu":0,"Calling Bell":0,"Du-Vu Doll":0,"Anchor":0,"Centennial Puzzle":0,"Ornamental Fan":29,"Tiny Chest":0,"Black Star":34,"Toy Ornithopter":0},{"Potion Belt":0,"Pear":0,"Torii":0,"Eternal Feather":0,"Bag of Preparation":5,"War Paint":0,"Paper Crane":5,"Mercury Hourglass":0,"Sozu":0,"Calling Bell":0,"Du-Vu Doll":0,"Anchor":0,"Centennial Puzzle":0,"Ornamental Fan":2,"Tiny Chest":0,"Black Star":4,"Toy Ornithopter":0},{"Potion Belt":0,"Pear":0,"Torii":0,"Eternal Feather":0,"Bag of Preparation":25,"War Paint":0,"Paper Crane":25,"Mercury Hourglass":0,"Sozu":0,"Calling Bell":0,"Du-Vu Doll":0,"Anchor":0,"Centennial Puzzle":0,"Ornamental Fan":8,"Tiny Chest":0,"Black Star":20,"Toy Ornithopter":0}],"Toy Ornithopter":0},"card_choices":[{"not_picked":["Dash","Dodge and Roll"],"picked":"Sucker Punch","floor":1.0},{"not_picked":["Backflip","Slice"],"picked":"All Out Attack","floor":4.0},{"not_picked":["Accuracy","Caltrops"],"picked":"Deadly Poison","floor":5.0},{"not_picked":["Quick Slash","Endless Agony"],"picked":"Bane","floor":6.0},{"not_picked":["Sucker Punch","Flying Knee"],"picked":"Deadly Poison","floor":8.0},{"not_picked":["Cloak And Dagger","Flying Knee"],"picked":"Bane","floor":10.0},{"not_picked":["Dagger Spray","Deadly Poison"],"picked":"Poisoned Stab","floor":12.0},{"not_picked":["Expertise","Infinite Blades"],"picked":"Heel Hook","floor":14.0},{"not_picked":["A Thousand Cuts","Unload"],"picked":"Malaise","floor":16.0},{"not_picked":["Bane","Flying Knee"],"picked":"Deadly Poison","floor":18.0},{"not_picked":["Dagger Spray","Deadly Poison"],"picked":"PiercingWail","floor":20.0},{"not_picked":["Finisher","Flying Knee+1"],"picked":"Acrobatics+1","floor":21.0},{"not_picked":["Underhanded Strike","Cloak And Dagger"],"picked":"Riddle With Holes+1","floor":23.0},{"not_picked":["Eviscerate","Sucker Punch"],"picked":"Die Die Die","floor":25.0},{"not_picked":["Slice","Predator"],"picked":"Outmaneuver","floor":27.0},{"not_picked":["Riddle With Holes","Infinite Blades+1"],"picked":"Outmaneuver+1","floor":28.0},{"not_picked":["Heel Hook","Terror+1"],"picked":"Flechettes","floor":29.0},{"not_picked":["Quick Slash","Accuracy+1"],"picked":"Poisoned Stab","floor":31.0},{"not_picked":["Phantasmal Killer","After Image"],"picked":"Corpse Explosion","floor":33},{"not_picked":["Cloak And Dagger","Heel Hook"],"picked":"Poisoned Stab","floor":37}],"player_experience":28470,"relics_obtained":[{"floor":6.0,"key":"Eternal Feather"},{"floor":8.0,"key":"Mercury Hourglass"},{"floor":9.0,"key":"War Paint"},{"floor":14.0,"key":"Anchor"},{"floor":17.0,"key":"Centennial Puzzle"},{"floor":17.0,"key":"Pear"},{"floor":17.0,"key":"Du-Vu Doll"},{"floor":23.0,"key":"Tiny Chest"},{"floor":26.0,"key":"Torii"},{"floor":27.0,"key":"Toy Ornithopter"},{"floor":29.0,"key":"Ornamental Fan"},{"floor":37,"key":"Bag of Preparation"},{"floor":37,"key":"Paper Crane"}],"event_choices":[{"damage_healed":0.0,"max_hp_gain":5.0,"max_hp_loss":0.0,"gold_gain":0.0,"event_name":"Big Fish","player_choice":"Donut","floor":2.0,"gold_loss":0.0,"damage_taken":0.0},{"damage_healed":0.0,"max_hp_gain":0.0,"max_hp_loss":0.0,"gold_gain":0.0,"event_name":"WeMeetAgain","player_choice":"Paid Gold","floor":3.0,"gold_loss":110.0,"damage_taken":0.0,"relics_obtained":["Potion Belt"]},{"cards_removed":["Strike_G"],"damage_healed":0.0,"max_hp_gain":0.0,"max_hp_loss":0.0,"gold_gain":0.0,"event_name":"Wheel of Change","player_choice":"Card Removal","floor":19.0,"gold_loss":0.0,"damage_taken":0.0}],"is_beta":false,"boss_relics":[{"not_picked":["Runic Dome","Philosopher\u0027s Stone"],"picked":"Calling Bell"},{"not_picked":["HoveringKite","Busted Crown"],"picked":"Black Star"}],"items_purged_floors":[13,22],"is_endless":false,"potions_floor_spawned":[1,4,6,10,14,20,23,25,29,33],"killed_by":"The Heart","ascension_level":1}}