{"host":"l1pzlbpva2o8t11s","time":1613901954,"event":{"mods":["AchievementEnabler","BaseMod","Block Reminder","Colored Map","Minty Spire (QoL Compilation)","Random Character Button","Relic Stats","StSLib","The Jungle"],"gold_per_floor":[109,121,121,121,133,166,166,201,227,258,270,270,545,565,565,565,565],"floor_reached":16,"language":"ENG","playtime":1164,"items_purged":[],"score":140,"play_id":"c373fc80-59f8-4925-ba7b-fb6d931ce03a","local_time":"20210221110554","is_ascension_mode":true,"campfire_choices":[{"floor":7.0,"key":"REST"},{"floor":15,"key":"REST"}],"circlet_count":0,"master_deck":["Strike_G","Strike_G","Strike_G","Strike_G","Defend_G","Defend_G","Defend_G","Defend_G","Defend_G","Survivor","Neutralize","Blade Dance","Backstab","Regret","Storm of Steel","Flying Knee","Infinite Blades"],"relics":["Ring of the Snake","Nunchaku","Omamori","Bag of Preparation","Potion Belt","The Specimen"],"acts_visited":["Exordium"],"potions_floor_usage":[10,10,12],"damage_taken":[{"damage":0.0,"enemies":"2 Louse","floor":1.0,"turns":4.0},{"damage":1.0,"enemies":"Cultist","floor":2.0,"turns":3.0},{"damage":3.0,"enemies":"Jaw Worm","floor":5.0,"turns":5.0},{"damage":53.0,"enemies":"Gremlin Nob","floor":6.0,"turns":6.0},{"damage":15.0,"enemies":"3 Sentries","floor":8.0,"turns":10.0},{"damage":12,"enemies":"Lagavulin","floor":10,"turns":7},{"damage":0,"enemies":"Large Slime","floor":11,"turns":3},{"damage":0,"enemies":"Exordium Thugs","floor":12,"turns":1},{"damage":6,"enemies":"Lots of Slimes","floor":14,"turns":3},{"damage":16,"enemies":"Hexaghost","floor":16,"turns":9}],"seed_played":"331256718036094772","potions_obtained":[{"floor":1.0,"key":"Poison Potion"},{"floor":2.0,"key":"Dexterity Potion"},{"floor":4.0,"key":"Dexterity Potion"},{"floor":4.0,"key":"SmokeBomb"},{"floor":8.0,"key":"GhostInAJar"}],"is_trial":false,"path_per_floor":["M","M","?","?","M","E","R","E","T","E","M","M","?","M","R","B"],"character_chosen":"THE_SILENT","items_purchased":[],"campfire_rested":2,"item_purchase_floors":[],"current_hp_per_floor":[70,69,69,69,66,13,34,19,19,7,7,7,7,1,22,6,6],"gold":565,"neow_bonus":"REMOVE_CARD","is_daily":false,"chose_seed":false,"campfire_upgraded":0,"win_rate":0.0,"timestamp":1613901954,"path_taken":["M","M","?","?","?","E","R","E","T","E","M","M","?","?","R","BOSS"],"items_purchased_type":[],"build_version":"2020-12-22","purchased_purges":0,"victory":false,"max_hp_per_floor":[70,70,70,70,70,70,70,70,70,70,70,70,70,70,70,70,70],"relic_stats":{"Nunchaku":[14],"counters":[10,51],"Bag of Preparation":[10],"obtain_stats":[{"Potion Belt":9,"Nunchaku":3,"The Specimen":10,"Omamori":6,"Bag of Preparation":8,"Ring of the Snake":0},{"Potion Belt":5,"Nunchaku":2,"The Specimen":6,"Omamori":4,"Bag of Preparation":5,"Ring of the Snake":0},{"Potion Belt":28,"Nunchaku":7,"The Specimen":35,"Omamori":18,"Bag of Preparation":28,"Ring of the Snake":0}],"Ring of the Snake":[20]},"card_choices":[{"not_picked":["Catalyst","Cloak And Dagger"],"picked":"Blade Dance","floor":1.0},{"not_picked":["Choke","Flying Knee"],"picked":"Backstab","floor":2.0},{"not_picked":["Acrobatics","Bane","All Out Attack"],"picked":"SKIP","floor":5.0},{"not_picked":["Cloak And Dagger","Dagger Throw"],"picked":"Storm of Steel","floor":6.0},{"not_picked":["Underhanded Strike","Bane","Dodge and Roll"],"picked":"SKIP","floor":8.0},{"not_picked":["Catalyst","Poisoned Stab"],"picked":"Flying Knee","floor":10},{"not_picked":["Slice","Backflip","Dash"],"picked":"SKIP","floor":11},{"not_picked":["Blade Dance","Reflex"],"picked":"Infinite Blades","floor":14}],"player_experience":154526,"relics_obtained":[{"floor":6.0,"key":"Omamori"},{"floor":8.0,"key":"Bag of Preparation"},{"floor":9.0,"key":"Potion Belt"},{"floor":10,"key":"The Specimen"}],"event_choices":[{"damage_healed":0.0,"max_hp_gain":0.0,"max_hp_loss":0.0,"gold_gain":0.0,"event_name":"Big Fish","player_choice":"Box","floor":3.0,"gold_loss":0.0,"damage_taken":0.0,"relics_obtained":["Nunchaku"],"cards_obtained":["Regret"]},{"damage_healed":0.0,"max_hp_gain":0.0,"max_hp_loss":0.0,"gold_gain":0.0,"event_name":"Lab","player_choice":"Got Potions","floor":4.0,"gold_loss":0.0,"damage_taken":0.0},{"damage_healed":0,"gold_gain":275,"player_choice":"Desecrate","damage_taken":0,"max_hp_gain":0,"max_hp_loss":0,"event_name":"Golden Shrine","floor":13,"gold_loss":0,"cards_obtained":["Regret"]}],"is_beta":false,"boss_relics":[],"items_purged_floors":[],"is_endless":false,"potions_floor_spawned":[1,2,5,8],"killed_by":"Hexaghost","ascension_level":3}}