{"host":"l46m38yewlsb1e16","time":1613873829,"event":{"mods":["BaseMod","Infinite Spire","Minty Spire (QoL Compilation)","Replay The Spire","Shop Mod","StSLib","The Jungle"],"gold_per_floor":[114,133,13,27,46,376,389,407,407,407,437,437,437,465,465,561,561,580,580,179,199,210,210,241,241,266,293,293,323,323,338,338,338,338],"floor_reached":33,"language":"ENG","playtime":2415,"items_purged":["Regret","Pain"],"score":461,"play_id":"ae9cfc4a-e7c4-4b5d-a474-f012e5505824","local_time":"20210221021709","is_ascension_mode":true,"campfire_choices":[{"data":"Perfected Strike","floor":10,"key":"SMITH"},{"floor":12,"key":"REST"},{"data":"Spot Weakness","floor":15,"key":"SMITH"},{"data":"Seeing Red","floor":23,"key":"SMITH"},{"data":"Perfected Strike","floor":32,"key":"SMITH"}],"circlet_count":0,"master_deck":["Defend_R","Defend_R","Defend_R","Defend_R","Bash","Perfected Strike+1","Wild Strike","Cleave","Clash","Spot Weakness+1","Seeing Red","Anger","Sword Boomerang","Inflame","Impervious","ReplayTheSpireMod:Strike From Hell","Thunderclap","Perfected Strike+1","Seeing Red+1","Pot Of Greed","Pot Of Greed","Pot Of Greed","ReplayTheSpireMod:LeadingStrike+1","Replay:Hysterical Blindness","Twin Strike","Bite","Bite","Bite","Bite","Bite","Intimidate","Regret","Dual Wield+1"],"relics":["Burning Blood","King of Hearts","Old Coin","Torii","WarpedTongs","ReplayTheSpireMod:Ninjato","Cursed Key","Kunai","Thread and Needle","Grinning Jar","infinitespire:PuzzleCube","Blue Doll","White Beast Statue","Quantum Egg"],"acts_visited":["Exordium","TheCity"],"potions_floor_usage":[14,16,29,29,33],"damage_taken":[{"damage":10,"enemies":"Jaw Worm","floor":1,"turns":6},{"damage":8,"enemies":"Cultist","floor":2,"turns":3},{"damage":0,"enemies":"2 Louse","floor":4,"turns":1},{"damage":6,"enemies":"Large Slime","floor":5,"turns":7},{"damage":30,"enemies":"Lagavulin","floor":6,"turns":6},{"damage":11,"enemies":"Exordium Thugs","floor":7,"turns":4},{"damage":11,"enemies":"Looter","floor":8,"turns":2},{"damage":32,"enemies":"Gremlin Nob","floor":11,"turns":4},{"damage":28,"enemies":"Lagavulin","floor":14,"turns":6},{"damage":10,"enemies":"Hexaghost","floor":16,"turns":7},{"damage":4,"enemies":"Chosen","floor":18,"turns":4},{"damage":8,"enemies":"Shell Parasite","floor":22,"turns":2},{"damage":21,"enemies":"Book of Stabbing","floor":24,"turns":4},{"damage":1,"enemies":"Gremlin Leader","floor":27,"turns":4},{"damage":22,"enemies":"Slavers","floor":29,"turns":3},{"damage":7,"enemies":"Cultist and Chosen","floor":31,"turns":4},{"damage":91,"enemies":"Automaton","floor":33,"turns":6}],"seed_played":"-2296792423426364891","potions_obtained":[{"floor":4,"key":"HeartOfIron"},{"floor":6,"key":"SpeedPotion"},{"floor":7,"key":"Dexterity Potion"},{"floor":24,"key":"Energy Potion"},{"floor":27,"key":"Explosive Potion"},{"floor":31,"key":"ColorlessPotion"}],"is_trial":false,"path_per_floor":["M","M","$","M","M","E","M","M","T","R","E","R","?","E","R","B",null,"M","?","$","?","M","R","E","?","T","E","?","E","T","M","R","B"],"character_chosen":"IRONCLAD","items_purchased":["Wild Strike","Kunai","Thunderclap"],"campfire_rested":1,"item_purchase_floors":[3,20,20],"current_hp_per_floor":[68,66,66,72,72,48,43,38,38,38,12,36,36,14,14,10,63,65,65,65,33,31,31,16,42,42,47,47,42,42,50,50,0,0],"gold":338,"neow_bonus":"RANDOM_EVENT","is_daily":false,"chose_seed":false,"campfire_upgraded":4,"win_rate":0.0,"timestamp":1613873829,"path_taken":["M","M","$","M","M","E","M","M","T","R","E","R","?","E","R","BOSS","M","?","$","?","M","R","E","?","T","E","?","E","?","M","R","BOSS"],"items_purchased_type":["Card","Relic","Card"],"build_version":"2020-12-22","purchased_purges":2,"victory":false,"max_hp_per_floor":[80,80,80,80,80,80,80,80,80,80,80,80,80,80,80,80,80,80,80,80,80,80,80,80,80,80,80,56,56,56,56,56,56,56],"card_choices":[{"not_picked":["Cleave","Run Through"],"picked":"Perfected Strike","floor":1},{"not_picked":["Dropkick","Sword Boomerang","Iron Wave"],"picked":"SKIP","floor":2},{"not_picked":["ReplayTheSpireMod:Strike From Hell","Run Through"],"picked":"Cleave","floor":4},{"not_picked":["Heavy Blade","Sword Boomerang"],"picked":"Clash","floor":5},{"not_picked":["Offering","Anger"],"picked":"Spot Weakness","floor":6},{"not_picked":["True Grit","Inflame"],"picked":"Seeing Red","floor":7},{"not_picked":["Power Through","Blood for Blood"],"picked":"Anger","floor":8},{"not_picked":["Thunderclap","Cleave"],"picked":"Sword Boomerang","floor":11},{"not_picked":["Thunderclap","Fiend Fire"],"picked":"Inflame","floor":14},{"not_picked":["Bludgeon","Exhume"],"picked":"Impervious","floor":16},{"not_picked":["Heavy Blade","Havoc"],"picked":"ReplayTheSpireMod:Strike From Hell","floor":18},{"not_picked":["Carnage+1","True Grit"],"picked":"Perfected Strike","floor":21},{"not_picked":["Twin Strike","Flex"],"picked":"Seeing Red","floor":22},{"not_picked":["Whirlwind","Dropkick"],"picked":"ReplayTheSpireMod:LeadingStrike+1","floor":24},{"not_picked":["Searing Blow","ReplayTheSpireMod:Corrosion Curse"],"picked":"Twin Strike","floor":27},{"not_picked":["True Grit","Anger"],"picked":"Intimidate","floor":29},{"not_picked":["Flame Barrier+1","Inflame"],"picked":"Dual Wield+1","floor":31}],"player_experience":401313,"relics_obtained":[{"floor":6,"key":"Old Coin"},{"floor":11,"key":"Torii"},{"floor":14,"key":"ReplayTheSpireMod:Ninjato"},{"floor":21,"key":"Thread and Needle"},{"floor":24,"key":"Grinning Jar"},{"floor":26,"key":"infinitespire:PuzzleCube"},{"floor":27,"key":"Blue Doll"},{"floor":29,"key":"White Beast Statue"},{"floor":30,"key":"Quantum Egg"}],"event_choices":[{"damage_healed":0,"gold_gain":0,"player_choice":"Box","damage_taken":0,"relics_obtained":["King of Hearts"],"max_hp_gain":0,"max_hp_loss":0,"event_name":"Big Fish","floor":0,"gold_loss":0,"cards_obtained":["Regret"]},{"damage_healed":0,"gold_gain":0,"player_choice":"Rummage","damage_taken":0,"relics_obtained":["WarpedTongs"],"max_hp_gain":0,"max_hp_loss":0,"event_name":"Accursed Blacksmith","floor":13,"gold_loss":0,"cards_obtained":["Pain"]},{"damage_healed":26,"gold_gain":0,"player_choice":"Heal","damage_taken":0,"max_hp_gain":0,"max_hp_loss":0,"event_name":"The Library","floor":25,"gold_loss":0},{"damage_healed":0,"gold_gain":0,"player_choice":"Became a vampire","damage_taken":0,"max_hp_gain":0,"max_hp_loss":24,"event_name":"Vampires","floor":28,"gold_loss":0,"cards_obtained":["Bite","Bite","Bite","Bite","Bite"]}],"is_beta":false,"boss_relics":[{"not_picked":["SacredBark","Runic Dome"],"picked":"Cursed Key"}],"items_purged_floors":[3,20],"is_endless":false,"potions_floor_spawned":[4,6,7,8,24,27,31],"killed_by":"Automaton","ascension_level":7}}