{"host":"vumwfieg2b2mnrfl","time":1613881908,"event":{"mods":["AchievementEnabler","BaseMod","Minty Spire (QoL Compilation)","Rare Cards Sparkle","Relic Stats"],"gold_per_floor":[116,126,126,126,51,51,66,99,126,137,163,78,78,89,89,165,165,179,199,246,296,312,338,338,369,369,394,410,426,441,366,366,443,493,510,225,245,245,88,88,88,120,143,143,173,186,221,236,236,236,236],"floor_reached":50,"language":"ENG","playtime":1880,"items_purged":["Regret","Strike_G"],"score":1275,"play_id":"070833cb-b72e-419e-9d9c-f9c83194bdc8","local_time":"20210220223148","is_ascension_mode":true,"campfire_choices":[{"data":"Blade Dance","floor":6.0,"key":"SMITH"},{"floor":13,"key":"REST"},{"data":"Leg Sweep","floor":15,"key":"SMITH"},{"floor":24,"key":"REST"},{"floor":32,"key":"REST"},{"data":"Tactician","floor":40,"key":"SMITH"},{"floor":49,"key":"REST"}],"circlet_count":0,"master_deck":["AscendersBane","Strike_G","Defend_G","Defend_G","Defend_G","Survivor","Neutralize+1","A Thousand Cuts+1","Backstab+1","Blade Dance+1","PiercingWail","Die Die Die","Tactician+1","Leg Sweep+1","Acrobatics","Night Terror","Accuracy","Acrobatics","Storm of Steel","Predator","Cloak And Dagger","Infinite Blades","Night Terror","Leg Sweep+1","Well Laid Plans","Accuracy","Envenom","Blade Dance+1","Sadistic Nature","Accuracy+1","Terror","Accuracy","Reflex","Prepared"],"relics":["Astrolabe","Bag of Marbles","InkBottle","Lantern","HornCleat","Sozu","Omamori","Thread and Needle","Sundial","Prayer Wheel","Orichalcum","Tiny House","Lee\u0027s Waffle","Bottled Lightning","Toy Ornithopter","Meat on the Bone","Boot"],"acts_visited":["Exordium","TheCity","TheBeyond"],"potions_floor_usage":[11,23],"damage_taken":[{"damage":0.0,"enemies":"2 Louse","floor":1.0,"turns":1.0},{"damage":4.0,"enemies":"Jaw Worm","floor":2.0,"turns":2.0},{"damage":0.0,"enemies":"Cultist","floor":7.0,"turns":1.0},{"damage":19.0,"enemies":"3 Sentries","floor":8.0,"turns":4.0},{"damage":5.0,"enemies":"Blue Slaver","floor":10.0,"turns":2.0},{"damage":20,"enemies":"Lagavulin","floor":11,"turns":4},{"damage":0,"enemies":"Exordium Thugs","floor":14,"turns":3},{"damage":4,"enemies":"Hexaghost","floor":16,"turns":6},{"damage":0,"enemies":"Spheric Guardian","floor":18,"turns":2},{"damage":0,"enemies":"3 Byrds","floor":19,"turns":3},{"damage":0,"enemies":"Snecko","floor":22,"turns":3},{"damage":22,"enemies":"Book of Stabbing","floor":23,"turns":4},{"damage":29,"enemies":"Gremlin Leader","floor":25,"turns":5},{"damage":0,"enemies":"Slavers","floor":27,"turns":3},{"damage":20,"enemies":"Shelled Parasite and Fungi","floor":28,"turns":4},{"damage":0,"enemies":"Chosen and Byrds","floor":29,"turns":3},{"damage":0,"enemies":"Snecko","floor":30,"turns":3},{"damage":18,"enemies":"Automaton","floor":33,"turns":8},{"damage":2,"enemies":"Orb Walker","floor":35,"turns":4},{"damage":9,"enemies":"3 Shapes","floor":37,"turns":5},{"damage":22,"enemies":"Nemesis","floor":42,"turns":7},{"damage":15,"enemies":"Reptomancer","floor":45,"turns":5},{"damage":0,"enemies":"3 Darklings","floor":46,"turns":5},{"damage":37,"enemies":"Nemesis","floor":47,"turns":5},{"damage":6,"enemies":"Writhing Mass","floor":48,"turns":6},{"damage":46,"enemies":"Donu and Deca","floor":50,"turns":4}],"seed_played":"-7636960965503715102","potions_obtained":[{"floor":2.0,"key":"Swift Potion"},{"floor":7.0,"key":"LiquidBronze"},{"floor":16,"key":"AttackPotion"}],"is_trial":false,"path_per_floor":["M","M","?","?","$","R","M","E","T","M","E","$","R","M","R","B",null,"M","M","T","?","M","E","R","E","T","E","M","M","M","?","R","B",null,"M","$","M","?","$","R","$","E","T","?","E","M","E","M","R","B"],"character_chosen":"THE_SILENT","items_purchased":["Accuracy","Sadistic Nature","Lee\u0027s Waffle"],"campfire_rested":4,"item_purchase_floors":[12,36,39],"current_hp_per_floor":[59,55,55,55,55,55,55,36,36,31,11,11,30,30,30,26,56,56,56,56,56,56,34,53,24,24,24,4,4,4,4,23,5,56,54,54,45,45,78,78,78,56,56,56,41,41,16,22,45,0,0],"gold":236,"neow_bonus":"BOSS_RELIC","is_daily":false,"chose_seed":false,"campfire_upgraded":3,"win_rate":0.0,"timestamp":1613881908,"path_taken":["M","M","?","?","$","R","M","E","T","M","E","$","R","M","R","BOSS","M","M","?","?","M","E","R","E","T","E","M","?","M","?","R","BOSS","M","$","M","?","?","R","?","E","T","?","E","M","E","M","R","BOSS"],"items_purchased_type":["Card","Card","Relic"],"build_version":"2020-12-22","purchased_purges":2,"victory":false,"max_hp_per_floor":[66,66,66,66,66,66,66,66,66,66,66,66,66,66,66,66,66,66,66,66,66,66,66,66,66,66,66,66,66,66,66,66,66,71,71,71,71,71,78,78,78,78,78,78,78,78,78,78,78,78,78],"relic_stats":{"Sozu":11,"Lee\u0027s Waffle":33,"counters":[26,102],"Sundial":[4],"Astrolabe":["A Thousand Cuts","All Out Attack","Backstab"],"Prayer Wheel":7,"Orichalcum":[78],"Boot":[8],"obtain_stats":[{"Lantern":9,"Lee\u0027s Waffle":39,"Tiny House":34,"Astrolabe":0,"Thread and Needle":23,"Omamori":20,"Orichalcum":27,"Boot":47,"Sozu":17,"HornCleat":11,"Sundial":25,"Prayer Wheel":26,"Bag of Marbles":3,"Bottled Lightning":42,"InkBottle":8,"Toy Ornithopter":43,"Ring of the Snake":0,"Meat on the Bone":45},{"Lantern":4,"Lee\u0027s Waffle":20,"Tiny House":18,"Astrolabe":0,"Thread and Needle":12,"Omamori":10,"Orichalcum":14,"Boot":24,"Sozu":8,"HornCleat":6,"Sundial":13,"Prayer Wheel":13,"Bag of Marbles":2,"Bottled Lightning":21,"InkBottle":4,"Toy Ornithopter":21,"Ring of the Snake":0,"Meat on the Bone":22},{"Lantern":8,"Lee\u0027s Waffle":70,"Tiny House":61,"Astrolabe":0,"Thread and Needle":35,"Omamori":28,"Orichalcum":43,"Boot":92,"Sozu":23,"HornCleat":14,"Sundial":40,"Prayer Wheel":40,"Bag of Marbles":3,"Bottled Lightning":77,"InkBottle":8,"Toy Ornithopter":77,"Ring of the Snake":0,"Meat on the Bone":82}],"InkBottle":[49],"Toy Ornithopter":0,"Meat on the Bone":24},"card_choices":[{"not_picked":["Deflect","Infinite Blades"],"picked":"Blade Dance","floor":1.0},{"not_picked":["Slice","Blur"],"picked":"PiercingWail","floor":2.0},{"not_picked":["Outmaneuver","Dagger Spray"],"picked":"Tactician","floor":7.0},{"not_picked":["Finisher","Quick Slash"],"picked":"Leg Sweep","floor":8.0},{"not_picked":["Deadly Poison","Dagger Spray"],"picked":"Acrobatics","floor":10.0},{"not_picked":["Malaise","Prepared"],"picked":"Night Terror","floor":11},{"not_picked":["Deadly Poison","Dodge and Roll"],"picked":"Acrobatics","floor":14},{"not_picked":["A Thousand Cuts","Die Die Die"],"picked":"Storm of Steel","floor":16},{"not_picked":["Quick Slash","Dash","Expertise"],"picked":"SKIP","floor":18},{"not_picked":["Acrobatics","Slice"],"picked":"Predator","floor":19},{"not_picked":["Slice","Deadly Poison","Dodge and Roll"],"picked":"SKIP","floor":22},{"not_picked":["Eviscerate","Quick Slash"],"picked":"Cloak And Dagger","floor":23},{"not_picked":["Bullet Time","Escape Plan"],"picked":"Infinite Blades","floor":25},{"not_picked":["Deadly Poison","Underhanded Strike"],"picked":"Night Terror","floor":27},{"not_picked":["Outmaneuver+1","Cloak And Dagger"],"picked":"Leg Sweep+1","floor":28},{"not_picked":["Quick Slash","Dagger Throw+1","Acrobatics"],"picked":"SKIP","floor":28},{"not_picked":["Heel Hook+1","PiercingWail+1"],"picked":"Well Laid Plans","floor":29},{"not_picked":["Flechettes","Underhanded Strike","Sucker Punch"],"picked":"SKIP","floor":29},{"not_picked":["Dodge and Roll","Outmaneuver"],"picked":"Accuracy","floor":30},{"not_picked":["Skewer","Riddle With Holes","Glass Knife"],"picked":"SKIP","floor":30},{"not_picked":["Adrenaline","Glass Knife"],"picked":"Envenom","floor":33},{"not_picked":["Sucker Punch","Backflip"],"picked":"Blade Dance+1","floor":35},{"not_picked":["Caltrops+1","Dagger Spray+1","Underhanded Strike"],"picked":"SKIP","floor":35},{"not_picked":["Phantasmal Killer","Sucker Punch"],"picked":"Accuracy+1","floor":37},{"not_picked":["Concentrate","PiercingWail+1","Underhanded Strike+1"],"picked":"SKIP","floor":37},{"not_picked":["Underhanded Strike+1","PiercingWail","Blade Dance"],"picked":"SKIP","floor":42},{"not_picked":["Backstab","Deflect","Acrobatics"],"picked":"SKIP","floor":45},{"not_picked":["Dodge and Roll+1","Blade Dance"],"picked":"Terror","floor":46},{"not_picked":["Underhanded Strike+1","Riddle With Holes+1","Flying Knee"],"picked":"SKIP","floor":46},{"not_picked":["Acrobatics+1","Masterful Stab"],"picked":"Accuracy","floor":47},{"not_picked":["Storm of Steel","Backflip"],"picked":"Reflex","floor":48},{"not_picked":["Cloak And Dagger","Deflect+1"],"picked":"Prepared","floor":48}],"player_experience":576749,"relics_obtained":[{"floor":8.0,"key":"InkBottle"},{"floor":9.0,"key":"Lantern"},{"floor":11,"key":"HornCleat"},{"floor":20,"key":"Omamori"},{"floor":23,"key":"Thread and Needle"},{"floor":25,"key":"Sundial"},{"floor":26,"key":"Prayer Wheel"},{"floor":27,"key":"Orichalcum"},{"floor":42,"key":"Bottled Lightning"},{"floor":43,"key":"Toy Ornithopter"},{"floor":45,"key":"Meat on the Bone"},{"floor":47,"key":"Boot"}],"event_choices":[{"damage_healed":0.0,"max_hp_gain":0.0,"max_hp_loss":0.0,"gold_gain":0.0,"event_name":"Big Fish","player_choice":"Box","floor":3.0,"gold_loss":0.0,"damage_taken":0.0,"relics_obtained":["Bag of Marbles"],"cards_obtained":["Regret"]},{"damage_healed":0.0,"max_hp_gain":0.0,"max_hp_loss":0.0,"gold_gain":0.0,"cards_transformed":["Defend_G"],"event_name":"Transmorgrifier","player_choice":"Transformed","floor":4.0,"gold_loss":0.0,"damage_taken":0.0,"cards_obtained":["Die Die Die"]},{"damage_healed":0,"gold_gain":100,"player_choice":"Bet on Murderer","damage_taken":0,"max_hp_gain":0,"max_hp_loss":0,"event_name":"The Joust","floor":21,"gold_loss":50},{"cards_removed":["Strike_G"],"damage_healed":0,"gold_gain":0,"player_choice":"Gave Gold","damage_taken":0,"max_hp_gain":0,"max_hp_loss":0,"event_name":"Beggar","floor":31,"gold_loss":75},{"damage_healed":0,"gold_gain":0,"player_choice":"Got Potions","damage_taken":0,"max_hp_gain":0,"max_hp_loss":0,"event_name":"Lab","floor":38,"gold_loss":0},{"cards_removed":["All Out Attack"],"damage_healed":0,"gold_gain":0,"player_choice":"Removed Attack","damage_taken":0,"max_hp_gain":0,"max_hp_loss":0,"event_name":"Falling","floor":44,"gold_loss":0}],"is_beta":false,"boss_relics":[{"not_picked":["Snecko Eye","Empty Cage"],"picked":"Sozu"},{"not_picked":["SacredBark","Runic Dome"],"picked":"Tiny House"}],"items_purged_floors":[5,36],"is_endless":false,"potions_floor_spawned":[2,7,8,16,19,25,28,30,35,37,42,48],"killed_by":"Donu and Deca","ascension_level":20}}