{"host":"v0n6ky7dmveherv3","time":1613881620,"event":{"mods":["BaseMod","Better Third Choice","Downfall","Minty Spire (QoL Compilation)","StSLib"],"gold_per_floor":[99,109,126,145,145,145,145,172,172,172,172,183,183,218,228,329,329,329,344,29,40,140,140,140,140,152,5,34,34,44,75,90,189,189,189,203,214,233,283,333,333,372,65,94,104,304,337,353,366,366,366,366],"floor_reached":50,"language":"ENG","playtime":2989,"items_purged":[],"score":787,"play_id":"0a388e07-3179-4674-8822-15c0844409f2","local_time":"20210220212700","is_ascension_mode":true,"campfire_choices":[{"data":"hexamod:Float","floor":1,"key":"SMITH"},{"data":"hexamod:HeatMetal","floor":6,"key":"SMITH"},{"data":"hexamod:Sear","floor":9,"key":"SMITH"},{"data":"hexamod:Defend","floor":11,"key":"SMITH"},{"floor":18,"key":"DIG"},{"floor":23,"key":"DIG"},{"floor":25,"key":"DIG"},{"floor":29,"key":"DIG"},{"floor":35,"key":"DIG"},{"floor":46,"key":"DIG"}],"circlet_count":0,"master_deck":["hexamod:Strike+1","hexamod:Strike+1","hexamod:Strike+1","hexamod:Strike+1","hexamod:Defend+1","hexamod:Defend+1","hexamod:Defend+1","hexamod:Sear+1","hexamod:Float+1","hexamod:HeatMetal+1","hexamod:HeatMetal+1","downfall:Malfunctioning","hexamod:SixthSeal","hexamod:ForkedFlame+1","hexamod:WildfireWeapon+1","CurseOfTheBell","hexamod:SpectersWail+1","hexamod:NightmareGuise+1","hexamod:FirstSeal","hexamod:GhostOfSpirePast+1","hexamod:SpectralSpark+1","hexamod:RadiantFlame+1","hexamod:RetreatToShadows+1","hexamod:GiftsFromTheDead+1","hexamod:GhostflameBarrier+1","hexamod:RetreatToShadows+1","hexamod:HeatMetal+1","hexamod:SoulSteal+1","hexamod:WildfireWeapon+1","hexamod:PowerFromBeyond+1","hexamod:EmpoweredFlame+1","hexamod:ParanormalForm+1","hexamod:RadiantFlame+1","hexamod:RadiantFlame+1","hexamod:SpectralSpark+1","hexamod:TimeOfNeed","hexamod:FlamesFromBeyond+1","hexamod:GhostShield+1","hexamod:ThirdSeal"],"relics":["hexamod:SpiritBrand","Whetstone","Mummified Hand","Lantern","Calling Bell","Tiny Chest","hexamod:InflammatoryLetter","Shovel","Bag of Marbles","hexamod:SoulConsumer","downfall:CloakOfManyFaces","CultistMask","FaceOfCleric","NlothsMask","GremlinMask","SsserpentHead","Molten Egg 2","Happy Flower","Juzu Bracelet","Kunai","Meat on the Bone","Pocketwatch","sneckomod:SneckoTalon","Prayer Wheel","The Courier","MawBank","Shuriken","Bag of Preparation","downfall:HeartBlessingGreen","Old Coin","Sundial"],"acts_visited":["Exordium","TheCity","TheBeyond"],"potions_floor_usage":[12,16,22,27,28,38,44,44,47,50,50],"damage_taken":[{"damage":6,"enemies":"Jaw Worm","floor":2,"turns":4},{"damage":0,"enemies":"2 Louse","floor":3,"turns":3},{"damage":0,"enemies":"Small Slimes","floor":4,"turns":3},{"damage":18,"enemies":"3 Sentries","floor":8,"turns":9},{"damage":18,"enemies":"Gremlin Gang","floor":12,"turns":6},{"damage":10,"enemies":"Lagavulin","floor":14,"turns":6},{"damage":0,"enemies":"2 Fungi Beasts","floor":15,"turns":3},{"damage":7,"enemies":"SI_SHIV_ARCHETYPE","floor":16,"turns":6},{"damage":25,"enemies":"Shell Parasite","floor":19,"turns":3},{"damage":10,"enemies":"downfall:FleeingMerchant","floor":20,"turns":4},{"damage":5,"enemies":"Chosen","floor":21,"turns":3},{"damage":5,"enemies":"downfall:FaceTrader","floor":22,"turns":8},{"damage":0,"enemies":"Centurion and Healer","floor":26,"turns":5},{"damage":7,"enemies":"downfall:FleeingMerchant","floor":27,"turns":4},{"damage":16,"enemies":"Slavers","floor":28,"turns":4},{"damage":2,"enemies":"Cultist and Chosen","floor":30,"turns":6},{"damage":19,"enemies":"Book of Stabbing","floor":31,"turns":5},{"damage":27,"enemies":"Sentry and Sphere","floor":32,"turns":6},{"damage":19,"enemies":"WA_ARCHETYPE_CALM","floor":33,"turns":9},{"damage":13,"enemies":"Orb Walker","floor":36,"turns":4},{"damage":22,"enemies":"3 Darklings","floor":37,"turns":6},{"damage":33,"enemies":"Jaw Worm Horde","floor":38,"turns":4},{"damage":16,"enemies":"Reptomancer","floor":42,"turns":7},{"damage":3,"enemies":"downfall:FleeingMerchant","floor":43,"turns":4},{"damage":29,"enemies":"Giant Head","floor":44,"turns":9},{"damage":6,"enemies":"Maw","floor":45,"turns":6},{"damage":27,"enemies":"Nemesis","floor":47,"turns":7},{"damage":12,"enemies":"Writhing Mass","floor":48,"turns":3},{"damage":49,"enemies":"Transient","floor":49,"turns":5},{"damage":69,"enemies":"DF_ARCHETYPE_ORBS","floor":50,"turns":7}],"seed_played":"6309014872258566142","potions_obtained":[{"floor":8,"key":"bronze:BurnAndBuffPotion"},{"floor":14,"key":"LiquidMemories"},{"floor":15,"key":"Ancient Potion"},{"floor":16,"key":"Block Potion"},{"floor":19,"key":"Energy Potion"},{"floor":21,"key":"ColorlessPotion"},{"floor":26,"key":"Fire Potion"},{"floor":32,"key":"EssenceOfSteel"},{"floor":36,"key":"Swift Potion"},{"floor":38,"key":"Block Potion"},{"floor":42,"key":"DuplicationPotion"},{"floor":44,"key":"LiquidMemories"},{"floor":47,"key":"FearPotion"},{"floor":49,"key":"Strength Potion"}],"is_trial":false,"path_per_floor":["R","M","M","M","?","R","T","E","R","?","R","M","?","E","M","B",null,"R","M","$","M","?","R","T","R","M","$","E","R","M","E","M","B",null,"R","M","M","M","T","?","T","E","$","E","M","R","E","M","M","B"],"character_chosen":"THE_SPIRIT","items_purchased":["hexamod:SoulConsumer","Juzu Bracelet","hexamod:SpectralSpark","hexamod:EmpoweredFlame","hexamod:ParanormalForm","Swift Potion","FairyPotion"],"campfire_rested":0,"item_purchase_floors":[20,27,27,43,43,43,43],"current_hp_per_floor":[63,57,57,57,57,57,57,39,39,39,39,21,21,11,11,4,84,84,59,49,48,47,47,47,47,59,64,60,60,70,63,60,65,91,91,90,80,59,59,59,59,67,76,71,77,77,62,55,30,0,0,0],"gold":366,"neow_bonus":"TWENTY_PERCENT_HP_BONUS","is_daily":false,"chose_seed":false,"campfire_upgraded":4,"win_rate":0.0,"timestamp":1613881620,"path_taken":["R","M","M","M","?","R","T","E","R","?","R","M","?","E","M","BOSS","R","M","$","?","?","R","T","R","M","?","E","R","M","E","M","BOSS","R","M","M","M","?","?","T","E","$","E","M","R","E","M","M","BOSS"],"items_purchased_type":["Relic","Relic","Card","Card","Card","Potion","Potion"],"build_version":"2020-12-22","purchased_purges":0,"victory":false,"max_hp_per_floor":[84,84,84,84,84,84,84,84,84,84,84,84,84,84,84,84,84,84,84,84,84,84,84,84,84,85,86,87,87,88,89,90,91,91,91,92,93,94,94,94,94,95,96,97,98,98,99,100,101,101,101,101],"card_choices":[{"not_picked":["hexamod:SuperheatedStrike","hexamod:AdvancingGuard"],"picked":"hexamod:HeatMetal","floor":2},{"not_picked":["hexamod:ShieldOfDarkness","hexamod:InspiringFlames"],"picked":"hexamod:HeatMetal","floor":3},{"not_picked":["hexamod:GhostShield","hexamod:SpectralAdrenaline","hexamod:FlamesFromBeyond"],"picked":"SKIP","floor":4},{"not_picked":["hexamod:Again","hexamod:FlameSwitch","hexamod:SwordOfDarkness"],"picked":"SKIP","floor":8},{"not_picked":["hexamod:HeatCrush","hexamod:BurningTouch","hexamod:HauntingEcho"],"picked":"SKIP","floor":12},{"not_picked":["hexamod:GhostShield","hexamod:AdvancingGuard"],"picked":"hexamod:ForkedFlame","floor":14},{"not_picked":["hexamod:SkipABeat","hexamod:NightmareStrike","hexamod:Rewind"],"picked":"SKIP","floor":15},{"not_picked":["hexamod:UnlimitedPower","hexamod:GhostflameInferno"],"picked":"hexamod:WildfireWeapon","floor":16},{"not_picked":["hexamod:SpectersWail","hexamod:HeatMetal","hexamod:Incineration"],"picked":"SKIP","floor":19},{"not_picked":["hexamod:HauntingEcho+1","hexamod:CatchUp"],"picked":"hexamod:SpectersWail+1","floor":20},{"not_picked":["hexamod:FourthSeal","hexamod:SuperheatedStrike"],"picked":"hexamod:NightmareGuise+1","floor":21},{"not_picked":["hexamod:FastForward","hexamod:NightmareStrike+1"],"picked":"hexamod:FirstSeal","floor":22},{"not_picked":["hexamod:FastForward","hexamod:InspiringFlames"],"picked":"hexamod:GhostOfSpirePast","floor":26},{"not_picked":["hexamod:SkipABeat","hexamod:SpectersWail+1","hexamod:HauntingEcho+1"],"picked":"SKIP","floor":27},{"not_picked":["hexamod:GhostOfSpireFuture","hexamod:Again"],"picked":"hexamod:RadiantFlame","floor":28},{"not_picked":["hexamod:NightmareStrike+1","hexamod:NightmareGuise","hexamod:RainOfEmbers+1"],"picked":"SKIP","floor":30},{"not_picked":["hexamod:HeatCrush+1","hexamod:ApocalypticArmor"],"picked":"hexamod:RetreatToShadows","floor":31},{"not_picked":["hexamod:GhostLash+1","hexamod:SwordOfDarkness+1","hexamod:ShieldOfDarkness"],"picked":"SKIP","floor":32},{"not_picked":["hexamod:ParanormalForm","hexamod:SixthSeal"],"picked":"hexamod:GiftsFromTheDead","floor":33},{"not_picked":["hexamod:SwordOfDarkness+1","hexamod:EmpoweredFlame"],"picked":"hexamod:GhostflameBarrier","floor":36},{"not_picked":["hexamod:SpectersWail+1","hexamod:HauntingEcho+1"],"picked":"hexamod:RetreatToShadows","floor":36},{"not_picked":["hexamod:HauntingEcho+1","hexamod:SkipABeat+1"],"picked":"hexamod:HeatMetal+1","floor":37},{"not_picked":["hexamod:Rewind","hexamod:ChargedBarrage+1","hexamod:FifthSeal"],"picked":"SKIP","floor":37},{"not_picked":["hexamod:Hexaguard+1","hexamod:GhostShield"],"picked":"hexamod:SoulSteal+1","floor":38},{"not_picked":["hexamod:Incineration+1","hexamod:FlamesFromBeyond","hexamod:Firestarter+1"],"picked":"SKIP","floor":38},{"not_picked":["hexamod:EmpoweredFlame","hexamod:RainOfEmbers+1"],"picked":"hexamod:WildfireWeapon","floor":42},{"not_picked":["hexamod:AdvancingGuard+1","hexamod:CatchUp+1"],"picked":"hexamod:PowerFromBeyond+1","floor":43},{"not_picked":["hexamod:SixthSeal","hexamod:HeatMetal+1"],"picked":"hexamod:RadiantFlame","floor":44},{"not_picked":["hexamod:InspiringFlames","hexamod:FastForward+1"],"picked":"hexamod:RadiantFlame+1","floor":45},{"not_picked":["hexamod:GhostShield+1","hexamod:BurningTouch+1"],"picked":"hexamod:SpectralSpark+1","floor":45},{"not_picked":["hexamod:GhostLash+1","hexamod:BacktrackSmack+1"],"picked":"hexamod:TimeOfNeed","floor":47},{"not_picked":["hexamod:BurningTouch","hexamod:GhostLash+1","hexamod:InspiringFlames+1"],"picked":"SKIP","floor":48},{"not_picked":["hexamod:GhostShield+1","hexamod:FlamesFromBeyond+1","hexamod:StepThrough+1"],"picked":"SKIP","floor":48},{"not_picked":["hexamod:GhostShield+1","hexamod:StepThrough+1"],"picked":"hexamod:FlamesFromBeyond+1","floor":48},{"not_picked":["hexamod:BurningTouch","hexamod:GhostLash+1","hexamod:InspiringFlames+1"],"picked":"SKIP","floor":48},{"not_picked":["hexamod:ThirdSeal","hexamod:HeatMetal+1"],"picked":"hexamod:GhostShield+1","floor":49},{"not_picked":["hexamod:GhostOfSpirePast+1","hexamod:StepThrough+1"],"picked":"hexamod:ThirdSeal","floor":49}],"player_experience":160893,"relics_obtained":[{"floor":7,"key":"Whetstone"},{"floor":8,"key":"Mummified Hand"},{"floor":14,"key":"Lantern"},{"floor":17,"key":"Tiny Chest"},{"floor":17,"key":"hexamod:InflammatoryLetter"},{"floor":17,"key":"Shovel"},{"floor":18,"key":"Bag of Marbles"},{"floor":22,"key":"downfall:CloakOfManyFaces"},{"floor":23,"key":"Molten Egg 2"},{"floor":25,"key":"Happy Flower"},{"floor":28,"key":"Kunai"},{"floor":29,"key":"Meat on the Bone"},{"floor":31,"key":"Pocketwatch"},{"floor":35,"key":"Prayer Wheel"},{"floor":39,"key":"The Courier"},{"floor":41,"key":"MawBank"},{"floor":42,"key":"Shuriken"},{"floor":44,"key":"Bag of Preparation"},{"floor":46,"key":"Old Coin"},{"floor":47,"key":"Sundial"}],"event_choices":[],"is_beta":false,"boss_relics":[{"not_picked":["hexamod:UnbrokenSoul","Snecko Eye"],"picked":"Calling Bell"},{"not_picked":["Astrolabe","Pandora\u0027s Box"],"picked":"sneckomod:SneckoTalon"}],"items_purged_floors":[],"is_endless":false,"potions_floor_spawned":[8,14,15,16,19,21,26,32,36,38,42,44,47,49],"killed_by":"DF_ARCHETYPE_ORBS","ascension_level":1}}