{"host":"1lxw72ckkilnkgp7","time":1613915330,"event":{"mods":["BaseMod","BetterRewards","Custom Start","Marisa（F雨　魔理沙）","Minty Spire (QoL Compilation)","Quick Restart","Replay The Spire","Shop Mod","StSLib","The Servant 0.9.4","[功能]功能增强和修复MOD"],"gold_per_floor":[110,110,110,110,185,216,248,248,248,248,248,186,221,221,308,409,409,409,409,409,427,439,439,467,467,467,484,517,517,517,517,517,616,616,616,616,598,598,598,598,598,598,598,598,598,598,598,598,598,598],"floor_reached":51,"language":"ZHS","playtime":401,"items_purged":[],"score":946,"play_id":"3c0144b6-8e13-48a8-ae7c-ddead98d954e","local_time":"20210221214850","daily_mods":["Time Dilation","Flight"],"is_ascension_mode":false,"campfire_choices":[{"data":"Searing Blow+30","floor":10.0,"key":"SMITH"},{"data":"Searing Blow+31","floor":11.0,"key":"SMITH"},{"data":"Searing Blow+32","floor":23.0,"key":"SMITH"},{"data":"Searing Blow+33","floor":25.0,"key":"SMITH"},{"data":"Searing Blow+34","floor":29.0,"key":"SMITH"},{"data":"Searing Blow+35","floor":30.0,"key":"SMITH"},{"data":"Searing Blow+66","floor":32,"key":"SMITH"},{"data":"Searing Blow+67","floor":40,"key":"SMITH"},{"data":"Searing Blow+68","floor":41,"key":"SMITH"},{"data":"Searing Blow+69","floor":44,"key":"SMITH"},{"data":"Searing Blow+70","floor":46,"key":"SMITH"},{"data":"Searing Blow+71","floor":49,"key":"SMITH"}],"circlet_count":0,"master_deck":["Omega+1","Enlightenment+1","Searing Blow+72","Skim+1","Meteor Strike+1"],"relics":["Burning Blood"],"acts_visited":["Exordium","TheCity","TheBeyond"],"potions_floor_usage":[],"damage_taken":[{"damage":0.0,"enemies":"Cultist","floor":1.0,"turns":1.0},{"damage":0.0,"enemies":"2 Louse","floor":2.0,"turns":1.0},{"damage":0.0,"enemies":"3 Sentries","floor":6.0,"turns":1.0},{"damage":0.0,"enemies":"Lagavulin","floor":7.0,"turns":1.0},{"damage":0.0,"enemies":"Replay:BlueRogue","floor":13.0,"turns":1.0},{"damage":0.0,"enemies":"Hexaghost","floor":16.0,"turns":1.0},{"damage":0.0,"enemies":"Spheric Guardian","floor":18.0,"turns":1.0},{"damage":0.0,"enemies":"Chosen","floor":21.0,"turns":1.0},{"damage":0.0,"enemies":"Shelled Parasite and Fungi","floor":22.0,"turns":1.0},{"damage":0.0,"enemies":"Replay:Snechameleon","floor":24.0,"turns":1.0},{"damage":0.0,"enemies":"Sentry and Sphere","floor":27.0,"turns":1.0},{"damage":0.0,"enemies":"Book of Stabbing","floor":28.0,"turns":1.0},{"damage":0,"enemies":"Automaton","floor":33,"turns":1},{"damage":0,"enemies":"3 Darklings","floor":35,"turns":1},{"damage":0,"enemies":"Orb Walker","floor":36,"turns":1},{"damage":0,"enemies":"Reptomancer","floor":47,"turns":1},{"damage":0,"enemies":"Replay:Hell Engine","floor":50,"turns":1}],"seed_played":"-2563498512318148863","potions_obtained":[{"floor":13.0,"key":"ElixirPotion"},{"floor":21.0,"key":"FearPotion"},{"floor":24.0,"key":"Block Potion"}],"is_trial":true,"path_per_floor":["M","M","?","?","?","E","E","?","T","R","R","$","E","?","R","B",null,"M","$","?","M","M","R","E","R","T","M","E","R","R","?","R","B",null,"M","M","$","$","?","R","R","$","T","R","?","R","E","$","R","B",null],"character_chosen":"IRONCLAD","items_purchased":["Swift Potion","LifebloodPotion","Elixir"],"campfire_rested":0,"item_purchase_floors":[12,12,37],"current_hp_per_floor":[80,80,80,80,69,75,80,80,80,80,80,80,80,80,80,80,80,80,80,80,80,80,80,80,80,80,80,80,80,80,80,80,80,80,80,80,80,80,80,80,80,80,80,80,80,80,80,80,80,80],"gold":598,"neow_bonus":"","is_daily":false,"chose_seed":false,"campfire_upgraded":12,"win_rate":0.0,"timestamp":1613915330,"path_taken":["M","?","?","?","?","E","E","?","T","R","R","?","E","?","R","BOSS","M","$","?","M","?","R","E","R","T","M","E","R","R","?","R","BOSS","M","?","?","$","?","R","R","$","T","R","?","R","E","$","R","BOSS"],"items_purchased_type":["Potion","Potion","Potion"],"build_version":"2020-12-22","purchased_purges":0,"victory":true,"max_hp_per_floor":[80,80,80,80,80,80,80,80,80,80,80,80,80,80,80,80,80,80,80,80,80,80,80,80,80,80,80,80,80,80,80,80,80,80,80,80,80,80,80,80,80,80,80,80,80,80,80,80,80,80],"card_choices":[{"not_picked":["Pommel Strike","Second Wind","Run Through"],"picked":"SKIP","floor":1.0},{"not_picked":["Run Through","Flex","Thunderclap"],"picked":"SKIP","floor":2.0},{"not_picked":["Second Wind","Dual Wield","Reckless Charge"],"picked":"SKIP","floor":6.0},{"not_picked":["Havoc","Cleave","ReplayTheSpireMod:Strike From Hell"],"picked":"SKIP","floor":7.0},{"not_picked":["Feed","Pommel Strike","Wild Strike"],"picked":"SKIP","floor":13.0},{"not_picked":["Perfected Strike","Thunderclap","Twin Strike"],"picked":"SKIP","floor":18.0},{"not_picked":["Clash+1","Twin Strike","ReplayTheSpireMod:Limb From Limb+1"],"picked":"SKIP","floor":21.0},{"not_picked":["Entrench","Anger","Heavy Blade"],"picked":"SKIP","floor":22.0},{"not_picked":["Cleave+1","Run Through","Sword Boomerang"],"picked":"SKIP","floor":24.0},{"not_picked":["Armaments","Shrug It Off+1","Anger"],"picked":"SKIP","floor":27.0},{"not_picked":["Massacre","Disarm","Infernal Blade"],"picked":"SKIP","floor":28.0},{"not_picked":["Havoc+1","Heavy Blade","Body Slam"],"picked":"SKIP","floor":35},{"not_picked":["Intimidate+1","ReplayTheSpireMod:Muscle Training","Run Through+1"],"picked":"SKIP","floor":36},{"not_picked":["Offering","Havoc","Run Through"],"picked":"SKIP","floor":47}],"player_experience":151107,"relics_obtained":[],"event_choices":[{"damage_healed":0.0,"max_hp_gain":0.0,"max_hp_loss":0.0,"gold_gain":0.0,"event_name":"The Cleric","player_choice":"Leave","floor":3.0,"gold_loss":0.0,"damage_taken":0.0},{"damage_healed":0.0,"max_hp_gain":0.0,"max_hp_loss":0.0,"gold_gain":0.0,"event_name":"Scrap Ooze","player_choice":"Fled","floor":4.0,"gold_loss":0.0,"damage_taken":0.0},{"damage_healed":0.0,"max_hp_gain":0.0,"max_hp_loss":0.0,"gold_gain":75.0,"event_name":"World of Goop","player_choice":"Gather Gold","floor":5.0,"gold_loss":0.0,"damage_taken":11.0},{"damage_healed":0.0,"max_hp_gain":0.0,"max_hp_loss":0.0,"gold_gain":0.0,"event_name":"Shining Light","player_choice":"Ignored","floor":8.0,"gold_loss":0.0,"damage_taken":0.0},{"damage_healed":0.0,"max_hp_gain":0.0,"max_hp_loss":0.0,"gold_gain":0.0,"event_name":"NoteForYourself","player_choice":"Ignored","floor":14.0,"gold_loss":0.0,"damage_taken":0.0},{"cards_removed":["Deep Breath"],"damage_healed":0.0,"max_hp_gain":0.0,"max_hp_loss":0.0,"gold_gain":0.0,"event_name":"Bonfire Elementals","player_choice":"Offered Uncommon","floor":20.0,"gold_loss":0.0,"damage_taken":0.0},{"damage_healed":0,"gold_gain":0,"player_choice":"Ignored","damage_taken":0,"max_hp_gain":0,"max_hp_loss":0,"event_name":"WeMeetAgain","floor":31,"gold_loss":0},{"damage_healed":0,"gold_gain":0,"player_choice":"Ignored","damage_taken":0,"max_hp_gain":0,"max_hp_loss":0,"event_name":"Tomb of Lord Red Mask","floor":39,"gold_loss":0},{"damage_healed":0,"gold_gain":0,"player_choice":"Ignored","damage_taken":0,"max_hp_gain":0,"max_hp_loss":0,"event_name":"Duplicator","floor":45,"gold_loss":0}],"is_beta":false,"boss_relics":[{"not_picked":["Velvet Choker","Coffee Dripper","Honey Jar"]},{"not_picked":["Ring of Chaos","Astrolabe","Runic Dome"]}],"items_purged_floors":[],"is_endless":false,"potions_floor_spawned":[2,6,7,7,7,13,13,16,18,21,21,24,27,27,28,33,35,35,36],"ascension_level":0}}