{"host":"hbrjinenk1akq1dy","time":1613907081,"event":{"mods":["AchievementEnabler","BaseMod","Bestiary","Colored Map","Colored Powertips","Curses Come First","Highlight Path","Minty Spire (QoL Compilation)","Permanent Neow","Quick Restart","StSLib","SuperFastMode"],"gold_per_floor":[163,238,251,261,261,261,321,354,354,425,203,203,203,56,56,160,160,178,228,278,342,392,392,392],"floor_reached":23,"language":"ENG","playtime":1578,"items_purged":[],"score":387,"play_id":"4b846e3c-b2cf-49e8-8061-305a47dc0ba2","local_time":"20210221193121","is_ascension_mode":true,"campfire_choices":[{"data":"Sword Boomerang","floor":6.0,"key":"SMITH"},{"data":"Sword Boomerang","floor":12.0,"key":"SMITH"},{"data":"Inflame","floor":15.0,"key":"SMITH"}],"circlet_count":0,"master_deck":["Strike_R","Strike_R+1","Strike_R+1","Defend_R","Defend_R","Defend_R","Bash","Sword Boomerang+1","Headbutt","Twin Strike+1","Impervious","Sword Boomerang+1","Inflame+1","Fiend Fire","Armaments+1","Necronomicurse"],"relics":["Tiny House","SsserpentHead","Lizard Tail","Matryoshka","Odd Mushroom","Whetstone","Sling","Mark of Pain","Necronomicon"],"acts_visited":["Exordium","TheCity"],"potions_floor_usage":[],"damage_taken":[{"damage":1.0,"enemies":"Cultist","floor":1.0,"turns":3.0},{"damage":9.0,"enemies":"Jaw Worm","floor":3.0,"turns":3.0},{"damage":10.0,"enemies":"2 Louse","floor":4.0,"turns":3.0},{"damage":7.0,"enemies":"Large Slime","floor":7.0,"turns":4.0},{"damage":30.0,"enemies":"Lagavulin","floor":8.0,"turns":6.0},{"damage":28.0,"enemies":"The Mushroom Lair","floor":10.0,"turns":5.0},{"damage":12.0,"enemies":"Slime Boss","floor":16.0,"turns":7.0},{"damage":7.0,"enemies":"Chosen","floor":18.0,"turns":4.0},{"damage":11.0,"enemies":"2 Thieves","floor":21.0,"turns":3.0},{"damage":43,"enemies":"Gremlin Leader","floor":23,"turns":4}],"seed_played":"2743089173383644729","potions_obtained":[{"floor":0.0,"key":"GamblersBrew"},{"floor":8.0,"key":"LiquidMemories"},{"floor":10.0,"key":"Energy Potion"},{"floor":16.0,"key":"AttackPotion"},{"floor":18.0,"key":"SkillPotion"}],"is_trial":false,"path_per_floor":["M","?","M","M","?","R","M","E","T","?","$","R","?","$","R","B",null,"M","?","?","M","?","E"],"character_chosen":"IRONCLAD","items_purchased":["Whetstone","Inflame","Sling"],"campfire_rested":0,"item_purchase_floors":[11,11,14],"current_hp_per_floor":[76,65,56,46,46,46,39,9,9,32,32,32,32,32,32,20,69,62,46,46,35,35,0,0],"gold":392,"neow_bonus":"BOSS_RELIC","is_daily":false,"chose_seed":false,"campfire_upgraded":3,"win_rate":0.0,"timestamp":1613907081,"path_taken":["M","?","M","M","?","R","?","E","T","?","$","R","?","$","R","BOSS","M","?","?","?","?","E"],"items_purchased_type":["Relic","Card","Relic"],"build_version":"2020-12-22","purchased_purges":0,"victory":false,"max_hp_per_floor":[85,85,85,85,85,85,85,85,85,85,85,85,85,85,85,85,85,85,85,85,85,85,85,85],"card_choices":[{"not_picked":["Wild Strike","Shrug It Off"],"picked":"Sword Boomerang","floor":0.0},{"not_picked":["Clash","Perfected Strike"],"picked":"Headbutt","floor":1.0},{"not_picked":["Perfected Strike","Flex","Clash"],"picked":"SKIP","floor":3.0},{"not_picked":["Second Wind","Body Slam"],"picked":"Twin Strike","floor":4.0},{"not_picked":["Body Slam","Clash","Heavy Blade"],"picked":"SKIP","floor":7.0},{"not_picked":["Combust","Havoc"],"picked":"Impervious","floor":8.0},{"not_picked":["Evolve","Warcry"],"picked":"Sword Boomerang","floor":10.0},{"not_picked":["Impervious","Exhume"],"picked":"Fiend Fire","floor":16.0},{"not_picked":["Clash","Pummel"],"picked":"Armaments+1","floor":18.0},{"not_picked":["Reckless Charge","Cleave+1","Anger+1"],"picked":"SKIP","floor":21.0}],"player_experience":222199,"relics_obtained":[{"floor":8.0,"key":"Lizard Tail"},{"floor":9.0,"key":"Matryoshka"},{"floor":10.0,"key":"Odd Mushroom"},{"floor":19.0,"key":"Necronomicon"}],"event_choices":[{"damage_healed":0.0,"max_hp_gain":0.0,"max_hp_loss":0.0,"gold_gain":75.0,"event_name":"World of Goop","player_choice":"Gather Gold","floor":2.0,"gold_loss":0.0,"damage_taken":11.0},{"damage_healed":0.0,"max_hp_gain":0.0,"max_hp_loss":0.0,"gold_gain":0.0,"event_name":"FaceTrader","player_choice":"Trade","floor":5.0,"gold_loss":0.0,"damage_taken":0.0,"relics_obtained":["SsserpentHead"]},{"damage_healed":0.0,"max_hp_gain":0.0,"max_hp_loss":0.0,"gold_gain":0.0,"event_name":"Mushrooms","player_choice":"Fought Mushrooms","floor":10.0,"gold_loss":0.0,"damage_taken":0.0},{"cards_removed":["Strike_R"],"damage_healed":0.0,"max_hp_gain":0.0,"max_hp_loss":0.0,"gold_gain":0.0,"event_name":"The Cleric","player_choice":"Card Removal","floor":13.0,"gold_loss":50.0,"damage_taken":0.0},{"damage_healed":0.0,"max_hp_gain":0.0,"max_hp_loss":0.0,"gold_gain":0.0,"event_name":"Cursed Tome","player_choice":"Obtained Book","floor":19.0,"gold_loss":0.0,"damage_taken":16.0},{"cards_removed":["Strike_R"],"damage_healed":0.0,"max_hp_gain":0.0,"max_hp_loss":0.0,"gold_gain":0.0,"event_name":"Wheel of Change","player_choice":"Card Removal","floor":20.0,"gold_loss":0.0,"damage_taken":0.0},{"cards_removed":["Defend_R"],"damage_healed":0.0,"max_hp_gain":0.0,"max_hp_loss":0.0,"gold_gain":0.0,"event_name":"Back to Basics","player_choice":"Elegance","floor":22.0,"gold_loss":0.0,"damage_taken":0.0}],"is_beta":false,"boss_relics":[{"not_picked":["Runic Dome","Ectoplasm"],"picked":"Mark of Pain"}],"items_purged_floors":[],"is_endless":false,"potions_floor_spawned":[8,10,16,18],"killed_by":"Gremlin Leader","ascension_level":7}}