{"host":"cfv8orgc8997ql4r","time":1613935457,"event":{"mods":["AchievementEnabler","BaseMod","DeckTracker","Keyboard Shortcuts","Minty Spire (QoL Compilation)"],"gold_per_floor":[110,126,74,74,92,92,42,76,76,91,111,64,64,88,88,207,207,223,223,244,115,115,115,139,39,119,138,138,138],"floor_reached":28,"language":"KOR","playtime":637,"items_purged":["Sever Soul+1","Thunderclap"],"score":275,"play_id":"85421b96-2708-493c-8b7d-70e71aab9dff","local_time":"20210222042417","is_ascension_mode":true,"campfire_choices":[{"data":"Perfected Strike","floor":6.0,"key":"SMITH"},{"data":"Spot Weakness","floor":15.0,"key":"SMITH"},{"floor":23.0,"key":"REST"}],"circlet_count":0,"master_deck":["Strike_R+1","Strike_R","Strike_R","Strike_R","Strike_R","Defend_R","Defend_R","Defend_R","Bash","Flex","Perfected Strike+1","Rage","Inflame","True Grit","Armaments","Spot Weakness+1","Demon Form","Inflame","RitualDagger","Whirlwind","Flex","Bloodletting","Writhe","Fiend Fire"],"relics":["Burning Blood","Golden Idol","Pear","Blood Vial","Cursed Key","Blue Candle"],"acts_visited":["Exordium","TheCity"],"potions_floor_usage":[],"damage_taken":[{"damage":1.0,"enemies":"Cultist","floor":1.0,"turns":4.0},{"damage":9.0,"enemies":"Jaw Worm","floor":2.0,"turns":4.0},{"damage":10.0,"enemies":"Small Slimes","floor":5.0,"turns":2.0},{"damage":42.0,"enemies":"Lagavulin","floor":8.0,"turns":6.0},{"damage":0.0,"enemies":"3 Louse","floor":10.0,"turns":3.0},{"damage":13.0,"enemies":"Blue Slaver","floor":11.0,"turns":3.0},{"damage":11.0,"enemies":"Looter","floor":14.0,"turns":2.0},{"damage":45.0,"enemies":"Hexaghost","floor":16.0,"turns":9.0},{"damage":25.0,"enemies":"Shell Parasite","floor":18.0,"turns":5.0},{"damage":30.0,"enemies":"3 Byrds","floor":20.0,"turns":5.0},{"damage":19.0,"enemies":"Snake Plant","floor":24.0,"turns":2.0},{"damage":38,"enemies":"Cultist and Chosen","floor":27,"turns":6},{"damage":16,"enemies":"Centurion and Healer","floor":28,"turns":1}],"seed_played":"-1289234006622731156","potions_obtained":[{"floor":8.0,"key":"LiquidMemories"},{"floor":10.0,"key":"BloodPotion"},{"floor":16.0,"key":"ElixirPotion"},{"floor":18.0,"key":"SkillPotion"},{"floor":20.0,"key":"LiquidMemories"},{"floor":27,"key":"SteroidPotion"}],"is_trial":false,"path_per_floor":["M","M","$","?","M","R","?","E","T","M","M","$","?","M","R","B",null,"M","?","M","$","?","R","M","$","T","M","M"],"character_chosen":"IRONCLAD","items_purchased":["Flex","Armaments","Flex"],"campfire_rested":1,"item_purchase_floors":[3,12,21],"current_hp_per_floor":[80,77,77,77,73,73,73,47,47,55,68,68,50,47,47,10,70,53,47,25,25,25,52,41,41,41,11,0,0],"gold":138,"neow_bonus":"REMOVE_CARD","is_daily":false,"chose_seed":false,"campfire_upgraded":2,"win_rate":0.0,"timestamp":1613935457,"path_taken":["M","?","$","?","M","R","?","E","T","M","M","$","?","M","R","BOSS","M","?","M","$","?","R","M","$","T","M","M"],"items_purchased_type":["Card","Card","Card"],"build_version":"2020-12-22","purchased_purges":2,"victory":false,"max_hp_per_floor":[80,80,80,80,80,80,80,90,90,90,90,90,90,90,90,90,90,90,90,90,90,90,90,90,90,90,90,90,90],"card_choices":[{"not_picked":["Anger","Combust"],"picked":"Thunderclap","floor":1.0},{"not_picked":["Iron Wave","Rupture"],"picked":"Sever Soul","floor":2.0},{"not_picked":["Shrug It Off","Body Slam"],"picked":"Perfected Strike","floor":5.0},{"not_picked":["Dropkick","Barricade"],"picked":"Rage","floor":8.0},{"not_picked":["Cleave","Disarm"],"picked":"Inflame","floor":10.0},{"not_picked":["Clothesline","Pommel Strike"],"picked":"True Grit","floor":11.0},{"not_picked":["True Grit","Infernal Blade"],"picked":"Spot Weakness","floor":14.0},{"not_picked":["Juggernaut","Barricade"],"picked":"Demon Form","floor":16.0},{"not_picked":["Wild Strike","Flex+1"],"picked":"Inflame","floor":18.0},{"not_picked":["Sentinel","Iron Wave"],"picked":"Whirlwind","floor":20.0},{"not_picked":["Infernal Blade","Rage"],"picked":"Bloodletting","floor":24.0},{"not_picked":["Anger+1","Pommel Strike"],"picked":"Fiend Fire","floor":27}],"player_experience":207167,"relics_obtained":[{"floor":8.0,"key":"Pear"},{"floor":9.0,"key":"Blood Vial"},{"floor":26.0,"key":"Blue Candle"}],"event_choices":[{"damage_healed":0.0,"max_hp_gain":0.0,"max_hp_loss":0.0,"gold_gain":0.0,"event_name":"Golden Idol","player_choice":"Take Wound","floor":4.0,"gold_loss":0.0,"damage_taken":0.0,"relics_obtained":["Golden Idol"],"cards_obtained":["Injury"]},{"cards_removed":["Injury"],"damage_healed":0.0,"max_hp_gain":0.0,"max_hp_loss":0.0,"gold_gain":0.0,"event_name":"The Cleric","player_choice":"Card Removal","floor":7.0,"gold_loss":50.0,"damage_taken":0.0},{"damage_healed":0.0,"max_hp_gain":0.0,"max_hp_loss":0.0,"gold_gain":0.0,"event_name":"Shining Light","player_choice":"Entered Light","floor":13.0,"gold_loss":0.0,"damage_taken":18.0,"cards_upgraded":["Sever Soul","Strike_R"]},{"damage_healed":0.0,"max_hp_gain":0.0,"max_hp_loss":0.0,"gold_gain":0.0,"event_name":"Nest","player_choice":"Joined the Cult","floor":19.0,"gold_loss":0.0,"damage_taken":6.0,"cards_obtained":["RitualDagger"]},{"damage_healed":0.0,"max_hp_gain":0.0,"max_hp_loss":0.0,"gold_gain":0.0,"event_name":"Ghosts","player_choice":"Ignored","floor":22.0,"gold_loss":0.0,"damage_taken":0.0}],"is_beta":false,"boss_relics":[{"not_picked":["Astrolabe","Ectoplasm"],"picked":"Cursed Key"}],"items_purged_floors":[21,25],"is_endless":false,"potions_floor_spawned":[8,10,16,18,20,27],"killed_by":"Centurion and Healer","ascension_level":5}}