{"host":"lnfs5t5iydkm2lft","time":1613946131,"event":{"mods":["AchievementEnabler","Aspiration","BaseMod","Better Third Choice","BetterRewards","Colored Powertips","Downfall","Hermit","Hubris","Infinite Spire","Marisa????????","Minty Spire (QoL Compilation)","Quick Restart","Reliquary","Replay The Spire","StSLib","The Runesmith","TheBandit","everything is the same but u backflip on backflip"],"gold_per_floor":[113,113,213,229,229,229,247,247,247,265,297,297,323,16,16,114,114,134,134,134,149,15,15,47,47,47,47,62,62,78,89,89,192,192,205,219,219,219,239,239,274,292,292,319,279,295,295,260,260,260],"floor_reached":51,"language":"ENG","playtime":4234,"items_purged":[],"score":891,"play_id":"f760c73b-8f2b-4e08-a8ca-e1b96ec31e13","local_time":"20210221162211","is_ascension_mode":true,"campfire_choices":[{"data":"Replay:Dark Deal","floor":6,"key":"SMITH"},{"data":"TalkToTheHand","floor":8,"key":"SMITH"},{"data":"Wallop","floor":12,"key":"SMITH"},{"floor":15,"key":"REST"},{"data":"Eruption","floor":23,"key":"SMITH"},{"data":"Establishment","floor":25,"key":"SMITH"},{"data":"Vault","floor":27,"key":"SMITH"},{"data":"Vault","floor":32,"key":"SMITH"},{"data":"LessonLearned","floor":40,"key":"SMITH"},{"floor":47,"key":"REST"},{"floor":49,"key":"REST"}],"circlet_count":0,"master_deck":["Strike_P","Strike_P","Strike_P","Strike_P","Defend_P","Defend_P","Defend_P","Defend_P","Eruption+1","Vigilance+1","Evaluate+1","Replay:Dark Deal+1","TalkToTheHand+1","Vengeance+1","Establishment+1","Wallop+1","Vault+1","Vault+1","ForeignInfluence+1","Protect","Flash of Steel","MasterReality","WindmillStrike+1","SignatureMove+1","LessonLearned+1","WheelKick+1","DevaForm","WheelKick+1"],"relics":["PureWater","ClockworkSouvenir","infinitespire:CursedDice","Nunchaku","Garlic","Bird Faced Urn","Orichalcum","CaptainsWheel","reliquary:TridentHead","reliquary:NewFriend","Pantograph","Anchor","ReplayTheSpireMod:Onyx Gauntlets","hubris:Towel","hubris:Icosahedron","Omamori","Question Card","SacredBark","Blue Candle","hubris:ScarierMask","reliquary:Firecrackers","reliquary:RosewoodLute","hubris:Reverence"],"acts_visited":["Exordium","TheCity","TheBeyond"],"potions_floor_usage":[13,13,16,35,44,46,50],"damage_taken":[{"damage":0,"enemies":"Small Slimes","floor":1,"turns":3},{"damage":0,"enemies":"Cultist","floor":4,"turns":2},{"damage":0,"enemies":"Jaw Worm","floor":7,"turns":3},{"damage":0,"enemies":"Blue Slaver","floor":10,"turns":3},{"damage":0,"enemies":"Gremlin Nob","floor":11,"turns":2},{"damage":26,"enemies":"Lagavulin","floor":13,"turns":3},{"damage":0,"enemies":"Fading Forest","floor":16,"turns":12},{"damage":0,"enemies":"3 Byrds","floor":18,"turns":6},{"damage":0,"enemies":"2 Thieves","floor":21,"turns":4},{"damage":0,"enemies":"Book of Stabbing","floor":24,"turns":8},{"damage":0,"enemies":"Centurion and Healer","floor":28,"turns":5},{"damage":0,"enemies":"Shelled Parasite and Fungi","floor":30,"turns":3},{"damage":3,"enemies":"Snake Plant","floor":31,"turns":4},{"damage":0,"enemies":"Champ","floor":33,"turns":4},{"damage":0,"enemies":"3 Darklings","floor":35,"turns":2},{"damage":0,"enemies":"Orb Walker","floor":36,"turns":4},{"damage":0,"enemies":"Spire Growth","floor":39,"turns":1},{"damage":0,"enemies":"R_Hoarder","floor":41,"turns":4},{"damage":0,"enemies":"Sphere and 2 Shapes","floor":42,"turns":8},{"damage":66,"enemies":"Nightmare","floor":44,"turns":7},{"damage":0,"enemies":"4 Shapes","floor":46,"turns":3},{"damage":0,"enemies":"Transient","floor":48,"turns":7},{"damage":72,"enemies":"infinitespire:MassOfShapes","floor":50,"turns":10}],"seed_played":"4514198349770083316","potions_obtained":[{"floor":10,"key":"SpeedPotion"},{"floor":11,"key":"FearPotion"},{"floor":13,"key":"Elixir"},{"floor":24,"key":"LiquidBronze"},{"floor":33,"key":"Explosive Potion"},{"floor":36,"key":"ColorlessPotion"},{"floor":44,"key":"SkillPotion"},{"floor":45,"key":"Strength Potion"},{"floor":45,"key":"Fire Potion"},{"floor":45,"key":"SkillPotion"},{"floor":46,"key":"Strength Potion"},{"floor":48,"key":"Adrenaline Potion"}],"is_trial":false,"path_per_floor":["M","?","?","M","?","R","M","R","T","M","E","R","E","$","R","B",null,"M","?","?","M","$","R","E","R","T","R","M","?","M","M","R","B",null,"M","M","?","AVR","M","R","E","M","T","NM","?","M","R","M","R","B",null],"character_chosen":"WATCHER","items_purchased":["Evaluate+1","ClockworkSouvenir","Nunchaku","Garlic","Replay:Dark Deal","AttackPotion","Orichalcum","TalkToTheHand","Vault","Anchor","Protect","Flash of Steel"],"campfire_rested":3,"item_purchase_floors":[0,0,0,0,0,0,0,0,14,14,22,22],"current_hp_per_floor":[72,72,72,72,72,72,72,72,72,72,72,72,46,46,67,72,72,72,72,72,72,72,72,72,72,72,72,72,72,72,69,69,72,72,72,72,67,67,67,67,72,72,72,10,10,14,35,41,62,4],"gold":260,"neow_bonus":"","is_daily":false,"chose_seed":false,"campfire_upgraded":8,"win_rate":0.0,"timestamp":1613946131,"path_taken":["M","?","?","?","?","R","M","R","T","M","E","R","E","$","R","BOSS","M","?","?","M","$","R","E","R","T","R","M","?","M","M","R","BOSS","M","M","?","AVR","M","R","E","M","T","NM","?","M","R","?","R","BOSS"],"items_purchased_type":["Card","Relic","Relic","Relic","Card","Potion","Relic","Card","Card","Relic","Card","Card"],"build_version":"2020-12-22","purchased_purges":0,"victory":true,"max_hp_per_floor":[72,72,72,72,72,72,72,72,72,72,72,72,72,72,72,72,72,72,72,72,72,72,72,72,72,72,72,72,72,72,72,72,72,72,72,72,72,72,72,72,72,72,72,72,72,72,72,72,72,72],"card_choices":[{"not_picked":["Evaluate","JustLucky","Prostrate"],"picked":"SKIP","floor":1},{"not_picked":["Pray","Fasting2","Replay:AtTheReady"],"picked":"SKIP","floor":4},{"not_picked":["Prostrate","Replay:ManipulateFuture"],"picked":"Vengeance","floor":7},{"not_picked":["Evaluate","Replay:Vibes"],"picked":"Establishment","floor":10},{"not_picked":["CrushJoints","MentalFortress"],"picked":"Wallop","floor":11},{"not_picked":["JustLucky","Replay:AtTheReady","Pray"],"picked":"SKIP","floor":13},{"not_picked":["Brilliance","Ragnarok"],"picked":"Vault","floor":16},{"not_picked":["CrushJoints","BowlingBash","FlyingSleeves"],"picked":"SKIP","floor":18},{"not_picked":["Crescendo+1","Study"],"picked":"ForeignInfluence","floor":21},{"not_picked":["CutThroughFate","Replay:AtTheReady"],"picked":"MasterReality","floor":24},{"not_picked":["EmptyFist+1","SandsOfTime","FollowUp"],"picked":"WindmillStrike+1","floor":28},{"not_picked":["Replay:Cycle","EmptyFist","CrushJoints","Indignation+1"],"picked":"SKIP","floor":30},{"not_picked":["Halt","ReachHeaven+1","PathToVictory+1"],"picked":"SignatureMove+1","floor":31},{"not_picked":["Ragnarok","Establishment","Omniscience"],"picked":"LessonLearned","floor":33},{"not_picked":["TalkToTheHand","Nirvana","Replay:DivineShield+1","JustLucky+1"],"picked":"SKIP","floor":35},{"not_picked":["EmptyBody+1","Study","WaveOfTheHand","Replay:Anticipation+1"],"picked":"SKIP","floor":36},{"not_picked":["FlurryOfBlows+1","JustLucky","Replay:BluntJabs"],"picked":"WheelKick+1","floor":39},{"not_picked":["LikeWater+1","Consecrate","Replay:ManipulateFuture"],"picked":"DevaForm","floor":41},{"not_picked":["Fasting2","Halt","CarveReality+1","TalkToTheHand"],"picked":"SKIP","floor":42},{"not_picked":["FlurryOfBlows","Study","DeceiveReality+1"],"picked":"WheelKick+1","floor":44},{"not_picked":["Evaluate","Crescendo","Replay:AllIn","Replay:BluntJabs"],"picked":"SKIP","floor":46},{"not_picked":["FlurryOfBlows","Replay:DivineShield","SandsOfTime","ThirdEye"],"picked":"SKIP","floor":48}],"player_experience":414397,"relics_obtained":[{"floor":2,"key":"CaptainsWheel"},{"floor":9,"key":"reliquary:TridentHead"},{"floor":11,"key":"reliquary:NewFriend"},{"floor":13,"key":"Pantograph"},{"floor":24,"key":"Omamori"},{"floor":26,"key":"Question Card"},{"floor":41,"key":"reliquary:RosewoodLute"},{"floor":44,"key":"hubris:Reverence"}],"event_choices":[{"damage_healed":0,"gold_gain":100,"player_choice":"Pray","damage_taken":0,"max_hp_gain":0,"max_hp_loss":0,"event_name":"Golden Shrine","floor":3,"gold_loss":0},{"damage_healed":0,"gold_gain":0,"player_choice":"Ignored","damage_taken":229,"max_hp_gain":0,"max_hp_loss":0,"event_name":"betterThird:BetterSerpent","floor":5,"gold_loss":0},{"damage_healed":0,"gold_gain":0,"player_choice":"Ignored","damage_taken":0,"max_hp_gain":0,"max_hp_loss":0,"event_name":"Vampires","floor":29,"gold_loss":0},{"damage_healed":0,"gold_gain":0,"player_choice":"Bought 3 Potions","damage_taken":0,"max_hp_gain":0,"max_hp_loss":0,"event_name":"The Woman in Blue","floor":45,"gold_loss":0}],"is_beta":false,"boss_relics":[{"not_picked":["hubris:BlackHole","Snecko Eye"],"picked":"ReplayTheSpireMod:Onyx Gauntlets"},{"not_picked":["reliquary:Ember","bronze:MakeshiftBattery"],"picked":"SacredBark"}],"items_purged_floors":[],"is_endless":false,"potions_floor_spawned":[10,11,13,24,33,36,44,46,48],"ascension_level":2}}