{"host":"vpaavrwbmey593fx","time":1613882701,"event":{"mods":["AchievementEnabler","BaseMod","Bestiary","Colored Map","Colored Powertips","DeckTracker","Minty Spire (QoL Compilation)","Relic Sorter"],"gold_per_floor":[111,127,127,138,152,152,187,187,212,232,267,294,316,342,342,437,437,457,17,17,17,27,67,67,111,111,111,111,134,151,190,190,295,295,318,318,331,340,340,340,375,375,375,425,110,139,161,192,192,192,192],"floor_reached":50,"language":"ENG","playtime":7885,"items_purged":["Defend_P"],"score":790,"play_id":"eada6b6a-dc61-4c51-9702-0c0d1486a902","local_time":"20210220204501","is_ascension_mode":true,"campfire_choices":[{"data":"Blasphemy","floor":6,"key":"SMITH"},{"data":"Consecrate","floor":8,"key":"SMITH"},{"data":"Wallop","floor":15,"key":"SMITH"},{"data":"BattleHymn","floor":24,"key":"SMITH"},{"floor":28,"key":"REST"},{"data":"WaveOfTheHand","floor":32,"key":"SMITH"},{"floor":40,"key":"RECALL"},{"data":"Panacea","floor":42,"key":"SMITH"},{"data":"Wireheading","floor":49,"key":"SMITH"}],"circlet_count":0,"master_deck":["Strike_P+1","Strike_P+1","Strike_P+1","Defend_P+1","Defend_P+1","Defend_P+1","Eruption+1","Vigilance+1","Blasphemy+1","WindmillStrike+1","Halt","Consecrate+1","CrushJoints+1","ThirdEye+1","Protect+1","ThirdEye","Wallop+1","BattleHymn+1","WaveOfTheHand+1","LessonLearned+1","CutThroughFate","DevaForm","Vault","InnerPeace+1","Panacea+1","LikeWater","Wireheading+1"],"relics":["HolyWater","CeramicFish","Akabeko","Art of War","Whetstone","Regal Pillow","Melange","Centennial Puzzle","HornCleat","Anchor","Ancient Tea Set","Runic Pyramid","Toxic Egg 2","Dead Branch","Blue Candle","TeardropLocket","Bottled Tornado"],"acts_visited":["Exordium","TheCity","TheBeyond"],"potions_floor_usage":[23,31,50,50],"damage_taken":[{"damage":0,"enemies":"2 Louse","floor":1,"turns":2},{"damage":0,"enemies":"Cultist","floor":2,"turns":2},{"damage":0,"enemies":"Jaw Worm","floor":4,"turns":2},{"damage":3,"enemies":"Blue Slaver","floor":5,"turns":3},{"damage":17,"enemies":"Lagavulin","floor":7,"turns":6},{"damage":9,"enemies":"Exordium Thugs","floor":10,"turns":4},{"damage":0,"enemies":"3 Sentries","floor":11,"turns":2},{"damage":2,"enemies":"Exordium Wildlife","floor":12,"turns":4},{"damage":0,"enemies":"Blue Slaver","floor":13,"turns":4},{"damage":5,"enemies":"Lagavulin","floor":14,"turns":5},{"damage":15,"enemies":"Slime Boss","floor":16,"turns":5},{"damage":0,"enemies":"2 Thieves","floor":18,"turns":3},{"damage":0,"enemies":"Chosen","floor":22,"turns":2},{"damage":12,"enemies":"Book of Stabbing","floor":23,"turns":4},{"damage":26,"enemies":"Slavers","floor":25,"turns":2},{"damage":2,"enemies":"3 Cultists","floor":29,"turns":4},{"damage":0,"enemies":"Snecko","floor":30,"turns":3},{"damage":0,"enemies":"Book of Stabbing","floor":31,"turns":3},{"damage":26,"enemies":"Collector","floor":33,"turns":7},{"damage":0,"enemies":"3 Shapes","floor":35,"turns":5},{"damage":0,"enemies":"Orb Walker","floor":37,"turns":3},{"damage":2,"enemies":"Nemesis","floor":41,"turns":4},{"damage":0,"enemies":"Mind Bloom Boss Battle","floor":44,"turns":3},{"damage":1,"enemies":"Giant Head","floor":46,"turns":7},{"damage":0,"enemies":"Spire Growth","floor":47,"turns":3},{"damage":11,"enemies":"Nemesis","floor":48,"turns":6},{"damage":100039,"enemies":"Time Eater","floor":50,"turns":11}],"seed_played":"-5361953031981087070","potions_obtained":[{"floor":1,"key":"StancePotion"},{"floor":5,"key":"AttackPotion"},{"floor":10,"key":"AttackPotion"},{"floor":13,"key":"LiquidMemories"},{"floor":29,"key":"Block Potion"},{"floor":31,"key":"SpeedPotion"},{"floor":41,"key":"FearPotion"}],"is_trial":false,"path_per_floor":["M","M","?","M","M","R","E","R","T","M","E","M","M","E","R","B",null,"M","$","?","?","M","E","R","E","T","?","R","M","M","E","R","B",null,"M","$","M","?","?","R","E","R","T","?","$","E","M","E","R","B"],"character_chosen":"WATCHER","items_purchased":["BattleHymn","Regal Pillow","Melange","Blue Candle","LikeWater"],"campfire_rested":1,"item_purchase_floors":[19,19,19,45,45],"current_hp_per_floor":[65,65,65,65,62,62,45,45,45,36,36,34,34,29,29,14,65,65,65,65,65,65,53,53,27,27,27,61,59,59,59,59,33,65,65,65,65,55,55,55,53,53,53,53,53,52,52,41,41,0,0],"gold":192,"neow_bonus":"THREE_RARE_CARDS","is_daily":false,"chose_seed":false,"campfire_upgraded":7,"win_rate":0.0,"timestamp":1613882701,"path_taken":["M","M","?","M","M","R","E","R","T","M","E","?","M","E","R","BOSS","M","$","?","?","?","E","R","E","T","?","R","M","M","E","R","BOSS","M","$","M","?","?","R","E","R","T","?","$","E","?","E","R","BOSS"],"items_purchased_type":["Card","Relic","Relic","Relic","Card"],"build_version":"2020-12-22","purchased_purges":1,"victory":false,"max_hp_per_floor":[65,65,65,65,65,65,65,65,65,65,65,65,65,65,65,65,65,65,65,65,65,65,65,65,65,65,65,65,65,65,65,65,65,65,65,65,65,65,65,65,65,65,65,65,65,65,65,65,65,65,65],"card_choices":[{"not_picked":["Establishment","Omniscience"],"picked":"Blasphemy","floor":0},{"not_picked":["WreathOfFlame","ThirdEye"],"picked":"WindmillStrike","floor":1},{"not_picked":["CrushJoints","Prostrate"],"picked":"Halt","floor":2},{"not_picked":["ClearTheMind","WheelKick"],"picked":"Consecrate","floor":4},{"not_picked":["MasterReality","MentalFortress","CutThroughFate"],"picked":"SKIP","floor":5},{"not_picked":["SignatureMove","Indignation"],"picked":"CrushJoints","floor":7},{"not_picked":["FlyingSleeves","Prostrate"],"picked":"ThirdEye","floor":10},{"not_picked":["CarveReality","Study"],"picked":"Protect","floor":11},{"not_picked":["PathToVictory","ConjureBlade"],"picked":"ThirdEye","floor":12},{"not_picked":["SashWhip","BowlingBash"],"picked":"Wallop","floor":13},{"not_picked":["Protect","Adaptation","SandsOfTime"],"picked":"SKIP","floor":14},{"not_picked":["Pray","FlyingSleeves","EmptyFist"],"picked":"SKIP","floor":18},{"not_picked":["Nirvana","BowlingBash","FlurryOfBlows"],"picked":"SKIP","floor":22},{"not_picked":["FollowUp+1","Conclude"],"picked":"WaveOfTheHand","floor":23},{"not_picked":["Consecrate","EmptyFist"],"picked":"LessonLearned","floor":25},{"not_picked":["Pray","ReachHeaven"],"picked":"CutThroughFate","floor":29},{"not_picked":["Halt","EmptyFist","FlurryOfBlows+1"],"picked":"SKIP","floor":30},{"not_picked":["Halt","EmptyFist","FlurryOfBlows+1"],"picked":"SKIP","floor":30},{"not_picked":["Vengeance","CrushJoints"],"picked":"DevaForm","floor":31},{"not_picked":["Judgement","Blasphemy"],"picked":"Vault","floor":33},{"not_picked":["FlurryOfBlows","Protect+1"],"picked":"InnerPeace+1","floor":35},{"not_picked":["CutThroughFate+1","Tantrum+1","PathToVictory"],"picked":"SKIP","floor":37},{"not_picked":["Deep Breath","Purity"],"picked":"Panacea","floor":38},{"not_picked":["FlurryOfBlows+1","Prostrate+1","Halt+1"],"picked":"SKIP","floor":41},{"not_picked":["LessonLearned","CutThroughFate","EmptyFist+1"],"picked":"SKIP","floor":46},{"not_picked":["CutThroughFate","EmptyFist+1"],"picked":"Wireheading","floor":47},{"not_picked":["Wallop+1","Crescendo+1","EmptyBody+1"],"picked":"SKIP","floor":48}],"player_experience":388971,"relics_obtained":[{"floor":7,"key":"CeramicFish"},{"floor":9,"key":"Akabeko"},{"floor":11,"key":"Art of War"},{"floor":14,"key":"Whetstone"},{"floor":23,"key":"Centennial Puzzle"},{"floor":25,"key":"HornCleat"},{"floor":26,"key":"Anchor"},{"floor":31,"key":"Ancient Tea Set"},{"floor":41,"key":"Toxic Egg 2"},{"floor":44,"key":"Dead Branch"},{"floor":46,"key":"TeardropLocket"},{"floor":48,"key":"Bottled Tornado"}],"event_choices":[{"damage_healed":0,"gold_gain":0,"player_choice":"Upgraded","damage_taken":0,"max_hp_gain":0,"max_hp_loss":0,"event_name":"Upgrade Shrine","floor":3,"gold_loss":0,"cards_upgraded":["Eruption"]},{"damage_healed":0,"gold_gain":0,"player_choice":"Simplicity","damage_taken":0,"max_hp_gain":0,"max_hp_loss":0,"event_name":"Back to Basics","floor":20,"gold_loss":0,"cards_upgraded":["Strike_P","Strike_P","Strike_P","Defend_P","Defend_P","Defend_P"]},{"damage_healed":0,"gold_gain":0,"player_choice":"Got Potions","damage_taken":0,"max_hp_gain":0,"max_hp_loss":0,"event_name":"Lab","floor":21,"gold_loss":0},{"damage_healed":0,"gold_gain":0,"player_choice":"Ignored","damage_taken":0,"max_hp_gain":0,"max_hp_loss":0,"event_name":"Vampires","floor":27,"gold_loss":0},{"damage_healed":0,"gold_gain":0,"player_choice":"Memory 3","damage_taken":10,"max_hp_gain":0,"max_hp_loss":0,"event_name":"SensoryStone","floor":38,"gold_loss":0},{"cards_removed":["Strike_P"],"damage_healed":0,"gold_gain":0,"player_choice":"Removed Attack","damage_taken":0,"max_hp_gain":0,"max_hp_loss":0,"event_name":"Falling","floor":39,"gold_loss":0},{"damage_healed":0,"gold_gain":0,"player_choice":"Fight","damage_taken":0,"max_hp_gain":0,"max_hp_loss":0,"event_name":"MindBloom","floor":44,"gold_loss":0}],"is_beta":false,"boss_relics":[{"not_picked":["SlaversCollar","Empty Cage"],"picked":"HolyWater"},{"not_picked":["Velvet Choker","SacredBark"],"picked":"Runic Pyramid"}],"items_purged_floors":[19],"is_endless":false,"potions_floor_spawned":[1,5,10,13,16,18,29,31,33,35,41,47,48],"killed_by":"Time Eater","ascension_level":4}}