{"host":"50per11302020","time":1613867199,"event":{"mods":["AchievementEnabler","BaseMod","Colored Map","Minty Spire (QoL Compilation)","Relic Stats","StSLib"],"gold_per_floor":[109,34,45,64,29,29,29,62,117,145,145,163,9,9,9,9,9],"floor_reached":16,"language":"ENG","playtime":849,"items_purged":["Regret"],"score":220,"play_id":"71ff038a-2d9d-4041-bba2-16dd099cfdae","local_time":"20210220162639","is_ascension_mode":true,"campfire_choices":[{"data":"Metamorphosis","floor":6.0,"key":"SMITH"},{"data":"Calculated Gamble","floor":15.0,"key":"SMITH"}],"circlet_count":0,"master_deck":["AscendersBane","Strike_G","Strike_G","Strike_G","Strike_G","Strike_G","Defend_G","Defend_G","Defend_G","Defend_G","Defend_G","Survivor","Neutralize","Metamorphosis+1","Calculated Gamble+1","Injury","PiercingWail","Leg Sweep","Die Die Die"],"relics":["Ring of the Snake","MealTicket","Centennial Puzzle","Boot","Golden Idol"],"acts_visited":[],"potions_floor_usage":[],"damage_taken":[{"damage":7.0,"enemies":"Jaw Worm","floor":1.0,"turns":4.0},{"damage":0.0,"enemies":"2 Louse","floor":3.0,"turns":4.0},{"damage":1.0,"enemies":"Small Slimes","floor":4.0,"turns":7.0},{"damage":32.0,"enemies":"Gremlin Nob","floor":8.0,"turns":5.0},{"damage":17.0,"enemies":"3 Sentries","floor":10.0,"turns":3.0},{"damage":6.0,"enemies":"Looter","floor":12.0,"turns":3.0},{"damage":0.0,"enemies":"Gremlin Gang","floor":14.0,"turns":1.0},{"damage":33,"enemies":"Slime Boss","floor":16,"turns":7}],"seed_played":"4738392080457670022","potions_obtained":[{"floor":1.0,"key":"SmokeBomb"},{"floor":4.0,"key":"GhostInAJar"},{"floor":8.0,"key":"SmokeBomb"}],"is_trial":false,"path_per_floor":["M","$","M","M","?","R","?","E","T","E","?","M","$","M","R","B"],"character_chosen":"THE_SILENT","items_purchased":["Leg Sweep","Die Die Die"],"campfire_rested":0,"item_purchase_floors":[13,13],"current_hp_per_floor":[52,52,52,51,66,66,71,39,39,22,22,16,31,31,31,0,0],"gold":9,"neow_bonus":"RANDOM_COLORLESS_2","is_daily":false,"chose_seed":false,"campfire_upgraded":2,"win_rate":0.0,"timestamp":1613867199,"path_taken":["M","$","M","M","?","R","?","E","T","E","?","M","$","M","R","BOSS"],"items_purchased_type":["Card","Card"],"build_version":"2020-12-18","purchased_purges":1,"victory":false,"max_hp_per_floor":[66,66,66,66,66,66,71,71,71,71,71,71,71,71,71,71,71],"relic_stats":{"Centennial Puzzle":[9],"counters":[8,34],"Golden Idol":8,"MealTicket":15,"Boot":[23],"obtain_stats":[{"Centennial Puzzle":9,"Golden Idol":11,"MealTicket":8,"Boot":10,"Ring of the Snake":0},{"Centennial Puzzle":4,"Golden Idol":5,"MealTicket":4,"Boot":5,"Ring of the Snake":0},{"Centennial Puzzle":20,"Golden Idol":23,"MealTicket":20,"Boot":23,"Ring of the Snake":0}],"Ring of the Snake":[16]},"card_choices":[{"not_picked":["Violence","Panache"],"picked":"Metamorphosis","floor":0.0},{"not_picked":["Poisoned Stab","Tactician","Caltrops"],"picked":"SKIP","floor":1.0},{"not_picked":["Well Laid Plans","Prepared"],"picked":"Calculated Gamble","floor":3.0},{"not_picked":["Concentrate","Sucker Punch","Slice"],"picked":"SKIP","floor":4.0},{"not_picked":["Unload","Bane","Skewer"],"picked":"SKIP","floor":8.0},{"not_picked":["Setup","Masterful Stab","Deflect"],"picked":"SKIP","floor":10.0},{"not_picked":["Dodge and Roll","Deadly Poison"],"picked":"PiercingWail","floor":12.0}],"player_experience":439530,"relics_obtained":[{"floor":8.0,"key":"MealTicket"},{"floor":9.0,"key":"Centennial Puzzle"},{"floor":10.0,"key":"Boot"}],"event_choices":[{"damage_healed":16.0,"max_hp_gain":0.0,"max_hp_loss":0.0,"gold_gain":0.0,"event_name":"The Cleric","player_choice":"Healed","floor":5.0,"gold_loss":35.0,"damage_taken":0.0},{"damage_healed":0.0,"max_hp_gain":5.0,"max_hp_loss":0.0,"gold_gain":0.0,"event_name":"Big Fish","player_choice":"Donut","floor":7.0,"gold_loss":0.0,"damage_taken":0.0},{"damage_healed":0.0,"max_hp_gain":0.0,"max_hp_loss":0.0,"gold_gain":0.0,"event_name":"Golden Idol","player_choice":"Take Wound","floor":11.0,"gold_loss":0.0,"damage_taken":0.0,"relics_obtained":["Golden Idol"],"cards_obtained":["Injury"]}],"is_beta":true,"boss_relics":[],"items_purged_floors":[2],"is_endless":false,"potions_floor_spawned":[1,4,8,10],"killed_by":"Slime Boss","ascension_level":20}}