{"host":"uy3xxt3jvdg1h0wo","time":1613935698,"event":{"mods":["Act Like it!","Arknights","Aspiration","Astrologer","BaseMod","Better Sensory Stone","Better Vampires","Bossed Relics","CatGirl Mod","ChefMod","Colored Powertips","Conspire","Displayed Cursed Tome","Dota2Spire","Extra Virgin Snecko Oil","Fox Events","GifTheSpireLib","Gremlin Skip","Grow up Mod","Halation","Hallownest","Hermit","Hubris","JesterMod","Jorbs\u0027s Wanderer Trilogy","Kratos Character Expansion","Melee Mod","Menagerie","Minty Spire (QoL Compilation)","Poor People Problems","RatMod","Reliquary","Remove Card Discount Mod","Replay The Spire","Retaliation","Robot Space Explorer","Ruina","SCP261 Mod","Shade Mod","Shapeshifter Mod","Shop Mod","Spicy Shops","Spikes Relics","Spire Birthday Party","StSLib","Stuff the Spire","The Caster","The Cursed","The Dragonkin","The Forsaken","The Hayseed","The Judge","The Jungle","The Kombatant","The Marked","The Necromancer","The Problem Sleuth","TheSurvivalist","TheVacant","TheWitcher","Transform Curses","Virulent Crown","[IsaacMod]????","thorton","????"],"gold_per_floor":[112,125,1,33,33,33,33],"floor_reached":6,"language":"ENG","playtime":482,"items_purged":[],"score":86,"play_id":"06bf916c-2217-4f37-9cda-c4f731054790","local_time":"20210221132818","is_ascension_mode":false,"campfire_choices":[],"circlet_count":0,"master_deck":["hubris:Hubris","survmod:Strike","survmod:Strike","survmod:Strike","survmod:Strike","survmod:Defend","survmod:Defend","survmod:Defend","survmod:Defend","survmod:VersatileOffense","survmod:Sprint","BettingIsNotGood","hubris:Hubris","survmod:MarkTrap","survmod:UnfortunateEscape","survmod:DuckAndFlare","survmod:FocusedFire"],"relics":["survmod:InnateMutation","HushsDoor","NineVolt","ClockworkSouvenir"],"acts_visited":["Menagerie:Menagerie"],"potions_floor_usage":[0,1,4,4,6],"damage_taken":[{"damage":10,"enemies":"Menagerie:2_RABBITS","floor":1,"turns":7},{"damage":0,"enemies":"Menagerie:StygianBoar","floor":2,"turns":5},{"damage":10,"enemies":"Menagerie:MonstrousExperiment","floor":4,"turns":7},{"damage":9,"enemies":"Menagerie:MaskedSummoner","floor":6,"turns":3}],"seed_played":"-313390454600154845","potions_obtained":[{"floor":0,"key":"TheSimpletonMod:KindlingPotion"},{"floor":0,"key":"Fruit Juice"},{"floor":0,"key":"Adrenaline Potion"},{"floor":1,"key":"Swift Potion"},{"floor":2,"key":"DistilledChaos"}],"is_trial":false,"path_per_floor":["M","M","$","M","?","E"],"character_chosen":"THE_SURVIVOR","items_purchased":["ClockworkSouvenir","survmod:DuckAndFlare"],"campfire_rested":0,"item_purchase_floors":[3,3],"current_hp_per_floor":[65,80,90,90,100,91,91],"gold":33,"neow_bonus":"THREE_SMALL_POTIONS","is_daily":false,"chose_seed":false,"campfire_upgraded":0,"win_rate":0.0,"timestamp":1613935698,"path_taken":["M","M","$","M","?","E"],"items_purchased_type":["Relic","Card"],"build_version":"2020-12-22","purchased_purges":0,"victory":false,"max_hp_per_floor":[75,85,95,105,115,115,115],"card_choices":[{"not_picked":[],"picked":"BettingIsNotGood","floor":0},{"not_picked":["survmod:Hawkeye","survmod:HailOfArrows"],"picked":"survmod:MarkTrap","floor":1},{"not_picked":["survmod:Marksmanship","survmod:KnowThyEnemy"],"picked":"survmod:UnfortunateEscape","floor":2},{"not_picked":["survmod:PinningSnipe","survmod:PenetratingShot"],"picked":"survmod:FocusedFire","floor":4}],"player_experience":4866600,"relics_obtained":[],"event_choices":[{"damage_healed":0,"gold_gain":0,"player_choice":"Ignored","damage_taken":0,"max_hp_gain":0,"max_hp_loss":0,"event_name":"Menagerie:BigGameHunter","floor":5,"gold_loss":0}],"is_beta":false,"boss_relics":[],"items_purged_floors":[],"is_endless":false,"potions_floor_spawned":[1,2],"killed_by":"Menagerie:MaskedSummoner","ascension_level":0}}