{"host":"1poy056mauca3bbh","time":1613947195,"event":{"mods":["Ascension Unlocker","BaseMod","Bestiary","Block Reminder","Colored Map","Colored Powertips","Curses Come First","Highlight Path","Minty Spire (QoL Compilation)","Permanent Neow","Quick Restart","Rare Cards Sparkle","Relic Stats","Smile Girya","StSLib","UnlockEverythingMod"],"gold_per_floor":[113,113,113,113,12,12,162,162,187,225,3,21,41,56,56,146,146,166,91,14,0,0,20,39,59,108,108,108],"floor_reached":27,"language":"ENG","playtime":1158,"items_purged":["Injury"],"score":422,"play_id":"c3abb02e-64f7-4f25-b46b-26e30f66121f","local_time":"20210221173955","is_ascension_mode":true,"campfire_choices":[{"floor":6.0,"key":"REST"},{"data":"Adrenaline","floor":8.0,"key":"SMITH"},{"floor":15.0,"key":"REST"}],"circlet_count":0,"master_deck":["AscendersBane","Strike_G","Strike_G+1","Strike_G","Defend_G","Defend_G","Defend_G","Survivor","Neutralize","Underhanded Strike+1","Adrenaline+1","Cloak And Dagger","Skewer","Flying Knee","Distraction","Noxious Fumes","PiercingWail","Tools of the Trade","Tactician","Footwork","Footwork","Poisoned Stab","Dagger Spray"],"relics":["Ring of the Snake","Vajra","Golden Idol","Centennial Puzzle","Regal Pillow","Akabeko","Empty Cage","PreservedInsect"],"acts_visited":["TheCity"],"potions_floor_usage":[24,25],"damage_taken":[{"damage":0.0,"enemies":"Jaw Worm","floor":1.0,"turns":4.0},{"damage":30.0,"enemies":"Lagavulin","floor":10.0,"turns":8.0},{"damage":0.0,"enemies":"2 Louse","floor":12.0,"turns":2.0},{"damage":0.0,"enemies":"Small Slimes","floor":13.0,"turns":3.0},{"damage":1.0,"enemies":"Blue Slaver","floor":14.0,"turns":2.0},{"damage":50.0,"enemies":"Hexaghost","floor":16.0,"turns":10.0},{"damage":0.0,"enemies":"Spheric Guardian","floor":18.0,"turns":1.0},{"damage":11,"enemies":"Chosen","floor":23,"turns":5},{"damage":18,"enemies":"Snake Plant","floor":24,"turns":4},{"damage":11,"enemies":"3 Cultists","floor":25,"turns":5},{"damage":18,"enemies":"Book of Stabbing","floor":27,"turns":4}],"seed_played":"3672716240750232748","potions_obtained":[{"floor":10.0,"key":"Poison Potion"},{"floor":12.0,"key":"Weak Potion"},{"floor":16.0,"key":"AttackPotion"},{"floor":23,"key":"Fruit Juice"},{"floor":24,"key":"LiquidMemories"}],"is_trial":false,"path_per_floor":["M","?","?","?","$","R","?","R","T","E","$","M","M","M","R","B",null,"M","?","$","?","?","M","M","M","T","E"],"character_chosen":"THE_SILENT","items_purchased":["Cloak And Dagger","Akabeko","Flying Knee","Footwork"],"campfire_rested":2,"item_purchase_floors":[5,11,11,20],"current_hp_per_floor":[59,39,39,39,39,58,58,58,58,28,28,28,28,27,61,11,52,52,52,52,52,52,41,28,17,17,0,0],"gold":108,"neow_bonus":"RANDOM_COMMON_RELIC","is_daily":false,"chose_seed":false,"campfire_upgraded":1,"win_rate":0.0,"timestamp":1613947195,"path_taken":["M","?","?","?","?","R","?","R","T","E","$","M","?","M","R","BOSS","M","?","$","?","?","M","?","M","T","E"],"items_purchased_type":["Card","Relic","Card","Card"],"build_version":"2020-12-22","purchased_purges":1,"victory":false,"max_hp_per_floor":[66,66,66,66,66,66,66,66,66,66,66,66,66,66,66,66,66,66,66,66,66,66,66,71,71,71,71,71],"relic_stats":{"Centennial Puzzle":[21],"Regal Pillow":15,"counters":[11,48],"Golden Idol":53,"PreservedInsect":42,"obtain_stats":[{"Centennial Puzzle":9,"Regal Pillow":10,"Golden Idol":4,"Vajra":0,"PreservedInsect":26,"Empty Cage":17,"Akabeko":11,"Ring of the Snake":0},{"Centennial Puzzle":1,"Regal Pillow":2,"Golden Idol":1,"Vajra":0,"PreservedInsect":10,"Empty Cage":6,"Akabeko":2,"Ring of the Snake":0},{"Centennial Puzzle":4,"Regal Pillow":12,"Golden Idol":4,"Vajra":0,"PreservedInsect":44,"Empty Cage":29,"Akabeko":12,"Ring of the Snake":0}],"Ring of the Snake":[22]},"card_choices":[{"not_picked":["Reflex","Bane"],"picked":"Underhanded Strike","floor":1.0},{"not_picked":["Setup","Escape Plan"],"picked":"Skewer","floor":10.0},{"not_picked":["Acrobatics","Dagger Throw"],"picked":"Distraction","floor":12.0},{"not_picked":["Backflip","Infinite Blades"],"picked":"Noxious Fumes","floor":13.0},{"not_picked":["Slice","Deflect"],"picked":"PiercingWail","floor":14.0},{"not_picked":["Adrenaline","A Thousand Cuts"],"picked":"Tools of the Trade","floor":16.0},{"not_picked":["Catalyst","Outmaneuver"],"picked":"Tactician","floor":18.0},{"not_picked":["Poisoned Stab","Skewer"],"picked":"Footwork","floor":23},{"not_picked":["Slice","Dagger Throw"],"picked":"Poisoned Stab","floor":24},{"not_picked":["Unload","Slice"],"picked":"Dagger Spray","floor":25}],"player_experience":166712,"relics_obtained":[{"floor":9.0,"key":"Centennial Puzzle"},{"floor":10.0,"key":"Regal Pillow"},{"floor":26,"key":"PreservedInsect"}],"event_choices":[{"damage_healed":0.0,"max_hp_gain":0.0,"max_hp_loss":0.0,"gold_gain":0.0,"event_name":"Shining Light","player_choice":"Entered Light","floor":2.0,"gold_loss":0.0,"damage_taken":20.0,"cards_upgraded":["Underhanded Strike","Strike_G"]},{"damage_healed":0.0,"max_hp_gain":0.0,"max_hp_loss":0.0,"gold_gain":0.0,"cards_transformed":["Strike_G"],"event_name":"Living Wall","player_choice":"Change","floor":3.0,"gold_loss":0.0,"damage_taken":0.0,"cards_obtained":["Adrenaline"]},{"damage_healed":0.0,"max_hp_gain":0.0,"max_hp_loss":0.0,"gold_gain":0.0,"event_name":"Golden Idol","player_choice":"Take Wound","floor":4.0,"gold_loss":0.0,"damage_taken":0.0,"relics_obtained":["Golden Idol"],"cards_obtained":["Injury"]},{"damage_healed":0.0,"max_hp_gain":0.0,"max_hp_loss":0.0,"gold_gain":150.0,"event_name":"Liars Game","player_choice":"AGREE","floor":7.0,"gold_loss":0.0,"damage_taken":0.0,"cards_obtained":["Doubt"]},{"cards_removed":["Defend_G"],"damage_healed":0.0,"max_hp_gain":0.0,"max_hp_loss":0.0,"gold_gain":0.0,"event_name":"Beggar","player_choice":"Gave Gold","floor":19.0,"gold_loss":75.0,"damage_taken":0.0},{"damage_healed":0.0,"max_hp_gain":0.0,"max_hp_loss":0.0,"gold_gain":0.0,"event_name":"Masked Bandits","player_choice":"Paid Fearfully","floor":21.0,"gold_loss":14.0,"damage_taken":0.0},{"cards_removed":["Strike_G"],"damage_healed":0.0,"max_hp_gain":0.0,"max_hp_loss":0.0,"gold_gain":0.0,"event_name":"Purifier","player_choice":"Purged","floor":22.0,"gold_loss":0.0,"damage_taken":0.0}],"is_beta":false,"boss_relics":[{"not_picked":["Velvet Choker","Runic Dome"],"picked":"Empty Cage"}],"items_purged_floors":[5],"is_endless":false,"potions_floor_spawned":[10,12,14,16,23,24],"killed_by":"Book of Stabbing","ascension_level":20}}