{"host":"xz7n3qy1zq36rzpg","time":1613934479,"event":{"mods":["BaseMod","Colored Map","Colored Powertips","Highlight Path","Minty Spire (QoL Compilation)","Quick Restart","Shop Mod"],"gold_per_floor":[114,129,144,159,174,204,219,249,249,249,279,309,351,393,405,517,529,556,568,595,622,406,436,436,466,541,571,571,601,516,531,531,631,681,696,711,726,326,341,371,371,401,401,431,461,476,506,536,536,536],"floor_reached":51,"language":"ENG","playtime":4054,"items_purged":[],"score":1180,"play_id":"0c4055c5-5478-450c-91cf-644a5378ad24","local_time":"20210221200759","daily_mods":["SealedDeck","Flight","Elite Swarm"],"is_ascension_mode":false,"campfire_choices":[{"data":"Body Slam","floor":10.0,"key":"SMITH"},{"data":"Cleave","floor":15.0,"key":"SMITH"},{"data":"Limit Break","floor":24.0,"key":"SMITH"},{"data":"Armaments","floor":32.0,"key":"SMITH"},{"data":"1","floor":41,"key":"LIFT"},{"data":"2","floor":49,"key":"LIFT"}],"circlet_count":0,"master_deck":["Iron Wave","Heavy Blade","Anger","Anger","Wild Strike","Clothesline","Shrug It Off","Body Slam+1","Pommel Strike","Shrug It Off","Rampage","Cleave+1","Armaments+1","True Grit","Inflame","Demon Form","Sword Boomerang","Immolate","Reaper","Limit Break+1","Double Tap","Juggernaut","CurseOfTheBell","Flex+1","Twin Strike","Disarm+1","Limit Break","Cleave+1","Shockwave+1","Feed","Exhume"],"relics":["Burning Blood","FossilizedHelix","Bronze Scales","White Beast Statue","Girya","MawBank","MealTicket","Letter Opener","Calling Bell","Orichalcum","Mercury Hourglass","Thread and Needle","Toolbox","Juzu Bracelet","Pantograph","Bottled Lightning","HornCleat","Eternal Feather","Bag of Preparation","Tiny House","Ancient Tea Set","Ornamental Fan","Oddly Smooth Stone","Meat on the Bone","Sundial","Bottled Tornado","Shovel","TungstenRod","Dream Catcher"],"acts_visited":["Exordium","TheCity","TheBeyond"],"potions_floor_usage":[39,40,42,44,44,45,47,48,50,50,50],"damage_taken":[{"damage":0.0,"enemies":"Small Slimes","floor":1.0,"turns":3.0},{"damage":0.0,"enemies":"2 Louse","floor":2.0,"turns":2.0},{"damage":0.0,"enemies":"Cultist","floor":3.0,"turns":2.0},{"damage":13.0,"enemies":"3 Louse","floor":4.0,"turns":2.0},{"damage":5.0,"enemies":"Gremlin Gang","floor":5.0,"turns":3.0},{"damage":4.0,"enemies":"Gremlin Nob","floor":6.0,"turns":3.0},{"damage":0.0,"enemies":"Looter","floor":7.0,"turns":2.0},{"damage":12.0,"enemies":"Lagavulin","floor":8.0,"turns":5.0},{"damage":0.0,"enemies":"Gremlin Nob","floor":11.0,"turns":3.0},{"damage":13.0,"enemies":"Lagavulin","floor":12.0,"turns":5.0},{"damage":10.0,"enemies":"Gremlin Nob","floor":13.0,"turns":3.0},{"damage":3.0,"enemies":"Lagavulin","floor":14.0,"turns":5.0},{"damage":47.0,"enemies":"The Guardian","floor":16.0,"turns":9.0},{"damage":0.0,"enemies":"Chosen","floor":18.0,"turns":3.0},{"damage":0.0,"enemies":"2 Thieves","floor":20.0,"turns":2.0},{"damage":0.0,"enemies":"Cultist and Chosen","floor":21.0,"turns":4.0},{"damage":0.0,"enemies":"Book of Stabbing","floor":23.0,"turns":5.0},{"damage":1.0,"enemies":"Slavers","floor":25.0,"turns":4.0},{"damage":0.0,"enemies":"Gremlin Leader","floor":27.0,"turns":6.0},{"damage":20.0,"enemies":"Slavers","floor":29.0,"turns":3.0},{"damage":0.0,"enemies":"Snake Plant","floor":31.0,"turns":2.0},{"damage":0.0,"enemies":"Collector","floor":33.0,"turns":5.0},{"damage":0.0,"enemies":"3 Darklings","floor":35.0,"turns":3.0},{"damage":3.0,"enemies":"3 Shapes","floor":36.0,"turns":1.0},{"damage":8.0,"enemies":"Transient","floor":37.0,"turns":5.0},{"damage":16,"enemies":"Maw","floor":39,"turns":6},{"damage":0,"enemies":"Reptomancer","floor":40,"turns":4},{"damage":16,"enemies":"Giant Head","floor":42,"turns":6},{"damage":32,"enemies":"Nemesis","floor":44,"turns":5},{"damage":1,"enemies":"Reptomancer","floor":45,"turns":6},{"damage":5,"enemies":"Sphere and 2 Shapes","floor":46,"turns":6},{"damage":0,"enemies":"Nemesis","floor":47,"turns":5},{"damage":18,"enemies":"Giant Head","floor":48,"turns":6},{"damage":13,"enemies":"Donu and Deca","floor":50,"turns":4}],"seed_played":"-7397021786818157212","potions_obtained":[{"floor":4.0,"key":"Swift Potion"},{"floor":5.0,"key":"EssenceOfSteel"},{"floor":6.0,"key":"LiquidMemories"},{"floor":7.0,"key":"SkillPotion"},{"floor":11.0,"key":"GamblersBrew"},{"floor":12.0,"key":"ElixirPotion"},{"floor":13.0,"key":"SteroidPotion"},{"floor":14.0,"key":"Ancient Potion"},{"floor":16.0,"key":"Swift Potion"},{"floor":18.0,"key":"LiquidBronze"},{"floor":20.0,"key":"AttackPotion"},{"floor":21.0,"key":"PowerPotion"},{"floor":23.0,"key":"Weak Potion"},{"floor":25.0,"key":"Swift Potion"},{"floor":27.0,"key":"BlessingOfTheForge"},{"floor":29.0,"key":"PowerPotion"},{"floor":31.0,"key":"EntropicBrew"},{"floor":33.0,"key":"FearPotion"},{"floor":34.0,"key":"PowerPotion"},{"floor":35.0,"key":"Strength Potion"},{"floor":37.0,"key":"BloodPotion"},{"floor":39,"key":"BloodPotion"},{"floor":40,"key":"BloodPotion"},{"floor":42,"key":"Energy Potion"},{"floor":44,"key":"HeartOfIron"},{"floor":45,"key":"Explosive Potion"},{"floor":46,"key":"DistilledChaos"},{"floor":47,"key":"Energy Potion"},{"floor":48,"key":"DistilledChaos"}],"is_trial":false,"path_per_floor":["M","M","M","M","M","E","M","E","T","R","E","E","E","E","R","B",null,"M","?","M","M","$","E","R","E","T","E","$","E","?","M","R","B",null,"M","M","M","$","M","E","R","E","T","E","E","M","E","E","R","B",null],"character_chosen":"IRONCLAD","items_purchased":["Toolbox","Disarm","Ancient Tea Set","Ornamental Fan"],"campfire_rested":0,"item_purchase_floors":[22,22,38,38],"current_hp_per_floor":[80,80,80,73,74,76,80,74,74,74,80,73,69,72,72,43,80,80,80,80,80,80,80,80,80,80,80,80,80,80,80,80,80,85,85,85,83,85,75,85,85,85,85,76,85,85,85,73,85,81],"gold":536,"neow_bonus":"","is_daily":true,"chose_seed":false,"campfire_upgraded":4,"win_rate":0.0,"timestamp":1613934479,"path_taken":["M","M","M","M","M","E","M","E","T","R","E","E","E","E","R","BOSS","M","?","M","M","$","E","R","E","T","E","$","E","?","M","R","BOSS","M","M","M","$","M","E","R","E","T","E","E","M","E","E","R","BOSS"],"items_purchased_type":["Relic","Card","Relic","Relic"],"build_version":"2020-12-22","purchased_purges":0,"victory":true,"max_hp_per_floor":[80,80,80,80,80,80,80,80,80,80,80,80,80,80,80,80,80,80,80,80,80,80,80,80,80,80,80,80,80,80,80,80,80,85,85,85,85,85,85,85,85,85,85,85,85,85,85,85,85,88],"card_choices":[{"not_picked":["Anger","True Grit"],"picked":"Rampage","floor":1.0},{"not_picked":["Infernal Blade","Iron Wave"],"picked":"Cleave","floor":2.0},{"not_picked":["Headbutt","Reckless Charge"],"picked":"Armaments","floor":3.0},{"not_picked":["Clash","Shockwave"],"picked":"True Grit","floor":4.0},{"not_picked":["Armaments","Metallicize"],"picked":"Inflame","floor":5.0},{"not_picked":["Double Tap","Barricade"],"picked":"Demon Form","floor":6.0},{"not_picked":["Body Slam","Burning Pact"],"picked":"Sword Boomerang","floor":7.0},{"not_picked":["Exhume","Impervious"],"picked":"Immolate","floor":8.0},{"not_picked":["Demon Form","Offering"],"picked":"Reaper","floor":11.0},{"not_picked":["Impervious","Immolate"],"picked":"Limit Break","floor":12.0},{"not_picked":["Immolate","Demon Form","Reaper"],"picked":"SKIP","floor":13.0},{"not_picked":["Offering","Bludgeon"],"picked":"Double Tap","floor":14.0},{"not_picked":["Corruption","Impervious"],"picked":"Juggernaut","floor":16.0},{"not_picked":["Searing Blow+1","Reckless Charge+1"],"picked":"Flex+1","floor":18.0},{"not_picked":["Headbutt","Metallicize"],"picked":"Twin Strike","floor":20.0},{"not_picked":["Clash+1","Blood for Blood","Perfected Strike"],"picked":"SKIP","floor":21.0},{"not_picked":["Demon Form","Juggernaut","Brutality"],"picked":"SKIP","floor":23.0},{"not_picked":["Bludgeon","Juggernaut"],"picked":"Limit Break","floor":25.0},{"not_picked":["Demon Form","Brutality","Barricade"],"picked":"SKIP","floor":27.0},{"not_picked":["Immolate","Juggernaut","Double Tap"],"picked":"SKIP","floor":29.0},{"not_picked":["Entrench","Hemokinesis","Shockwave"],"picked":"SKIP","floor":31.0},{"not_picked":["Sword Boomerang","Reckless Charge+1"],"picked":"Cleave+1","floor":34.0},{"not_picked":["Twin Strike+1","Whirlwind"],"picked":"Shockwave+1","floor":35.0},{"not_picked":["Perfected Strike","Whirlwind","True Grit+1"],"picked":"SKIP","floor":36.0},{"not_picked":["Twin Strike","Havoc","Clash+1"],"picked":"SKIP","floor":37.0},{"not_picked":["Wild Strike","Power Through","Sword Boomerang"],"picked":"SKIP","floor":39},{"not_picked":["Bludgeon","Barricade","Impervious"],"picked":"SKIP","floor":40},{"not_picked":["Offering","Immolate"],"picked":"Feed","floor":42},{"not_picked":["Juggernaut","Bludgeon"],"picked":"Exhume","floor":44},{"not_picked":["Barricade","Brutality","Reaper"],"picked":"SKIP","floor":45},{"not_picked":["Cleave+1","Body Slam","Wild Strike"],"picked":"SKIP","floor":46},{"not_picked":["Exhume","Offering","Reaper"],"picked":"SKIP","floor":47},{"not_picked":["Berserk","Fiend Fire","Juggernaut"],"picked":"SKIP","floor":48}],"player_experience":553212,"relics_obtained":[{"floor":6.0,"key":"FossilizedHelix"},{"floor":8.0,"key":"Bronze Scales"},{"floor":9.0,"key":"White Beast Statue"},{"floor":11.0,"key":"Girya"},{"floor":12.0,"key":"MawBank"},{"floor":13.0,"key":"MealTicket"},{"floor":14.0,"key":"Letter Opener"},{"floor":17.0,"key":"Orichalcum"},{"floor":17.0,"key":"Mercury Hourglass"},{"floor":17.0,"key":"Thread and Needle"},{"floor":23.0,"key":"Juzu Bracelet"},{"floor":25.0,"key":"Pantograph"},{"floor":26.0,"key":"Bottled Lightning"},{"floor":27.0,"key":"HornCleat"},{"floor":29.0,"key":"Eternal Feather"},{"floor":40,"key":"Oddly Smooth Stone"},{"floor":42,"key":"Meat on the Bone"},{"floor":43,"key":"Sundial"},{"floor":44,"key":"Bottled Tornado"},{"floor":45,"key":"Shovel"},{"floor":47,"key":"TungstenRod"},{"floor":48,"key":"Dream Catcher"}],"event_choices":[{"damage_healed":0.0,"max_hp_gain":0.0,"max_hp_loss":0.0,"gold_gain":0.0,"event_name":"Vampires","player_choice":"Ignored","floor":19.0,"gold_loss":0.0,"damage_taken":0.0},{"damage_healed":0.0,"max_hp_gain":0.0,"max_hp_loss":0.0,"gold_gain":0.0,"event_name":"Addict","player_choice":"Obtained Relic","floor":30.0,"gold_loss":85.0,"damage_taken":0.0,"relics_obtained":["Bag of Preparation"]}],"is_beta":false,"boss_relics":[{"not_picked":["Coffee Dripper","Velvet Choker"],"picked":"Calling Bell"},{"not_picked":["Philosopher\u0027s Stone","SlaversCollar"],"picked":"Tiny House"}],"items_purged_floors":[],"is_endless":false,"potions_floor_spawned":[4,5,6,7,11,12,13,14,16,18,20,21,23,25,27,29,31,33,35,36,37,39,40,42,44,45,46,47,48],"ascension_level":0}}