{"host":"yassvrowvc2yfwp2","time":1613870570,"event":{"mods":["2.2 Compatiblity","Act Like it!","BaseMod","Better Note","Curses Come First","Dota2Spire","Downfall","HololiveMod","Jorbs\u0027s Wanderer Trilogy","Minty Spire (QoL Compilation)","Prisma Mod","Rare Cards Sparkle","Reimu£®≤©¿ˆ¡È√Œ£©","Replay The Spire","Say the Spire","Spicy Shops","StSLib","The Bug Knight","The Cursed","The Servant 0.9.4"],"gold_per_floor":[99,114,129,79,94,94,94,124,139,154,184,184,184,214,229,329,329,329,344,359,359,319,349,424,454,105,105,135,150,150,250,265,365,365,365,405,470,470,257,257,257,257,272,272,272,302,302,302,342,392],"floor_reached":51,"language":"ZHS","playtime":2495,"items_purged":[],"score":1203,"play_id":"11e19e55-fb84-42ba-932a-65f5d0d5478f","local_time":"20210221092250","daily_mods":["Heirloom","Hoarder","Elite Swarm"],"is_ascension_mode":false,"campfire_choices":[{"data":"PrismaMod:MiyuCheapChannelDefend","floor":1,"key":"SMITH"},{"data":"PrismaMod:MiyuCheapPlate","floor":6,"key":"SMITH"},{"data":"PrismaMod:MiyuCheapDefend2","floor":27,"key":"SMITH"},{"data":"PrismaMod:MiyuUncommonStrBuff","floor":35,"key":"SMITH"},{"data":"PrismaMod:MiyuCheapDefend2","floor":40,"key":"SMITH"},{"floor":45,"key":"REST"},{"floor":47,"key":"REST"}],"circlet_count":0,"master_deck":["PrismaMod:MiyuCheapChannelAttack+1","PrismaMod:MiyuCheapChannelDefend+1","PrismaMod:MiyuUncommonDefend","PrismaMod:MiyuUncommonDefend","PrismaMod:MiyuUncommonDefend","PrismaMod:MiyuCheapDexBuff","PrismaMod:MiyuCheapDexBuff","PrismaMod:MiyuCheapDexBuff","PrismaMod:MiyuCheapPlate+1","PrismaMod:MiyuCheapPlate","PrismaMod:MiyuCheapPlate","PrismaMod:MiyuCarnivalDefend","PrismaMod:MiyuCarnivalDefend","PrismaMod:MiyuCarnivalDefend","PrismaMod:MiyuCheapChannelWeak","PrismaMod:MiyuCheapChannelWeak","PrismaMod:MiyuCheapChannelWeak","PrismaMod:MiyuUncommonDexBuff","PrismaMod:MiyuUncommonDexBuff","PrismaMod:MiyuUncommonDexBuff","PrismaMod:MiyuEvokeAllAttack","PrismaMod:MiyuEvokeAllAttack","PrismaMod:MiyuEvokeAllAttack","PrismaMod:MiyuCheapDefend2+1","PrismaMod:MiyuCheapDefend2+1","PrismaMod:MiyuCheapDefend2","PrismaMod:MiyuUncommonDexBuff","PrismaMod:MiyuUncommonDexBuff","PrismaMod:MiyuUncommonDexBuff","PrismaMod:MiyuCheapDefend2","PrismaMod:MiyuCheapDefend2+1","PrismaMod:MiyuCheapDefend2","PrismaMod:MiyuAttackChannelVul","PrismaMod:MiyuAttackChannelVul","PrismaMod:MiyuAttackChannelVul","PrismaMod:MiyuUncommonStrBuff+1","PrismaMod:MiyuUncommonStrBuff+1","PrismaMod:MiyuUncommonStrBuff+1","Slimebound:Tackle+1","Slimebound:Tackle+1","Slimebound:Tackle+1","Slimebound:Tackle+1","Slimebound:Tackle+1","Slimebound:Tackle+1","Slimebound:Tackle+1","Slimebound:Tackle+1","Slimebound:Tackle+1","ZunPunch:ReiMu","ZunPunch:ReiMu","ZunPunch:ReiMu","PrismaMod:MiyuCheapDefend2+1","PrismaMod:MiyuCheapDefend2","PrismaMod:MiyuCheapDefend2","PrismaMod:MiyuBride","PrismaMod:MiyuBride","PrismaMod:MiyuBride","PrismaMod:MiyuUncommonStrBuff","PrismaMod:MiyuUncommonStrBuff","PrismaMod:MiyuUncommonStrBuff+1","stsjorbsmod:Procrastination","stsjorbsmod:Procrastination","stsjorbsmod:Procrastination","PrismaMod:MiyuCheapDefend2","PrismaMod:MiyuCheapDefend2+1","PrismaMod:MiyuCheapDefend2","PrismaMod:MiyuOrbIncreasePerm","PrismaMod:MiyuOrbIncreasePerm","PrismaMod:MiyuOrbIncreasePerm","PrismaMod:MiyuCarnivalDefend","PrismaMod:MiyuCarnivalDefend","PrismaMod:MiyuCarnivalDefend","PrismaMod:MiyuEvokeBuffStr","PrismaMod:MiyuEvokeBuffStr","PrismaMod:MiyuEvokeBuffStr","PrismaMod:MiyuCommonAOEAttack+1","PrismaMod:MiyuCommonAOEAttack+1","PrismaMod:MiyuCommonAOEAttack+1","PrismaMod:MiyuCheapChannelDefend","PrismaMod:MiyuCheapChannelDefend","PrismaMod:MiyuCheapChannelDefend","PrismaMod:MiyuCheapPlate","PrismaMod:MiyuCheapPlate","PrismaMod:MiyuCheapPlate","PrismaMod:MiyuUncommonDexBuff+1","PrismaMod:MiyuUncommonDexBuff+1","PrismaMod:MiyuUncommonDexBuff+1","expansioncontent:Chronoboost","expansioncontent:Chronoboost","expansioncontent:Chronoboost","PrismaMod:MiyuUncommonDexBuff+1","PrismaMod:MiyuUncommonDexBuff+1","PrismaMod:MiyuUncommonDexBuff+1","PrismaMod:MiyuChannelAttackEvoke+1","PrismaMod:MiyuChannelAttackEvoke+1","PrismaMod:MiyuChannelAttackEvoke+1","PrismaMod:MiyuChannelAttackEvoke+1","PrismaMod:MiyuChannelAttackEvoke+1","PrismaMod:MiyuChannelAttackEvoke+1","PrismaMod:MiyuOrbIncreasePerm","PrismaMod:MiyuOrbIncreasePerm","PrismaMod:MiyuOrbIncreasePerm","PrismaMod:MiyuCarnivalDefend","PrismaMod:MiyuCarnivalDefend","PrismaMod:MiyuCarnivalDefend"],"relics":["PrismaMod:PrismaSapphire","PureWhite:ReiMu","Question Card","StoneCalendar","Dota2Spire:PhaseBoots","Blue Candle","Turnip","SlaversCollar","Replay:Baseball","Dota2Spire:EchoSabre","Membership Card","Molten Egg 2","Sundial","Replay:Grab Bag","Runic Dome","Sozu","Pandora\u0027s Box","HandDrill","Shuriken","Kunai","Dota2Spire:Vanguard","Guide Book","Darkstone Periapt","Replay:Bottled Snecko","Singing Bowl"],"acts_visited":["Exordium","TheCity","TheBeyond"],"potions_floor_usage":[10,43,50],"damage_taken":[{"damage":0,"enemies":"Small Slimes","floor":2,"turns":4},{"damage":0,"enemies":"2 Louse","floor":3,"turns":3},{"damage":0,"enemies":"Cultist","floor":5,"turns":4},{"damage":0,"enemies":"HollowMod:MossKnight","floor":8,"turns":11},{"damage":13,"enemies":"3 Louse","floor":9,"turns":3},{"damage":0,"enemies":"Looter","floor":10,"turns":4},{"damage":0,"enemies":"Replay:BlueRogue","floor":11,"turns":7},{"damage":0,"enemies":"Gremlin Nob","floor":14,"turns":5},{"damage":7,"enemies":"Exordium Wildlife","floor":15,"turns":3},{"damage":2,"enemies":"IC_STATUS_ARCHETYPE","floor":16,"turns":7},{"damage":0,"enemies":"3 Byrds","floor":19,"turns":4},{"damage":0,"enemies":"Centurion and Healer","floor":20,"turns":7},{"damage":0,"enemies":"Book of Stabbing","floor":23,"turns":3},{"damage":0,"enemies":"Replay:Snechameleon","floor":25,"turns":5},{"damage":3,"enemies":"downfall:FleeingMerchant","floor":26,"turns":4},{"damage":12,"enemies":"Book of Stabbing","floor":28,"turns":3},{"damage":7,"enemies":"Shelled Parasite and Fungi","floor":29,"turns":7},{"damage":10,"enemies":"Cultist and Chosen","floor":32,"turns":5},{"damage":13,"enemies":"SI_MIRROR_ARCHETYPE","floor":33,"turns":8},{"damage":4,"enemies":"3 Shapes","floor":36,"turns":4},{"damage":0,"enemies":"3 Darklings","floor":37,"turns":5},{"damage":0,"enemies":"downfall:FleeingMerchant","floor":39,"turns":3},{"damage":16,"enemies":"Transient","floor":43,"turns":5},{"damage":45,"enemies":"HollowMod:StalkingDevout","floor":46,"turns":8},{"damage":0,"enemies":"Sphere and 2 Shapes","floor":49,"turns":7},{"damage":38,"enemies":"DF_ARCHETYPE_ORBS","floor":50,"turns":12}],"seed_played":"-7397021786818157212","potions_obtained":[{"floor":8,"key":"Fire Potion"},{"floor":10,"key":"SkillPotion"},{"floor":11,"key":"DuplicationPotion"},{"floor":16,"key":"Fire Potion"}],"is_trial":false,"path_per_floor":["R","M","M","?","M","R","T","E","M","M","E","?","?","E","M","B",null,"R","M","M","?","?","E","T","E","$","R","E","M","?","?","M","B",null,"R","M","M","?","$","R","T","?","M","?","R","E","R","T","M","B",null],"character_chosen":"MIYU","items_purchased":["Membership Card","Molten Egg 2","PrismaMod:MiyuUncommonStrBuff","HandDrill","PrismaMod:MiyuChannelAttackEvoke+1","PrismaMod:MiyuOrbIncreasePerm","Shuriken","Kunai","Dota2Spire:Vanguard","Guide Book"],"campfire_rested":2,"item_purchase_floors":[26,26,26,39,39,39,39,39,39,39],"current_hp_per_floor":[75,75,75,75,75,75,75,75,62,62,62,62,57,57,50,48,75,75,75,75,75,75,75,75,75,72,72,60,53,53,53,43,30,75,75,71,71,71,71,71,71,71,55,55,75,30,52,52,54,16],"gold":392,"neow_bonus":"","is_daily":true,"chose_seed":false,"campfire_upgraded":5,"win_rate":0.0,"timestamp":1613870570,"path_taken":["R","M","M","?","M","R","T","E","M","M","E","?","?","E","M","BOSS","R","M","M","?","?","E","T","E","$","R","E","M","?","?","M","BOSS","R","M","?","?","$","R","T","?","?","?","R","E","R","?","M","BOSS"],"items_purchased_type":["Relic","Relic","Card","Relic","Card","Card","Relic","Relic","Relic","Relic"],"build_version":"2020-12-22","purchased_purges":0,"victory":true,"max_hp_per_floor":[75,75,75,75,75,75,75,75,75,75,75,75,75,75,75,75,75,75,75,75,75,75,75,75,75,75,75,75,75,75,75,75,75,75,75,75,75,75,75,75,75,75,75,75,75,75,75,75,77,77],"card_choices":[{"not_picked":["PrismaMod:MiyuEvokeBuffDex","PrismaMod:MiyuUberAOEAttack"],"picked":"PrismaMod:MiyuUncommonDefend","floor":2},{"not_picked":["PrismaMod:MiyuDefenseRemoval","PrismaMod:MiyuUberAttack"],"picked":"PrismaMod:MiyuCheapDexBuff","floor":3},{"not_picked":["PrismaMod:MiyuUberAttack","PrismaMod:MiyuCheapChannelVul"],"picked":"PrismaMod:MiyuCheapPlate","floor":5},{"not_picked":["PrismaMod:MiyuCheapDefend2","PrismaMod:MiyuDefenseAbsorbMinor","PrismaMod:MiyuDefendChannelDefend"],"picked":"PrismaMod:MiyuCarnivalDefend","floor":8},{"not_picked":["PrismaMod:MiyuCheapChannelVul","PrismaMod:MiyuUncommonAttack","PrismaMod:MiyuCheapAttack2"],"picked":"PrismaMod:MiyuCheapChannelWeak","floor":9},{"not_picked":["PrismaMod:MiyuEvokeAll","PrismaMod:MiyuEvokeBuffDex","PrismaMod:MiyuDevil"],"picked":"PrismaMod:MiyuUncommonDexBuff","floor":10},{"not_picked":["PrismaMod:MiyuChannelAttackEvoke","PrismaMod:MiyuUberDefend","PrismaMod:MiyuCarnivalDefend"],"picked":"PrismaMod:MiyuEvokeAllAttack","floor":11},{"not_picked":["PrismaMod:MiyuCarnivalDefend","PrismaMod:MiyuDefenseAbsorbMinor","PrismaMod:MiyuEvokeAllDefend"],"picked":"PrismaMod:MiyuCheapDefend2","floor":14},{"not_picked":["PrismaMod:MiyuCarnivalAttack","PrismaMod:MiyuUberAOEAttack","PrismaMod:MiyuEvokeBuffStr"],"picked":"PrismaMod:MiyuUncommonDexBuff","floor":15},{"not_picked":["PrismaMod:MiyuEvokeAllDefend","PrismaMod:MiyuChannelAttackEvoke","PrismaMod:MiyuEvokeAllAttack"],"picked":"PrismaMod:MiyuCheapDefend2","floor":16},{"not_picked":["PrismaMod:MiyuEvokeBuffDex+1","PrismaMod:MiyuCheapDefend1+1","PrismaMod:MiyuCheapStrBuff"],"picked":"PrismaMod:MiyuUncommonStrBuff+1","floor":19},{"not_picked":["PrismaMod:MiyuUberAOEAttack","PrismaMod:MiyuDefenseRemoval","PrismaMod:MiyuCheapStrBuff+1","PrismaMod:MiyuCommonAOEAttack"],"picked":"SKIP","floor":20},{"not_picked":["PrismaMod:MiyuUberDefend","PrismaMod:MiyuEvokeAllDefend","PrismaMod:MiyuDefenseAbsorbMinor"],"picked":"PrismaMod:MiyuCheapDefend2","floor":23},{"not_picked":["PrismaMod:MiyuEvokeAllDefend","PrismaMod:MiyuChannelAttackEvoke","PrismaMod:MiyuDefendChannelDefend"],"picked":"PrismaMod:MiyuBride","floor":25},{"not_picked":["PrismaMod:MiyuCheapChannelHeal","PrismaMod:MiyuEvokeBuffStr","PrismaMod:MiyuChristmas+1","PrismaMod:MiyuAttackChannelWeak+1"],"picked":"SKIP","floor":26},{"not_picked":["PrismaMod:MiyuDefenseAbsorbMinor","PrismaMod:MiyuBride","PrismaMod:MiyuCarnivalDefend"],"picked":"PrismaMod:MiyuCheapDefend2","floor":28},{"not_picked":["PrismaMod:MiyuCheapChannelHeal+1","PrismaMod:MiyuDefenseRemoval","PrismaMod:MiyuCheapStrBuff"],"picked":"PrismaMod:MiyuOrbIncreasePerm","floor":29},{"not_picked":["PrismaMod:MiyuAttackChannelVul+1","PrismaMod:MiyuCheapEvoke","PrismaMod:MiyuCheapChannelWeak","PrismaMod:MiyuCommonAOEAttack+1"],"picked":"SKIP","floor":32},{"not_picked":["PrismaMod:MiyuBride","PrismaMod:MiyuEvokeAllDefend","PrismaMod:MiyuDefendChannelDefend"],"picked":"PrismaMod:MiyuCarnivalDefend","floor":33},{"not_picked":["PrismaMod:MiyuUncommonStrBuff","PrismaMod:MiyuDevil+1","PrismaMod:MiyuCheapChannelVul+1"],"picked":"PrismaMod:MiyuCheapPlate","floor":36},{"not_picked":["PrismaMod:MiyuDefenseRemoval","PrismaMod:MiyuCarnivalAttack+1","PrismaMod:MiyuCheapAttack1+1"],"picked":"PrismaMod:MiyuUncommonDexBuff+1","floor":37},{"not_picked":["expansioncontent:YouAreMine","expansioncontent:Hexaburn"],"picked":"expansioncontent:Chronoboost","floor":38},{"not_picked":["PrismaMod:MiyuUberAttack+1","PrismaMod:MiyuCommonAOEAttack+1","PrismaMod:MiyuCheapChannelDefend+1"],"picked":"PrismaMod:MiyuUncommonDexBuff+1","floor":39},{"not_picked":["PrismaMod:MiyuCarnivalAttack+1","PrismaMod:MiyuAttackChannelWeak+1","PrismaMod:MiyuDefenseAbsorbMinor","PrismaMod:MiyuEvokeCheapDefend"],"picked":"SKIP","floor":43},{"not_picked":["PrismaMod:MiyuChannelAttackEvoke+1","PrismaMod:MiyuBride","PrismaMod:MiyuChannelDefendEvoke"],"picked":"PrismaMod:MiyuCarnivalDefend","floor":46},{"not_picked":["PrismaMod:MiyuUncommonAttack+1","PrismaMod:MiyuUncommonDexBuff+1","PrismaMod:MiyuDefenseExplosion+1","PrismaMod:MiyuCheapEvoke"],"picked":"Singing Bowl","floor":49}],"player_experience":2180306,"relics_obtained":[{"floor":7,"key":"Question Card"},{"floor":8,"key":"StoneCalendar"},{"floor":11,"key":"Dota2Spire:PhaseBoots"},{"floor":14,"key":"Turnip"},{"floor":23,"key":"Replay:Baseball"},{"floor":25,"key":"Dota2Spire:EchoSabre"},{"floor":28,"key":"Sundial"},{"floor":41,"key":"Darkstone Periapt"},{"floor":46,"key":"Replay:Bottled Snecko"},{"floor":48,"key":"Singing Bowl"}],"event_choices":[{"cards_removed":["PrismaMod:MiyuCommonDefend"],"damage_healed":0,"gold_gain":0,"player_choice":"Card Removal","damage_taken":0,"max_hp_gain":0,"max_hp_loss":0,"event_name":"The Cleric","floor":4,"gold_loss":50},{"damage_healed":0,"gold_gain":0,"player_choice":"Ωª≥ˆ…Òæ∆","damage_taken":0,"max_hp_gain":0,"max_hp_loss":0,"event_name":"ZunEvent","floor":22,"relics_lost":["ZunR:ReiMu"],"gold_loss":0,"cards_obtained":["ZunPunch:ReiMu"]},{"damage_healed":0,"gold_gain":0,"player_choice":"Ignored","damage_taken":0,"max_hp_gain":0,"max_hp_loss":0,"event_name":"Ghosts","floor":30,"gold_loss":0}],"is_beta":false,"boss_relics":[{"not_picked":["Calling Bell","Replay:Wanted Poster"],"picked":"SlaversCollar"},{"not_picked":["Astrolabe","Runic Pyramid"],"picked":"Replay:Grab Bag"},{"not_picked":["Philosopher\u0027s Stone","Cursed Key"],"picked":"Runic Dome"},{"not_picked":["Coffee Dripper","Busted Crown"],"picked":"Sozu"},{"not_picked":["Snecko Eye","Kintsugi"],"picked":"Pandora\u0027s Box"}],"items_purged_floors":[],"is_endless":false,"potions_floor_spawned":[8,10,11,16,25,28,33,36,43,46],"ascension_level":0}}