{"host":"snampf0t8p8psf53","time":1613936982,"event":{"mods":["AchievementEnabler","BaseMod","Bestiary","DeckTracker","Minty Spire (QoL Compilation)","Permanent Neow","SuperFastMode"],"gold_per_floor":[119,138,138,138,138,172,197,226,226,226,226],"floor_reached":10,"language":"ENG","playtime":542,"items_purged":[],"score":84,"play_id":"b8a35924-9dd5-41a9-932d-0d9200e43d2e","local_time":"20210221114942","daily_mods":["Vintage","Heirloom","Time Dilation","Flight","DeadlyEvents","Elite Swarm"],"is_ascension_mode":false,"campfire_choices":[],"circlet_count":0,"master_deck":["Strike_P","Strike_P","Strike_P+1","Strike_P","Defend_P","Defend_P","Defend_P","Defend_P","Eruption","Vigilance","LessonLearned","SpiritShield","SpiritShield"],"relics":["PureWater","Unceasing Top","Incense Burner","HornCleat","Matryoshka","Happy Flower","Kunai","Gambling Chip","Torii","Question Card","Smiling Mask","Eternal Feather"],"acts_visited":["Exordium"],"potions_floor_usage":[],"damage_taken":[{"damage":0.0,"enemies":"Small Slimes","floor":1.0,"turns":2.0},{"damage":3.0,"enemies":"Jaw Worm","floor":2.0,"turns":3.0},{"damage":5.0,"enemies":"Lagavulin","floor":6.0,"turns":6.0},{"damage":28.0,"enemies":"3 Sentries","floor":7.0,"turns":12.0},{"damage":17.0,"enemies":"Lagavulin","floor":8.0,"turns":8.0},{"damage":48,"enemies":"Gremlin Nob","floor":10,"turns":3}],"seed_played":"-227491467563806266","potions_obtained":[{"floor":1.0,"key":"LiquidMemories"},{"floor":6.0,"key":"SneckoOil"}],"is_trial":true,"path_per_floor":["M","M","?","T","?","E","E","E","T","E"],"character_chosen":"WATCHER","items_purchased":[],"campfire_rested":0,"item_purchase_floors":[],"current_hp_per_floor":[72,69,51,51,56,51,23,6,6,0,0],"gold":226,"neow_bonus":"","is_daily":false,"chose_seed":false,"campfire_upgraded":0,"win_rate":0.0,"timestamp":1613936982,"path_taken":["M","M","?","?","?","E","E","E","T","?"],"items_purchased_type":[],"build_version":"2020-12-22","purchased_purges":0,"victory":false,"max_hp_per_floor":[72,72,72,72,77,77,77,77,77,77,77],"card_choices":[{"not_picked":["Scrawl","Omniscience"],"picked":"LessonLearned","floor":6.0},{"not_picked":["Ragnarok","Wish"],"picked":"SpiritShield","floor":7.0},{"not_picked":["Establishment","Scrawl"],"picked":"SpiritShield","floor":8.0}],"player_experience":148881,"relics_obtained":[{"floor":1.0,"key":"Incense Burner"},{"floor":2.0,"key":"HornCleat"},{"floor":4.0,"key":"Happy Flower"},{"floor":4.0,"key":"Kunai"},{"floor":6.0,"key":"Gambling Chip"},{"floor":7.0,"key":"Torii"},{"floor":8.0,"key":"Question Card"},{"floor":9.0,"key":"Smiling Mask"},{"floor":9.0,"key":"Eternal Feather"}],"event_choices":[{"damage_healed":0.0,"max_hp_gain":0.0,"max_hp_loss":0.0,"gold_gain":0.0,"event_name":"Scrap Ooze","player_choice":"Success","floor":3.0,"gold_loss":0.0,"damage_taken":18.0,"relics_obtained":["Matryoshka"]},{"damage_healed":0.0,"max_hp_gain":5.0,"max_hp_loss":0.0,"gold_gain":0.0,"event_name":"Big Fish","player_choice":"Donut","floor":5.0,"gold_loss":0.0,"damage_taken":0.0}],"is_beta":false,"boss_relics":[],"items_purged_floors":[],"is_endless":false,"potions_floor_spawned":[1,6],"killed_by":"Gremlin Nob","ascension_level":0}}