{"host":"yx5rao87132cy5xq","time":1613866871,"event":{"mods":["2.2 Compatiblity","AchievementEnabler","BaseMod","Bestiary","Colored Map","Colored Powertips","Minty Spire (QoL Compilation)","Quick Restart","Relic Stats","Slay-I","SuperFastMode"],"gold_per_floor":[113,125,140,140,151,151,151,151],"floor_reached":7,"language":"ENG","playtime":296,"items_purged":[],"score":84,"play_id":"438c5920-2733-4067-a2ec-a8b69e4838c8","local_time":"20210221012111","is_ascension_mode":true,"campfire_choices":[{"floor":6,"key":"REST"}],"circlet_count":0,"master_deck":["AscendersBane","Strike_R","Strike_R","Strike_R","Strike_R","Strike_R","Defend_R","Defend_R","Defend_R","Defend_R","Bash","Shrug It Off","Clash","Corruption","Whirlwind"],"relics":["Burning Blood","Bronze Scales"],"acts_visited":["Exordium"],"potions_floor_usage":[7,7],"damage_taken":[{"damage":23,"enemies":"Small Slimes","floor":1,"turns":5},{"damage":9,"enemies":"2 Louse","floor":2,"turns":4},{"damage":9,"enemies":"Jaw Worm","floor":3,"turns":6},{"damage":16,"enemies":"3 Louse","floor":5,"turns":3},{"damage":45,"enemies":"Lagavulin","floor":7,"turns":6}],"seed_played":"4828010780413839641","potions_obtained":[{"floor":2,"key":"ElixirPotion"},{"floor":3,"key":"Fire Potion"}],"is_trial":false,"path_per_floor":["M","M","M","?","M","R","E"],"character_chosen":"IRONCLAD","items_purchased":[],"campfire_rested":1,"item_purchase_floors":[],"current_hp_per_floor":[47,44,41,23,13,39,0,0],"gold":151,"neow_bonus":"TWENTY_PERCENT_HP_BONUS","is_daily":false,"chose_seed":false,"campfire_upgraded":0,"win_rate":0.0,"timestamp":1613866871,"path_taken":["M","M","M","?","M","R","E"],"items_purchased_type":[],"build_version":"2020-12-22","purchased_purges":0,"victory":false,"max_hp_per_floor":[89,89,89,89,89,89,89,89],"relic_stats":{"counters":[5,24],"Bronze Scales":[21],"obtain_stats":[{"Bronze Scales":4,"Burning Blood":0},{"Bronze Scales":3,"Burning Blood":0},{"Bronze Scales":15,"Burning Blood":0}],"Burning Blood":24},"card_choices":[{"not_picked":["Heavy Blade","Pummel"],"picked":"Shrug It Off","floor":1},{"not_picked":["Body Slam","Sword Boomerang"],"picked":"Clash","floor":2},{"not_picked":["Body Slam","Clash"],"picked":"Corruption","floor":3},{"not_picked":["Searing Blow","Wild Strike"],"picked":"Whirlwind","floor":5}],"player_experience":1083455,"relics_obtained":[],"event_choices":[{"damage_healed":0,"gold_gain":0,"player_choice":"Success","damage_taken":18,"relics_obtained":["Bronze Scales"],"max_hp_gain":0,"max_hp_loss":0,"event_name":"Scrap Ooze","floor":4,"gold_loss":0}],"is_beta":false,"boss_relics":[],"items_purged_floors":[],"is_endless":false,"potions_floor_spawned":[2,3],"killed_by":"Lagavulin","ascension_level":19}}