{"host":"nz11ypxva4e39b7q","time":1613871198,"event":{"mods":["BaseMod","Better Third Choice","Better Vampires","Colored Map","Minty Spire (QoL Compilation)","Quick Restart","Shapeshifter Mod","StSLib"],"gold_per_floor":[118,118,118,68,68,68,97,108,108,121,146,146,160,175,175,276,276,290,301,301,311,331,331,331],"floor_reached":23,"language":"ENG","playtime":1189,"items_purged":[],"score":345,"play_id":"aa612311-3195-4fc3-bdf0-c657e0f76f36","local_time":"20210221023318","is_ascension_mode":true,"campfire_choices":[{"data":"StSShapeShifter:Sapling","floor":6.0,"key":"SMITH"},{"data":"StSShapeShifter:EntForm","floor":12.0,"key":"SMITH"},{"data":"StSShapeShifter:PoisonIvy","floor":15.0,"key":"SMITH"}],"circlet_count":0,"master_deck":["AscendersBane","StSShapeShifter:ShapeShifter_Strike","StSShapeShifter:ShapeShifter_Strike","StSShapeShifter:ShapeShifter_Strike","StSShapeShifter:ShapeShifter_Strike","StSShapeShifter:ShapeShifter_Strike","StSShapeShifter:ShapeShifter_Defend","StSShapeShifter:ShapeShifter_Defend","StSShapeShifter:ShapeShifter_Defend","StSShapeShifter:ShapeShifter_Defend","StSShapeShifter:Lynx_Form","StSShapeShifter:Sapling+1","StSShapeShifter:UnicornForm","StSShapeShifter:PoisonIvy+1","StSShapeShifter:EntForm+1","StSShapeShifter:MagicMushrooms","StSShapeShifter:BarkSkin","StSShapeShifter:Summer","StSShapeShifter:FesteringBite","StSShapeShifter:WolfForm+1"],"relics":["StSShapeShifter:AnimalHeart","StSShapeShifter:TheShapeShiftersMagnolia","NeowsBlessing","Mercury Hourglass","Bottled Lightning","Happy Flower","Snecko Eye"],"acts_visited":["Exordium","TheCity"],"potions_floor_usage":[],"damage_taken":[{"damage":0.0,"enemies":"Small Slimes","floor":1.0,"turns":2.0},{"damage":0.0,"enemies":"3 Sentries","floor":7.0,"turns":1.0},{"damage":0.0,"enemies":"2 Louse","floor":8.0,"turns":1.0},{"damage":9.0,"enemies":"Jaw Worm","floor":10.0,"turns":4.0},{"damage":55.0,"enemies":"Lagavulin","floor":11.0,"turns":7.0},{"damage":0.0,"enemies":"Gremlin Gang","floor":13.0,"turns":3.0},{"damage":1.0,"enemies":"2 Fungi Beasts","floor":14.0,"turns":3.0},{"damage":24.0,"enemies":"The Guardian","floor":16.0,"turns":14.0},{"damage":51.0,"enemies":"Spheric Guardian","floor":18.0,"turns":11.0},{"damage":18.0,"enemies":"Shell Parasite","floor":19.0,"turns":6.0},{"damage":0.0,"enemies":"Shelled Parasite and Fungi","floor":20.0,"turns":1.0},{"damage":21.0,"enemies":"Chosen and Byrds","floor":21.0,"turns":7.0},{"damage":28.0,"enemies":"Snake Plant","floor":22.0,"turns":6.0},{"damage":14,"enemies":"Book of Stabbing","floor":23,"turns":1}],"seed_played":"8316833093238385082","potions_obtained":[{"floor":7.0,"key":"SmokeBomb"},{"floor":11.0,"key":"LiquidBronze"}],"is_trial":false,"path_per_floor":["M","?","?","?","T","R","E","M","T","M","E","R","M","M","R","B",null,"M","M","M","M","M","E"],"character_chosen":"SHAPESHIFTER","items_purchased":[],"campfire_rested":0,"item_purchase_floors":[],"current_hp_per_floor":[70,70,63,63,63,63,63,63,63,54,9,9,18,26,26,17,63,27,23,23,17,4,0,0],"gold":331,"neow_bonus":"THREE_ENEMY_KILL","is_daily":false,"chose_seed":false,"campfire_upgraded":3,"win_rate":0.0,"timestamp":1613871198,"path_taken":["M","?","?","?","?","R","E","M","T","M","E","R","M","?","R","BOSS","M","M","M","?","M","E"],"items_purchased_type":[],"build_version":"2020-12-22","purchased_purges":0,"victory":false,"max_hp_per_floor":[78,78,78,78,78,78,78,78,78,78,78,78,78,78,78,78,78,78,78,78,78,78,78,78],"card_choices":[{"not_picked":["StSShapeShifter:FlowerShield","StSShapeShifter:Roar"],"picked":"StSShapeShifter:Sapling","floor":1.0},{"not_picked":["StSShapeShifter:FullMoon","StSShapeShifter:MonkeyForm","StSShapeShifter:Rest"],"picked":"SKIP","floor":7.0},{"not_picked":["StSShapeShifter:CursedApple","StSShapeShifter:Rest"],"picked":"StSShapeShifter:PoisonIvy","floor":8.0},{"not_picked":["StSShapeShifter:HippoForm","StSShapeShifter:BloomingSlash"],"picked":"StSShapeShifter:EntForm","floor":10.0},{"not_picked":["StSShapeShifter:Bonk","StSShapeShifter:ThornToss"],"picked":"StSShapeShifter:MagicMushrooms","floor":11.0},{"not_picked":["StSShapeShifter:FoxForm","StSShapeShifter:Roar","StSShapeShifter:FesteringBite"],"picked":"SKIP","floor":13.0},{"not_picked":["StSShapeShifter:Maul","StSShapeShifter:DiverseSpirit"],"picked":"StSShapeShifter:BarkSkin","floor":14.0},{"not_picked":["StSShapeShifter:LionForm","StSShapeShifter:Vengeance"],"picked":"StSShapeShifter:Summer","floor":16.0},{"not_picked":["StSShapeShifter:FallingLeaves","StSShapeShifter:Roar","StSShapeShifter:SquirrelForm"],"picked":"SKIP","floor":18.0},{"not_picked":["StSShapeShifter:Rest","StSShapeShifter:Hunt"],"picked":"StSShapeShifter:FesteringBite","floor":19.0},{"not_picked":["StSShapeShifter:WaspSwarmForm+1","StSShapeShifter:FlowerShield","StSShapeShifter:Maul"],"picked":"SKIP","floor":21.0},{"not_picked":["StSShapeShifter:Consume+1","StSShapeShifter:WaspSwarmForm"],"picked":"StSShapeShifter:WolfForm+1","floor":22.0}],"player_experience":1084695,"relics_obtained":[{"floor":7.0,"key":"Mercury Hourglass"},{"floor":9.0,"key":"Bottled Lightning"},{"floor":11.0,"key":"Happy Flower"}],"event_choices":[{"cards_removed":["StSShapeShifter:Tortoise_Form"],"damage_healed":0.0,"max_hp_gain":0.0,"max_hp_loss":0.0,"gold_gain":0.0,"event_name":"Golden Wing","player_choice":"Card Removal","floor":3.0,"gold_loss":0.0,"damage_taken":7.0},{"cards_removed":["StSShapeShifter:ShapeShifter_Defend"],"damage_healed":0.0,"max_hp_gain":0.0,"max_hp_loss":0.0,"gold_gain":0.0,"event_name":"The Cleric","player_choice":"Card Removal","floor":4.0,"gold_loss":50.0,"damage_taken":0.0}],"is_beta":false,"boss_relics":[{"not_picked":["Tiny House","Sozu"],"picked":"Snecko Eye"}],"items_purged_floors":[],"is_endless":false,"potions_floor_spawned":[7,11,20],"killed_by":"Book of Stabbing","ascension_level":10}}