{"host":"i0s8vbixp24k5aul","time":1613891973,"event":{"mods":["2.2 Compatiblity","Act Like it!","Aspiration","BaseMod","Better Note","Better Third Choice","Better Vampires","BetterUpgradePreview","Colorless Booster Pack","Displayed Cursed Tome","Energized Spire","Fox Events","GifTheSpireLib","Halation","Hermit","Hubris","Infinite Spire","Jedi Mod","Key Reminder","Minty Spire (QoL Compilation)","Monster B Gone","Optimize The Spire","Poor People Problems","Potionbrewer","Random Character Mod","Reliquary","Shade Mod","StSLib","Stuff the Spire","Swap Starting Deck Mod","The Bug Knight","The Construct","The Cursed","The Disciple","The Mystic","TheHero","TheWitcher","??????REMEMod"],"gold_per_floor":[114,114,114,114,33,66,66,86,86,106,116,148,148,165,165,265,265,281,292,312,323,323,323,351,351,351,47,47,74,74,74,74,170,170,182,237,197,215,215,230,230,230,308,333,344,364,364,378,378,378],"floor_reached":51,"language":"RUS","playtime":2753,"items_purged":[],"score":728,"play_id":"77997e53-7cef-4ff5-9c54-2c7a4f30aeac","local_time":"20210221101933","is_ascension_mode":false,"campfire_choices":[{"floor":7,"key":"REST"},{"data":"jedi:LeechingStrike","floor":13,"key":"SMITH"},{"data":"jedi:LeechingStrike","floor":15,"key":"SMITH"},{"floor":23,"key":"REST"},{"data":"REME_ACTH","floor":25,"key":"SMITH"},{"data":"jedi:LeechingStrike","floor":30,"key":"SMITH"},{"floor":32,"key":"REST"},{"data":"jedi:LeechingStrike","floor":41,"key":"SMITH"},{"data":"Inflame","floor":47,"key":"SMITH"},{"data":"jedi:LeechingStrike","floor":49,"key":"SMITH"}],"circlet_count":0,"master_deck":["Strike_R","Strike_R+1","Strike_R+1","Strike_R","Defend_R","Defend_R","Defend_R","Defend_R","Bash","jedi:LeechingStrike","True Grit","Clash","Injury","Thunderclap+1","Inflame+1","Intimidate","hubris:NaturalOne","StuffTheSpire:Slingshot+1","Anger+1","Thunderclap+1","hubris:StunningStrike+1","hubris:CleavingFinish+1","Immolate+1","Flex+1","Shrug It Off+1","Carnage+1","Hemokinesis+1","REME_ACTH+1","Fiend Fire+1","Heavy Blade+1","Heavy Blade+1","Heavy Blade+1","jedi:LeechingStrike","Flex+1","Whirlwind+1","Headbutt+1","Cleave+1"],"relics":["potionbrewer:PotionKit","REME_ComplimentaryCards","hubris:Icosahedron","Molten Egg 2","infinitespire:Cubic Diamond","keyreminder:keyreminder","halation:PromiseList","Odd Mushroom","hubris:CrystalStatue","InkBottle","SlaversCollar","Bottled Tornado","Pantograph","hubris:CuriousFeather","Orichalcum","betterThird:NestCultRelic","reliquary:ThirdArm","StoneCalendar","halation:SelfBoilingWater","Oddly Smooth Stone"],"acts_visited":["Exordium","TheCity","TheBeyond"],"potions_floor_usage":[12,16,16,16,19,19,24,36,36,40,40,50,50],"damage_taken":[{"damage":3,"enemies":"Cultist","floor":1,"turns":4},{"damage":50,"enemies":"Lagavulin","floor":6,"turns":8},{"damage":11,"enemies":"The Mushroom Lair","floor":8,"turns":4},{"damage":0,"enemies":"Small Slimes","floor":10,"turns":2},{"damage":0,"enemies":"Jaw Worm","floor":11,"turns":2},{"damage":4,"enemies":"Gremlin Nob","floor":12,"turns":3},{"damage":3,"enemies":"Lots of Slimes","floor":14,"turns":2},{"damage":47,"enemies":"Hexaghost","floor":16,"turns":9},{"damage":10,"enemies":"Chosen","floor":18,"turns":4},{"damage":14,"enemies":"Shell Parasite","floor":19,"turns":4},{"damage":41,"enemies":"Sentry and Sphere","floor":20,"turns":8},{"damage":32,"enemies":"Shelled Parasite and Fungi","floor":21,"turns":5},{"damage":25,"enemies":"Slavers","floor":24,"turns":5},{"damage":51,"enemies":"Champ","floor":33,"turns":8},{"damage":16,"enemies":"Orb Walker","floor":35,"turns":3},{"damage":39,"enemies":"2 Orb Walkers","floor":36,"turns":3},{"damage":28,"enemies":"3 Shapes","floor":38,"turns":5},{"damage":23,"enemies":"Spire Growth","floor":40,"turns":3},{"damage":12,"enemies":"Reptomancer","floor":44,"turns":2},{"damage":43,"enemies":"4 Shapes","floor":45,"turns":4},{"damage":14,"enemies":"Maw","floor":46,"turns":6},{"damage":26,"enemies":"Transient","floor":48,"turns":5},{"damage":45,"enemies":"Time Eater","floor":50,"turns":7}],"seed_played":"4980765314239465927","potions_obtained":[{"floor":6,"key":"potionbrewer:BoundlessPotion"},{"floor":8,"key":"BlessingOfTheForge"},{"floor":16,"key":"potionbrewer:DiscountPotion"},{"floor":18,"key":"Strength Potion"},{"floor":20,"key":"Energy Potion"},{"floor":33,"key":"potionbrewer:CleansingPotion"},{"floor":35,"key":"potionbrewer:SplittingPotion"},{"floor":40,"key":"FairyPotion"},{"floor":46,"key":"infinitespire:BlackPotion"}],"is_trial":false,"path_per_floor":["M","?","?","?","$","E","R","?","T","M","M","E","R","M","R","B",null,"M","M","M","M","?","R","E","R","T","$","?","T","R","?","R","B",null,"M","?","?","M","AVR","M","R","?","T","E","M","M","R","M","R","B",null],"character_chosen":"IRONCLAD","items_purchased":["Thunderclap+1","Inflame","hubris:CuriousFeather"],"campfire_rested":3,"item_purchase_floors":[5,5,27],"current_hp_per_floor":[80,80,80,80,80,30,54,54,54,63,63,59,59,61,61,38,80,70,65,39,29,29,53,46,46,46,46,46,46,46,46,70,53,80,80,78,78,70,70,75,75,75,75,63,20,72,72,78,78,80],"gold":378,"neow_bonus":"TRANSFORM_CARD","is_daily":false,"chose_seed":false,"campfire_upgraded":7,"win_rate":0.0,"timestamp":1613891973,"path_taken":["M","?","?","?","$","E","R","?","T","M","?","E","R","?","R","BOSS","M","M","M","M","?","R","E","R","T","$","?","?","R","?","R","BOSS","M","?","?","M","AVR","?","R","?","T","E","M","M","R","M","R","BOSS"],"items_purchased_type":["Card","Card","Relic"],"build_version":"2020-12-22","purchased_purges":0,"victory":true,"max_hp_per_floor":[80,80,80,80,80,80,80,80,80,80,80,80,80,80,80,80,80,80,80,80,80,80,80,80,80,80,80,80,80,80,80,80,80,80,80,80,80,80,80,80,80,80,80,80,80,80,80,80,80,80],"card_choices":[{"not_picked":["Rage","Entrench"],"picked":"Clash","floor":1},{"not_picked":["True Grit","Dark Embrace"],"picked":"Intimidate","floor":6},{"not_picked":["Body Slam+1","Intimidate"],"picked":"StuffTheSpire:Slingshot+1","floor":8},{"not_picked":["Wild Strike+1","jedi:fear"],"picked":"Anger+1","floor":10},{"not_picked":["Headbutt+1","Flame Barrier"],"picked":"Thunderclap+1","floor":11},{"not_picked":["Body Slam+1","REME_SingleHolding"],"picked":"hubris:StunningStrike+1","floor":12},{"not_picked":["Havoc","Wild Strike+1"],"picked":"hubris:CleavingFinish+1","floor":14},{"not_picked":["jedi:unlimitedpower","Brutality"],"picked":"Immolate+1","floor":16},{"not_picked":["Armaments","Perfected Strike+1"],"picked":"Flex+1","floor":18},{"not_picked":["Reckless Charge+1","Headbutt+1"],"picked":"Shrug It Off+1","floor":19},{"not_picked":["Thunderclap+1","StuffTheSpire:BloodClot"],"picked":"Carnage+1","floor":20},{"not_picked":["Warcry","Twin Strike+1"],"picked":"Hemokinesis+1","floor":21},{"not_picked":["Clash+1","Bloodletting"],"picked":"REME_ACTH","floor":24},{"not_picked":["Bludgeon+1","Barricade"],"picked":"Fiend Fire+1","floor":33},{"not_picked":["Wild Strike+1","Rage","REME_FearOfPain"],"picked":"SKIP","floor":35},{"not_picked":["Warcry","Shockwave+1"],"picked":"Heavy Blade+1","floor":36},{"not_picked":["Clash+1","Flame Barrier+1"],"picked":"Heavy Blade+1","floor":38},{"not_picked":["jedi:controlledanger+1","Burning Pact"],"picked":"Heavy Blade+1","floor":40},{"not_picked":["Shrug It Off+1","Fire Breathing"],"picked":"Flex+1","floor":44},{"not_picked":["Entrench+1","Armaments+1"],"picked":"Whirlwind+1","floor":45},{"not_picked":["True Grit","Body Slam+1"],"picked":"Headbutt+1","floor":46},{"not_picked":["Disarm","Rage+1"],"picked":"Cleave+1","floor":48}],"player_experience":961739,"relics_obtained":[{"floor":6,"key":"halation:PromiseList"},{"floor":8,"key":"Odd Mushroom"},{"floor":9,"key":"hubris:CrystalStatue"},{"floor":12,"key":"InkBottle"},{"floor":24,"key":"Bottled Tornado"},{"floor":26,"key":"Pantograph"},{"floor":29,"key":"Orichalcum"},{"floor":36,"key":"StoneCalendar"},{"floor":43,"key":"halation:SelfBoilingWater"},{"floor":44,"key":"Oddly Smooth Stone"}],"event_choices":[{"damage_healed":0,"gold_gain":0,"player_choice":"Fought Mushrooms","damage_taken":0,"max_hp_gain":0,"max_hp_loss":0,"event_name":"Mushrooms","floor":8,"gold_loss":0},{"cards_removed":["hubris:StunningStrike"],"damage_healed":0,"gold_gain":0,"player_choice":"Give","damage_taken":0,"max_hp_gain":0,"max_hp_loss":0,"event_name":"betterNote:BetterNote","floor":22,"gold_loss":0,"cards_obtained":["None"]},{"damage_healed":0,"gold_gain":0,"player_choice":"Madness","damage_taken":0,"relics_obtained":["betterThird:NestCultRelic"],"max_hp_gain":0,"max_hp_loss":0,"event_name":"betterThird:BetterNest","floor":31,"gold_loss":0},{"damage_healed":0,"gold_gain":0,"player_choice":"Fight","damage_taken":0,"max_hp_gain":0,"max_hp_loss":0,"event_name":"Mysterious Sphere","floor":36,"gold_loss":0},{"damage_healed":0,"gold_gain":0,"player_choice":"Upgraded Two","damage_taken":0,"max_hp_gain":0,"max_hp_loss":0,"event_name":"Designer","floor":37,"gold_loss":40,"cards_upgraded":["Strike_R","Strike_R"]},{"damage_healed":0,"gold_gain":0,"player_choice":"Copied","damage_taken":0,"max_hp_gain":0,"max_hp_loss":0,"event_name":"Duplicator","floor":42,"gold_loss":0,"cards_obtained":["jedi:LeechingStrike"]}],"is_beta":false,"boss_relics":[{"not_picked":["halation:SmartPhone","REME_ChargedStone"],"picked":"SlaversCollar"},{"not_picked":["aspiration:FutureDiary","energizedSpire:TabascoSauce"],"picked":"reliquary:ThirdArm"}],"items_purged_floors":[],"is_endless":false,"potions_floor_spawned":[6,8,11,16,18,20,33,35,40,46],"ascension_level":0}}