{"host":"swc5gdc7cm0k0g7l","time":1613937398,"event":{"mods":["AchievementEnabler","Act Like it!","Aspiration","BaseMod","BetterRewards","Colored Map","Colored Powertips","Downfall","Duelist Mod","Hermit","Highlight Path","Hubris","Infinite Spire","Jorbs\u0027s Wanderer Trilogy","Koishi","Minty Spire (QoL Compilation)","Quick Restart","Remilia??????","Shop Mod","StSLib","SuperFastMode","The Animator"],"gold_per_floor":[140,140,158,138,138,170,123,157,228,242,257,283,295,311,311,413,413,431,451,466,478,488,515,528,225,225,240,254,286,246,265,265,363,363,379,393,407,418,429,454,454,468,468,468,482,493,526,526,526,526,526,526,62,62,62],"floor_reached":54,"language":"ENG","playtime":2401,"items_purged":["theDuelist:DesLacooda","theDuelist:SummoningCurse","Parasite"],"score":1322,"play_id":"6903ed94-a2f5-48c0-b399-68ff57d32863","local_time":"20210221145638","is_ascension_mode":true,"campfire_choices":[{"floor":15,"key":"REST"},{"floor":32,"key":"REST"},{"floor":41,"key":"REST"},{"floor":44,"key":"REST"},{"floor":49,"key":"RECALL"},{"data":"theDuelist:CustomResummonCard","floor":52,"key":"SMITH"}],"circlet_count":0,"master_deck":["theDuelist:ZombieCorpse","theDuelist:ZombieCorpse","theDuelist:ZombieCorpse","theDuelist:ZombieCorpse","theDuelist:ArchfiendZombieSkull","theDuelist:ArmoredZombie","theDuelist:ArmoredZombie","theDuelist:ArmoredZombie+1","theDuelist:ClownZombie","theDuelist:ClownZombie","theDuelist:PatricianDarkness","theDuelist:ShallowGrave","theDuelist:SkullConductor","theDuelist:TutanMask","theDuelist:ZombieWarrior","theDuelist:DecayedCommander","theDuelist:ZombieWarrior","theDuelist:TriWight","theDuelist:Chewbone","theDuelist:BattleFusion","theDuelist:Gashadokuro","theDuelist:MonsterReborn","theDuelist:Wasteland+1","theDuelist:GhostOgre","theDuelist:FireReaper","theDuelist:NecroworldBanshee","theDuelist:MonsterReborn","theDuelist:CustomResummonCard+1","theDuelist:Yoko+1","Parasite","theDuelist:GhostBelle+1","theDuelist:RegenMummy","theDuelist:SoulRelease+1","theDuelist:ShallowGrave","theDuelist:BattleFusion","theDuelist:MonsterReborn","theDuelist:Wasteland+1","theDuelist:MonsterReborn","theDuelist:CustomResummonCard+1","theDuelist:SoulRelease+1","theDuelist:BoneMouse"],"relics":["theDuelist:MillenniumPuzzle","theDuelist:CardPoolRelic","theDuelist:CardPoolBasicRelic","theDuelist:BoosterPackPoolRelic","theDuelist:CardPoolAddRelic","theDuelist:CardPoolMinusRelic","theDuelist:CardPoolSaveRelic","theDuelist:CardPoolOptionsRelic","hubris:64BitClover","aspiration:RitualDagger","Boot","MerchantsRug","theDuelist:MillenniumPeriapt","Orichalcum","hubris:CrystalStatue","Vajra","Regal Pillow","theDuelist:ElectricKey","theDuelist:DuelistTeaSet","Red Skull","TungstenRod","Charon\u0027s Ashes","infinitespire:Lucky Rock","Mark of Pain","theDuelist:VampiricPendant","hubris:IronBody","theDuelist:ZoneToken","theDuelist:MerchantTalisman"],"acts_visited":["Exordium","TheCity","TheBeyond","TheEnding"],"potions_floor_usage":[11,21,36,38,38,40,45,50,50],"damage_taken":[{"damage":6,"enemies":"2 Louse","floor":1,"turns":2},{"damage":20,"enemies":"Cultist","floor":2,"turns":5},{"damage":15,"enemies":"Jaw Worm","floor":3,"turns":3},{"damage":20,"enemies":"Exordium Thugs","floor":4,"turns":4},{"damage":19,"enemies":"Gremlin Nob","floor":6,"turns":4},{"damage":31,"enemies":"Lagavulin","floor":8,"turns":5},{"damage":9,"enemies":"Looter","floor":10,"turns":3},{"damage":8,"enemies":"Exordium Wildlife","floor":11,"turns":2},{"damage":6,"enemies":"Exordium Thugs","floor":13,"turns":2},{"damage":6,"enemies":"Looter","floor":14,"turns":2},{"damage":21,"enemies":"The Guardian","floor":16,"turns":6},{"damage":6,"enemies":"3 Byrds","floor":18,"turns":2},{"damage":12,"enemies":"Shell Parasite","floor":19,"turns":3},{"damage":12,"enemies":"Chosen and Byrds","floor":20,"turns":4},{"damage":24,"enemies":"Snake Plant","floor":21,"turns":2},{"damage":15,"enemies":"Cultist and Chosen","floor":22,"turns":4},{"damage":41,"enemies":"Slavers","floor":23,"turns":4},{"damage":13,"enemies":"Snecko","floor":24,"turns":3},{"damage":14,"enemies":"Snake Plant","floor":27,"turns":2},{"damage":23,"enemies":"Centurion and Healer","floor":28,"turns":3},{"damage":8,"enemies":"theDuelist:KaibaA2","floor":29,"turns":3},{"damage":6,"enemies":"3 Cultists","floor":31,"turns":3},{"damage":26,"enemies":"Automaton","floor":33,"turns":5},{"damage":21,"enemies":"3 Shapes","floor":35,"turns":2},{"damage":4,"enemies":"Orb Walker","floor":36,"turns":2},{"damage":4,"enemies":"Jaw Worm Horde","floor":37,"turns":2},{"damage":61,"enemies":"Writhing Mass","floor":38,"turns":4},{"damage":20,"enemies":"Maw","floor":39,"turns":5},{"damage":48,"enemies":"Reptomancer","floor":40,"turns":5},{"damage":65,"enemies":"Spire Growth","floor":42,"turns":5},{"damage":6,"enemies":"3 Darklings","floor":45,"turns":3},{"damage":25,"enemies":"Writhing Mass","floor":46,"turns":5},{"damage":19,"enemies":"Nemesis","floor":47,"turns":5},{"damage":86,"enemies":"infinitespire:MassOfShapes","floor":50,"turns":9},{"damage":117,"enemies":"Shield and Spear","floor":54,"turns":6}],"seed_played":"6995780166428916304","potions_obtained":[{"floor":3,"key":"Dexterity Potion"},{"floor":10,"key":"theDuelist:VampirePotion"},{"floor":11,"key":"Ancient Potion"},{"floor":16,"key":"theDuelist:ReducerPotion"},{"floor":19,"key":"theDuelist:DestructPotionPotB"},{"floor":20,"key":"Fire Potion"},{"floor":28,"key":"Fire Potion"},{"floor":29,"key":"Fire Potion"},{"floor":31,"key":"theDuelist:VampirePotion"},{"floor":33,"key":"BloodPotion"},{"floor":38,"key":"theDuelist:SealedPack"},{"floor":39,"key":"Dexterity Potion"},{"floor":40,"key":"Block Potion"},{"floor":45,"key":"theDuelist:SealedPack"},{"floor":47,"key":"theDuelist:StunPotion"}],"is_trial":false,"path_per_floor":["M","M","M","M","?","E","$","E","T","M","M","T","M","M","R","B",null,"M","M","M","M","M","E","M","$","T","M","M","E","?","M","R","B",null,"M","M","M","M","M","E","R","M","T","R","M","M","E","?","R","B",null,"R","$","E"],"character_chosen":"THE_DUELIST","items_purchased":["Boot","theDuelist:ZombieWarrior","MerchantsRug","TungstenRod","theDuelist:MerchantTalisman","theDuelist:BoneMouse"],"campfire_rested":4,"item_purchase_floors":[0,0,0,25,53,53],"current_hp_per_floor":[50,30,15,80,80,70,70,51,51,49,47,47,48,47,80,80,80,80,78,79,63,65,40,39,39,39,33,21,26,26,36,75,80,80,71,77,80,51,62,40,79,30,30,69,80,71,73,73,73,57,74,74,74,0,0],"gold":62,"neow_bonus":"","is_daily":false,"chose_seed":false,"campfire_upgraded":1,"win_rate":0.0,"timestamp":1613937398,"path_taken":["M","M","M","M","?","E","$","E","T","M","?","?","M","M","R","BOSS","M","M","M","M","M","E","M","$","T","M","M","E","?","M","R","BOSS","M","M","M","M","M","E","R","M","T","R","M","M","E","?","R","BOSS","R","$","E"],"items_purchased_type":["Relic","Card","Relic","Relic","Relic","Card"],"build_version":"2020-12-22","purchased_purges":3,"victory":false,"max_hp_per_floor":[80,80,80,80,80,80,80,80,80,80,80,80,80,80,80,80,80,80,80,80,80,80,80,80,80,80,80,80,80,80,80,80,80,80,80,80,80,80,80,80,80,80,80,80,80,80,80,80,80,80,80,80,77,77,77],"card_choices":[{"not_picked":["theDuelist:VendreadStriges","theDuelist:SoulRelease","theDuelist:RobbinZombie","theDuelist:MonsterReborn"],"picked":"theDuelist:DecayedCommander","floor":1},{"not_picked":["theDuelist:VendreadCore","theDuelist:IlBlud","theDuelist:GhostrickAlucard","theDuelist:VampireDomination"],"picked":"theDuelist:ZombieWarrior","floor":2},{"not_picked":["theDuelist:VendreadCore","theDuelist:PhantomGhost","theDuelist:FossilSkullknight","theDuelist:VampireFamiliar"],"picked":"theDuelist:FireReaper","floor":3},{"not_picked":["theDuelist:VendreadCore","theDuelist:GhostrickGhoul","theDuelist:GhostrickJiangshi","theDuelist:Polymerization"],"picked":"theDuelist:TriWight","floor":4},{"not_picked":["theDuelist:GhostrickJackfrost","theDuelist:Polymerization","theDuelist:SkullConductor","theDuelist:TributeDoomed"],"picked":"theDuelist:Chewbone","floor":6},{"not_picked":["theDuelist:VendreadRevolution","theDuelist:VampireGenesis","theDuelist:ParallelWorldFusion","theDuelist:Mezuki","theDuelist:NecroFusion"],"picked":"SKIP","floor":8},{"not_picked":["theDuelist:GhostReaper","theDuelist:ParallelWorldFusion","theDuelist:GhostrickGhoul","theDuelist:VampireDesire"],"picked":"theDuelist:BattleFusion","floor":10},{"not_picked":["theDuelist:CorrodingShark","theDuelist:FlameGhost","theDuelist:ShiranuiSwordmaster","theDuelist:FuryFire"],"picked":"theDuelist:RebornZombie","floor":11},{"not_picked":["theDuelist:VampireVamp","theDuelist:ShiranuiSquire","theDuelist:GhostrickAlucard","theDuelist:VendreadRevenants"],"picked":"theDuelist:Gashadokuro","floor":13},{"not_picked":["theDuelist:DimensionBurial+1","theDuelist:DarkFusion+1","theDuelist:MagicalGhost","theDuelist:OneForOne+1","theDuelist:DestructPotion"],"picked":"SKIP","floor":14},{"not_picked":["theDuelist:VendreadDaybreak","theDuelist:VampireGrace","theDuelist:UltraPolymerization","theDuelist:InstantFusion"],"picked":"theDuelist:MonsterReborn","floor":16},{"not_picked":["theDuelist:SkullConductor","theDuelist:VendreadCore","theDuelist:SkullServant","theDuelist:Gernia+1"],"picked":"theDuelist:GhostBelle","floor":18},{"not_picked":["theDuelist:FuryFire","theDuelist:RebornZombie","theDuelist:ShiranuiSpectralsword+1","theDuelist:FossilDragon+1"],"picked":"theDuelist:SkullFlame","floor":19},{"not_picked":["theDuelist:WightLady","theDuelist:GhostrickMummy","theDuelist:VampireSorcerer","theDuelist:DarkDustSpirit+1","theDuelist:VendreadHoundhorde"],"picked":"SKIP","floor":20},{"not_picked":["theDuelist:OboroGuruma+1","theDuelist:MayakashiReturn","theDuelist:DimensionFusion","theDuelist:SoulAbsorbingBone"],"picked":"theDuelist:Wasteland","floor":21},{"not_picked":["theDuelist:NecroworldBanshee+1","theDuelist:GhostrickMuseum","theDuelist:DoubleCoston","theDuelist:Kasha+1","theDuelist:CallMummy"],"picked":"SKIP","floor":22},{"not_picked":["theDuelist:GhostrickSpecter","theDuelist:GhostrickSkeleton","theDuelist:GhostrickJiangshi","theDuelist:GhostrickGhoul","theDuelist:GhostrickAlucard"],"picked":"SKIP","floor":23},{"not_picked":["theDuelist:VampireRetainer+1","theDuelist:VampireKingdom","theDuelist:DimensionFusion","theDuelist:AntiFusionDevice"],"picked":"SKIP","floor":24},{"not_picked":["theDuelist:VendreadBattlelord","theDuelist:RegenMummy","theDuelist:Gashadokuro","theDuelist:YukiOnnaAbsolute"],"picked":"theDuelist:GhostOgre","floor":27},{"not_picked":["theDuelist:Chewbone","theDuelist:VampireFamiliar","theDuelist:Gashadokuro","theDuelist:SkullFlame+1"],"picked":"theDuelist:FireReaper","floor":28},{"not_picked":["theDuelist:FossilSkullknight","theDuelist:Wightprincess+1","theDuelist:Tsukahagi","theDuelist:DarkDustSpirit"],"picked":"theDuelist:NecroworldBanshee","floor":29},{"not_picked":["theDuelist:VendreadNightmare","theDuelist:UltraPolymerization+1","theDuelist:Scapeghost","theDuelist:MayakashiWinter"],"picked":"theDuelist:MonsterReborn","floor":31},{"not_picked":["theDuelist:VendreadDaybreak+1","theDuelist:SoulRelease","theDuelist:DecayedCommander","theDuelist:BookEclipse"],"picked":"theDuelist:BookLife","floor":33},{"not_picked":["theDuelist:GhostrickFairy","theDuelist:GhostrickNekomusume","theDuelist:GhostrickSocuteboss","theDuelist:GhostrickYukiOnna","theDuelist:GhostrickWitch"],"picked":"SKIP","floor":35},{"not_picked":["theDuelist:VampireLord","theDuelist:VampireDragon+1","theDuelist:ShadowVampire+1","theDuelist:Hajun"],"picked":"theDuelist:Yoko+1","floor":36},{"not_picked":["theDuelist:VampireSucker","theDuelist:VampireDragon+1","theDuelist:VendreadRevenants","theDuelist:VendreadAnima","theDuelist:RevendreadExecutor+1"],"picked":"SKIP","floor":37},{"not_picked":["theDuelist:VendreadNightmare+1","theDuelist:FusionGuard","theDuelist:DecayedCommander"],"picked":"SKIP","floor":38},{"not_picked":["theDuelist:ForbiddenLance+1","theDuelist:FuryFire+1","theDuelist:MagicalGhost","theDuelist:DestructPotion+1","theDuelist:DimensionBurial+1"],"picked":"SKIP","floor":39},{"not_picked":["theDuelist:FuryFire+1","theDuelist:BloodSucker","theDuelist:DestructPotion+2","theDuelist:RedMedicine+1","theDuelist:DimensionBurial+2"],"picked":"SKIP","floor":40},{"not_picked":["theDuelist:VampireHunter+1","theDuelist:GhostrickJackfrost+1","theDuelist:IlBlud+1","theDuelist:TyrantDinoFusion"],"picked":"theDuelist:GhostBelle+1","floor":42},{"not_picked":["theDuelist:AshBlossom","theDuelist:FusionTag+1","theDuelist:NecroworldBanshee","theDuelist:MoltenZombie+1"],"picked":"theDuelist:RegenMummy","floor":45},{"not_picked":["theDuelist:VampireHunter+1","theDuelist:VendreadHoundhorde","theDuelist:VendreadChimera+1","theDuelist:GhostrickMummy","theDuelist:GhostrickJackfrost+1"],"picked":"SKIP","floor":46},{"not_picked":["theDuelist:VendreadRevolution+1","theDuelist:VampireTakeover","theDuelist:NecroFusion+1","theDuelist:GhostrickNight","theDuelist:GhostrickBreak+1"],"picked":"SKIP","floor":47},{"not_picked":["theDuelist:VampireVamp+1","theDuelist:UniZombie","theDuelist:RevendreadEvolution","theDuelist:GhostrickNight"],"picked":"theDuelist:SoulRelease+1","floor":48}],"player_experience":108849,"relics_obtained":[{"floor":6,"key":"infinitespire:PuzzleCube"},{"floor":8,"key":"Orichalcum"},{"floor":9,"key":"hubris:CrystalStatue"},{"floor":12,"key":"Vajra"},{"floor":13,"key":"Regal Pillow"},{"floor":22,"key":"theDuelist:DuelistTeaSet"},{"floor":23,"key":"Red Skull"},{"floor":26,"key":"Charon\u0027s Ashes"},{"floor":29,"key":"infinitespire:Lucky Rock"},{"floor":36,"key":"theDuelist:VampiricPendant"},{"floor":40,"key":"hubris:IronBody"},{"floor":47,"key":"theDuelist:ZoneToken"}],"event_choices":[{"damage_healed":0,"gold_gain":0,"player_choice":"Took item - Received: Millennium Periapt","duelist":true,"damage_taken":0,"max_hp_gain":0,"max_hp_loss":0,"event_name":"Millennium Items","floor":5,"gold_loss":0},{"damage_healed":0,"gold_gain":0,"player_choice":"Upgraded Two","damage_taken":0,"max_hp_gain":0,"max_hp_loss":0,"event_name":"Designer","floor":30,"gold_loss":40,"cards_upgraded":["theDuelist:Wasteland","theDuelist:ArmoredZombie"]},{"damage_healed":0,"gold_gain":0,"player_choice":"Memory 1","damage_taken":0,"max_hp_gain":0,"max_hp_loss":0,"event_name":"SensoryStone","floor":48,"gold_loss":0}],"is_beta":false,"boss_relics":[{"not_picked":["hubris:TerracottaHorce","Tiny House"],"picked":"theDuelist:ElectricKey"},{"not_picked":["hubris:Backtick","SacredBark"],"picked":"Mark of Pain"}],"items_purged_floors":[0,7,53],"is_endless":false,"potions_floor_spawned":[3,10,11,16,19,20,28,29,31,33,38,39,40,45,47],"killed_by":"Shield and Spear","ascension_level":6}}