{"host":"7hppq3hpkrufijwt","time":1613935732,"event":{"mods":["AchievementEnabler","BaseMod","Colored Powertips","Minty Spire (QoL Compilation)","Quick Restart"],"gold_per_floor":[359,131,150,161,236,236,136,136,136,152,168,168,187,187,187,187,187],"floor_reached":16,"language":"ENG","playtime":575,"items_purged":["Injury","Defend_G"],"score":92,"play_id":"b85896c7-210d-4cb7-9eb2-1cbad5ddbd9c","local_time":"20210221202852","is_ascension_mode":false,"campfire_choices":[{"data":"Burst","floor":6,"key":"SMITH"},{"data":"Blade Dance","floor":8,"key":"SMITH"},{"data":"Crippling Poison","floor":12,"key":"SMITH"},{"floor":15,"key":"REST"}],"circlet_count":0,"master_deck":["Strike_G","Strike_G","Strike_G","Strike_G","Defend_G","Defend_G","Defend_G","Defend_G","Survivor","Neutralize","Blade Dance+1","Backflip","Burst+1","Crippling Poison+1","Blade Dance","Eviscerate"],"relics":["Ring of the Snake","Pen Nib","Happy Flower"],"acts_visited":["Exordium"],"potions_floor_usage":[],"damage_taken":[{"damage":1,"enemies":"Small Slimes","floor":1,"turns":6},{"damage":0,"enemies":"2 Louse","floor":3,"turns":2},{"damage":0,"enemies":"Cultist","floor":4,"turns":4},{"damage":3,"enemies":"2 Fungi Beasts","floor":10,"turns":4},{"damage":5,"enemies":"3 Louse","floor":11,"turns":3},{"damage":9,"enemies":"Blue Slaver","floor":13,"turns":2},{"damage":63,"enemies":"The Guardian","floor":16,"turns":8}],"seed_played":"5043610622448210433","potions_obtained":[{"floor":3,"key":"EssenceOfSteel"},{"floor":13,"key":"Weak Potion"}],"is_trial":false,"path_per_floor":["M","$","M","M","?","R","$","R","T","M","M","R","M","?","R","B"],"character_chosen":"THE_SILENT","items_purchased":["Pen Nib"],"campfire_rested":1,"item_purchase_floors":[2],"current_hp_per_floor":[69,69,69,69,58,58,58,58,58,55,50,50,41,41,62,0,0],"gold":187,"neow_bonus":"TWO_FIFTY_GOLD","is_daily":false,"chose_seed":false,"campfire_upgraded":3,"win_rate":0.0,"timestamp":1613935732,"path_taken":["M","$","M","M","?","R","$","R","T","M","M","R","M","?","R","BOSS"],"items_purchased_type":["Relic"],"build_version":"2020-12-22","purchased_purges":2,"victory":false,"max_hp_per_floor":[70,70,70,70,70,70,70,70,70,70,70,70,70,70,70,70,70],"card_choices":[{"not_picked":["Outmaneuver","Choke"],"picked":"Blade Dance","floor":1},{"not_picked":["Poisoned Stab","Deadly Poison"],"picked":"Backflip","floor":3},{"not_picked":["Prepared","Slice"],"picked":"Burst","floor":4},{"not_picked":["Underhanded Strike","Blur"],"picked":"Crippling Poison","floor":10},{"not_picked":["Slice","Leg Sweep","Outmaneuver"],"picked":"SKIP","floor":11},{"not_picked":["Underhanded Strike","Footwork"],"picked":"Blade Dance","floor":13}],"player_experience":124020,"relics_obtained":[{"floor":9,"key":"Happy Flower"}],"event_choices":[{"damage_healed":0,"gold_gain":75,"player_choice":"Gather Gold","damage_taken":11,"max_hp_gain":0,"max_hp_loss":0,"event_name":"World of Goop","floor":5,"gold_loss":0},{"damage_healed":0,"gold_gain":0,"cards_transformed":["Strike_G"],"player_choice":"Transformed","damage_taken":0,"max_hp_gain":0,"max_hp_loss":0,"event_name":"Transmorgrifier","floor":14,"gold_loss":0,"cards_obtained":["Eviscerate"]}],"is_beta":false,"boss_relics":[],"items_purged_floors":[2,7],"is_endless":false,"potions_floor_spawned":[3,13],"killed_by":"The Guardian","ascension_level":0}}