{"host":"d73an99q9oevilk5","time":1613899328,"event":{"mods":["2.2 Compatiblity","AchievementEnabler","Act Like it!","Aspiration","BaseMod","Beaked The Cultist","Better Third Choice","BetterRewards","Colored Map","Colored Powertips","Conspire","Downfall","GifTheSpireLib","Halation","Hubris","Infinite Spire","Marisa????????","Mimic Mod","Minty Spire (QoL Compilation)","MostiFishMod","Quick Restart","Relic Sorter","Reliquary","Replay The Spire","Shop Mod","Spikes Relics","StSLib","Stuff the Spire","The Cursed","The Jungle","The Necromancer","The Saiyan","Waifu the Spire","egg","slay the spire mod where everything is the same but ironclad has a cowboy hat"],"gold_per_floor":[109,169,179,35,47,47,80,80,80,90,90,108,138,149,149,245,245,259,259,184,184,196,229,248,278,303,333,351,361,361,390,390,487,487,504,517,517,60,60,85,98,98,98,117,51,86,99,109,109,109],"floor_reached":51,"language":"ENG","playtime":1778,"items_purged":[],"score":1054,"play_id":"367de5f1-ea19-4164-8eda-ffeed2df9dd5","local_time":"20210221022208","is_ascension_mode":false,"campfire_choices":[{"data":"Replay:DivineShield","floor":6,"key":"SMITH"},{"data":"Prostrate","floor":8,"key":"SMITH"},{"data":"1","floor":15,"key":"LIFT"},{"data":"2","floor":32,"key":"LIFT"},{"data":"MostiFishMod:OutWit","floor":42,"key":"SMITH"},{"data":"MostiFishMod:MusicBox","floor":49,"key":"SMITH"}],"circlet_count":0,"master_deck":["Strike_P","Strike_P","Strike_P","Defend_P","Defend_P","Defend_P+1","Defend_P+1","Eruption","Vigilance","MostiFishMod:Speedup","Prostrate+1","Replay:DivineShield+1","PathToVictory+1","Consecrate","EmptyBody","MostiFishMod:CullingBlade","Crescendo","MostiFishMod:OutWit+1","ClearTheMind","Halt+1","Disarm","ClearTheMind","MostiFishMod:PathToVictory+1","DeceiveReality","SandsOfTime+1","BarbarianYell","infinitespire:Menacing","Replay:Anticipation+1","MasterReality","LikeWater","Seeing Red","SandsOfTime+1","Vault","MostiFishMod:MusicBox+1"],"relics":["PureWater","DaveBox","SentryEyes","Girya","Sling","Blood Vial","SynthV:TestCard","Meat on the Bone","Technique","Gremlin Food","Sandwich","Replay:Blank Codex","CultistMask","reliquary:ExpiredCoupon","infinitespire:ShieldingShard","infinitespire:Cupcake","StuffTheSpire:Experiment12","hubris:SphereOfDissonance","halation:PapillonHeart","MerchantsRug","Bottled Tornado","conspire:TreasureMap","Onion Ring","reliquary:Aerogel","ReplayTheSpireMod:Lightbulb"],"acts_visited":["Exordium","TheCity","TheBeyond"],"potions_floor_usage":[7,7,16,23,24,25,27,50,50],"damage_taken":[{"damage":0,"enemies":"Jaw Worm","floor":1,"turns":2},{"damage":0,"enemies":"2 Louse","floor":3,"turns":2},{"damage":0,"enemies":"Small Slimes","floor":5,"turns":1},{"damage":0,"enemies":"Lagavulin","floor":7,"turns":3},{"damage":0,"enemies":"Blue Slaver","floor":10,"turns":2},{"damage":3,"enemies":"Looter","floor":12,"turns":2},{"damage":5,"enemies":"Gremlin Nob","floor":13,"turns":2},{"damage":0,"enemies":"Gremlin Gang","floor":14,"turns":1},{"damage":8,"enemies":"Fading Forest","floor":16,"turns":11},{"damage":3,"enemies":"2 Thieves","floor":18,"turns":2},{"damage":0,"enemies":"Chosen","floor":22,"turns":4},{"damage":21,"enemies":"Book of Stabbing","floor":23,"turns":3},{"damage":0,"enemies":"Snake Plant","floor":24,"turns":2},{"damage":0,"enemies":"Gremlin Leader","floor":25,"turns":3},{"damage":24,"enemies":"conspire:MimicChest","floor":27,"turns":3},{"damage":0,"enemies":"3 Cultists","floor":28,"turns":2},{"damage":8,"enemies":"Centurion and Healer","floor":29,"turns":3},{"damage":3,"enemies":"Slavers","floor":31,"turns":2},{"damage":0,"enemies":"conspire:MysteriousRune","floor":33,"turns":5},{"damage":0,"enemies":"3 Shapes","floor":35,"turns":2},{"damage":0,"enemies":"3 Darklings","floor":36,"turns":3},{"damage":0,"enemies":"Giant Head","floor":40,"turns":4},{"damage":0,"enemies":"Maw","floor":41,"turns":4},{"damage":0,"enemies":"Jaw Worm Horde","floor":44,"turns":2},{"damage":0,"enemies":"Reptomancer","floor":46,"turns":1},{"damage":0,"enemies":"3 Darklings","floor":47,"turns":2},{"damage":0,"enemies":"Spire Growth","floor":48,"turns":3},{"damage":0,"enemies":"Replay:Hell Engine","floor":50,"turns":6}],"seed_played":"-784902403121325611","potions_obtained":[{"floor":2,"key":"BottledMiracle"},{"floor":5,"key":"Swift Potion"},{"floor":13,"key":"Regen Potion"},{"floor":14,"key":"champ:CounterPotion"},{"floor":18,"key":"Strength Potion"},{"floor":23,"key":"ColorlessPotion"},{"floor":24,"key":"Elixir"},{"floor":28,"key":"SpeedPotion"},{"floor":33,"key":"DuplicationPotion"},{"floor":35,"key":"SteroidPotion"},{"floor":47,"key":"Slimebound:ThreeZeroPotion"}],"is_trial":false,"path_per_floor":["M","?","M","$","M","R","E","R","T","M","?","M","E","M","R","B",null,"M","?","?","?","M","E","M","E","T","?","M","M","AVR","E","R","B",null,"M","M","?","$","?","E","M","R","T","M","$","E","M","M","R","B",null],"character_chosen":"WATCHER","items_purchased":["MostiFishMod:Speedup","War Paint","Sling","Prostrate","Blood Vial","Technique","MerchantsRug","Bottled Tornado","conspire:TreasureMap","StuffTheSpire:Mouthbags","MostiFishMod:MusicBox"],"campfire_rested":0,"item_purchase_floors":[0,0,0,0,0,4,38,38,38,38,45],"current_hp_per_floor":[72,72,72,72,72,72,76,76,76,76,76,73,70,72,72,74,76,73,57,57,57,59,40,47,49,49,39,41,47,47,46,46,48,76,76,76,72,72,72,72,72,72,72,72,72,72,72,72,72,72],"gold":109,"neow_bonus":"","is_daily":false,"chose_seed":false,"campfire_upgraded":4,"win_rate":0.0,"timestamp":1613899328,"path_taken":["M","?","M","$","M","R","E","R","T","M","?","M","E","M","R","BOSS","M","?","?","?","?","E","M","E","T","?","M","M","AVR","E","R","BOSS","M","M","?","$","?","E","M","R","T","M","$","E","M","M","R","BOSS"],"items_purchased_type":["Card","Relic","Relic","Card","Relic","Relic","Relic","Relic","Relic","Relic","Card"],"build_version":"2020-12-22","purchased_purges":0,"victory":true,"max_hp_per_floor":[72,72,72,72,72,72,76,76,76,76,76,76,76,76,76,76,76,76,76,76,76,76,76,76,76,76,76,76,76,76,76,76,76,76,76,76,72,72,72,72,72,72,72,72,72,72,72,72,72,72],"card_choices":[{"not_picked":["LikeWater","ThirdEye"],"picked":"Replay:DivineShield","floor":1},{"not_picked":["JustLucky","Evaluate","Replay:Cycle","Halt"],"picked":"SandsOfTime","floor":2},{"not_picked":["WheelKick","Meditate","WreathOfFlame","FearNoEvil"],"picked":"PathToVictory","floor":3},{"not_picked":["Halt","Study","Replay:Anticipation","SashWhip","Omniscience"],"picked":"SKIP","floor":5},{"not_picked":["ThirdEye","MentalFortress","EmptyFist","Replay:Anticipation"],"picked":"Consecrate","floor":7},{"not_picked":["Protect","CutThroughFate","Evaluate","Consecrate","Wild Strike"],"picked":"EmptyBody","floor":10},{"not_picked":["Replay:ManipulateFuture","Conclude","JustLucky","MostiFishMod:Nomercy","FlyingSleeves"],"picked":"MostiFishMod:CullingBlade","floor":12},{"not_picked":["Replay:Cycle","FollowUp","Replay:DivineShield","Tantrum","ReplayTheSpireMod:Muscle Training"],"picked":"Crescendo","floor":13},{"not_picked":["Conclude","Consecrate","Tantrum","Study","FlurryOfBlows","Body Slam"],"picked":"SKIP","floor":14},{"not_picked":["MostiFishMod:Adaptation","Replay:LoomingThreat","Brilliance","LessonLearned","Corruption"],"picked":"MostiFishMod:OutWit","floor":16},{"not_picked":["CutThroughFate","TalkToTheHand","Protect","DeceiveReality+1","StuffTheSpire:Slingshot"],"picked":"ClearTheMind","floor":18},{"not_picked":["Crescendo","ClearTheMind","JustLucky+1","EmptyFist","StuffTheSpire:Slingshot"],"picked":"Halt+1","floor":22},{"not_picked":["Evaluate","MostiFishMod:LegendTransform","Conclude","Replay:AtTheReady","EmptyBody"],"picked":"Disarm","floor":23},{"not_picked":["CutThroughFate+1","Evaluate","Consecrate","MostiFishMod:Moonprays","Second Wind"],"picked":"ClearTheMind","floor":24},{"not_picked":["Fasting2","FlurryOfBlows+1","CrushJoints","CarveReality","Clothesline"],"picked":"MostiFishMod:PathToVictory+1","floor":25},{"not_picked":["LikeWater+1","Prostrate","Replay:BluntJabs","SandsOfTime","ReplayTheSpireMod:Strike From Hell"],"picked":"DeceiveReality","floor":27},{"not_picked":["Evaluate","Perseverance","ClearTheMind+1","Replay:AtTheReady+1","Pummel"],"picked":"SandsOfTime+1","floor":28},{"not_picked":["FlurryOfBlows","WheelKick","ThirdEye","Tantrum","Replay:BluntJabs"],"picked":"BarbarianYell","floor":29},{"not_picked":["Fasting2","Crescendo","MostiFishMod:StarHerder","BowlingBash","Combust"],"picked":"Replay:Anticipation+1","floor":31},{"not_picked":["Blasphemy","MostiFishMod:DustFall","Omniscience","Alpha","Brutality"],"picked":"MasterReality","floor":33},{"not_picked":["ClearTheMind+1","SashWhip","FollowUp","JustLucky+1","hubris:ReadiedAction"],"picked":"LikeWater","floor":35},{"not_picked":["Consecrate","Study+1","LikeWater","JustLucky","Replay:BluntJabs+1"],"picked":"Seeing Red","floor":36},{"not_picked":["Swivel+1","Replay:ManipulateFuture","Protect+1","PathToVictory+1","FlyingSleeves"],"picked":"SKIP","floor":40},{"not_picked":["ClearTheMind","Perseverance+1","Evaluate+1","CutThroughFate"],"picked":"Vault","floor":41},{"not_picked":["BowlingBash+1","EmptyBody+1","Pray+1","Replay:BluntJabs","Sanctity+1"],"picked":"SKIP","floor":44},{"not_picked":["Swivel","Crescendo","SashWhip","Protect","Evaluate+1"],"picked":"SKIP","floor":46},{"not_picked":["Evaluate+1","ThirdEye+1","Vault","SashWhip","Worship+1"],"picked":"SKIP","floor":47},{"not_picked":["Nirvana+1","Protect","JustLucky+1","InnerPeace+1","Replay:ManipulateFuture+1"],"picked":"SKIP","floor":48}],"player_experience":1954262,"relics_obtained":[{"floor":1,"key":"SynthV:TestCard"},{"floor":2,"key":"Meat on the Bone"},{"floor":7,"key":"StuffTheSpire:Rhapsscallions"},{"floor":9,"key":"hubris:DisguiseKit"},{"floor":13,"key":"Gremlin Food"},{"floor":19,"key":"Replay:Blank Codex"},{"floor":23,"key":"StuffTheSpire:Tea"},{"floor":25,"key":"Darkstone Periapt"},{"floor":26,"key":"reliquary:ExpiredCoupon"},{"floor":27,"key":"infinitespire:ShieldingShard"},{"floor":31,"key":"hubris:SphereOfDissonance"},{"floor":40,"key":"Onion Ring"},{"floor":43,"key":"reliquary:Aerogel"},{"floor":46,"key":"ReplayTheSpireMod:Lightbulb"}],"event_choices":[{"damage_healed":0,"gold_gain":0,"player_choice":"Box","damage_taken":0,"relics_obtained":["SpikesRelics:ToyHorsey"],"max_hp_gain":0,"max_hp_loss":0,"event_name":"Big Fish","floor":11,"gold_loss":0,"cards_obtained":["Regret"]},{"damage_healed":0,"gold_gain":0,"player_choice":"Obtained Book","damage_taken":16,"max_hp_gain":0,"max_hp_loss":0,"event_name":"Cursed Tome","floor":19,"gold_loss":0},{"cards_removed":["Regret"],"damage_healed":0,"gold_gain":0,"player_choice":"Gave Gold","damage_taken":0,"max_hp_gain":0,"max_hp_loss":0,"event_name":"Beggar","floor":20,"gold_loss":75},{"damage_healed":0,"gold_gain":0,"player_choice":"Trade","damage_taken":0,"relics_obtained":["CultistMask"],"max_hp_gain":0,"max_hp_loss":0,"event_name":"FaceTrader","floor":21,"gold_loss":0}],"is_beta":false,"boss_relics":[{"not_picked":["Fusion Hammer","hubris:Stopwatch"],"picked":"Sandwich"},{"not_picked":["ReplayTheSpireMod:DimensionalGlitch","reliquary:Ember","aspiration:RitualDagger"]}],"items_purged_floors":[],"is_endless":false,"potions_floor_spawned":[5,13,14,18,23,24,28,33,35,40,47],"ascension_level":0}}