{"host":"dscols65uipasqd2","time":1613947374,"event":{"mods":["2.2 Compatiblity","AchievementEnabler","Aspiration","BaseMod","Colored Powertips","Downfall","Energized Spire","GifTheSpireLib","Hermit","Hubris","Infinite Spire","Jorbs\u0027s Wanderer Trilogy","Minty Spire (QoL Compilation)","Rare Cards Sparkle","Relic Stats","Replay The Spire","Robot Space Explorer","Shade Mod","StSLib","Stuff the Spire","The Blue Laboratory","The Cursed","The Disciple","The Forsaken","The Hierophant","The Judge","The Jungle","The Mystic","The Runesmith","TheFirefly","Wandering Minibosses"],"gold_per_floor":[99,116,128,128,21,30,30,30],"floor_reached":6,"language":"ENG","playtime":613,"items_purged":[],"score":46,"play_id":"ca741457-2d6e-4baa-89fb-aa940fbef6ea","local_time":"20210221174254","is_ascension_mode":true,"campfire_choices":[{"floor":1.0,"key":"RECALL"}],"circlet_count":0,"master_deck":["sneckomod:Strike","sneckomod:Strike","sneckomod:Strike","sneckomod:Defend+1","sneckomod:Defend+1","sneckomod:Defend","sneckomod:TailWhip","sneckomod:SnekBite","sneckomod:Unknown","sneckomod:Unknown+1","sneckomod:Cheat","sneckomod:UnknownClassGUARDIAN","sneckomod:UnknownColorless","downfall:Malfunctioning","sneckomod:UnendingSupply","Flash of Steel"],"relics":["sneckomod:SneckoSoul"],"acts_visited":["Exordium"],"potions_floor_usage":[],"damage_taken":[{"damage":10,"enemies":"2 Louse","floor":2,"turns":3},{"damage":0,"enemies":"Jaw Worm","floor":3,"turns":3},{"damage":0,"enemies":"downfall:FleeingMerchant","floor":5,"turns":4},{"damage":45,"enemies":"3 Sentries","floor":6,"turns":5}],"seed_played":"-5513010720928268889","potions_obtained":[],"is_trial":false,"path_per_floor":["R","M","M","?","$","E"],"character_chosen":"THE_SNECKO","items_purchased":["Flash of Steel"],"campfire_rested":0,"item_purchase_floors":[5],"current_hp_per_floor":[81,71,71,71,75,30,30,30],"gold":30,"neow_bonus":"ONE_RANDOM_RARE_CARD","is_daily":false,"chose_seed":false,"campfire_upgraded":0,"win_rate":0.0,"timestamp":1613947374,"path_taken":["R","M","M","?","?","E"],"items_purchased_type":["Card"],"build_version":"2020-12-22","purchased_purges":0,"victory":false,"max_hp_per_floor":[90,90,90,90,90,90,90,90],"relic_stats":{"counters":[4,15],"obtain_stats":[{"sneckomod:SneckoSoul":0},{"sneckomod:SneckoSoul":0},{"sneckomod:SneckoSoul":0}]},"card_choices":[{"not_picked":["sneckomod:UnknownBlock","sneckomod:Unknown1Cost"],"picked":"sneckomod:UnknownClassGUARDIAN","floor":2},{"not_picked":["sneckomod:UnknownVulnerable","sneckomod:TrashToTreasure"],"picked":"sneckomod:UnknownColorless","floor":3},{"not_picked":["sneckomod:SlitherStrike","sneckomod:UnknownDexterity"],"picked":"sneckomod:UnendingSupply","floor":5}],"player_experience":659153,"relics_obtained":[],"event_choices":[],"is_beta":false,"boss_relics":[],"items_purged_floors":[],"is_endless":false,"potions_floor_spawned":[],"killed_by":"3 Sentries","ascension_level":7}}