{"host":"srv5asjf43cuzsar","time":1613913249,"event":{"mods":["100% Spire Juice","2.2 Compatiblity","A Magickal Journey","AchievementEnabler","Act Like it!","Astrologer","Bartender","BaseMod","Best Route Mod","Better Third Choice","Card Forge","CatGirl Mod","Clockwork Mod","Conspire","Duelist Mod","Friendly Minions","GifTheSpireLib","Hermit","Hubris","Infinite Spire","Jorbs\u0027s Wanderer Trilogy","Luminous","Mad Scientist","Magitek Elite","Marisa????????","Minty Spire (QoL Compilation)","Pale of the Ancients","Random Character Button","Reliquary","Replay The Spire","Ruina","StSLib","The Alterego","The Animator","The Construct","The Cursed","The Druid","The Exalted","The Judge","The Jungle","The Mystic","The Necromancer","The Poker Player","The Runesmith","The Saiyan","The Senshi","The Servant 0.9.4","TheBandit","TheSwordswoman"],"gold_per_floor":[114,132,149,162,181,208,208,173,173,173,184,98,111,139,139,236,236,247,258,258,258,274,299,299,315,315,330,345,378,378,410,410,511,511,527,527,527,540,540,540,556,153,206,206,224,235,263,287,287,287,287,287,14,49,49],"floor_reached":56,"language":"ENG","playtime":3506,"items_purged":[],"score":1176,"play_id":"3c348ed9-b0cf-45d9-aa4e-2c844482b927","local_time":"20210221131409","is_ascension_mode":false,"campfire_choices":[{"floor":7,"key":"RECALL"},{"floor":15,"key":"REST"},{"floor":24,"key":"REST"},{"floor":30,"key":"REST"},{"floor":32,"key":"REST"},{"floor":40,"key":"REST"},{"floor":44,"key":"REST"},{"floor":49,"key":"DIG"},{"floor":52,"key":"REST"}],"circlet_count":0,"master_deck":["Strike_B+1","Strike_B+1","Strike_B+1","Strike_B+1","Defend_B+1","Defend_B+1","Defend_B+1","Defend_B+1","Zap+1","Dualcast+1","Go for the Eyes+1","Ball Lightning+1","BasicCrystalCard+1","Defragment+1","Sunder+1","Beam Cell+1","Rebound+1","Skim+1","Genetic Algorithm+1","Conserve Battery+1","Stack+1","conspire:Rain+1","conspire:SharedLibrary+1","Compile Driver+1","Consume+1","hubris:PowerSurge+1","Leap+1","FTL+1","Conserve Battery+1","Fusion+1","Self Repair+1","Hyperbeam+1","Conserve Battery+1","Glacier+1","Buffer+1","ReplayTheSpireMod:Dual Polarity+1","Barrage+1","Violence+1","Panacea+1","Finesse+1","Hello World+1","Conserve Battery+1","conspire:SharedLibrary+1","Leap+1","Pot Of Greed+1","Pot Of Greed+1","Pot Of Greed+1","Pot Of Greed+1","Redo+1","Magnetism+1","ReplayTheSpireMod:System Scan+1"],"relics":["Cracked Core","Hammer of Thor","Seething Fire","Anvil of the Gods","reliquary:JackalopeAntler","reliquary:Conveyor","Lantern","Ancient Tea Set","construct:WeddingRing","Prayer Wheel","hubris:Towel","hubris:PeanutButter","Blue Doll","Bromod:ArcaneTempo","reliquary:ThirdArm","ReplayTheSpireMod:EnergyBall","Inserter","hubris:BallOfYels","reliquary:TridentHead","Bag of Marbles","Grinning Jar","Strawberry","Ornamental Fan","Protect_Vest"],"acts_visited":["Exordium","TheCity","TheBeyond","TheEnding"],"potions_floor_usage":[19,31,33,55,55],"damage_taken":[{"damage":0,"enemies":"2 Louse","floor":1,"turns":2},{"damage":0,"enemies":"Small Slimes","floor":2,"turns":2},{"damage":0,"enemies":"infinitespire:Voidling","floor":3,"turns":2},{"damage":2,"enemies":"Looter","floor":4,"turns":3},{"damage":6,"enemies":"Gremlin Gang","floor":5,"turns":4},{"damage":14,"enemies":"Gremlin Nob","floor":6,"turns":3},{"damage":1,"enemies":"3 Louse","floor":11,"turns":2},{"damage":0,"enemies":"Large Slime","floor":13,"turns":4},{"damage":15,"enemies":"Replay:BlueRogue","floor":14,"turns":2},{"damage":26,"enemies":"Slime Boss","floor":16,"turns":7},{"damage":4,"enemies":"2 Thieves","floor":18,"turns":4},{"damage":0,"enemies":"3 Byrds","floor":19,"turns":2},{"damage":10,"enemies":"conspire:HollyBat","floor":22,"turns":6},{"damage":0,"enemies":"Gremlin Leader","floor":23,"turns":6},{"damage":0,"enemies":"Snake Plant","floor":25,"turns":3},{"damage":13,"enemies":"Chosen and Byrds","floor":27,"turns":5},{"damage":5,"enemies":"Shelled Parasite and Fungi","floor":28,"turns":7},{"damage":10,"enemies":"Nightmare","floor":29,"turns":10},{"damage":18,"enemies":"Book of Stabbing","floor":31,"turns":5},{"damage":12,"enemies":"Automaton","floor":33,"turns":10},{"damage":0,"enemies":"3 Darklings","floor":35,"turns":3},{"damage":0,"enemies":"3 Shapes","floor":38,"turns":6},{"damage":6,"enemies":"Writhing Mass","floor":41,"turns":5},{"damage":0,"enemies":"Jaw Worm Horde","floor":45,"turns":1},{"damage":0,"enemies":"Spire Growth","floor":46,"turns":5},{"damage":0,"enemies":"Nemesis","floor":47,"turns":5},{"damage":0,"enemies":"Replay:Hell Engine","floor":50,"turns":9},{"damage":0,"enemies":"Shield and Spear","floor":54,"turns":4},{"damage":79,"enemies":"The Heart","floor":55,"turns":10}],"seed_played":"-6223336764117595700","potions_obtained":[{"floor":2,"key":"Regen Potion"},{"floor":4,"key":"Elixir"},{"floor":6,"key":"Death Potion"},{"floor":13,"key":"PotionOfCapacity"},{"floor":18,"key":"Swift Potion"},{"floor":23,"key":"PotionOfCapacity"},{"floor":38,"key":"Ancient Potion"}],"is_trial":false,"path_per_floor":["M","M","M","M","M","E","R","?","T","?","M","?","M","E","R","B",null,"M","M","?","?","M","E","R","M","T","M","M","NM","R","E","R","B",null,"M","?","AVR","M","?","R","M","$","T","R","M","M","E","T","R","B",null,"R","$","E","B",null],"character_chosen":"DEFECT","items_purchased":["hubris:BallOfYels","reliquary:TridentHead","EssenceOfDarkness","Magnetism"],"campfire_rested":7,"item_purchase_floors":[42,42,53,53],"current_hp_per_floor":[82,82,82,80,74,60,60,80,80,80,79,79,79,64,82,56,82,78,78,78,78,68,68,82,82,82,69,64,64,82,67,82,70,82,82,72,72,82,82,82,76,76,76,82,82,82,82,89,89,89,89,89,89,89,20],"gold":49,"neow_bonus":"TEN_PERCENT_HP_BONUS","is_daily":false,"chose_seed":false,"campfire_upgraded":0,"win_rate":0.0,"timestamp":1613913249,"path_taken":["M","M","M","M","M","E","R","?","T","?","?","?","M","E","R","BOSS","M","?","?","?","M","E","R","M","T","?","M","NM","R","E","R","BOSS","M","?","AVR","M","?","R","?","?","T","R","M","?","E","?","R","BOSS","R","$","E","BOSS"],"items_purchased_type":["Relic","Relic","Potion","Card"],"build_version":"2020-12-22","purchased_purges":0,"victory":true,"max_hp_per_floor":[82,82,82,82,82,82,82,82,82,82,82,82,82,82,82,82,82,82,82,82,82,82,82,82,82,82,82,82,82,82,82,82,82,82,82,82,82,82,82,82,82,82,82,82,82,82,82,89,89,89,89,89,89,89,89],"card_choices":[{"not_picked":["Cold Snap","Consume"],"picked":"Go for the Eyes","floor":1},{"not_picked":["Tempest","Redo"],"picked":"Ball Lightning","floor":2},{"not_picked":["Steam Power","Steam"],"picked":"BasicCrystalCard","floor":3},{"not_picked":["Coolheaded","Cold Snap"],"picked":"Defragment","floor":4},{"not_picked":["Steam","Compile Driver"],"picked":"Sunder","floor":5},{"not_picked":["Go for the Eyes","Redo"],"picked":"Beam Cell","floor":6},{"not_picked":["Leap","ReplayTheSpireMod:GoodbyeWorld"],"picked":"Rebound","floor":11},{"not_picked":["Steam","Go for the Eyes"],"picked":"Skim","floor":13},{"not_picked":["Barrage","Stack"],"picked":"Genetic Algorithm","floor":14},{"not_picked":["Core Surge","All For One"],"picked":"ReplayTheSpireMod:Fabricate Wheel","floor":16},{"not_picked":["Turbo","ReplayTheSpireMod:System Scan"],"picked":"Conserve Battery+1","floor":18},{"not_picked":["Turbo","ReplayTheSpireMod:Reroute Power"],"picked":"Stack","floor":18},{"not_picked":["Undo","Steam+1"],"picked":"conspire:Rain+1","floor":19},{"not_picked":["ReplaySort","Redo+1"],"picked":"conspire:SharedLibrary","floor":19},{"not_picked":["Cold Snap+1","Barrage"],"picked":"Compile Driver","floor":22},{"not_picked":["Conserve Battery","Turbo"],"picked":"Consume","floor":22},{"not_picked":["Hologram","Darkness"],"picked":"hubris:PowerSurge","floor":23},{"not_picked":["Undo","Rebound"],"picked":"Leap","floor":25},{"not_picked":["Double Energy","Steam+1"],"picked":"FTL+1","floor":25},{"not_picked":["Hologram","Genetic Algorithm"],"picked":"Conserve Battery+1","floor":27},{"not_picked":["Compile Driver","Leap+1"],"picked":"Fusion","floor":27},{"not_picked":["Double Energy","Streamline"],"picked":"Self Repair+1","floor":28},{"not_picked":["Coolheaded","Rebound"],"picked":"Hyperbeam","floor":28},{"not_picked":["Stack","Go for the Eyes"],"picked":"Conserve Battery+1","floor":29},{"not_picked":["Rip and Tear","Lockon"],"picked":"Glacier+1","floor":31},{"not_picked":["Reboot","All For One"],"picked":"Buffer","floor":33},{"not_picked":["ReplayTheSpireMod:Calculation Training+1","BasicCrystalCard"],"picked":"ReplayTheSpireMod:Dual Polarity","floor":35},{"not_picked":["Stack+1","Go for the Eyes"],"picked":"Barrage","floor":35},{"not_picked":["Enlightenment","Replay:Sssssssssstrike"],"picked":"Violence","floor":36},{"not_picked":["Chrysalis","hubris:Insight"],"picked":"Panacea","floor":36},{"not_picked":["Deep Breath","hubris:Ssssneak"],"picked":"Finesse","floor":36},{"not_picked":["Redo+1","BasicCrystalCard"],"picked":"Hello World","floor":38},{"not_picked":["Leap","Recycle+1"],"picked":"Conserve Battery","floor":38},{"not_picked":["Turbo+1","ReplayTheSpireMod:Fabricate Wheel"],"picked":"conspire:SharedLibrary+1","floor":41},{"not_picked":["Genetic Algorithm","Consume","Recycle"],"picked":"SKIP","floor":41},{"not_picked":["Hologram","Panic Button+1"],"picked":"Leap","floor":45},{"not_picked":["Steam","Steam Power","Turbo+1"],"picked":"SKIP","floor":45},{"not_picked":["Cold Snap","Tempest","Steam+1"],"picked":"SKIP","floor":46},{"not_picked":["Compile Driver+1","Steam+1","Ball Lightning"],"picked":"SKIP","floor":46},{"not_picked":["BasicCrystalCard+1","Darkness+1"],"picked":"Redo+1","floor":47},{"not_picked":["Sweeping Beam","Steam+1"],"picked":"ReplayTheSpireMod:System Scan","floor":54}],"player_experience":537369,"relics_obtained":[{"floor":6,"key":"reliquary:JackalopeAntler"},{"floor":9,"key":"reliquary:Conveyor"},{"floor":14,"key":"Ancient Tea Set"},{"floor":23,"key":"hubris:PeanutButter"},{"floor":29,"key":"Blue Doll"},{"floor":31,"key":"Bromod:ArcaneTempo"},{"floor":43,"key":"Bag of Marbles"},{"floor":47,"key":"Grinning Jar"},{"floor":48,"key":"Strawberry"},{"floor":49,"key":"Ornamental Fan"},{"floor":54,"key":"Protect_Vest"}],"event_choices":[{"damage_healed":20,"gold_gain":0,"player_choice":"Healed","damage_taken":0,"max_hp_gain":0,"max_hp_loss":0,"event_name":"The Cleric","floor":8,"gold_loss":35},{"damage_healed":0,"gold_gain":0,"player_choice":"Cursed","damage_taken":0,"max_hp_gain":0,"max_hp_loss":0,"event_name":"Wheel of Change","floor":10,"gold_loss":0,"cards_obtained":["Decay"]},{"damage_healed":0,"gold_gain":0,"player_choice":"Paid Gold","damage_taken":0,"relics_obtained":["Lantern"],"max_hp_gain":0,"max_hp_loss":0,"event_name":"WeMeetAgain","floor":12,"gold_loss":86},{"damage_healed":0,"gold_gain":0,"player_choice":"Memory 3","damage_taken":10,"max_hp_gain":0,"max_hp_loss":0,"event_name":"SensoryStone","floor":36,"gold_loss":0},{"damage_healed":0,"gold_gain":0,"player_choice":"Ignored","damage_taken":0,"max_hp_gain":0,"max_hp_loss":0,"event_name":"Upgrade Shrine","floor":39,"gold_loss":0}],"is_beta":false,"boss_relics":[{"not_picked":["Astrolabe","FrozenCore"],"picked":"construct:WeddingRing"},{"not_picked":["reliquary:Craggleroot","ReplayTheSpireMod:DimensionalGlitch"],"picked":"reliquary:ThirdArm"}],"items_purged_floors":[],"is_endless":false,"potions_floor_spawned":[2,4,6,11,13,16,18,23,29,31,38],"ascension_level":0}}