{"host":"dl909bjyolgrn2uw","time":1613948672,"event":{"mods":["2.2 Compatiblity","BaseMod","Bestiary","Better Altar","Better Note","Better Sensory Stone","Better Skull","Better Vampires","Better-Laid Plans","Colored Powertips","Curses Come First","Disable Question Mark Monsters","Displayed Cursed Tome","Emptier Cage","Minty Spire (QoL Compilation)","Morshu Shopkeeper","Permanent Neow","Quick Restart","Rare Cards Sparkle","Relic Stats","Shop Mod","Spicy Shops","StSLib","SuperFastMode","Transform Curses"],"gold_per_floor":[117,117,132,148,166,166,197,209,299,344,376,388,208,235,235,309,309,321,331,66,66,116,116,116,145,145,145,195,195,195,265,265,343,343,357,137,0,26,76,106,106,133,133,148,148,159,159,159,159,159],"floor_reached":51,"language":"ENG","playtime":2251,"items_purged":["Strike_B"],"score":1366,"play_id":"5e304734-53a8-4b5b-8236-f6e15c064b89","local_time":"20210221170432","is_ascension_mode":true,"campfire_choices":[{"data":"Sunder","floor":6.0,"key":"SMITH"},{"floor":8.0,"key":"REST"},{"floor":12.0,"key":"REST"},{"data":"Static Discharge","floor":15.0,"key":"SMITH"},{"floor":23.0,"key":"REST"},{"data":"Buffer","floor":24.0,"key":"SMITH"},{"data":"Auto Shields","floor":27.0,"key":"SMITH"},{"data":"Capacitor","floor":30.0,"key":"SMITH"},{"data":"Skim","floor":32.0,"key":"SMITH"},{"floor":41.0,"key":"REST"},{"floor":45.0,"key":"REST"},{"data":"Loop","floor":47.0,"key":"SMITH"},{"data":"Lockon","floor":49.0,"key":"SMITH"}],"circlet_count":0,"master_deck":["AscendersBane","Defend_B+1","Defend_B","Defend_B","Zap","Dualcast+1","Rip and Tear","Sunder+1","Capacitor+1","Skim+1","Electrodynamics","Static Discharge+1","Lockon+1","Auto Shields+1","Buffer+1","Beam Cell","Loop+1","Cold Snap","Echo Form","Machine Learning","Rip and Tear+1","Lockon+1","Buffer+1","Loop+1","Go for the Eyes+1","Barrage+1"],"relics":["Black Star","WingedGreaves","MawBank","Eternal Feather","Tiny Chest","Letter Opener","Odd Mushroom","Velvet Choker","PreservedInsect","ClockworkSouvenir","Kunai","Regal Pillow","Bottled Lightning","Omamori","Pear","Astrolabe","Singing Bowl","Red Mask","War Paint","DataDisk","Blood Vial","Mercury Hourglass","White Beast Statue","Shuriken"],"acts_visited":["Exordium","TheCity","TheBeyond"],"potions_floor_usage":[50,50],"damage_taken":[{"damage":9.0,"enemies":"2 Louse","floor":1.0,"turns":2.0},{"damage":2.0,"enemies":"Cultist","floor":3.0,"turns":4.0},{"damage":4.0,"enemies":"Jaw Worm","floor":4.0,"turns":3.0},{"damage":12.0,"enemies":"Looter","floor":5.0,"turns":3.0},{"damage":25.0,"enemies":"Lagavulin","floor":7.0,"turns":6.0},{"damage":32.0,"enemies":"Gremlin Nob","floor":10.0,"turns":4.0},{"damage":0.0,"enemies":"3 Louse","floor":11.0,"turns":3.0},{"damage":19.0,"enemies":"The Mushroom Lair","floor":14.0,"turns":4.0},{"damage":19.0,"enemies":"Hexaghost","floor":16.0,"turns":9.0},{"damage":7.0,"enemies":"Chosen","floor":18.0,"turns":6.0},{"damage":27.0,"enemies":"Shell Parasite","floor":19.0,"turns":6.0},{"damage":32.0,"enemies":"Book of Stabbing","floor":25.0,"turns":4.0},{"damage":59.0,"enemies":"Champ","floor":33.0,"turns":12.0},{"damage":0.0,"enemies":"Orb Walker","floor":35.0,"turns":4.0},{"damage":46.0,"enemies":"Nemesis","floor":40.0,"turns":7.0},{"damage":49.0,"enemies":"Reptomancer","floor":42.0,"turns":3.0},{"damage":16.0,"enemies":"3 Darklings","floor":44.0,"turns":4.0},{"damage":13.0,"enemies":"Spire Growth","floor":46.0,"turns":7.0},{"damage":83,"enemies":"Awakened One","floor":50,"turns":9}],"seed_played":"-5449496586862951062","potions_obtained":[{"floor":1.0,"key":"SkillPotion"},{"floor":3.0,"key":"Energy Potion"},{"floor":10.0,"key":"BlessingOfTheForge"},{"floor":16.0,"key":"BlessingOfTheForge"},{"floor":35.0,"key":"Ancient Potion"},{"floor":44.0,"key":"PowerPotion"},{"floor":46.0,"key":"DistilledChaos"}],"is_trial":false,"path_per_floor":["M","?","M","M","M","R","E","R","T","E","M","R","$","?","R","B",null,"M","M","$","?","?","R","R","E","T","R","T","?","R","T","R","B",null,"M","$","?","T","?","E","R","E","T","M","R","M","R","?","R","B",null],"character_chosen":"DEFECT","items_purchased":["Static Discharge","Lockon","PreservedInsect","ClockworkSouvenir","Cold Snap","Singing Bowl","Loop"],"campfire_rested":5,"item_purchase_floors":[13,13,20,20,20,36,36],"current_hp_per_floor":[55,55,53,49,37,37,12,33,33,1,1,31,31,12,21,2,54,47,20,20,20,20,53,65,33,33,45,45,28,40,50,62,3,62,62,62,62,62,62,16,70,25,25,13,68,57,72,72,85,2],"gold":159,"neow_bonus":"BOSS_RELIC","is_daily":false,"chose_seed":false,"campfire_upgraded":8,"win_rate":0.0,"timestamp":1613948672,"path_taken":["M","?","M","M","?","R","E","R","T","E","M","R","$","?","R","BOSS","M","M","$","?","?","R","R","E","T","R","?","?","R","?","R","BOSS","M","$","?","?","?","E","R","E","T","M","R","?","R","?","R","BOSS"],"items_purchased_type":["Card","Card","Relic","Relic","Card","Relic","Card"],"build_version":"2020-12-22","purchased_purges":1,"victory":true,"max_hp_per_floor":[71,71,71,71,71,71,71,71,71,71,71,71,71,71,71,71,71,71,71,71,71,71,71,71,71,71,71,71,71,71,81,81,81,81,81,81,81,81,81,81,81,83,83,85,85,85,85,85,85,85],"relic_stats":{"Regal Pillow":30,"Singing Bowl":4,"counters":[19,98],"Astrolabe":["Rip and Tear","Lockon","Buffer"],"Eternal Feather":136,"PreservedInsect":154,"Letter Opener":[44],"War Paint":["Dualcast","Defend_B"],"MawBank":72,"Mercury Hourglass":[87],"Blood Vial":6,"Shuriken":[7],"Tiny Chest":2,"Black Star":5,"Kunai":[15],"obtain_stats":[{"Regal Pillow":25,"Singing Bowl":36,"ClockworkSouvenir":20,"Blood Vial":40,"Tiny Chest":10,"WingedGreaves":7,"Red Mask":37,"Kunai":25,"Cracked Core":0,"Pear":31,"Astrolabe":34,"Velvet Choker":17,"Eternal Feather":9,"PreservedInsect":20,"Omamori":28,"Letter Opener":10,"Odd Mushroom":14,"War Paint":38,"MawBank":7,"White Beast Statue":42,"Mercury Hourglass":42,"DataDisk":40,"Shuriken":43,"Black Star":0,"Bottled Lightning":26},{"Regal Pillow":12,"Singing Bowl":14,"ClockworkSouvenir":11,"Blood Vial":15,"Tiny Chest":6,"WingedGreaves":5,"Red Mask":14,"Kunai":12,"Cracked Core":0,"Pear":12,"Astrolabe":13,"Velvet Choker":9,"Eternal Feather":5,"PreservedInsect":11,"Omamori":12,"Letter Opener":6,"Odd Mushroom":8,"War Paint":14,"MawBank":5,"White Beast Statue":16,"Mercury Hourglass":16,"DataDisk":15,"Shuriken":16,"Black Star":0,"Bottled Lightning":12},{"Regal Pillow":54,"Singing Bowl":69,"ClockworkSouvenir":50,"Blood Vial":76,"Tiny Chest":22,"WingedGreaves":18,"Red Mask":69,"Kunai":54,"Cracked Core":0,"Pear":54,"Astrolabe":66,"Velvet Choker":38,"Eternal Feather":18,"PreservedInsect":50,"Omamori":54,"Letter Opener":22,"Odd Mushroom":29,"War Paint":69,"MawBank":18,"White Beast Statue":79,"Mercury Hourglass":79,"DataDisk":76,"Shuriken":79,"Black Star":0,"Bottled Lightning":54}]},"card_choices":[{"not_picked":["Compile Driver","Chaos"],"picked":"Rip and Tear","floor":1.0},{"not_picked":["Barrage","Reprogram","Turbo"],"picked":"SKIP","floor":3.0},{"not_picked":["Gash","Hologram"],"picked":"Sunder","floor":4.0},{"not_picked":["Hello World","Force Field"],"picked":"Capacitor","floor":5.0},{"not_picked":["Rebound","Doom and Gloom"],"picked":"Skim","floor":7.0},{"not_picked":["Static Discharge","Seek"],"picked":"Electrodynamics","floor":10.0},{"not_picked":["Go for the Eyes","Rebound","Capacitor"],"picked":"SKIP","floor":11.0},{"not_picked":["Stack","Force Field"],"picked":"Auto Shields","floor":14.0},{"not_picked":["Fission","Electrodynamics"],"picked":"Buffer","floor":16.0},{"not_picked":["Redo+1","Rebound"],"picked":"Beam Cell","floor":18.0},{"not_picked":["Beam Cell","Barrage"],"picked":"Loop+1","floor":19.0},{"not_picked":["Steam","Melter","Streamline"],"picked":"SKIP","floor":25.0},{"not_picked":["Reboot","Creative AI"],"picked":"Machine Learning","floor":33.0},{"not_picked":["Steam","Sunder+1","Lockon"],"picked":"SKIP","floor":35.0},{"not_picked":["Turbo","Beam Cell"],"picked":"Go for the Eyes+1","floor":40.0},{"not_picked":["Electrodynamics","Genetic Algorithm+1","Leap"],"picked":"Singing Bowl","floor":42.0},{"not_picked":["Steam","Turbo+1","Sweeping Beam+1"],"picked":"Singing Bowl","floor":44.0},{"not_picked":["Self Repair","Redo"],"picked":"Barrage+1","floor":46.0}],"player_experience":478397,"relics_obtained":[{"floor":7.0,"key":"WingedGreaves"},{"floor":7.0,"key":"MawBank"},{"floor":9.0,"key":"Eternal Feather"},{"floor":10.0,"key":"Tiny Chest"},{"floor":10.0,"key":"Letter Opener"},{"floor":14.0,"key":"Odd Mushroom"},{"floor":25.0,"key":"Kunai"},{"floor":25.0,"key":"Regal Pillow"},{"floor":26.0,"key":"Bottled Lightning"},{"floor":28.0,"key":"Omamori"},{"floor":31.0,"key":"Pear"},{"floor":38.0,"key":"War Paint"},{"floor":40.0,"key":"DataDisk"},{"floor":40.0,"key":"Blood Vial"},{"floor":42.0,"key":"Mercury Hourglass"},{"floor":42.0,"key":"White Beast Statue"},{"floor":43.0,"key":"Shuriken"}],"event_choices":[{"cards_removed":["Strike_B"],"damage_healed":0.0,"max_hp_gain":0.0,"max_hp_loss":0.0,"gold_gain":0.0,"event_name":"Wheel of Change","player_choice":"Card Removal","floor":2.0,"gold_loss":0.0,"damage_taken":0.0},{"damage_healed":0.0,"max_hp_gain":0.0,"max_hp_loss":0.0,"gold_gain":0.0,"event_name":"Mushrooms","player_choice":"Fought Mushrooms","floor":14.0,"gold_loss":0.0,"damage_taken":0.0},{"damage_healed":0.0,"max_hp_gain":0.0,"max_hp_loss":0.0,"gold_gain":0.0,"cards_transformed":["Writhe","Strike_B"],"event_name":"Drug Dealer","player_choice":"Became Test Subject","floor":21.0,"gold_loss":0.0,"damage_taken":0.0,"cards_obtained":["Sunder","Rebound"]},{"damage_healed":0.0,"max_hp_gain":0.0,"max_hp_loss":0.0,"gold_gain":50.0,"event_name":"Nest","player_choice":"Stole From Cult","floor":22.0,"gold_loss":0.0,"damage_taken":0.0},{"damage_healed":0.0,"max_hp_gain":0.0,"max_hp_loss":17.0,"gold_gain":2.0,"event_name":"betterStone:BetterStone","player_choice":"2","floor":29.0,"gold_loss":0.0,"damage_taken":0.0},{"damage_healed":0.0,"max_hp_gain":0.0,"max_hp_loss":0.0,"gold_gain":0.0,"event_name":"Tomb of Lord Red Mask","player_choice":"Paid","floor":37.0,"gold_loss":137.0,"damage_taken":0.0,"relics_obtained":["Red Mask"]},{"damage_healed":0.0,"max_hp_gain":0.0,"max_hp_loss":0.0,"gold_gain":50.0,"event_name":"Golden Shrine","player_choice":"Pray","floor":39.0,"gold_loss":0.0,"damage_taken":0.0},{"cards_removed":["Rebound"],"damage_healed":0.0,"max_hp_gain":0.0,"max_hp_loss":0.0,"gold_gain":0.0,"event_name":"Falling","player_choice":"Removed Attack","floor":48.0,"gold_loss":0.0,"damage_taken":0.0}],"is_beta":false,"boss_relics":[{"not_picked":["SacredBark","Runic Dome"],"picked":"Velvet Choker"},{"not_picked":["Fusion Hammer","Coffee Dripper"],"picked":"Astrolabe"}],"items_purged_floors":[13],"is_endless":false,"potions_floor_spawned":[1,3,10,16,35,44,46],"ascension_level":19}}