{"host":"uceopoba4zvqsgiy","time":1613921177,"event":{"mods":["2.2 Compatiblity","Act Like it!","BaseMod","Better Skull","Better Third Choice","Elementarium","Evolution","GifTheSpireLib","Hermit","Humility","Infinite Spire","Jorbs\u0027s Wanderer Trilogy","Marked Mod","Minty Spire (QoL Compilation)","Potionbrewer","Reliquary","Replay The Spire","Robot Space Explorer","Shade Mod","Spicy Shops","StS++","StSLib","Stuff the Spire","The Blue Laboratory","The Caster","The Cursed","The Dragon Tamer","The Dragonkin","The Hierophant","The Judge","The Jungle","TheSurvivalist","Wandering Minibosses"],"gold_per_floor":[115,115,115,129,129,163,163,133,133],"floor_reached":8,"language":"ENG","playtime":256,"items_purged":[],"score":107,"play_id":"988634c9-be1c-4244-b391-51b2572d60f6","local_time":"20210222015617","is_ascension_mode":true,"campfire_choices":[{"data":"infinitespire:Neurotoxin","floor":7,"key":"SMITH"}],"circlet_count":0,"master_deck":["Bane","Strike_G","Strike_G","Strike_G","Strike_G","Defend_G+1","Defend_G","Defend_G","Defend_G","Defend_G","Survivor","Neutralize+1","Catalyst","infinitespire:Neurotoxin+1"],"relics":["Ring of the Snake","EVO:Axolotl","NeowsBlessing","Boot"],"acts_visited":["Exordium"],"potions_floor_usage":[],"damage_taken":[{"damage":0,"enemies":"Jaw Worm","floor":1,"turns":1},{"damage":0,"enemies":"Small Slimes","floor":4,"turns":1},{"damage":0,"enemies":"3 Sentries","floor":6,"turns":1},{"damage":68,"enemies":"Gremlin Nob","floor":8,"turns":4}],"seed_played":"-5547228698325880149","potions_obtained":[{"floor":6,"key":"blueLaboratory:ForbiddenFruitJuice"}],"is_trial":false,"path_per_floor":["M","?","?","M","$","E","R","E"],"character_chosen":"THE_SILENT","items_purchased":[],"campfire_rested":0,"item_purchase_floors":[],"current_hp_per_floor":[63,63,63,63,63,63,63,0,0],"gold":133,"neow_bonus":"THREE_ENEMY_KILL","is_daily":false,"chose_seed":false,"campfire_upgraded":1,"win_rate":0.0,"timestamp":1613921177,"path_taken":["M","?","?","M","$","E","R","E"],"items_purchased_type":[],"build_version":"2020-12-22","purchased_purges":0,"victory":false,"max_hp_per_floor":[70,70,70,70,70,70,70,70,70],"card_choices":[{"not_picked":["Slice","Dagger Spray","Choke"],"picked":"SKIP","floor":1},{"not_picked":["Slice","Dagger Spray","Choke"],"picked":"SKIP","floor":1},{"not_picked":["StuffTheSpire:ClusterCrunch","Setup"],"picked":"Catalyst","floor":4},{"not_picked":["Hidden Blade","Dash"],"picked":"infinitespire:Neurotoxin","floor":6}],"player_experience":1854613,"relics_obtained":[{"floor":6,"key":"Boot"}],"event_choices":[{"damage_healed":0,"gold_gain":0,"player_choice":"Grow","damage_taken":0,"max_hp_gain":0,"max_hp_loss":0,"event_name":"Living Wall","floor":2,"gold_loss":0,"cards_upgraded":["Neutralize"]}],"is_beta":false,"boss_relics":[],"items_purged_floors":[],"is_endless":false,"potions_floor_spawned":[6],"killed_by":"Gremlin Nob","ascension_level":7,"is_humility":true}}