{"host":"hf83sijwe64ts2lm","time":1613922442,"event":{"mods":["2.2 Compatiblity","BaseMod","Better Altar","Better Match","Better Note","Better Sensory Stone","Better Skull","Better Third Choice","Colored Map","Colored Powertips","Highlight Path","Hubris","Infinite Spire","Minty Spire (QoL Compilation)","Quick Restart","Rare Cards Sparkle","Relic Stats","Reliquary","Replay The Spire","Shop Mod","Spicy Shops","Spire Arcade","StSLib","Thieving Mod"],"gold_per_floor":[113,149,51,63,63,95,95,95,95,113,132,143,176,186,186,282,282,267,287,287,304,304,304,315,330,330,330,330,330,24,44,44,44,44],"floor_reached":33,"language":"ENG","playtime":743,"items_purged":["ReplayTheSpireMod:Splinters"],"score":324,"play_id":"65c87266-69c5-4fae-917e-a064f0570f61","local_time":"20210221104722","is_ascension_mode":true,"campfire_choices":[{"floor":8,"key":"REST"},{"floor":15,"key":"REST"},{"floor":23,"key":"REST"},{"floor":27,"key":"REST"},{"floor":29,"key":"RECALL"},{"floor":32,"key":"REST"}],"circlet_count":0,"master_deck":["Strike_R","Strike_R","Strike_R","Strike_R","Strike_R","Defend_R","Defend_R","Defend_R","Defend_R","Bash","Cleave","Metallicize","Iron Wave","ReplayTheSpireMod:Stacked","hubris:DuctTapeCard","Shockwave","Blood for Blood","Rupture","Rupture","Rampage","Rampage","Hemogenesis","ReplayTheSpireMod:Muscle Training","Hemokinesis+1","Perfected Strike","Ghostly Armor","Ghostly Armor+1","Sword Boomerang"],"relics":["Burning Blood","ReplayTheSpireMod:TigerMarble","hubris:DuctTape","Question Card","Pear","infinitespire:Beetle Shell","Electric Blood","hubris:PeanutButter","hubris:Towel","Vajra","HandDrill"],"acts_visited":["Exordium","TheCity"],"potions_floor_usage":[6,6,13,16,24,25],"damage_taken":[{"damage":19,"enemies":"Small Slimes","floor":1,"turns":4},{"damage":14,"enemies":"Jaw Worm","floor":4,"turns":3},{"damage":23,"enemies":"Gremlin Nob","floor":6,"turns":5},{"damage":0,"enemies":"2 Louse","floor":10,"turns":2},{"damage":15,"enemies":"Red Slaver","floor":11,"turns":4},{"damage":0,"enemies":"Blue Slaver","floor":12,"turns":7},{"damage":14,"enemies":"Lagavulin","floor":13,"turns":7},{"damage":7,"enemies":"2 Fungi Beasts","floor":14,"turns":4},{"damage":83,"enemies":"The Guardian","floor":16,"turns":13},{"damage":24,"enemies":"2 Thieves","floor":18,"turns":4},{"damage":37,"enemies":"Chosen","floor":19,"turns":5},{"damage":16,"enemies":"Shelled Parasite and Fungi","floor":21,"turns":5},{"damage":10,"enemies":"Centurion and Healer","floor":24,"turns":5},{"damage":4,"enemies":"Chosen and Byrds","floor":25,"turns":4},{"damage":21,"enemies":"Snake Plant","floor":31,"turns":3},{"damage":108,"enemies":"Automaton","floor":33,"turns":6}],"seed_played":"6636864638709686071","potions_obtained":[{"floor":1,"key":"SpeedPotion"},{"floor":2,"key":"Strength Potion"},{"floor":10,"key":"infinitespire:BlackPotion"},{"floor":14,"key":"SkillPotion"},{"floor":21,"key":"AttackPotion"},{"floor":24,"key":"DistilledChaos"}],"is_trial":false,"path_per_floor":["M","?","$","M","T","E","?","R","T","M","M","M","E","M","R","B",null,"M","M","T","M","?","R","M","M","T","R","?","R","$","M","R","B"],"character_chosen":"IRONCLAD","items_purchased":["Iron Wave","Vajra","HandDrill","Ghostly Armor+1"],"campfire_rested":5,"item_purchase_floors":[3,30,30,30],"current_hp_per_floor":[67,67,67,59,59,42,42,66,76,82,73,79,71,70,90,13,71,58,32,32,27,27,54,50,52,52,79,79,79,79,69,90,0,0],"gold":44,"neow_bonus":"ONE_RANDOM_RARE_CARD","is_daily":false,"chose_seed":false,"campfire_upgraded":0,"win_rate":0.0,"timestamp":1613922442,"path_taken":["M","?","$","M","?","E","?","R","T","M","M","M","E","M","R","BOSS","M","M","?","M","?","R","M","M","T","R","?","R","$","M","R","BOSS"],"items_purchased_type":["Card","Relic","Relic","Card"],"build_version":"2020-12-22","purchased_purges":1,"victory":false,"max_hp_per_floor":[80,80,80,80,80,80,80,80,90,90,90,90,90,90,90,90,90,90,90,90,90,90,90,90,90,90,90,90,90,90,90,90,90,90],"relic_stats":{"counters":[16,81],"HandDrill":[14],"Question Card":20,"obtain_stats":[{"Pear":9,"hubris:DuctTape":5,"Vajra":30,"hubris:PeanutButter":20,"infinitespire:Beetle Shell":13,"ReplayTheSpireMod:TigerMarble":2,"HandDrill":30,"hubris:Towel":22,"Question Card":6,"Electric Blood":17,"Burning Blood":0},{"Pear":3,"hubris:DuctTape":2,"Vajra":14,"hubris:PeanutButter":11,"infinitespire:Beetle Shell":7,"ReplayTheSpireMod:TigerMarble":1,"HandDrill":14,"hubris:Towel":12,"Question Card":3,"Electric Blood":9,"Burning Blood":0},{"Pear":12,"hubris:DuctTape":7,"Vajra":72,"hubris:PeanutButter":58,"infinitespire:Beetle Shell":32,"ReplayTheSpireMod:TigerMarble":4,"HandDrill":72,"hubris:Towel":63,"Question Card":12,"Electric Blood":49,"Burning Blood":0}],"Burning Blood":90},"card_choices":[{"not_picked":["Searing Blow","Body Slam"],"picked":"Cleave","floor":1},{"not_picked":["Sever Soul","Dual Wield"],"picked":"Armaments","floor":2},{"not_picked":["Sword Boomerang","Pommel Strike"],"picked":"Metallicize","floor":2},{"not_picked":["Warcry","Clash"],"picked":"ReplayTheSpireMod:Stacked","floor":4},{"not_picked":["Second Wind","hubris:StunningStrike"],"picked":"Shockwave","floor":6},{"not_picked":["Warcry","Clash","Havoc"],"picked":"Blood for Blood","floor":10},{"not_picked":["hubris:SharpeningStone","Intimidate","Havoc"],"picked":"Rupture","floor":11},{"not_picked":["Entrench","Defy Death","Carnage"],"picked":"Rupture","floor":12},{"not_picked":["Replay:Many Hands","Abandon","Offering"],"picked":"Rampage","floor":13},{"not_picked":["Clothesline","True Grit","ReplayTheSpireMod:Strike From Hell"],"picked":"Rampage","floor":14},{"not_picked":["Berserk","Corruption","Demonic Infusion"],"picked":"Hemogenesis","floor":16},{"not_picked":["Dual Wield","Iron Wave","Headbutt+1"],"picked":"ReplayTheSpireMod:Muscle Training","floor":18},{"not_picked":["Bloodletting+1","Twin Strike+1","Thunderclap+1"],"picked":"Hemokinesis+1","floor":19},{"not_picked":["Sever Soul","Havoc","Massacre","Combust"],"picked":"SKIP","floor":21},{"not_picked":["Evolve","Shockwave","Abandon"],"picked":"Perfected Strike","floor":24},{"not_picked":["ReplayTheSpireMod:Limb From Limb","Bloodletting+1","hubris:SharpeningStone"],"picked":"Ghostly Armor","floor":25},{"not_picked":["Searing Blow","Demonic Infusion","Warcry"],"picked":"Sword Boomerang","floor":31}],"player_experience":193915,"relics_obtained":[{"floor":2,"key":"ReplayTheSpireMod:TigerMarble"},{"floor":5,"key":"hubris:DuctTape"},{"floor":6,"key":"Question Card"},{"floor":9,"key":"Pear"},{"floor":13,"key":"infinitespire:Beetle Shell"},{"floor":20,"key":"hubris:PeanutButter"}],"event_choices":[{"damage_healed":0,"gold_gain":0,"player_choice":"Ignored","damage_taken":0,"max_hp_gain":0,"max_hp_loss":0,"event_name":"Purifier","floor":7,"gold_loss":0},{"damage_healed":0,"gold_gain":0,"player_choice":"Ignored","damage_taken":0,"max_hp_gain":0,"max_hp_loss":0,"event_name":"Beggar","floor":28,"gold_loss":0}],"is_beta":false,"boss_relics":[{"not_picked":["Coffee Dripper","Replay:Grab Bag"],"picked":"Electric Blood"}],"items_purged_floors":[3],"is_endless":false,"potions_floor_spawned":[1,10,14,21,24],"killed_by":"Automaton","ascension_level":5}}