{"host":"mnpd8gh7cwxsn5kh","time":1613925328,"event":{"mods":["BaseMod","Bestiary","Block Reminder","Colored Map","Colored Powertips","Highlight Path","Minty Spire (QoL Compilation)","Relic Sorter","Relic Stats"],"gold_per_floor":[10,30,44,44,60,60,72,102,102,118,118,144,217,241,253,344,356,382,66,66,66,133,133,148,148,148],"floor_reached":25,"language":"ENG","playtime":2036,"items_purged":[],"score":430,"play_id":"a426a6fb-f88a-4663-b495-7e993d24879f","local_time":"20210221173528","is_ascension_mode":true,"campfire_choices":[{"data":"Buffer","floor":6,"key":"SMITH"},{"data":"Fission","floor":15,"key":"SMITH"},{"floor":23,"key":"REST"}],"circlet_count":0,"master_deck":["AscendersBane","Strike_B","Strike_B","Strike_B","Defend_B","Defend_B","Defend_B","Defend_B","Zap","Dualcast","Auto Shields","Cold Snap","Undo","Buffer+1","Melter","Lockon","Ball Lightning","Skim","Fission+1","Doom and Gloom","Biased Cognition","Reinforced Body","Tempest"],"relics":["Cracked Core","TungstenRod","Nunchaku","Anchor","MawBank","Shuriken","Inserter","DataDisk","Art of War","Enchiridion","SsserpentHead"],"acts_visited":["Exordium","TheCity"],"potions_floor_usage":[5,13,16,16,25,25],"damage_taken":[{"damage":2,"enemies":"2 Louse","floor":1,"turns":3},{"damage":0,"enemies":"Small Slimes","floor":2,"turns":4},{"damage":0,"enemies":"Jaw Worm","floor":3,"turns":3},{"damage":1,"enemies":"Red Slaver","floor":5,"turns":5},{"damage":0,"enemies":"Large Slime","floor":7,"turns":6},{"damage":19,"enemies":"3 Sentries","floor":8,"turns":16},{"damage":0,"enemies":"Blue Slaver","floor":10,"turns":4},{"damage":5,"enemies":"Gremlin Nob","floor":12,"turns":4},{"damage":2,"enemies":"Gremlin Nob","floor":13,"turns":5},{"damage":0,"enemies":"2 Fungi Beasts","floor":14,"turns":3},{"damage":6,"enemies":"Hexaghost","floor":16,"turns":9},{"damage":19,"enemies":"3 Byrds","floor":18,"turns":9},{"damage":3,"enemies":"2 Thieves","floor":22,"turns":4},{"damage":11,"enemies":"Shelled Parasite and Fungi","floor":24,"turns":14},{"damage":40,"enemies":"Slavers","floor":25,"turns":5}],"seed_played":"-7634881764263951658","potions_obtained":[{"floor":2,"key":"SpeedPotion"},{"floor":3,"key":"ColorlessPotion"},{"floor":12,"key":"Dexterity Potion"},{"floor":13,"key":"Strength Potion"},{"floor":16,"key":"FocusPotion"},{"floor":18,"key":"LiquidBronze"}],"is_trial":false,"path_per_floor":["M","M","M","$","M","R","M","E","T","M","?","E","?","M","R","B",null,"M","$","?","?","M","R","M","E"],"character_chosen":"DEFECT","items_purchased":["DataDisk","Art of War"],"campfire_rested":1,"item_purchase_floors":[19,19],"current_hp_per_floor":[62,62,62,62,61,61,61,42,42,42,36,31,29,29,29,23,59,40,40,23,23,20,41,30,0,0],"gold":148,"neow_bonus":"ONE_RARE_RELIC","is_daily":false,"chose_seed":false,"campfire_upgraded":2,"win_rate":0.0,"timestamp":1613925328,"path_taken":["M","M","M","$","M","R","M","E","T","M","?","E","?","M","R","BOSS","M","$","?","?","?","R","M","E"],"items_purchased_type":["Relic","Relic"],"build_version":"2020-12-22","purchased_purges":0,"victory":false,"max_hp_per_floor":[71,71,71,71,71,71,71,71,71,71,71,71,71,71,71,71,71,71,71,71,71,71,71,71,71,71],"relic_stats":{"SsserpentHead":50,"Nunchaku":[7],"Inserter":[16],"counters":[15,94],"Shuriken":[4],"Art of War":[6],"MawBank":84,"obtain_stats":[{"SsserpentHead":21,"Nunchaku":8,"Anchor":9,"DataDisk":19,"Inserter":17,"Shuriken":13,"Enchiridion":20,"Art of War":19,"Cracked Core":0,"MawBank":12,"TungstenRod":0},{"SsserpentHead":12,"Nunchaku":6,"Anchor":6,"DataDisk":12,"Inserter":11,"Shuriken":9,"Enchiridion":12,"Art of War":12,"Cracked Core":0,"MawBank":8,"TungstenRod":0},{"SsserpentHead":71,"Nunchaku":37,"Anchor":37,"DataDisk":71,"Inserter":62,"Shuriken":50,"Enchiridion":71,"Art of War":71,"Cracked Core":0,"MawBank":45,"TungstenRod":0}],"TungstenRod":51},"card_choices":[{"not_picked":["Conserve Battery","Scrape"],"picked":"Auto Shields","floor":1},{"not_picked":["Go for the Eyes","Coolheaded"],"picked":"Cold Snap","floor":2},{"not_picked":["Gash","Turbo"],"picked":"Undo","floor":3},{"not_picked":["Capacitor","Conserve Battery"],"picked":"Buffer","floor":5},{"not_picked":["Capacitor","Conserve Battery"],"picked":"Melter","floor":7},{"not_picked":["Gash","Heatsinks"],"picked":"Lockon","floor":8},{"not_picked":["Go for the Eyes","Leap"],"picked":"Ball Lightning","floor":10},{"not_picked":["Conserve Battery","Loop"],"picked":"Skim","floor":12},{"not_picked":["Tempest","Ball Lightning"],"picked":"Fission","floor":13},{"not_picked":["Barrage","Hologram"],"picked":"Doom and Gloom","floor":14},{"not_picked":["Multi-Cast","Seek"],"picked":"Biased Cognition","floor":16},{"not_picked":["Leap","Turbo"],"picked":"Reinforced Body","floor":18},{"not_picked":["Turbo","Rebound","Barrage"],"picked":"SKIP","floor":22},{"not_picked":["Streamline","Rebound"],"picked":"Tempest","floor":24}],"player_experience":655415,"relics_obtained":[{"floor":8,"key":"Nunchaku"},{"floor":9,"key":"Anchor"},{"floor":12,"key":"MawBank"},{"floor":13,"key":"Shuriken"},{"floor":20,"key":"Enchiridion"}],"event_choices":[{"cards_removed":["Strike_B"],"damage_healed":0,"gold_gain":0,"player_choice":"Card Removal","damage_taken":7,"max_hp_gain":0,"max_hp_loss":0,"event_name":"Golden Wing","floor":11,"gold_loss":0},{"damage_healed":0,"gold_gain":0,"player_choice":"Searched \u00271\u0027 times","damage_taken":0,"max_hp_gain":0,"max_hp_loss":0,"event_name":"Dead Adventurer","floor":13,"gold_loss":0},{"damage_healed":0,"gold_gain":0,"player_choice":"Obtained Book","damage_taken":21,"max_hp_gain":0,"max_hp_loss":0,"event_name":"Cursed Tome","floor":20,"gold_loss":0},{"damage_healed":0,"gold_gain":0,"player_choice":"Trade","damage_taken":0,"relics_obtained":["SsserpentHead"],"max_hp_gain":0,"max_hp_loss":0,"event_name":"FaceTrader","floor":21,"gold_loss":0}],"is_beta":false,"boss_relics":[{"not_picked":["Black Star","SlaversCollar"],"picked":"Inserter"}],"items_purged_floors":[],"is_endless":false,"potions_floor_spawned":[2,3,12,13,14,16,18],"killed_by":"Slavers","ascension_level":20}}