{"host":"Hutts","time":1613930974,"event":{"mods":["BaseMod","Downfall","Googly Eyes","Hermit","Minty Spire (QoL Compilation)","StSLib","The Cursed","The IronCluck"],"gold_per_floor":[117,137,137,148,160,160,190,190,190,190,2,2,19,36,36,136,136,153,78,101,123,170,170,43,43,43,116,116,155,155,186,186,186,186],"floor_reached":33,"language":"ENG","playtime":2072,"items_purged":[],"score":267,"play_id":"6f7f2484-8c51-43cc-9d9f-0da78b8e04f5","local_time":"20210221120934","is_ascension_mode":false,"campfire_choices":[{"data":"hermit:Showdown","floor":6,"key":"SMITH"},{"floor":8,"key":"REST"},{"data":"hermit:GoldenBullet","floor":10,"key":"SMITH"},{"floor":15,"key":"REST"},{"floor":23,"key":"REST"},{"floor":25,"key":"REST"},{"floor":32,"key":"REST"}],"circlet_count":0,"master_deck":["hermit:Strike_Hermit","hermit:Strike_Hermit","hermit:Strike_Hermit","hermit:Strike_Hermit","hermit:Defend_Hermit","hermit:Defend_Hermit","hermit:Defend_Hermit","hermit:Snapshot","hermit:Covet","hermit:Showdown+1","hermit:Vantage","hermit:Cheat","hermit:Scavenge","hermit:GoldenBullet+1","Mayhem+1","hermit:Glare","hermit:DeadOrAlive+1","hermit:Ricochet+1","hermit:ShadowCloak+1","hermit:HighCaliber+1","hermit:Enervate+1","hermit:Vantage","Writhe","hermit:FlashPowder","hermit:CalledShot+1","hermit:FullyLoaded"],"relics":["hermit:ClaspedLocket","NeowsBlessing","Sundial","Smiling Mask","Molten Egg 2","Red Mask","Shuriken","Ancient Tea Set","StoneCalendar"],"acts_visited":["Exordium","TheCity"],"potions_floor_usage":[7,16,18,22,22,33],"damage_taken":[{"damage":0,"enemies":"Small Slimes","floor":1,"turns":1},{"damage":0,"enemies":"Jaw Worm","floor":2,"turns":1},{"damage":0,"enemies":"2 Louse","floor":4,"turns":1},{"damage":2,"enemies":"Large Slime","floor":5,"turns":6},{"damage":17,"enemies":"Lagavulin","floor":7,"turns":7},{"damage":5,"enemies":"Blue Slaver","floor":13,"turns":4},{"damage":13,"enemies":"Gremlin Gang","floor":14,"turns":6},{"damage":50,"enemies":"The Guardian","floor":16,"turns":14},{"damage":0,"enemies":"Chosen","floor":18,"turns":3},{"damage":19,"enemies":"Shell Parasite","floor":20,"turns":4},{"damage":17,"enemies":"Shelled Parasite and Fungi","floor":21,"turns":5},{"damage":14,"enemies":"Masked Bandits","floor":22,"turns":5},{"damage":37,"enemies":"Slavers","floor":27,"turns":5},{"damage":0,"enemies":"Centurion and Healer","floor":29,"turns":4},{"damage":18,"enemies":"Snake Plant","floor":31,"turns":4},{"damage":57,"enemies":"Automaton","floor":33,"turns":6}],"seed_played":"449722601917798784","potions_obtained":[{"floor":5,"key":"FearPotion"},{"floor":13,"key":"sneckomod:MuddlingPotion"},{"floor":14,"key":"SpeedPotion"},{"floor":18,"key":"LiquidBronze"},{"floor":21,"key":"bronze:BurnAndBuffPotion"},{"floor":29,"key":"Explosive Potion"}],"is_trial":false,"path_per_floor":["M","M","?","M","M","R","E","R","T","R","$","?","M","M","R","B",null,"M","?","M","M","?","R","$","R","T","E","?","M","?","M","R","B"],"character_chosen":"HERMIT","items_purchased":["Mayhem","hermit:Enervate+1","hermit:Vantage"],"campfire_rested":5,"item_purchase_floors":[11,24,24],"current_hp_per_floor":[75,75,63,63,61,61,44,66,66,66,66,66,61,48,70,20,75,75,75,56,39,25,47,47,69,69,32,32,32,32,14,36,0,0],"gold":186,"neow_bonus":"THREE_ENEMY_KILL","is_daily":false,"chose_seed":false,"campfire_upgraded":2,"win_rate":0.0,"timestamp":1613930974,"path_taken":["M","M","?","M","M","R","E","R","T","R","$","?","M","M","R","BOSS","M","?","M","M","?","R","$","R","T","E","?","M","?","M","R","BOSS"],"items_purchased_type":["Card","Card","Card"],"build_version":"2020-12-18","purchased_purges":0,"victory":false,"max_hp_per_floor":[75,75,75,75,75,75,75,75,75,75,75,75,75,75,75,75,75,75,75,75,75,75,75,75,75,75,75,75,75,75,75,75,75,75],"card_choices":[{"not_picked":["hermit:Desperado","hermit:BodyArmor"],"picked":"hermit:Showdown","floor":1},{"not_picked":["hermit:Glare","hermit:BodyArmor"],"picked":"hermit:Vantage","floor":2},{"not_picked":["hermit:Gestalt","hermit:Headshot"],"picked":"hermit:Cheat","floor":4},{"not_picked":["hermit:HoleUp","hermit:Desperado"],"picked":"hermit:Scavenge","floor":5},{"not_picked":["hermit:Dive","hermit:Deadeye"],"picked":"hermit:GoldenBullet","floor":7},{"not_picked":["hermit:TrackingShot+1","hermit:Misfire+1"],"picked":"hermit:Glare","floor":13},{"not_picked":["hermit:TrackingShot+1","hermit:BodyArmor","hermit:TakeAim"],"picked":"SKIP","floor":14},{"not_picked":["hermit:Roughhouse+1","hermit:EternalForm"],"picked":"hermit:DeadOrAlive+1","floor":16},{"not_picked":["hermit:LowProfile","hermit:BigShot"],"picked":"hermit:Ricochet+1","floor":18},{"not_picked":["hermit:Manifest","hermit:Roulette+1","hermit:Maintenance"],"picked":"SKIP","floor":20},{"not_picked":["hermit:FullyLoaded","hermit:Vantage"],"picked":"hermit:ShadowCloak+1","floor":21},{"not_picked":["hermit:Adapt","hermit:Grudge+1"],"picked":"hermit:HighCaliber+1","floor":22},{"not_picked":["hermit:Brawl","hermit:DeadMansHand","hermit:Gestalt"],"picked":"SKIP","floor":27},{"not_picked":["hermit:Roulette+1","hermit:Feint"],"picked":"hermit:FlashPowder","floor":29},{"not_picked":["hermit:Malice+1","hermit:TrackingShot+1"],"picked":"hermit:FullyLoaded","floor":31}],"player_experience":1069510,"relics_obtained":[{"floor":7,"key":"Smiling Mask"},{"floor":9,"key":"Molten Egg 2"},{"floor":22,"key":"Red Mask"},{"floor":26,"key":"Shuriken"},{"floor":27,"key":"Ancient Tea Set"}],"event_choices":[{"damage_healed":0,"gold_gain":0,"player_choice":"Success","damage_taken":12,"relics_obtained":["Sundial"],"max_hp_gain":0,"max_hp_loss":0,"event_name":"Scrap Ooze","floor":3,"gold_loss":0},{"damage_healed":0,"gold_gain":0,"player_choice":"Grow","damage_taken":0,"max_hp_gain":0,"max_hp_loss":0,"event_name":"Living Wall","floor":12,"gold_loss":0,"cards_upgraded":["Mayhem"]},{"cards_removed":["hermit:Defend_Hermit"],"damage_healed":0,"gold_gain":0,"player_choice":"Gave Gold","damage_taken":0,"max_hp_gain":0,"max_hp_loss":0,"event_name":"Beggar","floor":19,"gold_loss":75},{"damage_healed":0,"gold_gain":0,"player_choice":"Fought Bandits","damage_taken":0,"max_hp_gain":0,"max_hp_loss":0,"event_name":"Masked Bandits","floor":22,"gold_loss":0},{"damage_healed":0,"gold_gain":0,"player_choice":"Opened","damage_taken":0,"relics_obtained":["StoneCalendar"],"max_hp_gain":0,"max_hp_loss":0,"event_name":"The Mausoleum","floor":28,"gold_loss":0,"cards_obtained":["Writhe"]},{"damage_healed":0,"gold_gain":0,"player_choice":"Read","damage_taken":0,"max_hp_gain":0,"max_hp_loss":0,"event_name":"The Library","floor":30,"gold_loss":0,"cards_obtained":["hermit:CalledShot"]}],"is_beta":true,"boss_relics":[{"not_picked":["Astrolabe","Fusion Hammer"],"picked":"hermit:ClaspedLocket"}],"items_purged_floors":[],"is_endless":false,"potions_floor_spawned":[5,13,14,18,21,29],"killed_by":"Automaton","ascension_level":0}}