{"host":"g3js2eermvvpeiqn","time":1613881942,"event":{"mods":["BaseMod","DeckTracker","Downfall","Minty Spire (QoL Compilation)","Quick Restart","StSLib"],"gold_per_floor":[364,381,13,25,44,44,79,90,90,118,178,103,103,103,103,182,182,194,194,194,212,75,75,102,120,145,180,17,17,117,134,134,209,209,228,238,238,293,293,328,155,155,155,170,187,187,200,210,210,210,210,210,210,14,49,49],"floor_reached":57,"language":"ENG","playtime":3442,"items_purged":["Strike_G","Strike_G+1"],"score":2935,"play_id":"366fde50-5b04-4a1e-b3d4-049bee6022c4","local_time":"20210220223222","is_ascension_mode":true,"campfire_choices":[{"data":"Backstab","floor":6.0,"key":"SMITH"},{"data":"Terror","floor":13.0,"key":"SMITH"},{"data":"Deadly Poison","floor":15.0,"key":"SMITH"},{"data":"Wraith Form v2","floor":23.0,"key":"SMITH"},{"data":"Noxious Fumes","floor":29.0,"key":"SMITH"},{"data":"Deadly Poison","floor":32.0,"key":"SMITH"},{"floor":42.0,"key":"RECALL"},{"data":"Acrobatics","floor":46.0,"key":"SMITH"},{"data":"Caltrops","floor":49.0,"key":"SMITH"},{"floor":53.0,"key":"REST"}],"circlet_count":0,"master_deck":["AscendersBane","Strike_G+1","Strike_G+1","Strike_G+1","Defend_G+1","Defend_G+1","Defend_G+1","Defend_G+1","Defend_G+1","Survivor","Neutralize","Backstab+1","Deadly Poison+1","Caltrops+1","Dagger Throw","Predator","Skewer+1","Terror+1","PiercingWail","Acrobatics","Wraith Form v2+1","Deadly Poison+1","Noxious Fumes+1","Acrobatics+1","Backstab+1","Acrobatics","Wraith Form v2+1","Backflip+1","Corpse Explosion+1","Deadly Poison+1","Acrobatics+1","Reflex+1","PiercingWail+1","Writhe","Acrobatics+1","Tactician+1","Deadly Poison+1","Well Laid Plans","PiercingWail+1","Crippling Poison+1"],"relics":["Ring of the Snake","Bag of Marbles","Anchor","Sundial","HornCleat","Nunchaku","Torii","Philosopher\u0027s Stone","MutagenicStrength","Oddly Smooth Stone","Ornamental Fan","DollysMirror","FossilizedHelix","Toxic Egg 2","Cursed Key","Girya","Strawberry","OrangePellets","Lantern","Pocketwatch"],"acts_visited":["Exordium","TheCity","TheBeyond","TheEnding"],"potions_floor_usage":[55],"damage_taken":[{"damage":2.0,"enemies":"Jaw Worm","floor":1.0,"turns":7.0},{"damage":0.0,"enemies":"2 Louse","floor":2.0,"turns":2.0},{"damage":7.0,"enemies":"Small Slimes","floor":4.0,"turns":3.0},{"damage":9.0,"enemies":"Exordium Wildlife","floor":5.0,"turns":3.0},{"damage":6.0,"enemies":"Gremlin Nob","floor":7.0,"turns":3.0},{"damage":0.0,"enemies":"2 Fungi Beasts","floor":8.0,"turns":2.0},{"damage":7.0,"enemies":"3 Sentries","floor":10.0,"turns":5.0},{"damage":2.0,"enemies":"3 Sentries","floor":11.0,"turns":7.0},{"damage":12.0,"enemies":"The Guardian","floor":16.0,"turns":9.0},{"damage":2.0,"enemies":"Spheric Guardian","floor":18.0,"turns":4.0},{"damage":0.0,"enemies":"3 Byrds","floor":21.0,"turns":2.0},{"damage":5.0,"enemies":"Gremlin Leader","floor":24.0,"turns":5.0},{"damage":0.0,"enemies":"Sentry and Sphere","floor":25.0,"turns":4.0},{"damage":2.0,"enemies":"Slavers","floor":27.0,"turns":4.0},{"damage":0.0,"enemies":"Colosseum Slavers","floor":30.0,"turns":3.0},{"damage":0.0,"enemies":"Colosseum Nobs","floor":30.0,"turns":4.0},{"damage":0.0,"enemies":"Cultist and Chosen","floor":31.0,"turns":4.0},{"damage":25.0,"enemies":"Collector","floor":33.0,"turns":9.0},{"damage":0.0,"enemies":"3 Shapes","floor":35.0,"turns":5.0},{"damage":0.0,"enemies":"3 Darklings","floor":36.0,"turns":3.0},{"damage":1.0,"enemies":"2 Orb Walkers","floor":38.0,"turns":5.0},{"damage":0.0,"enemies":"Reptomancer","floor":40.0,"turns":6.0},{"damage":0.0,"enemies":"Jaw Worm Horde","floor":44.0,"turns":3.0},{"damage":0.0,"enemies":"4 Shapes","floor":45.0,"turns":1.0},{"damage":0.0,"enemies":"Writhing Mass","floor":47.0,"turns":5.0},{"damage":0.0,"enemies":"Spire Growth","floor":48.0,"turns":4.0},{"damage":48.0,"enemies":"Awakened One","floor":50.0,"turns":15.0},{"damage":0.0,"enemies":"Donu and Deca","floor":51.0,"turns":6.0},{"damage":0,"enemies":"Shield and Spear","floor":55,"turns":6},{"damage":30,"enemies":"The Heart","floor":56,"turns":11}],"seed_played":"301273938150340390","potions_obtained":[{"floor":1.0,"key":"hexamod:SoulburnPotion"},{"floor":8.0,"key":"SpeedPotion"},{"floor":10.0,"key":"GamblersBrew"},{"floor":11.0,"key":"Dexterity Potion"},{"floor":16.0,"key":"Guardian:BlockOnCardUsePotion"},{"floor":21.0,"key":"LiquidMemories"},{"floor":33.0,"key":"champ:CounterPotion"},{"floor":35.0,"key":"SkillPotion"},{"floor":44.0,"key":"AttackPotion"}],"is_trial":false,"path_per_floor":["M","M","$","M","M","R","E","M","T","E","?","$","R","?","R","B",null,"M","?","?","M","$","R","E","M","T","E","$","R","?","M","R","B",null,"M","M","?","?","?","E","$","R","T","M","M","R","M","M","R","B","B",null,"R","$","E","B",null],"character_chosen":"THE_SILENT","items_purchased":["Bag of Marbles","Anchor","Caltrops","Noxious Fumes","DollysMirror","OrangePellets","Well Laid Plans","SkillPotion","PiercingWail+1"],"campfire_rested":1,"item_purchase_floors":[3,3,3,22,28,41,54,54,54],"current_hp_per_floor":[42,42,42,35,26,26,20,20,20,13,11,11,11,16,16,4,54,52,52,52,52,52,52,47,47,47,45,45,45,45,45,45,20,58,58,58,58,57,57,64,64,64,64,64,64,64,64,64,64,16,16,60,74,74,74,44],"gold":49,"neow_bonus":"TWO_FIFTY_GOLD","is_daily":false,"chose_seed":false,"campfire_upgraded":8,"win_rate":0.0,"timestamp":1613881942,"path_taken":["M","M","$","M","M","R","E","M","T","E","?","$","R","?","R","BOSS","M","?","?","M","$","R","E","M","T","E","?","R","?","?","R","BOSS","M","M","?","?","?","E","$","R","T","?","?","R","M","M","R","BOSS","BOSS","R","$","E","BOSS"],"items_purchased_type":["Relic","Relic","Card","Card","Relic","Relic","Card","Potion","Card"],"build_version":"2020-12-22","purchased_purges":2,"victory":true,"max_hp_per_floor":[66,66,66,66,66,66,66,66,66,66,66,66,66,71,71,71,71,71,71,71,71,71,71,71,71,71,71,71,71,71,71,71,71,71,71,71,67,67,67,74,74,74,74,74,74,74,74,74,74,74,74,74,74,74,74,74],"card_choices":[{"not_picked":["Prepared","Sucker Punch"],"picked":"Backstab","floor":1.0},{"not_picked":["Dagger Spray","Skewer"],"picked":"Deadly Poison","floor":2.0},{"not_picked":["Bane","Accuracy"],"picked":"Dagger Throw","floor":4.0},{"not_picked":["Dodge and Roll","Acrobatics"],"picked":"Predator","floor":5.0},{"not_picked":["Distraction","A Thousand Cuts"],"picked":"Skewer","floor":7.0},{"not_picked":["Quick Slash","Dodge and Roll"],"picked":"Terror","floor":8.0},{"not_picked":["Dagger Spray","Flying Knee"],"picked":"PiercingWail","floor":10.0},{"not_picked":["Sucker Punch","Choke"],"picked":"Acrobatics","floor":11.0},{"not_picked":["Venomology","Doppelganger"],"picked":"Wraith Form v2","floor":16.0},{"not_picked":["Sucker Punch+1","Dagger Throw","Poisoned Stab"],"picked":"SKIP","floor":18.0},{"not_picked":["Slice+1","Masterful Stab"],"picked":"Deadly Poison","floor":21.0},{"not_picked":["Finisher","Dagger Spray"],"picked":"Acrobatics","floor":24.0},{"not_picked":["Caltrops+1","Skewer"],"picked":"Backstab+1","floor":25.0},{"not_picked":["Die Die Die","Accuracy"],"picked":"Acrobatics","floor":27.0},{"not_picked":["Backstab","Cloak And Dagger+1"],"picked":"Backflip+1","floor":31.0},{"not_picked":["Bullet Time+1","Tools of the Trade"],"picked":"Corpse Explosion+1","floor":33.0},{"not_picked":["Dagger Throw","Flying Knee"],"picked":"Deadly Poison+1","floor":35.0},{"not_picked":["Endless Agony","Eviscerate"],"picked":"Acrobatics+1","floor":36.0},{"not_picked":["Quick Slash","Eviscerate+1"],"picked":"Reflex+1","floor":38.0},{"not_picked":["Caltrops+1","Blade Dance+1"],"picked":"PiercingWail+1","floor":40.0},{"not_picked":["Prepared+1","Dagger Spray"],"picked":"Acrobatics+1","floor":44.0},{"not_picked":["Flying Knee","Backflip+1"],"picked":"Tactician+1","floor":45.0},{"not_picked":["Acrobatics+1","Outmaneuver+1"],"picked":"Deadly Poison+1","floor":47.0},{"not_picked":["Glass Knife","Backflip+1","Quick Slash+1"],"picked":"SKIP","floor":48.0},{"not_picked":["Underhanded Strike","Tactician+1"],"picked":"Crippling Poison+1","floor":55}],"player_experience":1522984,"relics_obtained":[{"floor":7.0,"key":"Sundial"},{"floor":9.0,"key":"HornCleat"},{"floor":10.0,"key":"Nunchaku"},{"floor":24.0,"key":"Oddly Smooth Stone"},{"floor":27.0,"key":"Ornamental Fan"},{"floor":30.0,"key":"FossilizedHelix"},{"floor":30.0,"key":"Toxic Egg 2"},{"floor":38.0,"key":"Girya"},{"floor":40.0,"key":"Strawberry"},{"floor":43.0,"key":"Lantern"},{"floor":55,"key":"Pocketwatch"}],"event_choices":[{"damage_healed":0.0,"max_hp_gain":0.0,"max_hp_loss":0.0,"gold_gain":30.0,"event_name":"Dead Adventurer","player_choice":"Searched \u00273\u0027 times","floor":11.0,"gold_loss":0.0,"damage_taken":0.0,"relics_obtained":["Torii"]},{"damage_healed":0.0,"max_hp_gain":5.0,"max_hp_loss":0.0,"gold_gain":0.0,"event_name":"Big Fish","player_choice":"Donut","floor":14.0,"gold_loss":0.0,"damage_taken":0.0},{"damage_healed":0.0,"max_hp_gain":0.0,"max_hp_loss":0.0,"gold_gain":0.0,"event_name":"Back to Basics","player_choice":"Simplicity","floor":19.0,"gold_loss":0.0,"damage_taken":0.0,"cards_upgraded":["Strike_G","Strike_G","Strike_G","Strike_G","Defend_G","Defend_G","Defend_G","Defend_G","Defend_G"]},{"damage_healed":0.0,"max_hp_gain":0.0,"max_hp_loss":0.0,"gold_gain":0.0,"event_name":"Drug Dealer","player_choice":"Inject Mutagens","floor":20.0,"gold_loss":0.0,"damage_taken":0.0,"relics_obtained":["MutagenicStrength"]},{"damage_healed":0.0,"max_hp_gain":0.0,"max_hp_loss":0.0,"gold_gain":0.0,"event_name":"Colosseum","player_choice":"Fight","floor":30.0,"gold_loss":0.0,"damage_taken":0.0},{"damage_healed":0.0,"max_hp_gain":0.0,"max_hp_loss":0.0,"gold_gain":0.0,"event_name":"Colosseum","player_choice":"Fought Nobs","floor":30.0,"gold_loss":0.0,"damage_taken":0.0},{"damage_healed":0.0,"max_hp_gain":0.0,"max_hp_loss":4.0,"gold_gain":0.0,"event_name":"Winding Halls","player_choice":"Max HP","floor":37.0,"gold_loss":0.0,"damage_taken":0.0},{"damage_healed":0.0,"max_hp_gain":0.0,"max_hp_loss":0.0,"gold_gain":0.0,"event_name":"Mysterious Sphere","player_choice":"Fight","floor":38.0,"gold_loss":0.0,"damage_taken":0.0},{"damage_healed":0.0,"max_hp_gain":0.0,"max_hp_loss":0.0,"gold_gain":0.0,"event_name":"Upgrade Shrine","player_choice":"Upgraded","floor":39.0,"gold_loss":0.0,"damage_taken":0.0,"cards_upgraded":["Skewer"]}],"is_beta":false,"boss_relics":[{"not_picked":["Fusion Hammer","Velvet Choker"],"picked":"Philosopher\u0027s Stone"},{"not_picked":["Empty Cage","Runic Dome"],"picked":"Cursed Key"}],"items_purged_floors":[12,22],"is_endless":false,"potions_floor_spawned":[1,8,10,11,16,21,25,30,33,35,44,45,48],"ascension_level":20}}