{"host":"oigynbtg272c19pw","time":1613921615,"event":{"mods":["BaseMod","Colored Map","Minty Spire (QoL Compilation)","Relic Stats","Slay the Relics Exporter","StSLib"],"gold_per_floor":[119,137,49,65,65,65,98,98,152,35,35,35,111,161,161,266,266,300,40,49,21,34,34,87,87,114,167,48,48,96,96,96],"floor_reached":31,"playtime":912,"items_purged":["Regret","Strike_G"],"score":640,"play_id":"d26039f4-4c73-4cad-91c2-b7121f10c8e3","local_time":"20210221163335","is_ascension_mode":true,"campfire_choices":[{"data":"Envenom","floor":6.0,"key":"SMITH"},{"data":"Noxious Fumes","floor":11.0,"key":"SMITH"},{"floor":15.0,"key":"REST"},{"floor":23.0,"key":"REST"},{"floor":25.0,"key":"REST"},{"data":"Footwork","floor":29.0,"key":"SMITH"}],"circlet_count":0,"master_deck":["AscendersBane","Strike_G","Strike_G","Strike_G","Defend_G","Defend_G","Defend_G","Defend_G","Defend_G","Survivor","Neutralize","Dagger Spray","Envenom+1","Footwork+1","Deflect","Endless Agony","Noxious Fumes+1","Cloak And Dagger","Endless Agony","Envenom","Backflip+1","Crippling Poison","Finisher","Reaper","Double Tap","Footwork","PiercingWail","BootSequence"],"relics":["Ring of the Snake","NeowsBlessing","Shuriken","The Specimen","Pear","PreservedInsect","Golden Idol","Boot","CeramicFish","WristBlade","PrismaticShard","Calipers","Centennial Puzzle","Art of War","Bag of Preparation"],"acts_visited":["Exordium","TheCity"],"potions_floor_usage":[],"damage_taken":[{"damage":0.0,"enemies":"Cultist","floor":1.0,"turns":1.0},{"damage":0.0,"enemies":"Small Slimes","floor":2.0,"turns":1.0},{"damage":0.0,"enemies":"2 Louse","floor":4.0,"turns":1.0},{"damage":5.0,"enemies":"Lagavulin","floor":7.0,"turns":8.0},{"damage":26.0,"enemies":"Gremlin Nob","floor":13.0,"turns":4.0},{"damage":0.0,"enemies":"Gremlin Nob","floor":14.0,"turns":3.0},{"damage":19.0,"enemies":"The Guardian","floor":16.0,"turns":9.0},{"damage":28.0,"enemies":"Shell Parasite","floor":18.0,"turns":5.0},{"damage":18.0,"enemies":"Chosen","floor":22.0,"turns":5.0},{"damage":15.0,"enemies":"Gremlin Leader","floor":24.0,"turns":5.0},{"damage":29.0,"enemies":"Slavers","floor":27.0,"turns":4.0},{"damage":27.0,"enemies":"Gremlin Leader","floor":30.0,"turns":6.0},{"damage":27,"enemies":"Snecko","floor":31,"turns":4}],"seed_played":"-7178623455917050250","potions_obtained":[{"floor":2.0,"key":"Poison Potion"},{"floor":4.0,"key":"Weak Potion"},{"floor":14.0,"key":"Dexterity Potion"},{"floor":16.0,"key":"SteroidPotion"},{"floor":24.0,"key":"Strength Potion"},{"floor":27.0,"key":"LiquidBronze"}],"is_trial":false,"path_per_floor":["M","M","$","M","T","R","E","?","T","$","R","?","?","E","R","B",null,"M","$","?","$","M","R","E","R","T","E","$","R","E","M"],"character_chosen":"THE_SILENT","items_purchased":["Footwork","Noxious Fumes","PrismaticShard","Finisher","Footwork","PiercingWail"],"campfire_rested":3,"item_purchase_floors":[3,10,19,21,28,28],"current_hp_per_floor":[59,59,59,59,59,59,54,64,64,64,64,38,12,12,34,15,61,33,33,33,33,15,37,22,44,44,33,33,33,6,0,0],"gold":96,"neow_bonus":"THREE_ENEMY_KILL","is_daily":false,"chose_seed":false,"campfire_upgraded":3,"win_rate":0.0,"timestamp":1613921615,"path_taken":["M","M","$","?","?","R","E","?","T","$","R","?","?","E","R","BOSS","M","$","?","$","M","R","E","R","T","E","?","R","E","M"],"items_purchased_type":["Card","Card","Relic","Card","Card","Card"],"build_version":"2020-12-13","purchased_purges":2,"victory":false,"max_hp_per_floor":[66,66,66,66,66,66,66,76,76,76,76,76,76,76,76,76,76,76,76,76,76,76,76,76,76,76,76,76,76,76,76,76],"relic_stats":{"Centennial Puzzle":[8],"counters":[13,56],"Shuriken":[20],"Golden Idol":84,"CeramicFish":90,"PreservedInsect":179,"Art of War":[2],"Bag of Preparation":[2],"Boot":[27],"obtain_stats":[{"Pear":8,"Calipers":24,"NeowsBlessing":0,"The Specimen":7,"Golden Idol":12,"CeramicFish":14,"PreservedInsect":9,"Bag of Preparation":30,"Boot":13,"PrismaticShard":19,"Centennial Puzzle":26,"WristBlade":17,"Shuriken":5,"Art of War":27,"Ring of the Snake":0},{"Pear":4,"Calipers":10,"NeowsBlessing":0,"The Specimen":4,"Golden Idol":4,"CeramicFish":6,"PreservedInsect":4,"Bag of Preparation":12,"Boot":5,"PrismaticShard":8,"Centennial Puzzle":10,"WristBlade":7,"Shuriken":3,"Art of War":11,"Ring of the Snake":0},{"Pear":11,"Calipers":42,"NeowsBlessing":0,"The Specimen":11,"Golden Idol":11,"CeramicFish":18,"PreservedInsect":11,"Bag of Preparation":52,"Boot":15,"PrismaticShard":32,"Centennial Puzzle":42,"WristBlade":27,"Shuriken":3,"Art of War":46,"Ring of the Snake":0}],"Ring of the Snake":[27]},"card_choices":[{"not_picked":["Quick Slash","Cloak And Dagger"],"picked":"Dagger Spray","floor":1.0},{"not_picked":["Outmaneuver","Expertise"],"picked":"Envenom","floor":2.0},{"not_picked":["Choke","Accuracy"],"picked":"Deflect","floor":4.0},{"not_picked":["Tactician","PiercingWail"],"picked":"Endless Agony","floor":7.0},{"not_picked":["Setup","Backflip"],"picked":"Cloak And Dagger","floor":13.0},{"not_picked":["Dodge and Roll","Sucker Punch"],"picked":"Endless Agony","floor":14.0},{"not_picked":["Glass Knife","Phantasmal Killer"],"picked":"Envenom","floor":16.0},{"not_picked":["Dagger Throw","Outmaneuver"],"picked":"Backflip+1","floor":18.0},{"not_picked":["Armaments","Poisoned Stab","Pummel"],"picked":"SKIP","floor":22.0},{"not_picked":["Headbutt","Recycle"],"picked":"Reaper","floor":24.0},{"not_picked":["Leap","Evaluate"],"picked":"Double Tap","floor":27.0},{"not_picked":["EmptyFist","Wallop"],"picked":"BootSequence","floor":30.0}],"player_experience":1640785,"relics_obtained":[{"floor":5.0,"key":"Shuriken"},{"floor":7.0,"key":"The Specimen"},{"floor":9.0,"key":"PreservedInsect"},{"floor":13.0,"key":"Boot"},{"floor":14.0,"key":"CeramicFish"},{"floor":24.0,"key":"Calipers"},{"floor":26.0,"key":"Centennial Puzzle"},{"floor":27.0,"key":"Art of War"},{"floor":30.0,"key":"Bag of Preparation"}],"event_choices":[{"damage_healed":0.0,"max_hp_gain":0.0,"max_hp_loss":0.0,"gold_gain":0.0,"event_name":"Big Fish","player_choice":"Box","floor":8.0,"gold_loss":0.0,"damage_taken":0.0,"relics_obtained":["Pear"],"cards_obtained":["Regret"]},{"damage_healed":0.0,"max_hp_gain":0.0,"max_hp_loss":0.0,"gold_gain":0.0,"event_name":"Golden Idol","player_choice":"Take Damage","floor":12.0,"gold_loss":0.0,"damage_taken":26.0,"relics_obtained":["Golden Idol"]},{"damage_healed":0.0,"max_hp_gain":0.0,"max_hp_loss":0.0,"gold_gain":0.0,"event_name":"Dead Adventurer","player_choice":"Searched \u00272\u0027 times","floor":13.0,"gold_loss":0.0,"damage_taken":0.0},{"damage_healed":0.0,"max_hp_gain":0.0,"max_hp_loss":0.0,"gold_gain":0.0,"cards_transformed":["Strike_G"],"event_name":"Transmorgrifier","player_choice":"Transformed","floor":20.0,"gold_loss":0.0,"damage_taken":0.0,"cards_obtained":["Crippling Poison"]}],"is_beta":false,"boss_relics":[{"not_picked":["Sozu","Philosopher\u0027s Stone"],"picked":"WristBlade"}],"items_purged_floors":[10,19],"is_endless":false,"potions_floor_spawned":[2,4,14,16,24,27],"killed_by":"Snecko","ascension_level":20}}