{"host":"7qm5pxtihm4ks7s4","time":1613917104,"event":{"mods":["BaseMod","ChefMod","Colored Map","Friendly Minions","Minty Spire (QoL Compilation)","Replay The Spire","Robot Space Explorer","StSLib"],"gold_per_floor":[116,116,41,53,70,70,70],"floor_reached":6,"language":"DUT","playtime":487,"items_purged":["RobotSpaceExplorer:Strike"],"score":36,"play_id":"78466e09-1afe-45f9-9922-7611375457e1","local_time":"20210221151824","is_ascension_mode":false,"campfire_choices":[],"circlet_count":0,"master_deck":["RobotSpaceExplorer:Strike","RobotSpaceExplorer:Strike","RobotSpaceExplorer:Strike","RobotSpaceExplorer:Defend","RobotSpaceExplorer:Defend","RobotSpaceExplorer:Defend","RobotSpaceExplorer:Defend","RobotSpaceExplorer:Scan","RobotSpaceExplorer:MiniLasers","RobotSpaceExplorer:Counterblock","RobotSpaceExplorer:MiniDrones","RobotSpaceExplorer:Counterblock"],"relics":["RobotSpaceExplorer:RoboCore"],"acts_visited":["Exordium"],"potions_floor_usage":[6],"damage_taken":[{"damage":0,"enemies":"Small Slimes","floor":1,"turns":5},{"damage":0,"enemies":"Cultist","floor":4,"turns":5},{"damage":0,"enemies":"Jaw Worm","floor":5,"turns":4},{"damage":52,"enemies":"Lagavulin","floor":6,"turns":17}],"seed_played":"-2895689058416566086","potions_obtained":[{"floor":1,"key":"Block Potion"},{"floor":5,"key":"RobotSpaceExplorer:RecyclePotion"}],"is_trial":false,"path_per_floor":["M","?","$","M","M","E"],"character_chosen":"RobotSpaceExplorer","items_purchased":[],"campfire_rested":0,"item_purchase_floors":[],"current_hp_per_floor":[82,82,82,82,82,30,30],"gold":70,"neow_bonus":"TEN_PERCENT_HP_BONUS","is_daily":false,"chose_seed":false,"campfire_upgraded":0,"win_rate":0.0,"timestamp":1613917104,"path_taken":["M","?","?","?","M","E"],"items_purchased_type":[],"build_version":"2020-12-22","purchased_purges":1,"victory":false,"max_hp_per_floor":[82,82,82,82,82,82,82],"card_choices":[{"not_picked":["RobotSpaceExplorer:Calculate","RobotSpaceExplorer:SurgingShield"],"picked":"RobotSpaceExplorer:Counterblock","floor":1},{"not_picked":["RobotSpaceExplorer:PowerGlove","RobotSpaceExplorer:SwiftStep"],"picked":"RobotSpaceExplorer:MiniDrones","floor":4},{"not_picked":["RobotSpaceExplorer:ExhaustFan","RobotSpaceExplorer:FranticSearch"],"picked":"RobotSpaceExplorer:Counterblock","floor":5}],"player_experience":22050,"relics_obtained":[],"event_choices":[{"damage_healed":0,"gold_gain":0,"player_choice":"Ignored","damage_taken":0,"max_hp_gain":0,"max_hp_loss":0,"event_name":"NoteForYourself","floor":2,"gold_loss":0}],"is_beta":false,"boss_relics":[],"items_purged_floors":[3],"is_endless":false,"potions_floor_spawned":[1,5],"killed_by":"Lagavulin","ascension_level":0}}