{"host":"z1zal7c5ufd23ok6","time":1613879090,"event":{"mods":["Act Like it!","Aspiration","Bard","BaseMod","Best Route Mod","Conspire","Downfall","Energized Spire","Halation","Hubris","Infinite Spire","Lobotomy","Minty Spire (QoL Compilation)","Replay The Spire","Ruina","Shop Mod","Spikes Relics","StSLib","The Animator","The Bug Knight","The Clintock","The Cursed","The Disciple","The Exalted","The Forsaken","The Hierophant","The Judge","The Jungle","The Kombatant","The Problem Sleuth","Trackpad","Wandering Minibosses"],"gold_per_floor":[112,112,132,145,50,50,50,50,50,50,50,50,50,50,50,150,100,120,220,240,240,240],"floor_reached":21,"language":"ENG","playtime":1135,"items_purged":[],"score":265,"play_id":"2d1fe7d7-5c1d-4144-9d9c-41868ee55cc8","local_time":"20210220224450","is_ascension_mode":false,"campfire_choices":[{"data":"Bandage Up","floor":6,"key":"SMITH"},{"data":"Bash","floor":8,"key":"SMITH"},{"floor":11,"key":"REST"},{"data":"Strike_R","floor":13,"key":"SMITH"},{"data":"Strike_R","floor":15,"key":"SMITH"}],"circlet_count":0,"master_deck":["Strike_R+1","Strike_R+1","Strike_R+1","Strike_R+1","Strike_R+1","Defend_R","Defend_R","Defend_R","Defend_R","Bash+1","ShyLook","Spot Weakness","Disarm","Disarm","Strike_R","Impatience","Wellcheers","Shrug It Off+1","CurseOfTheBell","CurseOfTheBell","Normality","Double Tap","Hatred","WordoMod:Petrified","Twin Strike"],"relics":["Burning Blood","CogitoBucket","ZombieTooth","energizedSpire:HugeHouse","downfall:ExtraCursedBell","infinitespire:Satchel","InkBottle","StoneCalendar","HellTrain"],"acts_visited":["Exordium","TheCity"],"potions_floor_usage":[16],"damage_taken":[{"damage":2,"enemies":"2 Louse","floor":1,"turns":3},{"damage":0,"enemies":"Small Slimes","floor":3,"turns":4},{"damage":23,"enemies":"Cultist","floor":4,"turns":9},{"damage":78,"enemies":"Fading Forest","floor":16,"turns":11},{"damage":0,"enemies":"3 Byrds","floor":18,"turns":6},{"damage":26,"enemies":"Spheric Guardian","floor":20,"turns":4},{"damage":64,"enemies":"Cultist and Chosen","floor":21,"turns":5}],"seed_played":"-475015774231372846","potions_obtained":[{"floor":3,"key":"Fire Potion"},{"floor":16,"key":"Adrenaline Potion"},{"floor":18,"key":"Cursed Concoction"},{"floor":20,"key":"sneckomod:MuddlingPotion"}],"is_trial":false,"path_per_floor":["M","?","M","M","$","R","?","R","T","$","R","?","R","?","R","B",null,"M","?","M","M"],"character_chosen":"IRONCLAD","items_purchased":["Bandage Up"],"campfire_rested":1,"item_purchase_floors":[5],"current_hp_per_floor":[80,64,70,53,53,53,53,53,53,53,77,77,77,77,77,11,75,75,80,60,0,0],"gold":240,"neow_bonus":"","is_daily":false,"chose_seed":false,"campfire_upgraded":4,"win_rate":0.0,"timestamp":1613879090,"path_taken":["M","?","M","M","$","R","?","R","T","$","R","?","R","?","R","BOSS","M","?","M","?"],"items_purchased_type":["Card"],"build_version":"2020-12-22","purchased_purges":0,"victory":false,"max_hp_per_floor":[80,80,80,80,80,80,80,80,80,80,80,80,80,80,80,80,75,75,80,80,80,80],"card_choices":[{"not_picked":["MeatLantern","Wellcheers"],"picked":"ShyLook","floor":1},{"not_picked":["Armaments","Replay:Undeath\u0027s Touch"],"picked":"Spot Weakness","floor":1},{"not_picked":["Replay:Undeath\u0027s Touch","Shrug It Off"],"picked":"Disarm","floor":3},{"not_picked":["Evolve","Rage"],"picked":"Disarm","floor":4},{"not_picked":["SingingMachine","BeautyBeast"],"picked":"Wellcheers","floor":18},{"not_picked":["Sword Boomerang","Thunderclap"],"picked":"Shrug It Off+1","floor":18},{"not_picked":["Massacre","Clash+1"],"picked":"Twin Strike","floor":20}],"player_experience":289793,"relics_obtained":[{"floor":9,"key":"ZombieTooth"},{"floor":19,"key":"infinitespire:Satchel"},{"floor":19,"key":"InkBottle"},{"floor":19,"key":"StoneCalendar"}],"event_choices":[{"damage_healed":0,"gold_gain":0,"player_choice":"Entered Light","damage_taken":16,"max_hp_gain":0,"max_hp_loss":0,"event_name":"Shining Light","floor":2,"gold_loss":0,"cards_upgraded":["Strike_R","Strike_R"]},{"damage_healed":0,"gold_gain":0,"player_choice":"Ignored","damage_taken":0,"max_hp_gain":0,"max_hp_loss":0,"event_name":"Liars Game","floor":12,"gold_loss":0}],"is_beta":false,"boss_relics":[{"not_picked":["energizedSpire:DeadBattery","energizedSpire:RedRose"],"picked":"energizedSpire:HugeHouse"}],"items_purged_floors":[],"is_endless":false,"potions_floor_spawned":[3,16,18,20],"killed_by":"Cultist and Chosen","ascension_level":0}}