{"host":"pjjzz70vl4t83ifx","time":1613934196,"event":{"mods":["AchievementEnabler","BaseMod","Card Forge","Colored Map","Colored Powertips","Highlight Path","Infinite Spire","Minty Spire (QoL Compilation)","Permanent Neow","Practice Mode","Rare Cards Sparkle","Relic Stats","StSLib","Synergy Search"],"gold_per_floor":[114,79,98,112,129,129,129,129,155,155,180,180,180,208,208,312,312,322,322,322,332,332,332,35,64,64,163,175,29,46,62,62,157,157,168,168,168,183,183,183,216,229,284,294,294,294],"floor_reached":45,"language":"ENG","playtime":1817,"items_purged":["Writhe"],"score":589,"play_id":"a52a9338-1f84-4c91-959e-eb02c1f6dc19","local_time":"20210221110316","is_ascension_mode":true,"campfire_choices":[{"data":"Redo","floor":6,"key":"SMITH"},{"data":"Ball Lightning","floor":8,"key":"SMITH"},{"data":"Ball Lightning","floor":10,"key":"SMITH"},{"data":"Defend_B","floor":12,"key":"SMITH"},{"data":"Tempest","floor":15,"key":"SMITH"},{"data":"Echo Form","floor":23,"key":"SMITH"},{"data":"White Noise","floor":32,"key":"SMITH"},{"data":"Creative AI","floor":40,"key":"SMITH"}],"circlet_count":0,"master_deck":["Defend_B+1","Zap+1","Dualcast+1","Ball Lightning+1","Ball Lightning+1","Redo+1","Tempest+1","Echo Form+1","Aggregate+1","White Noise+1","Conserve Battery+1","infinitespire:Fortify","Storm","infinitespire:Fortify","Redo","Lockon+1","Echo Form","Sweeping Beam+1","Creative AI+1","Conserve Battery+1","Madness","Madness","Buffer","Force Field+1"],"relics":["Hammer of Thor","Seething Fire","Anvil of the Gods","Empty Cage","Centennial Puzzle","infinitespire:Freezer","infinitespire:Satchel","Potion Belt","SlaversCollar","War Paint","infinitespire:Beetle Shell","Strange Spoon","Eternal Feather","Molten Egg 2","Lee\u0027s Waffle","Philosopher\u0027s Stone","Meat on the Bone","infinitespire:FocusingShard","Shuriken","Oddly Smooth Stone"],"acts_visited":["Exordium","TheCity","TheBeyond"],"potions_floor_usage":[11,25,33,38,41,45],"damage_taken":[{"damage":11,"enemies":"Cultist","floor":1,"turns":4},{"damage":7,"enemies":"Small Slimes","floor":3,"turns":2},{"damage":0,"enemies":"2 Louse","floor":4,"turns":2},{"damage":4,"enemies":"2 Fungi Beasts","floor":5,"turns":3},{"damage":5,"enemies":"3 Sentries","floor":11,"turns":4},{"damage":12,"enemies":"Lagavulin","floor":14,"turns":4},{"damage":14,"enemies":"The Guardian","floor":16,"turns":8},{"damage":11,"enemies":"3 Byrds","floor":18,"turns":3},{"damage":29,"enemies":"2 Thieves","floor":21,"turns":3},{"damage":18,"enemies":"Nightmare","floor":25,"turns":5},{"damage":0,"enemies":"Snake Plant","floor":28,"turns":4},{"damage":2,"enemies":"Centurion and Healer","floor":30,"turns":4},{"damage":0,"enemies":"Snecko","floor":31,"turns":5},{"damage":62,"enemies":"Collector","floor":33,"turns":7},{"damage":5,"enemies":"3 Shapes","floor":35,"turns":4},{"damage":20,"enemies":"Orb Walker","floor":38,"turns":5},{"damage":54,"enemies":"Reptomancer","floor":41,"turns":4},{"damage":0,"enemies":"Sphere and 2 Shapes","floor":42,"turns":3},{"damage":21,"enemies":"3 Darklings","floor":44,"turns":4},{"damage":35,"enemies":"4 Shapes","floor":45,"turns":3}],"seed_played":"-8799629018227742068","potions_obtained":[{"floor":1,"key":"Swift Potion"},{"floor":3,"key":"ColorlessPotion"},{"floor":4,"key":"Ancient Potion"},{"floor":28,"key":"Regen Potion"},{"floor":31,"key":"Ancient Potion"},{"floor":33,"key":"Weak Potion"},{"floor":42,"key":"PotionOfCapacity"},{"floor":44,"key":"Explosive Potion"}],"is_trial":false,"path_per_floor":["M","?","M","M","M","R","?","R","T","R","E","R","?","E","R","B",null,"M","?","?","M","AVR","R","$","NM","T","?","M","$","M","M","R","B",null,"M","T","?","M","?","R","E","M","T","M","M"],"character_chosen":"DEFECT","items_purchased":["Strange Spoon","Storm","Lee\u0027s Waffle"],"campfire_rested":0,"item_purchase_floors":[24,24,29],"current_hp_per_floor":[64,75,68,68,64,64,69,69,69,69,64,64,64,52,52,38,70,59,59,59,30,30,30,30,12,12,12,12,87,85,85,87,39,75,70,70,59,51,51,63,21,33,33,24,0,0],"gold":294,"neow_bonus":"BOSS_RELIC","is_daily":false,"chose_seed":false,"campfire_upgraded":8,"win_rate":0.0,"timestamp":1613934196,"path_taken":["M","?","M","M","M","R","?","R","T","R","E","R","?","E","R","BOSS","M","?","?","?","AVR","R","$","NM","T","?","M","?","M","M","R","BOSS","M","?","?","M","?","R","E","?","T","M","M"],"items_purchased_type":["Relic","Card","Relic"],"build_version":"2020-12-22","purchased_purges":1,"victory":false,"max_hp_per_floor":[75,75,75,75,75,75,80,80,80,80,80,80,80,80,80,80,80,80,80,80,80,80,80,80,80,80,80,80,87,87,87,87,87,87,87,87,87,87,87,87,87,87,87,87,87,87],"relic_stats":{"Strange Spoon":[18],"Centennial Puzzle":[39],"Lee\u0027s Waffle":75,"counters":[20,80],"Shuriken":[0],"Eternal Feather":14,"War Paint":["Defend_B","Defend_B"],"obtain_stats":[{"Potion Belt":14,"Lee\u0027s Waffle":29,"Oddly Smooth Stone":43,"Eternal Feather":25,"Hammer of Thor":0,"infinitespire:Beetle Shell":22,"infinitespire:FocusingShard":39,"Seething Fire":0,"War Paint":19,"Empty Cage":0,"SlaversCollar":17,"Strange Spoon":24,"Centennial Puzzle":9,"Anvil of the Gods":0,"Shuriken":41,"infinitespire:Satchel":13,"Molten Egg 2":26,"Philosopher\u0027s Stone":34,"Cracked Core":0,"infinitespire:Freezer":11,"Meat on the Bone":36},{"Potion Belt":6,"Lee\u0027s Waffle":11,"Oddly Smooth Stone":18,"Eternal Feather":10,"Hammer of Thor":0,"infinitespire:Beetle Shell":9,"infinitespire:FocusingShard":16,"Seething Fire":0,"War Paint":8,"Empty Cage":0,"SlaversCollar":7,"Strange Spoon":9,"Centennial Puzzle":4,"Anvil of the Gods":0,"Shuriken":17,"infinitespire:Satchel":5,"Molten Egg 2":10,"Philosopher\u0027s Stone":14,"Cracked Core":0,"infinitespire:Freezer":5,"Meat on the Bone":15},{"Potion Belt":19,"Lee\u0027s Waffle":42,"Oddly Smooth Stone":73,"Eternal Feather":38,"Hammer of Thor":0,"infinitespire:Beetle Shell":33,"infinitespire:FocusingShard":66,"Seething Fire":0,"War Paint":30,"Empty Cage":0,"SlaversCollar":27,"Strange Spoon":33,"Centennial Puzzle":11,"Anvil of the Gods":0,"Shuriken":70,"infinitespire:Satchel":15,"Molten Egg 2":38,"Philosopher\u0027s Stone":58,"Cracked Core":0,"infinitespire:Freezer":15,"Meat on the Bone":62}],"Meat on the Bone":48},"card_choices":[{"not_picked":["Beam Cell","Genetic Algorithm"],"picked":"Ball Lightning","floor":1},{"not_picked":["Hello World","Force Field","Barrage"],"picked":"SKIP","floor":3},{"not_picked":["Beam Cell","BootSequence"],"picked":"Ball Lightning","floor":4},{"not_picked":["Stack","Cold Snap"],"picked":"Redo","floor":5},{"not_picked":["Scrape","Consume","Gash"],"picked":"SKIP","floor":11},{"not_picked":["Gash","Consume"],"picked":"Tempest","floor":14},{"not_picked":["Machine Learning","All For One"],"picked":"Echo Form","floor":16},{"not_picked":["Streamline+1","Go for the Eyes+1"],"picked":"Aggregate+1","floor":18},{"not_picked":["Go for the Eyes","Cold Snap"],"picked":"Conserve Battery","floor":21},{"not_picked":["infinitespire:SevenWalls","infinitespire:Gouge"],"picked":"infinitespire:Fortify","floor":25},{"not_picked":["BootSequence","Reboot"],"picked":"Redo","floor":25},{"not_picked":["Redo","Cold Snap+1"],"picked":"Lockon+1","floor":28},{"not_picked":["Beam Cell+1","Hologram"],"picked":"Echo Form","floor":30},{"not_picked":["Rip and Tear+1","Stack"],"picked":"Sweeping Beam+1","floor":31},{"not_picked":["Fission","Buffer"],"picked":"Creative AI","floor":33},{"not_picked":["Doom and Gloom+1","Stack"],"picked":"Conserve Battery+1","floor":35},{"not_picked":["Stack+1","Redo","Rainbow"],"picked":"SKIP","floor":38},{"not_picked":["Skim+1","Tempest"],"picked":"Buffer","floor":41},{"not_picked":["Go for the Eyes+1","Streamline+1","Skim+1"],"picked":"SKIP","floor":42},{"not_picked":["Scrape+1","Cold Snap+1"],"picked":"Force Field+1","floor":44}],"player_experience":256190,"relics_obtained":[{"floor":9,"key":"Centennial Puzzle"},{"floor":11,"key":"infinitespire:Freezer"},{"floor":13,"key":"infinitespire:Satchel"},{"floor":14,"key":"Potion Belt"},{"floor":25,"key":"Eternal Feather"},{"floor":26,"key":"Molten Egg 2"},{"floor":36,"key":"Meat on the Bone"},{"floor":41,"key":"Shuriken"},{"floor":43,"key":"Oddly Smooth Stone"}],"event_choices":[{"damage_healed":18,"gold_gain":0,"player_choice":"Healed","damage_taken":0,"max_hp_gain":0,"max_hp_loss":0,"event_name":"The Cleric","floor":2,"gold_loss":35},{"damage_healed":0,"gold_gain":0,"player_choice":"Donut","damage_taken":0,"max_hp_gain":5,"max_hp_loss":0,"event_name":"Big Fish","floor":7,"gold_loss":0},{"damage_healed":0,"gold_gain":0,"player_choice":"Opened","damage_taken":0,"relics_obtained":["War Paint"],"max_hp_gain":0,"max_hp_loss":0,"event_name":"The Mausoleum","floor":19,"gold_loss":0,"cards_obtained":["Writhe"]},{"damage_healed":0,"gold_gain":0,"cards_transformed":["Strike_B"],"player_choice":"Transformed","damage_taken":0,"max_hp_gain":0,"max_hp_loss":0,"event_name":"Transmorgrifier","floor":20,"gold_loss":0,"cards_obtained":["White Noise"]},{"damage_healed":0,"gold_gain":99,"player_choice":"Stole From Cult","damage_taken":0,"max_hp_gain":0,"max_hp_loss":0,"event_name":"Nest","floor":27,"gold_loss":0},{"damage_healed":0,"gold_gain":0,"player_choice":"Embrace Madness","damage_taken":11,"max_hp_gain":0,"max_hp_loss":0,"event_name":"Winding Halls","floor":37,"gold_loss":0,"cards_obtained":["Madness","Madness"]},{"damage_healed":0,"gold_gain":0,"player_choice":"Gave Potion","damage_taken":0,"relics_obtained":["infinitespire:FocusingShard"],"max_hp_gain":0,"max_hp_loss":0,"event_name":"WeMeetAgain","floor":39,"gold_loss":0}],"is_beta":false,"boss_relics":[{"not_picked":["Runic Pyramid","Pandora\u0027s Box"],"picked":"SlaversCollar"},{"not_picked":["Astrolabe","SacredBark"],"picked":"Philosopher\u0027s Stone"}],"items_purged_floors":[24],"is_endless":false,"potions_floor_spawned":[1,3,4,28,31,33,42,44],"killed_by":"4 Shapes","ascension_level":5}}