{"host":"p4v0hquynnreu717","time":1613938770,"event":{"mods":["BaseMod","DeckTracker","Googly Eyes","Marisa£¨ìFÓê¡¡Ä§ÀíÉ³£©","Minty Spire (QoL Compilation)","MostiFishMod","Quick Restart","RumiaBox-Â¶Ã×æ«µÄÉñÃØºÐ×Ó","StSLib","SuperFastMode","[IsaacMod]ÒÔÈö¼âËþ","¡¾ÒÅÎï¿¨ÅÆ¡¿REMEMod"],"gold_per_floor":[138,138,63,63,108,169,169,246,246,295,295,295],"floor_reached":11,"language":"ZHS","playtime":345,"items_purged":[],"score":178,"play_id":"5b776972-4939-4b35-bcda-173898178be4","local_time":"20210222041930","daily_mods":["Heirloom","Flight"],"is_ascension_mode":true,"campfire_choices":[{"data":"Robbery","floor":7.0,"key":"SMITH"}],"circlet_count":0,"master_deck":["AscendersBane","Strike_P","Strike_P","Strike_P","Strike_P","Defend_P","Defend_P","Eruption","Vigilance","REME_ACTH","Robbery+1","ClearTheMind","MostiFishMod:Dust","MentalFortress","OortCloud","WreathOfFlame"],"relics":["PureWater","DaveBox","HushsDoor","REME_ComplimentaryCards","MoneyPower","xbg","Unceasing Top","SynthV:TestCard","ImprovedEquipment","SynthV:C4"],"acts_visited":["Exordium"],"potions_floor_usage":[],"damage_taken":[{"damage":4.0,"enemies":"Jaw Worm","floor":1.0,"turns":4.0},{"damage":0.0,"enemies":"Small Slimes","floor":5.0,"turns":2.0},{"damage":11.0,"enemies":"Gremlin Nob","floor":6.0,"turns":3.0},{"damage":10.0,"enemies":"Lagavulin","floor":8.0,"turns":5.0},{"damage":15.0,"enemies":"3 Sentries","floor":10.0,"turns":6.0},{"damage":22,"enemies":"Gremlin Nob","floor":11,"turns":3}],"seed_played":"2910656510757113247","potions_obtained":[{"floor":1.0,"key":"DistilledChaos"},{"floor":8.0,"key":"Energy Potion"}],"is_trial":true,"path_per_floor":["M","?","?","?","M","E","R","E","T","E","E"],"character_chosen":"WATCHER","items_purchased":[],"campfire_rested":0,"item_purchase_floors":[],"current_hp_per_floor":[57,57,57,50,50,39,39,29,29,14,0,0],"gold":295,"neow_bonus":"","is_daily":false,"chose_seed":false,"campfire_upgraded":1,"win_rate":0.0,"timestamp":1613938770,"path_taken":["M","?","?","?","M","E","R","E","T","E","E"],"items_purchased_type":[],"build_version":"2020-12-22","purchased_purges":0,"victory":false,"max_hp_per_floor":[68,68,68,68,68,68,68,68,68,68,68,68],"card_choices":[{"not_picked":[],"picked":"Bomb","floor":0.0},{"not_picked":["UnstableBomb","FlyingSleeves"],"picked":"ClearTheMind","floor":1.0},{"not_picked":["FlurryOfBlows","Consecrate","BowlingBash","CutThroughFate"],"picked":"MostiFishMod:Dust","floor":5.0},{"not_picked":["Swivel","SprinkleStarSeal","PathToVictory","GalacticHalo"],"picked":"MentalFortress","floor":6.0},{"not_picked":["LuminesStrike","ShootTheMoon","BowlingBash","Bomb"],"picked":"OortCloud","floor":8.0},{"not_picked":["SuperPerseids","IllusionStar","SignatureMove","MostiFishMod:Disappear"],"picked":"WreathOfFlame","floor":10.0}],"player_experience":1170169,"relics_obtained":[{"floor":1.0,"key":"SynthV:TestCard"},{"floor":6.0,"key":"ImprovedEquipment"},{"floor":8.0,"key":"SynthV:C4"}],"event_choices":[{"damage_healed":0.0,"max_hp_gain":0.0,"max_hp_loss":0.0,"gold_gain":0.0,"event_name":"Liars Game","player_choice":"Ignored","floor":2.0,"gold_loss":0.0,"damage_taken":0.0},{"cards_removed":["Defend_P"],"damage_healed":0.0,"max_hp_gain":0.0,"max_hp_loss":0.0,"gold_gain":0.0,"event_name":"The Cleric","player_choice":"Card Removal","floor":3.0,"gold_loss":75.0,"damage_taken":0.0},{"cards_removed":["Defend_P"],"damage_healed":0.0,"max_hp_gain":0.0,"max_hp_loss":0.0,"gold_gain":0.0,"event_name":"Golden Wing","player_choice":"Card Removal","floor":4.0,"gold_loss":0.0,"damage_taken":7.0}],"is_beta":false,"boss_relics":[],"items_purged_floors":[],"is_endless":false,"potions_floor_spawned":[1,8],"killed_by":"Gremlin Nob","ascension_level":20}}