{"host":"9eojso4kl4lidi9b","time":1613874864,"event":{"mods":["BaseMod","Beaked The Cultist","Better Skull","Colored Map","Colored Powertips","Conspire","Downfall","GifTheSpireLib","Minty Spire (QoL Compilation)","Random Character Button","Small Relic Pack","StSLib","Stuff the Spire","The Blackbeard","The Necromancer","The Poker Player","The Wild Card","Trackpad","Unceasing Turn Reminder","Yuri Mod"],"gold_per_floor":[99,114,129,129,144,144,144,144,159,159,159,609,609,199,214,314,314,314,329,329,344,359,359,434,256,286,286,316,347,362,362,377,477,477,477,508,539,539,40,40,40,70,70,85,85,100,115,123,193,218],"floor_reached":51,"language":"ENG","playtime":2668,"items_purged":[],"score":1059,"play_id":"0f9d9935-ba7a-4fd0-b8e7-0b6c0daf51b2","local_time":"20210220203424","daily_mods":["Heirloom","Hoarder","Elite Swarm"],"is_ascension_mode":false,"campfire_choices":[{"data":"blackbeard:Cutlass","floor":1,"key":"SMITH"},{"data":"blackbeard:CloakAndCannonball","floor":6,"key":"SMITH"},{"data":"blackbeard:FieryDefense","floor":10,"key":"SMITH"},{"data":"blackbeard:CaptainsHat","floor":18,"key":"SMITH"},{"floor":27,"key":"REST"},{"data":"blackbeard:PowerHungry","floor":35,"key":"SMITH"},{"data":"blackbeard:PirateHook","floor":40,"key":"SMITH"},{"data":"blackbeard:PowerHungry","floor":43,"key":"SMITH"},{"data":"blackbeard:CaptainsHat","floor":45,"key":"SMITH"}],"circlet_count":0,"master_deck":["blackbeard:BlackbeardStrike+1","blackbeard:BlackbeardStrike+1","blackbeard:BlackbeardStrike+1","blackbeard:BlackbeardStrike+1","blackbeard:IntimidatingStrike","blackbeard:BlackbeardDefend+1","blackbeard:BlackbeardDefend+1","blackbeard:BlackbeardDefend+1","blackbeard:BlackbeardDefend+1","blackbeard:Cutlass+1","blackbeard:Spear","blackbeard:Spear","blackbeard:Spear","blackbeard:CloakAndCannonball+1","blackbeard:CloakAndCannonball","blackbeard:CloakAndCannonball","blackbeard:Shrapnel","blackbeard:Shrapnel","blackbeard:Shrapnel","blackbeard:FieryDefense+1","blackbeard:FieryDefense","blackbeard:FieryDefense","downfall:Icky","downfall:Icky","downfall:Icky","downfall:Icky","downfall:Icky","downfall:Icky","downfall:Icky","downfall:Icky","blackbeard:Shrapnel","blackbeard:Shrapnel","blackbeard:Shrapnel","blackbeard:Parrot","blackbeard:Parrot","blackbeard:RearmingStrike","blackbeard:RearmingStrike","blackbeard:RearmingStrike","blackbeard:CaptainsHat+1","blackbeard:CaptainsHat+1","blackbeard:CaptainsHat","blackbeard:Rum+1","blackbeard:Rum+1","blackbeard:Rum+1","blackbeard:JollyRoger","blackbeard:JollyRoger","blackbeard:JollyRoger","blackbeard:TacticalRetreat","blackbeard:TacticalRetreat","blackbeard:TacticalRetreat","blackbeard:DoubleBottom","blackbeard:DoubleBottom","blackbeard:DoubleBottom","blackbeard:Boarding+1","blackbeard:Boarding+1","blackbeard:Boarding+1","blackbeard:GoldenCannonball","blackbeard:GoldenCannonball","blackbeard:GoldenCannonball","blackbeard:PowerHungry+1","blackbeard:PowerHungry+1","blackbeard:PowerHungry","blackbeard:GoldenRain","blackbeard:GoldenRain","blackbeard:GoldenRain","blackbeard:BountyHunter","blackbeard:BountyHunter","blackbeard:BountyHunter","blackbeard:Revenge","blackbeard:Revenge","blackbeard:Revenge","blackbeard:Sharpening","blackbeard:Sharpening","blackbeard:Sharpening","blackbeard:Recklessness+1","blackbeard:Recklessness+1","blackbeard:Recklessness+1","blackbeard:BoostMorale","blackbeard:BoostMorale","blackbeard:BoostMorale","blackbeard:WiseDefense+1","blackbeard:WiseDefense+1","blackbeard:WiseDefense+1","blackbeard:Shrapnel+1","blackbeard:Shrapnel+1","blackbeard:Shrapnel+1","blackbeard:SmithingHammer+1","blackbeard:SmithingHammer+1","blackbeard:SmithingHammer+1","blackbeard:SwordDance+1","blackbeard:SwordDance+1","blackbeard:SwordDance+1","blackbeard:GoldenCannonball","blackbeard:GoldenCannonball","blackbeard:GoldenCannonball","blackbeard:BeatUp","blackbeard:BeatUp","blackbeard:BeatUp","blackbeard:RearmingStrike","blackbeard:RearmingStrike","blackbeard:RearmingStrike","blackbeard:BeatUp+1","blackbeard:BeatUp+1","blackbeard:BeatUp+1","blackbeard:PirateHook+1","blackbeard:PirateHook","blackbeard:PirateHook","blackbeard:HumongousCannonball","blackbeard:HumongousCannonball","blackbeard:HumongousCannonball","blackbeard:RearmingStrike","blackbeard:RearmingStrike","blackbeard:RearmingStrike","blackbeard:TerrorOfTheSeas","blackbeard:TerrorOfTheSeas","blackbeard:TerrorOfTheSeas","blackbeard:RemoveScurvy","blackbeard:RemoveScurvy","blackbeard:RemoveScurvy","blackbeard:CannonballSupply+1","blackbeard:CannonballSupply+1","blackbeard:CannonballSupply+1","blackbeard:Bandana","blackbeard:Bandana","blackbeard:Bandana","blackbeard:Shrapnel+1","blackbeard:Shrapnel+1","blackbeard:Shrapnel+1"],"relics":["blackbeard:LoadTheCannons","Lizard Tail","StuffTheSpire:CocoNut","Gremlin Horn","expansioncontent:StudyCardRelic","hexamod:CandleOfCauterizing","Dead Branch","StuffTheSpire:OldFever","blackbeard:Karategi","Bag of Marbles","Orrery","bronze:DonusWashers","conspire:DecoderRing","Du-Vu Doll","Membership Card","blackbeard:HipFlask","Guardian:PocketSentry"],"acts_visited":["Exordium","TheCity","TheBeyond"],"potions_floor_usage":[16,22,50],"damage_taken":[{"damage":0,"enemies":"conspire:RoseBush","floor":2,"turns":3},{"damage":5,"enemies":"Small Slimes","floor":3,"turns":3},{"damage":0,"enemies":"Cultist","floor":5,"turns":2},{"damage":5,"enemies":"3 Louse","floor":9,"turns":2},{"damage":0,"enemies":"downfall:FleeingMerchant","floor":14,"turns":4},{"damage":10,"enemies":"Gremlin Gang","floor":15,"turns":2},{"damage":24,"enemies":"IC_STATUS_ARCHETYPE","floor":16,"turns":7},{"damage":31,"enemies":"downfall:LooterAlt2","floor":19,"turns":4},{"damage":0,"enemies":"Spheric Guardian","floor":21,"turns":3},{"damage":7,"enemies":"Centurion and Healer","floor":22,"turns":5},{"damage":0,"enemies":"downfall:FleeingMerchant","floor":25,"turns":4},{"damage":0,"enemies":"conspire:Head Lice","floor":26,"turns":4},{"damage":4,"enemies":"conspire:SneckoGhost","floor":28,"turns":3},{"damage":4,"enemies":"Shelled Parasite and Fungi","floor":29,"turns":4},{"damage":0,"enemies":"3 Cultists","floor":30,"turns":2},{"damage":3,"enemies":"Snake Plant","floor":32,"turns":3},{"damage":8,"enemies":"SI_MIRROR_ARCHETYPE","floor":33,"turns":8},{"damage":2,"enemies":"3 Shapes","floor":36,"turns":3},{"damage":2,"enemies":"3 Darklings","floor":37,"turns":3},{"damage":0,"enemies":"downfall:FleeingMerchant","floor":39,"turns":4},{"damage":0,"enemies":"Nemesis","floor":42,"turns":3},{"damage":0,"enemies":"4 Shapes","floor":44,"turns":3},{"damage":8,"enemies":"Sphere and 2 Shapes","floor":46,"turns":2},{"damage":0,"enemies":"3 Darklings","floor":47,"turns":2},{"damage":0,"enemies":"downfall:FleeingMerchant","floor":48,"turns":2},{"damage":0,"enemies":"Transient","floor":49,"turns":5},{"damage":82,"enemies":"DF_ARCHETYPE_ORBS","floor":50,"turns":3}],"seed_played":"-7397021786818157212","potions_obtained":[{"floor":9,"key":"Block Potion"},{"floor":16,"key":"SneckoOil"},{"floor":19,"key":"Dexterity Potion"},{"floor":29,"key":"SmokeBomb"},{"floor":30,"key":"CultistPotion"},{"floor":32,"key":"PowerPotion"},{"floor":44,"key":"Energy Potion"},{"floor":46,"key":"DistilledChaos"}],"is_trial":false,"path_per_floor":["R","M","M","?","M","R","T","?","M","R","?","?","?","$","M","B",null,"R","M","?","M","M","?","T","$","E","R","E","M","M","?","M","B",null,"R","M","M","?","$","R","T","E","R","M","R","M","M","$","M","B",null],"character_chosen":"BLACKBEARD_CLASS","items_purchased":["Gremlin Horn","blackbeard:Parrot","blackbeard:GoldenCannonball","blackbeard:PowerHungry","Bag of Marbles","Orrery","bronze:DonusWashers","blackbeard:PirateHook","Membership Card","blackbeard:HipFlask","Guardian:PocketSentry","blackbeard:Bandana"],"campfire_rested":1,"item_purchase_floors":[14,14,25,25,39,39,39,39,48,48,48,48],"current_hp_per_floor":[75,75,70,70,70,70,77,82,77,77,77,77,77,77,67,43,87,87,56,56,56,49,49,49,49,49,75,71,67,67,67,64,56,87,87,85,83,83,83,83,83,83,83,83,83,75,75,75,80,43],"gold":218,"neow_bonus":"","is_daily":true,"chose_seed":false,"campfire_upgraded":8,"win_rate":0.0,"timestamp":1613874864,"path_taken":["R","M","M","?","M","R","T","?","M","R","?","?","?","$","M","BOSS","R","M","?","M","M","?","T","$","E","R","E","M","?","?","M","BOSS","R","M","M","?","$","R","T","E","R","?","R","M","M","$","M","BOSS"],"items_purchased_type":["Relic","Card","Card","Card","Relic","Relic","Relic","Card","Relic","Relic","Relic","Card"],"build_version":"2020-12-22","purchased_purges":0,"victory":true,"max_hp_per_floor":[75,75,75,75,75,75,82,87,87,87,87,87,87,87,87,87,87,87,87,87,87,87,87,87,87,87,87,87,87,87,87,87,87,87,87,87,87,87,87,87,87,87,87,87,87,87,87,87,87,87],"card_choices":[{"not_picked":["blackbeard:Dagger","blackbeard:PirateHook"],"picked":"blackbeard:Spear","floor":2},{"not_picked":["blackbeard:FishingNets","blackbeard:JollyRoger"],"picked":"blackbeard:CloakAndCannonball","floor":3},{"not_picked":["blackbeard:TacticalRetreat","blackbeard:DoubleCannonball"],"picked":"blackbeard:Shrapnel","floor":5},{"not_picked":["blackbeard:BlindAttacks","blackbeard:CaptainsCabin"],"picked":"blackbeard:FieryDefense","floor":9},{"not_picked":["blackbeard:BuriedTreasure","blackbeard:ArmorUp"],"picked":"blackbeard:Shrapnel","floor":14},{"not_picked":["blackbeard:VengefulSpirit","blackbeard:Dagger"],"picked":"blackbeard:RearmingStrike","floor":15},{"not_picked":["blackbeard:Murder","blackbeard:ReapersScythe"],"picked":"blackbeard:CaptainsHat","floor":16},{"not_picked":["blackbeard:GoldenStrike+1","blackbeard:JollyRoger"],"picked":"blackbeard:Rum+1","floor":19},{"not_picked":["blackbeard:Revenge","blackbeard:SwordDance"],"picked":"blackbeard:JollyRoger","floor":21},{"not_picked":["blackbeard:TerrorOfTheSeas+1","blackbeard:Lifeboat"],"picked":"blackbeard:TacticalRetreat","floor":22},{"not_picked":["blackbeard:CatONineTails","blackbeard:GoldenDefense"],"picked":"blackbeard:Boarding+1","floor":25},{"not_picked":["blackbeard:WeaponMastery","blackbeard:Parrot"],"picked":"blackbeard:GoldenRain","floor":26},{"not_picked":["blackbeard:Murder","blackbeard:TheDrunkenSailor"],"picked":"blackbeard:BountyHunter","floor":28},{"not_picked":["blackbeard:WiseDefense","blackbeard:SwordDance"],"picked":"blackbeard:Revenge","floor":29},{"not_picked":["blackbeard:GoldenStrike+1","blackbeard:PiratesWill+1"],"picked":"blackbeard:Sharpening","floor":30},{"not_picked":["blackbeard:BlindAttacks","blackbeard:WeaponProficiency"],"picked":"blackbeard:Recklessness+1","floor":32},{"not_picked":["blackbeard:TheDrunkenSailor","blackbeard:Intoxication"],"picked":"blackbeard:BoostMorale","floor":33},{"not_picked":["blackbeard:JollyRoger+1","blackbeard:Anchor"],"picked":"blackbeard:WiseDefense+1","floor":36},{"not_picked":["blackbeard:GoldenStrike+1","blackbeard:DoubleBottom+1"],"picked":"blackbeard:Shrapnel+1","floor":37},{"not_picked":["blackbeard:BeatUp","blackbeard:GoldenStrike"],"picked":"blackbeard:SmithingHammer+1","floor":39},{"not_picked":["blackbeard:Boarding+1","blackbeard:WiseDefense+1"],"picked":"blackbeard:SwordDance+1","floor":39},{"not_picked":["blackbeard:Sword+1","blackbeard:Dagger+1"],"picked":"blackbeard:GoldenCannonball","floor":39},{"not_picked":["blackbeard:VengefulSpirit+1","blackbeard:DelayedPain"],"picked":"blackbeard:BeatUp","floor":39},{"not_picked":["blackbeard:WiseDefense","blackbeard:Dagger+1"],"picked":"blackbeard:RearmingStrike","floor":39},{"not_picked":["blackbeard:GhostInTheRum","blackbeard:PiratesWill+1"],"picked":"blackbeard:BeatUp+1","floor":39},{"not_picked":["blackbeard:UndeadForm","blackbeard:Lifeboat"],"picked":"blackbeard:HumongousCannonball","floor":42},{"not_picked":["blackbeard:WiseDefense+1","blackbeard:Sharpening"],"picked":"blackbeard:RearmingStrike","floor":44},{"not_picked":["blackbeard:SwordDance","blackbeard:Upgrade+1"],"picked":"blackbeard:TerrorOfTheSeas","floor":46},{"not_picked":["blackbeard:DeadlyArsenal+1","blackbeard:FinalBarrage"],"picked":"blackbeard:RemoveScurvy","floor":47},{"not_picked":["blackbeard:DelayedPain+1","blackbeard:Toast"],"picked":"blackbeard:CannonballSupply+1","floor":48},{"not_picked":["blackbeard:FieryDefense","blackbeard:ArmorUp+1"],"picked":"blackbeard:Shrapnel+1","floor":49}],"player_experience":1103554,"relics_obtained":[{"floor":7,"key":"StuffTheSpire:CocoNut"},{"floor":24,"key":"hexamod:CandleOfCauterizing"},{"floor":26,"key":"Dead Branch"},{"floor":28,"key":"StuffTheSpire:OldFever"},{"floor":41,"key":"conspire:DecoderRing"},{"floor":42,"key":"Du-Vu Doll"}],"event_choices":[{"damage_healed":0,"gold_gain":0,"player_choice":"Donut","damage_taken":0,"max_hp_gain":5,"max_hp_loss":0,"event_name":"Big Fish","floor":8,"gold_loss":0},{"cards_removed":["downfall:Icky"],"damage_healed":0,"gold_gain":0,"player_choice":"Card Removal","damage_taken":0,"max_hp_gain":0,"max_hp_loss":0,"event_name":"The Cleric","floor":13,"gold_loss":0},{"damage_healed":0,"gold_gain":0,"player_choice":"Simplicity","damage_taken":0,"max_hp_gain":0,"max_hp_loss":0,"event_name":"Back to Basics","floor":20,"gold_loss":0,"cards_upgraded":["blackbeard:BlackbeardStrike","blackbeard:BlackbeardStrike","blackbeard:BlackbeardStrike","blackbeard:BlackbeardStrike","blackbeard:BlackbeardDefend","blackbeard:BlackbeardDefend","blackbeard:BlackbeardDefend","blackbeard:BlackbeardDefend"]},{"damage_healed":0,"gold_gain":0,"player_choice":"Leave","damage_taken":0,"max_hp_gain":0,"max_hp_loss":0,"event_name":"conspire:Investor","floor":31,"gold_loss":0}],"is_beta":false,"boss_relics":[{"not_picked":["sneckomod:SneckoTalon","StuffTheSpire:ModemDavis"],"picked":"expansioncontent:StudyCardRelic"},{"not_picked":["conspire:SeveredTorchhead","conspire:RunicOctahedron"],"picked":"blackbeard:Karategi"}],"items_purged_floors":[],"is_endless":false,"potions_floor_spawned":[9,16,19,29,30,32,36,42,44,46,49],"ascension_level":0}}