{"host":"pqs17sqrgflf4eqa","time":1613883767,"event":{"mods":["AchievementEnabler","BaseMod","Bestiary","Better Altar","Better Match","Better Skull","Block Reminder","Bossed Relics","Colored Map","Colored Powertips","Curses Come First","Dark Map","DeckTracker","Defective Defect","Displayed Cursed Tome","Emptier Cage","Googly Eyes","Highlight Path","Minty Spire (QoL Compilation)","Quick Restart","Slay-I","StSLib","SuperFastMode","Synergy Search","Thieving Mod","Transform Curses","everything is the same but u backflip on backflip","slay the spire mod where everything is the same but ironclad has a cowboy hat"],"gold_per_floor":[113,113,213,227,239,239,267,267,291,332,358,378,9,30,30,134,134,161,161,161,161,181,181,181,221,266,266,291,7,28,28,28],"floor_reached":31,"language":"ENG","playtime":656,"items_purged":[],"score":345,"play_id":"10bae518-f261-49fc-ab13-339d06db2884","local_time":"20210221000247","is_ascension_mode":true,"campfire_choices":[{"floor":6.0,"key":"REST"},{"data":"ReachHeaven","floor":8.0,"key":"SMITH"},{"floor":15.0,"key":"REST"},{"floor":23,"key":"REST"},{"floor":27,"key":"REST"}],"circlet_count":0,"master_deck":["Strike_P+1","Strike_P+1","Strike_P+1","Strike_P+1","Defend_P+1","Defend_P+1","Defend_P+1","Defend_P+1","Eruption+1","Vigilance+1","Metamorphosis+1","FlurryOfBlows","SashWhip","ClearTheMind","ReachHeaven+1","FlurryOfBlows","LessonLearned","Halt","Apotheosis+1","FlyingSleeves","Halt","TalkToTheHand","Devotion+1","Prostrate+1","Halt+1","WreathOfFlame","Protect+1","Trip","ThirdEye"],"relics":["PureWater","Anchor","CeramicFish","Matryoshka","Philosopher\u0027s Stone","War Paint","Pantograph","Bottled Flame","Ancient Tea Set","Orichalcum","Membership Card","Lantern"],"acts_visited":["Exordium","TheCity"],"potions_floor_usage":[16,18,25,31],"damage_taken":[{"damage":12.0,"enemies":"Jaw Worm","floor":1.0,"turns":4.0},{"damage":0.0,"enemies":"Cultist","floor":4.0,"turns":2.0},{"damage":10.0,"enemies":"2 Louse","floor":5.0,"turns":2.0},{"damage":10.0,"enemies":"3 Sentries","floor":7.0,"turns":3.0},{"damage":27.0,"enemies":"Lagavulin","floor":10.0,"turns":4.0},{"damage":1.0,"enemies":"Red Slaver","floor":11.0,"turns":3.0},{"damage":0.0,"enemies":"Exordium Thugs","floor":12.0,"turns":3.0},{"damage":0.0,"enemies":"Blue Slaver","floor":14.0,"turns":2.0},{"damage":10,"enemies":"Hexaghost","floor":16,"turns":8},{"damage":30,"enemies":"3 Byrds","floor":18,"turns":6},{"damage":11,"enemies":"2 Thieves","floor":22,"turns":3},{"damage":29,"enemies":"Book of Stabbing","floor":25,"turns":5},{"damage":18,"enemies":"Snake Plant","floor":28,"turns":5},{"damage":0,"enemies":"Snecko","floor":30,"turns":3},{"damage":15,"enemies":"Sentry and Sphere","floor":31,"turns":4}],"seed_played":"7285841254432888795","potions_obtained":[{"floor":1.0,"key":"SkillPotion"},{"floor":5.0,"key":"Explosive Potion"},{"floor":7.0,"key":"DistilledChaos"},{"floor":14.0,"key":"LiquidMemories"},{"floor":16,"key":"SpeedPotion"},{"floor":25,"key":"PowerPotion"}],"is_trial":false,"path_per_floor":["M","?","?","M","M","R","E","R","T","E","M","M","$","M","R","B",null,"M","?","?","?","M","R","T","E","T","R","M","$","M","M"],"character_chosen":"WATCHER","items_purchased":["Apotheosis","Ambrosia","Swift Potion","FlyingSleeves","Halt","Membership Card","Lantern","Trip","FearPotion"],"campfire_rested":4,"item_purchase_floors":[13,13,13,13,13,29,29,29,29],"current_hp_per_floor":[35,35,35,35,25,46,36,36,36,9,8,8,8,8,29,19,59,29,29,29,29,18,39,39,10,10,31,13,13,13,0,0],"gold":28,"neow_bonus":"RANDOM_COLORLESS_2","is_daily":false,"chose_seed":false,"campfire_upgraded":1,"win_rate":0.0,"timestamp":1613883767,"path_taken":["M","?","?","?","M","R","E","R","T","E","?","M","?","?","R","BOSS","M","?","?","?","?","R","?","E","T","R","?","$","M","M"],"items_purchased_type":["Card","Potion","Potion","Card","Card","Relic","Relic","Card","Potion"],"build_version":"2020-12-22","purchased_purges":0,"victory":false,"max_hp_per_floor":[72,72,72,72,72,72,72,72,72,72,72,72,72,72,72,72,72,72,72,72,72,72,72,72,72,72,72,72,72,72,72,72],"card_choices":[{"not_picked":["The Bomb","Magnetism"],"picked":"Metamorphosis","floor":0.0},{"not_picked":["Indignation","Adaptation"],"picked":"FlurryOfBlows","floor":1.0},{"not_picked":["CrushJoints","BowlingBash"],"picked":"SashWhip","floor":4.0},{"not_picked":["EmptyBody","SandsOfTime"],"picked":"ClearTheMind","floor":5.0},{"not_picked":["EmptyFist","LikeWater"],"picked":"ReachHeaven","floor":7.0},{"not_picked":["InnerPeace","Crescendo"],"picked":"FlurryOfBlows","floor":10.0},{"not_picked":["CrushJoints","PathToVictory"],"picked":"LessonLearned","floor":11.0},{"not_picked":["EmptyMind","CrushJoints"],"picked":"Halt","floor":12.0},{"not_picked":["ClearTheMind","SashWhip"],"picked":"TalkToTheHand","floor":14.0},{"not_picked":["Wish","ConjureBlade"],"picked":"Devotion","floor":16},{"not_picked":["Evaluate","EmptyBody"],"picked":"Prostrate+1","floor":18},{"not_picked":["MasterReality","CrushJoints+1"],"picked":"Halt+1","floor":22},{"not_picked":["PathToVictory","JustLucky+1"],"picked":"WreathOfFlame","floor":25},{"not_picked":["FollowUp+1","Fasting2+1"],"picked":"Protect+1","floor":28},{"not_picked":["BowlingBash","Protect"],"picked":"ThirdEye","floor":30}],"player_experience":239583,"relics_obtained":[{"floor":7.0,"key":"Anchor"},{"floor":9.0,"key":"CeramicFish"},{"floor":10.0,"key":"Matryoshka"},{"floor":24,"key":"War Paint"},{"floor":24,"key":"Pantograph"},{"floor":25,"key":"Bottled Flame"},{"floor":26,"key":"Ancient Tea Set"},{"floor":26,"key":"Orichalcum"}],"event_choices":[{"damage_healed":0.0,"max_hp_gain":0.0,"max_hp_loss":0.0,"gold_gain":0.0,"event_name":"Living Wall","player_choice":"Grow","floor":2.0,"gold_loss":0.0,"damage_taken":0.0,"cards_upgraded":["Eruption"]},{"damage_healed":0.0,"max_hp_gain":0.0,"max_hp_loss":0.0,"gold_gain":100.0,"event_name":"Golden Shrine","player_choice":"Pray","floor":3.0,"gold_loss":0.0,"damage_taken":0.0},{"damage_healed":0,"gold_gain":0,"player_choice":"Ignored","damage_taken":0,"max_hp_gain":0,"max_hp_loss":0,"event_name":"Ghosts","floor":19,"gold_loss":0},{"damage_healed":0,"gold_gain":0,"player_choice":"Simplicity","damage_taken":0,"max_hp_gain":0,"max_hp_loss":0,"event_name":"Back to Basics","floor":20,"gold_loss":0,"cards_upgraded":["Strike_P","Strike_P","Strike_P","Defend_P","Defend_P","Defend_P"]},{"damage_healed":0,"gold_gain":0,"player_choice":"Upgraded","damage_taken":0,"max_hp_gain":0,"max_hp_loss":0,"event_name":"Upgrade Shrine","floor":21,"gold_loss":0,"cards_upgraded":["Apotheosis"]}],"is_beta":false,"boss_relics":[{"not_picked":["VioletLotus","Ectoplasm"],"picked":"Philosopher\u0027s Stone"}],"items_purged_floors":[],"is_endless":false,"potions_floor_spawned":[1,5,7,14,16,25],"killed_by":"Sentry and Sphere","ascension_level":6}}