{"host":"l2x9z2h62lcx9898","time":1613870929,"event":{"mods":["Act Like it!","Arknights","Aspiration","BaseMod","Conspire","Energized Spire","Hermit","Hubris","Infinite Spire","Minty Spire (QoL Compilation)","Reliquary","Replay The Spire","Robot Space Explorer","Ruina","Shade Mod","Shapeshifter Mod","Spire Arcade","StSLib","The Bug Knight","The Dragon Tamer","The Hayseed","TheBandit","TheVacant","Waifu the Spire"],"gold_per_floor":[111,111,126,145,161,161,193,193,220,220,253,253,253,269,269,380,380,402,402,421,441,441,441],"floor_reached":22,"language":"ENG","playtime":1527,"items_purged":[],"score":196,"play_id":"9baf3e4e-a12e-40db-b87d-c7911c0a1641","local_time":"20210220202849","is_ascension_mode":false,"campfire_choices":[{"data":"StSShapeShifter:Lynx_Form","floor":6.0,"key":"SMITH"},{"floor":8.0,"key":"REST"},{"data":"StSShapeShifter:FoxForm","floor":13.0,"key":"SMITH"},{"data":"StSShapeShifter:AdaptiveStrikes","floor":15.0,"key":"SMITH"}],"circlet_count":0,"master_deck":["StSShapeShifter:ShapeShifter_Strike","StSShapeShifter:ShapeShifter_Strike","StSShapeShifter:ShapeShifter_Strike","StSShapeShifter:ShapeShifter_Strike","StSShapeShifter:ShapeShifter_Strike","StSShapeShifter:ShapeShifter_Defend","StSShapeShifter:ShapeShifter_Defend","StSShapeShifter:ShapeShifter_Defend","StSShapeShifter:ShapeShifter_Defend","StSShapeShifter:ShapeShifter_Defend","StSShapeShifter:Tortoise_Form","StSShapeShifter:Lynx_Form+1","StSShapeShifter:RockSlide","Impatience","StSShapeShifter:BarkSkin","StSShapeShifter:HummingbirdForm","StSShapeShifter:DeerForm","StSShapeShifter:AdaptiveStrikes+1","Injury","StSShapeShifter:FoxForm+1","StSShapeShifter:BladeOfGrass+1","StSShapeShifter:SkullBash+1","StSShapeShifter:BladeOfGrass+1","StSShapeShifter:Mystical_Branch+1","StSShapeShifter:BloomingSlash+1"],"relics":["StSShapeShifter:AnimalHeart","StSShapeShifter:TheShapeShiftersMagnolia","Akabeko","StSShapeShifter:EmeraldPantherFigurine","Molten Egg 2","conspire:TopHat","conspire:RoyalGoblet"],"acts_visited":["Exordium","Exordium"],"potions_floor_usage":[],"damage_taken":[{"damage":2.0,"enemies":"ats:Genji","floor":1.0,"turns":3.0},{"damage":4.0,"enemies":"Cultist","floor":3.0,"turns":7.0},{"damage":0.0,"enemies":"Small Slimes","floor":4.0,"turns":2.0},{"damage":7.0,"enemies":"3 Louse","floor":5.0,"turns":2.0},{"damage":40.0,"enemies":"Lagavulin","floor":7.0,"turns":8.0},{"damage":8.0,"enemies":"HollowMod:MossKnight","floor":11.0,"turns":8.0},{"damage":0.0,"enemies":"Lots of Slimes","floor":14.0,"turns":1.0},{"damage":41.0,"enemies":"Hexaghost","floor":16.0,"turns":11.0},{"damage":32.0,"enemies":"ruina:BadWolf","floor":18.0,"turns":5.0},{"damage":25,"enemies":"ruina:3_Bats","floor":20,"turns":5},{"damage":36,"enemies":"ruina:KnightOfDespair","floor":21,"turns":6},{"damage":9,"enemies":"ruina:QueenOfHate","floor":22,"turns":1}],"seed_played":"4258102475389476851","potions_obtained":[{"floor":5.0,"key":"SpeedPotion"},{"floor":7.0,"key":"SkillPotion"},{"floor":11.0,"key":"SkillPotion"},{"floor":16.0,"key":"StSShapeShifter:PolyBeastPotion"},{"floor":20,"key":"Energy Potion"}],"is_trial":false,"path_per_floor":["M","?","M","M","M","R","E","R","T","?","E","?","R","M","R","B",null,"M","?","M","M","M"],"character_chosen":"SHAPESHIFTER","items_purchased":[],"campfire_rested":1,"item_purchase_floors":[],"current_hp_per_floor":[83,83,79,79,72,72,32,57,57,57,49,49,49,49,49,8,85,53,62,37,9,0,0],"gold":441,"neow_bonus":"TEN_PERCENT_HP_BONUS","is_daily":false,"chose_seed":false,"campfire_upgraded":3,"win_rate":0.0,"timestamp":1613870929,"path_taken":["M","?","?","M","M","R","E","R","T","?","E","?","R","M","R","BOSS","M","?","?","M","M"],"items_purchased_type":[],"build_version":"2020-12-22","purchased_purges":0,"victory":false,"max_hp_per_floor":[85,85,85,85,85,85,85,85,85,85,85,85,85,85,85,85,85,85,85,85,85,85,85],"card_choices":[{"not_picked":["StSShapeShifter:SpiritOfTheEarth","StSShapeShifter:ForestFire"],"picked":"StSShapeShifter:RockSlide","floor":1.0},{"not_picked":["StSShapeShifter:Maul","StSShapeShifter:BearForm","StSShapeShifter:Evolution"],"picked":"SKIP","floor":3.0},{"not_picked":["StSShapeShifter:Rabid","StSShapeShifter:RockSlide"],"picked":"StSShapeShifter:HummingbirdForm","floor":4.0},{"not_picked":["StSShapeShifter:Flourish","StSShapeShifter:Maul"],"picked":"StSShapeShifter:DeerForm","floor":5.0},{"not_picked":["StSShapeShifter:PantherForm","StSShapeShifter:ClimbTree"],"picked":"StSShapeShifter:AdaptiveStrikes","floor":7.0},{"not_picked":["StSShapeShifter:ThornedSkin","StSShapeShifter:Synchronicity"],"picked":"StSShapeShifter:FoxForm","floor":11.0},{"not_picked":["StSShapeShifter:Sapling","StSShapeShifter:Bonk+1"],"picked":"StSShapeShifter:BladeOfGrass+1","floor":14.0},{"not_picked":["StSShapeShifter:MooseForm","StSShapeShifter:Vengeance+1"],"picked":"StSShapeShifter:SkullBash+1","floor":16.0},{"not_picked":["StSShapeShifter:Flourish","StSShapeShifter:Guard"],"picked":"StSShapeShifter:BladeOfGrass+1","floor":18.0},{"not_picked":["StSShapeShifter:OakBlade+1","StSShapeShifter:Maul+1"],"picked":"StSShapeShifter:Mystical_Branch+1","floor":20},{"not_picked":["StSShapeShifter:BurstingSpore+1","StSShapeShifter:SunflowerShuriken+1"],"picked":"StSShapeShifter:BloomingSlash+1","floor":21}],"player_experience":251355,"relics_obtained":[{"floor":7.0,"key":"Akabeko"},{"floor":9.0,"key":"StSShapeShifter:EmeraldPantherFigurine"},{"floor":11.0,"key":"conspire:TopHat"}],"event_choices":[{"damage_healed":0.0,"max_hp_gain":0.0,"max_hp_loss":0.0,"gold_gain":0.0,"event_name":"Match and Keep!","player_choice":"2 cards matched","floor":2.0,"gold_loss":0.0,"damage_taken":0.0,"cards_obtained":["Impatience","StSShapeShifter:BarkSkin"]}],"is_beta":false,"boss_relics":[{"not_picked":["Busted Crown","Astrolabe"],"picked":"conspire:RoyalGoblet"}],"items_purged_floors":[],"is_endless":false,"potions_floor_spawned":[5,7,11,16,20],"killed_by":"ruina:QueenOfHate","ascension_level":0}}