{"host":"xo0glkmxta74xh34","time":1613937222,"event":{"mods":["BaseMod","Downfall","Minty Spire (QoL Compilation)","Reliquary","Replay The Spire","StSLib"],"gold_per_floor":[99,99,374,60,60,70,70,70,70,70],"floor_reached":8,"language":"ENG","playtime":248,"items_purged":["Regret"],"score":61,"play_id":"1cb9ca24-3725-40b7-ab1a-67f7ce21774f","local_time":"20210221135342","is_ascension_mode":true,"campfire_choices":[],"circlet_count":0,"master_deck":["Guardian:Strike_Guardian","Guardian:Strike_Guardian","Guardian:Defend_Guardian","Guardian:Defend_Guardian","Guardian:Defend_Guardian","Guardian:CurlUp","Guardian:TwinSlam","downfall:Icky","Guardian:GuardianWhirl","Guardian:SpikerProtocol"],"relics":["Guardian:ModeShifter","downfall:HeartsMalice","reliquary:NewFriend","reliquary:WeakTea"],"acts_visited":["Exordium"],"potions_floor_usage":[8],"damage_taken":[{"damage":0.0,"enemies":"Cultist","floor":2.0,"turns":1.0},{"damage":0.0,"enemies":"downfall:FleeingMerchant","floor":4.0,"turns":1.0},{"damage":0.0,"enemies":"Small Slimes","floor":5.0,"turns":1.0},{"damage":0.0,"enemies":"2 Louse","floor":6.0,"turns":2.0},{"damage":89,"enemies":"Lagavulin","floor":8,"turns":12}],"seed_played":"-5327727711424533748","potions_obtained":[{"floor":6.0,"key":"Adrenaline Potion"}],"is_trial":false,"path_per_floor":["R","M","?","$","M","M","T","E"],"character_chosen":"GUARDIAN","items_purchased":["reliquary:NewFriend"],"campfire_rested":0,"item_purchase_floors":[4],"current_hp_per_floor":[72,72,72,72,72,72,72,0,0,0],"gold":70,"neow_bonus":"THREE_ENEMY_KILL","is_daily":false,"chose_seed":false,"campfire_upgraded":0,"win_rate":0.0,"timestamp":1613937222,"path_taken":["R","M","?","?","M","M","T","E"],"items_purchased_type":["Relic"],"build_version":"2020-12-22","purchased_purges":1,"victory":false,"max_hp_per_floor":[80,80,80,80,80,80,80,80,80,80],"card_choices":[{"not_picked":["Guardian:Harden","Guardian:TemporalStrike"],"picked":"Guardian:GuardianWhirl","floor":2.0},{"not_picked":["Guardian:VentSteam","Guardian:Gem_Red","Guardian:PrimingBeam"],"picked":"SKIP","floor":4.0},{"not_picked":["Guardian:Gem_Red","Guardian:ExploitGems"],"picked":"Guardian:SpikerProtocol","floor":5.0},{"not_picked":["Guardian:TemporalStrike","Guardian:Gem_Green","Guardian:Planning"],"picked":"SKIP","floor":6.0}],"player_experience":528835,"relics_obtained":[{"floor":7.0,"key":"reliquary:WeakTea"}],"event_choices":[],"is_beta":false,"boss_relics":[],"items_purged_floors":[4],"is_endless":false,"potions_floor_spawned":[6],"killed_by":"Lagavulin","ascension_level":9}}