{"host":"7qoz5gmva6til3yp","time":1613922667,"event":{"mods":["2.2 Compatiblity","BaseMod","Minty Spire (QoL Compilation)","StSLib","SuperFastMode"],"gold_per_floor":[112,132,57,132,132,282,315,42,67,82,98,141,155,169,169,169,169],"floor_reached":16,"language":"KOR","playtime":314,"items_purged":["Strike_R","Doubt"],"score":274,"play_id":"933da591-a00b-4dab-8ae8-6ed6b777e456","local_time":"20210222005107","is_ascension_mode":true,"campfire_choices":[{"floor":15,"key":"REST"}],"circlet_count":0,"master_deck":["AscendersBane","Strike_R","Strike_R","Strike_R","Strike_R","Defend_R","Defend_R","Defend_R","Defend_R","Bash","Carnage","Battle Trance","Shrug It Off","Offering","Armaments"],"relics":["Burning Blood","NeowsBlessing","Golden Idol","Art of War","Bag of Marbles","Smiling Mask"],"acts_visited":["Exordium"],"potions_floor_usage":[16,16],"damage_taken":[{"damage":0.0,"enemies":"2 Louse","floor":1.0,"turns":1.0},{"damage":0.0,"enemies":"Small Slimes","floor":2.0,"turns":1.0},{"damage":0.0,"enemies":"Lagavulin","floor":7.0,"turns":1.0},{"damage":0,"enemies":"Cultist","floor":10,"turns":2},{"damage":13,"enemies":"Blue Slaver","floor":11,"turns":3},{"damage":44,"enemies":"3 Sentries","floor":12,"turns":14},{"damage":6,"enemies":"2 Fungi Beasts","floor":13,"turns":2},{"damage":20,"enemies":"Exordium Thugs","floor":14,"turns":4},{"damage":34,"enemies":"Hexaghost","floor":16,"turns":9}],"seed_played":"2368675710025708685","potions_obtained":[{"floor":1.0,"key":"ElixirPotion"},{"floor":2.0,"key":"PowerPotion"}],"is_trial":false,"path_per_floor":["M","M","$","?","?","?","E","$","T","M","M","E","M","M","R","B"],"character_chosen":"IRONCLAD","items_purchased":["Bag of Marbles"],"campfire_rested":1,"item_purchase_floors":[8],"current_hp_per_floor":[74,75,75,64,64,64,68,68,68,68,61,23,23,9,29,0,0],"gold":169,"neow_bonus":"THREE_ENEMY_KILL","is_daily":false,"chose_seed":false,"campfire_upgraded":0,"win_rate":0.0,"timestamp":1613922667,"path_taken":["M","M","$","?","?","?","E","$","T","M","M","E","M","M","R","BOSS"],"items_purchased_type":["Relic"],"build_version":"2020-12-22","purchased_purges":2,"victory":false,"max_hp_per_floor":[75,75,75,75,68,68,68,68,68,68,68,68,68,68,68,68,68],"card_choices":[{"not_picked":["Burning Pact","Body Slam"],"picked":"Carnage","floor":1.0},{"not_picked":["Inflame","Twin Strike","Clothesline"],"picked":"SKIP","floor":2.0},{"not_picked":["Reckless Charge","Thunderclap"],"picked":"Battle Trance","floor":7.0},{"not_picked":["Wild Strike","Iron Wave"],"picked":"Shrug It Off","floor":10},{"not_picked":["Iron Wave","Heavy Blade","Cleave"],"picked":"SKIP","floor":11},{"not_picked":["Flex","Armaments"],"picked":"Offering","floor":12},{"not_picked":["Hemokinesis","Iron Wave"],"picked":"Armaments","floor":13},{"not_picked":["Anger","Inflame","Clash"],"picked":"SKIP","floor":14}],"player_experience":500922,"relics_obtained":[{"floor":7.0,"key":"Art of War"},{"floor":12,"key":"Smiling Mask"}],"event_choices":[{"damage_healed":0.0,"max_hp_gain":0.0,"max_hp_loss":0.0,"gold_gain":75.0,"event_name":"World of Goop","player_choice":"Gather Gold","floor":4.0,"gold_loss":0.0,"damage_taken":11.0},{"damage_healed":0.0,"max_hp_gain":0.0,"max_hp_loss":7.0,"gold_gain":0.0,"event_name":"Golden Idol","player_choice":"Lose Max HP","floor":5.0,"gold_loss":0.0,"damage_taken":0.0,"relics_obtained":["Golden Idol"]},{"damage_healed":0.0,"max_hp_gain":0.0,"max_hp_loss":0.0,"gold_gain":150.0,"event_name":"Liars Game","player_choice":"AGREE","floor":6.0,"gold_loss":0.0,"damage_taken":0.0,"cards_obtained":["Doubt"]}],"is_beta":false,"boss_relics":[],"items_purged_floors":[3,8],"is_endless":false,"potions_floor_spawned":[1,2,10,13],"killed_by":"Hexaghost","ascension_level":20}}