{"host":"i0avyit1s6jb1siw","time":1613903573,"event":{"mods":["BaseMod","DeckTracker","Dota2Spire","Minty Spire (QoL Compilation)","Quick Restart","StSLib","SuperFastMode"],"gold_per_floor":[16,32,46,62,81,110,110,128,128,159,159,159,159,186,202,216,227,227,227,227],"floor_reached":19,"language":"ENG","playtime":521,"items_purged":[],"score":286,"play_id":"37af7037-d5e7-44e9-86b3-2c84deaae64f","local_time":"20210221113253","is_ascension_mode":true,"campfire_choices":[{"data":"Armaments","floor":7,"key":"SMITH"},{"data":"Bash","floor":9,"key":"SMITH"},{"floor":13,"key":"REST"},{"data":"Feel No Pain","floor":18,"key":"SMITH"}],"circlet_count":0,"master_deck":["AscendersBane","Strike_R","Strike_R","Strike_R","Defend_R","Defend_R","Defend_R","Defend_R","Bash+1","Battle Trance","Wild Strike","Pommel Strike","Pommel Strike","Armaments+1","True Grit","Whirlwind","Feel No Pain+1"],"relics":["Burning Blood","Magic Flower","Smiling Mask","Meat on the Bone","Ginger","Potion Belt"],"acts_visited":["Exordium"],"potions_floor_usage":[6,14,19,19],"damage_taken":[{"damage":7,"enemies":"Cultist","floor":1,"turns":4},{"damage":5,"enemies":"Small Slimes","floor":2,"turns":3},{"damage":0,"enemies":"2 Louse","floor":3,"turns":4},{"damage":0,"enemies":"Large Slime","floor":4,"turns":4},{"damage":7,"enemies":"Red Slaver","floor":5,"turns":5},{"damage":30,"enemies":"3 Sentries","floor":6,"turns":8},{"damage":27,"enemies":"Exordium Thugs","floor":8,"turns":5},{"damage":31,"enemies":"Lagavulin","floor":10,"turns":6},{"damage":8,"enemies":"Gremlin Nob","floor":14,"turns":3},{"damage":17,"enemies":"Exordium Wildlife","floor":15,"turns":8},{"damage":4,"enemies":"Red Slaver","floor":16,"turns":3},{"damage":8,"enemies":"Blue Slaver","floor":17,"turns":3},{"damage":105,"enemies":"Hexaghost","floor":19,"turns":11}],"seed_played":"1134000752685806270","potions_obtained":[{"floor":2,"key":"Explosive Potion"},{"floor":4,"key":"Dota2Spire:HealingSalve"},{"floor":8,"key":"Explosive Potion"},{"floor":16,"key":"Dota2Spire:Clarity"},{"floor":17,"key":"SpeedPotion"}],"is_trial":false,"path_per_floor":["M","M","M","M","M","E","R","M","R","E","T","T","R","E","M","M","M","R","B"],"character_chosen":"IRONCLAD","items_purchased":[],"campfire_rested":1,"item_purchase_floors":[],"current_hp_per_floor":[67,68,74,75,74,50,50,32,32,10,10,10,32,51,61,66,67,67,0,0],"gold":227,"neow_bonus":"REMOVE_TWO","is_daily":false,"chose_seed":false,"campfire_upgraded":3,"win_rate":0.0,"timestamp":1613903573,"path_taken":["M","M","M","?","?","E","R","M","R","E","T","T","R","E","M","M","M","R","BOSS"],"items_purchased_type":[],"build_version":"2020-12-22","purchased_purges":0,"victory":false,"max_hp_per_floor":[75,75,75,75,75,75,75,75,75,75,75,75,75,75,75,75,75,75,75,75],"card_choices":[{"not_picked":["Clash","Pommel Strike"],"picked":"Battle Trance","floor":1},{"not_picked":["Iron Wave","Havoc"],"picked":"Wild Strike","floor":2},{"not_picked":["Twin Strike","Spot Weakness"],"picked":"Pommel Strike","floor":3},{"not_picked":["Seeing Red","Dropkick"],"picked":"Pommel Strike","floor":4},{"not_picked":["Rampage","Wild Strike","Cleave"],"picked":"SKIP","floor":5},{"not_picked":["Double Tap","Hemokinesis"],"picked":"Armaments","floor":6},{"not_picked":["Thunderclap","Sever Soul","Twin Strike"],"picked":"SKIP","floor":8},{"not_picked":["Body Slam","Pommel Strike","Berserk"],"picked":"SKIP","floor":10},{"not_picked":["Twin Strike","Anger"],"picked":"True Grit","floor":14},{"not_picked":["Infernal Blade","Rupture"],"picked":"Whirlwind","floor":15},{"not_picked":["Perfected Strike","Armaments","Iron Wave"],"picked":"SKIP","floor":16},{"not_picked":["Rampage","Dark Embrace"],"picked":"Feel No Pain","floor":17}],"player_experience":2481831,"relics_obtained":[{"floor":6,"key":"Magic Flower"},{"floor":10,"key":"Smiling Mask"},{"floor":11,"key":"Meat on the Bone"},{"floor":12,"key":"Ginger"},{"floor":14,"key":"Potion Belt"}],"event_choices":[],"is_beta":false,"boss_relics":[],"items_purged_floors":[],"is_endless":false,"potions_floor_spawned":[2,4,8,10,16,17],"killed_by":"Hexaghost","ascension_level":20}}