{"host":"3twtdwjpiqhvvn5s","time":1613868166,"event":{"mods":["AchievementEnabler","Act Like it!","Aspiration","BaseMod","BetterRewards","Colored Map","Colored Powertips","Downfall","Duelist Mod","Friendly Minions","GifTheSpireLib","Hermit","Hubris","Infinite Spire","Jorbs\u0027s Wanderer Trilogy","Koishi","KomeijiMod","Marisa????????","Minty Spire (QoL Compilation)","Quick Restart","Rare Cards Sparkle","Replay The Spire","Shop Mod","StSLib","Td1madao Mod","The Administrix","The Animator","The Bug Knight","The Caster","The Cursed","The Disciple","The Hierophant","The Necromancer","The Poker Player","The Runesmith","The Servant 0.9.4"],"gold_per_floor":[115,135,152,162,178,213,230,247,247,257,257,257,277,297,297,396,396,413,328,346,365,377,411,411,411,411,431,442,458,476,492,492,595,595,613,624,679,679,689,701,686,703,703,719,729,743,761,779,779,779],"floor_reached":51,"language":"ENG","playtime":18619,"items_purged":[],"score":820,"play_id":"67f3c8d5-b02c-4084-babf-7a6302ebb0a2","local_time":"20210220184246","daily_mods":["Vintage","Diverse","DeadlyEvents"],"is_ascension_mode":false,"campfire_choices":[{"data":"SecondHand","floor":12,"key":"SMITH"},{"data":"PatternShift","floor":15,"key":"SMITH"},{"data":"bronze:Break","floor":25,"key":"SMITH"},{"data":"Runesmith:Permafrost","floor":32,"key":"SMITH"},{"data":"Defend_Br","floor":49,"key":"PURGE"}],"circlet_count":0,"master_deck":["Defend_Br+1","Defend_Br+1","Runesmith:Permafrost+1","bronze:Break+1","Strike_Br","PatternShift+1","Strike_Br","Strike_Br","SecondHand+1"],"relics":["Chronometer","Smiling Mask","Guardian:PocketSentry","aspiration:HummingbirdHeart","Ancient Tea Set","Blood Vial","Replay:Towering Pillar of Hats","Dream Catcher","Replay:Rubber Ducky","infinitespire:Broken Mirror","Centennial Puzzle","infinitespire:Satchel","MealTicket","aspiration:SecretTechniqueScroll","hubris:TenFootPole","Strawberry","infinitespire:Beetle Shell","ReplayTheSpireMod:Shallot","Pear","Anchor","Orichalcum","Torii","hubris:Reverence","Slimebound:StickyStick","hubris:DisguiseKit","Happy Flower","aspiration:IroncladSkillbook","Prayer Wheel","Omamori","StrikeDummy","CatCart","ReplayFunnel","War Paint","CeramicFish","Slimebound:PreparedRelic","Gremlin Food","Replay:Ringing Soul","hexamod:BolsterEngine","infinitespire:Lucky Rock","sneckomod:BlankCard","aspiration:FetidBarrel"],"acts_visited":["Exordium","TheCity","TheBeyond"],"potions_floor_usage":[2,6,13,13,16,29,40,45,50],"damage_taken":[{"damage":3,"enemies":"Jaw Worm","floor":1,"turns":5},{"damage":0,"enemies":"Small Slimes","floor":2,"turns":5},{"damage":0,"enemies":"2 Louse","floor":3,"turns":3},{"damage":0,"enemies":"2 Fungi Beasts","floor":4,"turns":3},{"damage":0,"enemies":"Large Slime","floor":5,"turns":6},{"damage":13,"enemies":"Gremlin Nob","floor":6,"turns":7},{"damage":0,"enemies":"Blue Slaver","floor":7,"turns":3},{"damage":0,"enemies":"Gremlin Gang","floor":8,"turns":7},{"damage":0,"enemies":"Looter","floor":10,"turns":3},{"damage":0,"enemies":"Red Slaver","floor":13,"turns":4},{"damage":0,"enemies":"3 Louse","floor":14,"turns":3},{"damage":35,"enemies":"Slime Boss","floor":16,"turns":14},{"damage":0,"enemies":"Spheric Guardian","floor":18,"turns":3},{"damage":2,"enemies":"Chosen","floor":20,"turns":4},{"damage":0,"enemies":"Snake Plant","floor":21,"turns":3},{"damage":0,"enemies":"3 Cultists","floor":22,"turns":5},{"damage":2,"enemies":"Slavers","floor":23,"turns":6},{"damage":0,"enemies":"Snecko","floor":27,"turns":5},{"damage":0,"enemies":"Snake Plant","floor":28,"turns":3},{"damage":10,"enemies":"Shelled Parasite and Fungi","floor":29,"turns":6},{"damage":0,"enemies":"3 Cultists","floor":30,"turns":5},{"damage":0,"enemies":"Snake Plant","floor":31,"turns":3},{"damage":6,"enemies":"Automaton","floor":33,"turns":9},{"damage":0,"enemies":"Orb Walker","floor":35,"turns":3},{"damage":11,"enemies":"3 Shapes","floor":36,"turns":4},{"damage":11,"enemies":"Orin","floor":37,"turns":9},{"damage":0,"enemies":"Spire Growth","floor":39,"turns":6},{"damage":5,"enemies":"Sphere and 2 Shapes","floor":40,"turns":5},{"damage":0,"enemies":"4 Shapes","floor":41,"turns":5},{"damage":0,"enemies":"Transient","floor":42,"turns":5},{"damage":0,"enemies":"Spire Growth","floor":44,"turns":4},{"damage":0,"enemies":"Maw","floor":45,"turns":8},{"damage":0,"enemies":"4 Shapes","floor":46,"turns":6},{"damage":4,"enemies":"3 Darklings","floor":47,"turns":6},{"damage":0,"enemies":"Transient","floor":48,"turns":2},{"damage":32,"enemies":"hubris:GrandSnecko","floor":50,"turns":11}],"seed_played":"-1181136017596630406","potions_obtained":[{"floor":1,"key":"Adrenaline Potion"},{"floor":3,"key":"Adrenaline Potion"},{"floor":7,"key":"Venom Potion"},{"floor":8,"key":"Regen Potion"},{"floor":13,"key":"Strength Potion"},{"floor":20,"key":"sneckomod:MuddlingPotion"},{"floor":21,"key":"bronze:BurnAndBuffPotion"},{"floor":23,"key":"ColorlessPotion"},{"floor":27,"key":"SpeedPotion"},{"floor":37,"key":"SmokeBomb"},{"floor":39,"key":"Explosive Potion"},{"floor":44,"key":"Fruit Juice"},{"floor":45,"key":"AttackPotion"},{"floor":47,"key":"GamblersBrew"}],"is_trial":true,"path_per_floor":["M","M","M","M","M","E","M","M","T","M","?","R","M","M","R","B",null,"M","?","M","M","M","E","?","R","T","M","M","M","M","M","R","B",null,"M","M","?","?","M","M","M","M","T","M","M","M","M","M","R_BF","B",null],"character_chosen":"CHRONO_CLASS","items_purchased":[],"campfire_rested":0,"item_purchase_floors":[],"current_hp_per_floor":[62,62,62,62,62,51,53,55,55,57,50,50,64,65,65,30,65,65,72,70,72,82,80,80,80,80,82,82,81,82,82,82,76,82,82,75,70,70,76,77,82,82,82,82,87,87,87,87,87,59],"gold":779,"neow_bonus":"","is_daily":false,"chose_seed":false,"campfire_upgraded":4,"win_rate":0.0,"timestamp":1613868166,"path_taken":["M","M","M","M","M","E","M","M","T","M","?","R","M","M","R","BOSS","M","?","M","M","M","E","?","R","T","M","M","M","M","M","R","BOSS","M","M","?","?","M","M","M","M","T","M","M","M","M","?","R_BF","BOSS"],"items_purchased_type":[],"build_version":"2020-12-22","purchased_purges":0,"victory":true,"max_hp_per_floor":[65,65,65,65,65,65,65,65,65,65,65,65,65,65,65,65,65,65,72,72,72,82,82,82,82,82,82,82,82,82,82,82,82,82,82,82,82,82,82,82,82,82,82,82,87,87,87,87,87,87],"card_choices":[{"not_picked":["theDuelist:TokenVacuum","theDuelist:Alpacaribou","theDuelist:RadiantMirrorForce"],"picked":"SKIP","floor":6},{"not_picked":["theDuelist:ColdEnchanter","Guardian:TimeSifter"],"picked":"bronze:Break","floor":16},{"not_picked":["theDuelist:GhostrickDullahan","AdministrixMod:FiendishCrimson","bronze:Iterate"],"picked":"SKIP","floor":23},{"not_picked":["theDuelist:FeatherShot","hierophant:BulkyChest","Runesmith:GenerateForcefield"],"picked":"ReplayTheSpireMod:Fabricate Wheel","floor":33}],"player_experience":3327733,"relics_obtained":[{"floor":1,"key":"Smiling Mask"},{"floor":2,"key":"Guardian:PocketSentry"},{"floor":3,"key":"aspiration:HummingbirdHeart"},{"floor":4,"key":"Ancient Tea Set"},{"floor":5,"key":"Blood Vial"},{"floor":6,"key":"Replay:Towering Pillar of Hats"},{"floor":7,"key":"Dream Catcher"},{"floor":8,"key":"Replay:Rubber Ducky"},{"floor":9,"key":"infinitespire:Broken Mirror"},{"floor":10,"key":"Centennial Puzzle"},{"floor":13,"key":"infinitespire:Satchel"},{"floor":14,"key":"MealTicket"},{"floor":18,"key":"hubris:TenFootPole"},{"floor":20,"key":"infinitespire:Beetle Shell"},{"floor":21,"key":"ReplayTheSpireMod:Shallot"},{"floor":22,"key":"Pear"},{"floor":23,"key":"Anchor"},{"floor":26,"key":"Orichalcum"},{"floor":27,"key":"Torii"},{"floor":28,"key":"hubris:Reverence"},{"floor":29,"key":"Slimebound:StickyStick"},{"floor":30,"key":"hubris:DisguiseKit"},{"floor":31,"key":"Happy Flower"},{"floor":35,"key":"Omamori"},{"floor":36,"key":"StrikeDummy"},{"floor":37,"key":"CatCart"},{"floor":39,"key":"ReplayFunnel"},{"floor":40,"key":"War Paint"},{"floor":41,"key":"CeramicFish"},{"floor":42,"key":"Slimebound:PreparedRelic"},{"floor":43,"key":"Gremlin Food"},{"floor":44,"key":"Replay:Ringing Soul"},{"floor":45,"key":"hexamod:BolsterEngine"},{"floor":46,"key":"infinitespire:Lucky Rock"},{"floor":47,"key":"sneckomod:BlankCard"},{"floor":48,"key":"aspiration:FetidBarrel"}],"event_choices":[{"cards_removed":["Defend_Br"],"damage_healed":0,"gold_gain":0,"player_choice":"Card Removal","damage_taken":7,"max_hp_gain":0,"max_hp_loss":0,"event_name":"Golden Wing","floor":11,"gold_loss":0},{"damage_healed":0,"gold_gain":0,"player_choice":"Obtained Relic","damage_taken":0,"relics_obtained":["Strawberry"],"max_hp_gain":0,"max_hp_loss":0,"event_name":"Addict","floor":19,"gold_loss":85},{"damage_healed":0,"gold_gain":0,"player_choice":"Read","damage_taken":0,"max_hp_gain":0,"max_hp_loss":0,"event_name":"The Library","floor":24,"gold_loss":0,"cards_obtained":["Runesmith:Permafrost"]},{"damage_healed":0,"gold_gain":0,"player_choice":"Fight","damage_taken":0,"max_hp_gain":0,"max_hp_loss":0,"event_name":"OrinTheCat","floor":37,"gold_loss":0},{"cards_removed":["Strike_Br"],"damage_healed":0,"gold_gain":0,"player_choice":"Removed Attack","damage_taken":0,"max_hp_gain":0,"max_hp_loss":0,"event_name":"Falling","floor":38,"gold_loss":0}],"is_beta":false,"boss_relics":[{"not_picked":["sneckomod:SneckoTalon","aspiration:FutureDiary"],"picked":"aspiration:SecretTechniqueScroll"},{"not_picked":["aspiration:RunesmithSkillbook","aspiration:RunicSpoon"],"picked":"aspiration:IroncladSkillbook"}],"items_purged_floors":[],"is_endless":false,"potions_floor_spawned":[1,3,7,8,13,20,21,23,27,37,39,44,45,47],"ascension_level":0}}