{"host":"ormi09wwzv7sq47a","time":1613870473,"event":{"mods":["2.2 Compatiblity","AchievementEnabler","Act Like it!","BaseMod","Bestiary","Better Altar","Better Note","Better Sensory Stone","Better Silent Start","Better Skull","Better Third Choice","Better Vampires","BetterRewards","Block Reminder","Card Forge","Colored Map","Colored Powertips","Curses Come First","DeckTracker","Downfall","Highlight Path","Minty Spire (QoL Compilation)","Permanent Neow","Quick Restart","Rare Cards Sparkle","Relic Stats","Shop Mod","StSLib","The Jungle"],"gold_per_floor":[114,134,153,228,243,243,243],"floor_reached":6,"language":"ENG","playtime":3547,"items_purged":["Strike_B"],"score":76,"play_id":"23430507-e3bd-49ce-a3eb-cb8dfdf4a600","local_time":"20210220232113","is_ascension_mode":true,"campfire_choices":[],"circlet_count":0,"master_deck":["AscendersBane","Strike_B","Strike_B","Strike_B","Defend_B","Defend_B","Defend_B","Defend_B","Zap","Dualcast","Apotheosis","Sunder","Conserve Battery","Hologram","Static Discharge","Core Surge"],"relics":["Cracked Core","Hammer of Thor","Seething Fire","Anvil of the Gods","Turnip","Gambling Chip"],"acts_visited":["Exordium"],"potions_floor_usage":[6,6],"damage_taken":[{"damage":0,"enemies":"Cultist","floor":1,"turns":2},{"damage":0,"enemies":"Jaw Worm","floor":2,"turns":4},{"damage":4,"enemies":"Small Slimes","floor":3,"turns":2},{"damage":4,"enemies":"Red Slaver","floor":5,"turns":3},{"damage":0,"enemies":"Gremlin Nob","floor":6,"turns":3}],"seed_played":"690773549704672119","potions_obtained":[{"floor":1,"key":"Guardian:BlockOnCardUsePotion"},{"floor":3,"key":"bronze:BurnAndBuffPotion"}],"is_trial":false,"path_per_floor":["M","M","M","?","M","E"],"character_chosen":"DEFECT","items_purchased":["Apotheosis","Turnip","Sunder"],"campfire_rested":0,"item_purchase_floors":[0,0,0],"current_hp_per_floor":[32,32,28,17,13,13,13],"gold":243,"neow_bonus":"","is_daily":false,"chose_seed":false,"campfire_upgraded":0,"win_rate":0.0,"timestamp":1613870473,"path_taken":["M","?","M","?","M","E"],"items_purchased_type":["Card","Relic","Card"],"build_version":"2020-12-22","purchased_purges":1,"victory":false,"max_hp_per_floor":[71,71,71,71,71,71,71],"relic_stats":{"counters":[5,14],"Gambling Chip":[10],"Turnip":[0],"obtain_stats":[{"Anvil of the Gods":0,"Gambling Chip":0,"Hammer of Thor":0,"Turnip":0,"Seething Fire":0,"Cracked Core":0},{"Anvil of the Gods":0,"Gambling Chip":0,"Hammer of Thor":0,"Turnip":0,"Seething Fire":0,"Cracked Core":0},{"Anvil of the Gods":0,"Gambling Chip":0,"Hammer of Thor":0,"Turnip":0,"Seething Fire":0,"Cracked Core":0}]},"card_choices":[{"not_picked":["Rebound","Leap"],"picked":"Conserve Battery","floor":1},{"not_picked":["Redo","Scrape"],"picked":"Hologram","floor":2},{"not_picked":["Consume","Compile Driver"],"picked":"Static Discharge","floor":3},{"not_picked":["Barrage","Cold Snap"],"picked":"Core Surge","floor":5}],"player_experience":1126746,"relics_obtained":[],"event_choices":[{"damage_healed":0,"gold_gain":75,"player_choice":"Gold","damage_taken":11,"max_hp_gain":0,"max_hp_loss":0,"event_name":"betterThird:BetterGoop","floor":4,"gold_loss":0}],"is_beta":false,"boss_relics":[],"items_purged_floors":[0],"is_endless":false,"potions_floor_spawned":[1,3],"killed_by":"Gremlin Nob","ascension_level":20}}