{"host":"4alny9vn3yiush4b","time":1613946583,"event":{"mods":["BaseMod","Downfall","Minty Spire (QoL Compilation)","StSLib"],"gold_per_floor":[113,131,131,146,33,33,367,367,367,386,406,127,127,137,137,233,233,249,249,349,224,244,244,25,59,59,59,59],"floor_reached":27,"language":"ENG","playtime":884,"items_purged":["Strike_R","Strike_R","Doubt","Decay"],"score":306,"play_id":"c23f5471-cc07-4fc0-a2fc-baa85d32518d","local_time":"20210221172943","is_ascension_mode":false,"campfire_choices":[{"data":"Limit Break","floor":6.0,"key":"SMITH"},{"data":"Apotheosis","floor":15.0,"key":"SMITH"},{"data":"Heavy Blade","floor":23.0,"key":"SMITH"}],"circlet_count":0,"master_deck":["Strike_R","Strike_R","Strike_R","Defend_R","Defend_R","Defend_R","Defend_R","Bash","Limit Break+1","Whirlwind+1","Inflame","Inflame","Apotheosis+1","Heavy Blade+1","Berserk","Writhe","Demon Form","Flame Barrier","True Grit","Injury","Pain"],"relics":["Burning Blood","Old Coin","Darkstone Periapt","Mummified Hand","Mark of Pain","downfall:ExtraCursedKey","Mercury Hourglass","Eternal Feather"],"acts_visited":["Exordium","TheCity"],"potions_floor_usage":[],"damage_taken":[{"damage":4.0,"enemies":"2 Louse","floor":1.0,"turns":3.0},{"damage":10.0,"enemies":"Cultist","floor":2.0,"turns":4.0},{"damage":6.0,"enemies":"Jaw Worm","floor":4.0,"turns":4.0},{"damage":4.0,"enemies":"3 Sentries","floor":7.0,"turns":2.0},{"damage":0.0,"enemies":"Lots of Slimes","floor":10.0,"turns":1.0},{"damage":10.0,"enemies":"Looter","floor":11.0,"turns":2.0},{"damage":12.0,"enemies":"Blue Slaver","floor":14.0,"turns":2.0},{"damage":22.0,"enemies":"The Guardian","floor":16.0,"turns":6.0},{"damage":15.0,"enemies":"2 Thieves","floor":18.0,"turns":4.0},{"damage":0.0,"enemies":"Chosen","floor":22.0,"turns":4.0},{"damage":60.0,"enemies":"Book of Stabbing","floor":25.0,"turns":4.0},{"damage":0,"enemies":"Centurion and Healer","floor":27,"turns":1}],"seed_played":"-580418864048134726","potions_obtained":[{"floor":2.0,"key":"AttackPotion"},{"floor":3.0,"key":"Fire Potion"},{"floor":3.0,"key":"ColorlessPotion"},{"floor":3.0,"key":"CultistPotion"},{"floor":11.0,"key":"AttackPotion"},{"floor":14.0,"key":"sneckomod:MuddlingPotion"},{"floor":18.0,"key":"FearPotion"}],"is_trial":false,"path_per_floor":["M","M","?","M","$","R","E","?","T","M","M","$","?","M","R","B",null,"M","?","?","$","M","R","$","E","T","M"],"character_chosen":"IRONCLAD","items_purchased":["Inflame","Apotheosis","Flame Barrier"],"campfire_rested":0,"item_purchase_floors":[5,12,24],"current_hp_per_floor":[72,68,68,68,68,68,70,70,70,72,68,68,65,59,59,43,72,63,50,73,73,79,79,79,25,37,37,37],"gold":59,"neow_bonus":"THREE_RARE_CARDS","is_daily":false,"chose_seed":false,"campfire_upgraded":3,"win_rate":0.0,"timestamp":1613946583,"path_taken":["M","M","?","?","$","R","E","?","T","?","M","$","?","M","R","BOSS","M","?","?","$","M","R","?","E","T","M"],"items_purchased_type":["Card","Card","Card"],"build_version":"2020-12-22","purchased_purges":4,"victory":false,"max_hp_per_floor":[72,72,72,72,72,72,72,72,72,72,72,72,72,72,72,72,72,72,77,100,100,100,100,100,100,112,112,112],"card_choices":[{"not_picked":["Offering","Bludgeon"],"picked":"Limit Break","floor":0.0},{"not_picked":["True Grit","Metallicize"],"picked":"Whirlwind","floor":1.0},{"not_picked":["Body Slam","Iron Wave","Anger"],"picked":"SKIP","floor":2.0},{"not_picked":["Thunderclap","Power Through","Pommel Strike"],"picked":"SKIP","floor":4.0},{"not_picked":["Disarm","True Grit","Cleave"],"picked":"SKIP","floor":7.0},{"not_picked":["Pommel Strike","Impervious"],"picked":"Inflame","floor":10.0},{"not_picked":["Flame Barrier","Wild Strike","Flex"],"picked":"SKIP","floor":11.0},{"not_picked":["Iron Wave","Pommel Strike"],"picked":"Heavy Blade","floor":14.0},{"not_picked":["Corruption","Limit Break"],"picked":"Berserk","floor":16.0},{"not_picked":["Hemokinesis+1","True Grit","Clothesline"],"picked":"SKIP","floor":18.0},{"not_picked":["Thunderclap+1","Rupture","Wild Strike"],"picked":"SKIP","floor":22.0},{"not_picked":["Clash","Immolate"],"picked":"True Grit","floor":25.0}],"player_experience":366330,"relics_obtained":[{"floor":7.0,"key":"Old Coin"},{"floor":9.0,"key":"Darkstone Periapt"},{"floor":25.0,"key":"Mercury Hourglass"},{"floor":26.0,"key":"Eternal Feather"}],"event_choices":[{"damage_healed":0.0,"max_hp_gain":0.0,"max_hp_loss":0.0,"gold_gain":0.0,"event_name":"Lab","player_choice":"Got Potions","floor":3.0,"gold_loss":0.0,"damage_taken":0.0},{"damage_healed":0.0,"max_hp_gain":0.0,"max_hp_loss":0.0,"gold_gain":0.0,"event_name":"Upgrade Shrine","player_choice":"Upgraded","floor":8.0,"gold_loss":0.0,"damage_taken":0.0,"cards_upgraded":["Whirlwind"]},{"damage_healed":0.0,"max_hp_gain":0.0,"max_hp_loss":0.0,"gold_gain":0.0,"event_name":"Scrap Ooze","player_choice":"Success","floor":13.0,"gold_loss":0.0,"damage_taken":3.0,"relics_obtained":["Mummified Hand"]},{"damage_healed":0.0,"max_hp_gain":5.0,"max_hp_loss":0.0,"gold_gain":0.0,"event_name":"Forgotten Altar","player_choice":"Shed Blood","floor":19.0,"gold_loss":0.0,"damage_taken":18.0}],"is_beta":false,"boss_relics":[{"not_picked":["SlaversCollar","Sozu"],"picked":"Mark of Pain"}],"items_purged_floors":[5,12,21,24],"is_endless":false,"potions_floor_spawned":[2,11,14,18,22],"killed_by":"Centurion and Healer","ascension_level":0}}