{"host":"s1zmgfx0020qwdb2","time":1613938055,"event":{"mods":["AchievementEnabler","BaseMod","BetterRewards","Colored Map","Colored Powertips","Minty Spire (QoL Compilation)","StSLib","Together in Spire"],"gold_per_floor":[111,111,130,147,147,147,167,167,190,223,223,236,17,80,80,181,181,196,196,215,234,50,84,98,24,24,24,49,49,148,163,163,261,261,279,333,37,57,57,57],"floor_reached":39,"language":"DEU","playtime":2340,"items_purged":[],"score":1019,"play_id":"f6b08a06-0e82-455d-9a32-0318f62751be","local_time":"20210221210735","is_ascension_mode":false,"campfire_choices":[{"floor":6,"key":"REST"},{"data":"Go for the Eyes","floor":11,"key":"SMITH"},{"floor":15,"key":"REST"},{"floor":29,"key":"REST"},{"data":"Loop","floor":32,"key":"SMITH"}],"circlet_count":0,"master_deck":["Strike_B+1","Strike_B","Strike_B","Strike_B+1","Defend_B+1","Defend_B","Defend_B","Defend_B","Zap","Dualcast+1","Genetic Algorithm+1","Go for the Eyes+1","Gash","Redo","Rebound","Tempest","Defragment","FTL","Machine Learning","Defragment+1","Compile Driver+1","Consume+1","Self Repair","Buffer","BootSequence","Loop+1","Clumsy","Doom and Gloom","Doom and Gloom+1","Biased Cognition","Gash","Ball Lightning","Rainbow+1","Stack+1"],"relics":["Cracked Core","Juzu Bracelet","Lantern","Frozen Eye","Bag of Marbles","Cursed Key","Nilry\u0027s Codex","Potion Belt","Sundial","Toxic Egg 2","Whetstone","Black Star","Ginger","Chemical X"],"acts_visited":["Exordium","TheCity","TheBeyond"],"potions_floor_usage":[10,10,14,28,33,39,39,39,39],"damage_taken":[{"damage":6,"enemies":"2 Louse","floor":1,"turns":2},{"damage":6,"enemies":"Small Slimes","floor":3,"turns":3},{"damage":0,"enemies":"Jaw Worm","floor":4,"turns":1},{"damage":2,"enemies":"3 Louse","floor":7,"turns":3},{"damage":19,"enemies":"3 Sentries","floor":10,"turns":7},{"damage":4,"enemies":"Blue Slaver","floor":12,"turns":3},{"damage":19,"enemies":"3 Sentries","floor":14,"turns":7},{"damage":0,"enemies":"Slime Boss","floor":16,"turns":1},{"damage":0,"enemies":"2 Thieves","floor":18,"turns":2},{"damage":6,"enemies":"Chosen","floor":20,"turns":2},{"damage":21,"enemies":"Snake Plant","floor":21,"turns":3},{"damage":0,"enemies":"Book of Stabbing","floor":23,"turns":2},{"damage":0,"enemies":"Centurion and Healer","floor":24,"turns":3},{"damage":0,"enemies":"Slavers","floor":28,"turns":1},{"damage":0,"enemies":"Cultist and Chosen","floor":31,"turns":3},{"damage":10,"enemies":"Automaton","floor":33,"turns":4},{"damage":0,"enemies":"Orb Walker","floor":35,"turns":2},{"damage":66,"enemies":"2 Orb Walkers","floor":36,"turns":8},{"damage":0,"enemies":"3 Darklings","floor":38,"turns":2},{"damage":40,"enemies":"Transient","floor":39,"turns":3}],"seed_played":"5602707781099756088","potions_obtained":[{"floor":0,"key":"DuplicationPotion"},{"floor":0,"key":"Ancient Potion"},{"floor":0,"key":"Fire Potion"},{"floor":10,"key":"SkillPotion"},{"floor":16,"key":"Energy Potion"},{"floor":20,"key":"Block Potion"},{"floor":24,"key":"Fire Potion"},{"floor":31,"key":"AttackPotion"},{"floor":33,"key":"Weak Potion"},{"floor":35,"key":"BlessingOfTheForge"}],"is_trial":false,"path_per_floor":["M","?","M","M","?","R","M","?","T","E","R","M","$","?","R","B",null,"M","?","M","M","$","E","M","$","T","?","E","R","?","M","R","B",null,"M","?","$","M","M"],"character_chosen":"DEFECT","items_purchased":["Frozen Eye","Defragment","Potion Belt","Self Repair","Loop","Chemical X","Rainbow+1"],"campfire_rested":3,"item_purchase_floors":[13,13,22,22,25,37,37],"current_hp_per_floor":[69,54,48,48,53,77,75,75,75,56,56,52,52,33,57,57,80,80,64,58,37,37,44,51,51,51,36,36,61,61,68,68,65,85,85,26,26,26,0,0],"gold":57,"neow_bonus":"THREE_SMALL_POTIONS","is_daily":false,"chose_seed":false,"campfire_upgraded":2,"win_rate":0.0,"timestamp":1613938055,"path_taken":["M","?","M","M","?","R","M","?","T","E","R","M","$","?","R","BOSS","M","?","M","M","$","E","M","$","T","?","E","R","?","M","R","BOSS","M","?","$","M","M"],"items_purchased_type":["Relic","Card","Relic","Card","Card","Relic","Card"],"build_version":"2020-12-22","purchased_purges":0,"victory":false,"max_hp_per_floor":[75,75,75,75,80,80,80,80,80,80,80,80,80,80,80,80,80,80,80,80,80,80,80,80,80,80,85,85,85,85,85,85,85,85,85,85,85,85,85,85],"card_choices":[{"not_picked":["Conserve Battery","Static Discharge"],"picked":"Genetic Algorithm","floor":1},{"not_picked":["Chill","Glacier"],"picked":"Go for the Eyes","floor":3},{"not_picked":["Static Discharge","Compile Driver"],"picked":"Gash","floor":4},{"not_picked":["Conserve Battery","Scrape"],"picked":"Redo","floor":7},{"not_picked":["Hyperbeam","Undo"],"picked":"Rebound","floor":10},{"not_picked":["Go for the Eyes","Static Discharge"],"picked":"Tempest","floor":12},{"not_picked":["Gash","Cold Snap"],"picked":"FTL","floor":14},{"not_picked":["All For One","Seek"],"picked":"Machine Learning","floor":16},{"not_picked":["Ball Lightning+1","Leap"],"picked":"Defragment+1","floor":18},{"not_picked":["Blizzard+1","Cold Snap"],"picked":"Compile Driver+1","floor":20},{"not_picked":["Ball Lightning","Turbo"],"picked":"Consume+1","floor":21},{"not_picked":["FTL","Force Field+1"],"picked":"Buffer","floor":23},{"not_picked":["Tempest","Rebound+1"],"picked":"BootSequence","floor":24},{"not_picked":["Fusion+1","Go for the Eyes"],"picked":"Doom and Gloom","floor":28},{"not_picked":["Glacier+1","Streamline+1"],"picked":"Doom and Gloom+1","floor":31},{"not_picked":["Thunder Strike","Meteor Strike"],"picked":"Biased Cognition","floor":33},{"not_picked":["Rebound","Force Field+1"],"picked":"Gash","floor":35},{"not_picked":["Turbo+1","Coolheaded+1"],"picked":"Ball Lightning","floor":36},{"not_picked":["Cold Snap","Aggregate+1"],"picked":"Stack+1","floor":38}],"player_experience":42066,"relics_obtained":[{"floor":9,"key":"Juzu Bracelet"},{"floor":10,"key":"Lantern"},{"floor":14,"key":"Bag of Marbles"},{"floor":19,"key":"Nilry\u0027s Codex"},{"floor":23,"key":"Sundial"},{"floor":26,"key":"Toxic Egg 2"},{"floor":28,"key":"Whetstone"},{"floor":36,"key":"Ginger"}],"event_choices":[{"damage_healed":0,"gold_gain":0,"player_choice":"Entered Light","damage_taken":15,"max_hp_gain":0,"max_hp_loss":0,"event_name":"Shining Light","floor":2,"gold_loss":0,"cards_upgraded":["Defend_B","Dualcast"]},{"damage_healed":0,"gold_gain":0,"player_choice":"Donut","damage_taken":0,"max_hp_gain":5,"max_hp_loss":0,"event_name":"Big Fish","floor":5,"gold_loss":0},{"damage_healed":0,"gold_gain":0,"player_choice":"Grow","damage_taken":0,"max_hp_gain":0,"max_hp_loss":0,"event_name":"Living Wall","floor":8,"gold_loss":0,"cards_upgraded":["Genetic Algorithm"]},{"damage_healed":0,"gold_gain":0,"player_choice":"Searched \u00271\u0027 times","damage_taken":0,"max_hp_gain":0,"max_hp_loss":0,"event_name":"Dead Adventurer","floor":14,"gold_loss":0},{"damage_healed":0,"gold_gain":0,"player_choice":"Obtained Book","damage_taken":16,"max_hp_gain":0,"max_hp_loss":0,"event_name":"Cursed Tome","floor":19,"gold_loss":0},{"damage_healed":0,"gold_gain":0,"player_choice":"Shed Blood","damage_taken":20,"max_hp_gain":5,"max_hp_loss":0,"event_name":"Forgotten Altar","floor":27,"gold_loss":0},{"damage_healed":0,"gold_gain":99,"player_choice":"Stole From Cult","damage_taken":0,"max_hp_gain":0,"max_hp_loss":0,"event_name":"Nest","floor":30,"gold_loss":0},{"damage_healed":0,"gold_gain":0,"player_choice":"Fight","damage_taken":0,"max_hp_gain":0,"max_hp_loss":0,"event_name":"Mysterious Sphere","floor":36,"gold_loss":0}],"is_beta":false,"boss_relics":[{"not_picked":["Fusion Hammer","Runic Dome"],"picked":"Cursed Key"},{"not_picked":["Tiny House","Sozu"],"picked":"Black Star"}],"items_purged_floors":[],"is_endless":false,"potions_floor_spawned":[1,7,10,16,20,21,24,31,33,35],"killed_by":"Transient","ascension_level":0}}