{"host":"w14xfy17z3c5mpoi","time":1613949625,"event":{"mods":["AchievementEnabler","BaseMod","Minty Spire (QoL Compilation)","Relic Stats"],"gold_per_floor":[20,30,45,61,77,77,106,120,120,120,134,134,166,176,176,176,176],"floor_reached":16,"language":"ENG","playtime":850,"items_purged":[],"score":180,"play_id":"d7d3a1f8-3202-4250-92a7-166d5608a73c","local_time":"20210221182025","is_ascension_mode":true,"campfire_choices":[{"data":"Blade Dance","floor":6,"key":"SMITH"},{"data":"Blade Dance","floor":12,"key":"SMITH"},{"data":"Venomology","floor":15,"key":"SMITH"}],"circlet_count":0,"master_deck":["AscendersBane","Strike_G","Strike_G","Strike_G","Strike_G","Strike_G","Defend_G","Defend_G","Defend_G","Defend_G","Defend_G","Survivor","Neutralize","Venomology+1","Blade Dance+1","Flying Knee","Blade Dance+1","Backstab","Backstab","PiercingWail","Sucker Punch","Blade Dance"],"relics":["Ring of the Snake","Oddly Smooth Stone","Ornamental Fan","Juzu Bracelet"],"acts_visited":["Exordium"],"potions_floor_usage":[2,3,4,5,7,8,8,8,13,13,16,16],"damage_taken":[{"damage":3,"enemies":"2 Louse","floor":1,"turns":3},{"damage":0,"enemies":"Cultist","floor":2,"turns":4},{"damage":2,"enemies":"Jaw Worm","floor":3,"turns":3},{"damage":2,"enemies":"Exordium Wildlife","floor":4,"turns":7},{"damage":22,"enemies":"Large Slime","floor":5,"turns":7},{"damage":12,"enemies":"Lagavulin","floor":7,"turns":5},{"damage":8,"enemies":"Exordium Thugs","floor":8,"turns":4},{"damage":0,"enemies":"Exordium Wildlife","floor":11,"turns":2},{"damage":2,"enemies":"3 Sentries","floor":13,"turns":5},{"damage":0,"enemies":"3 Louse","floor":14,"turns":3},{"damage":53,"enemies":"The Guardian","floor":16,"turns":13}],"seed_played":"-8984867096857641595","potions_obtained":[{"floor":1,"key":"ColorlessPotion"},{"floor":3,"key":"BlessingOfTheForge"},{"floor":7,"key":"EntropicBrew"},{"floor":13,"key":"Fruit Juice"}],"is_trial":false,"path_per_floor":["M","M","M","M","M","R","E","M","T","?","M","R","E","M","R","B"],"character_chosen":"THE_SILENT","items_purchased":[],"campfire_rested":0,"item_purchase_floors":[],"current_hp_per_floor":[60,60,58,56,34,34,22,14,14,14,14,14,17,17,17,0,0],"gold":176,"neow_bonus":"THREE_RARE_CARDS","is_daily":false,"chose_seed":false,"campfire_upgraded":3,"win_rate":0.0,"timestamp":1613949625,"path_taken":["M","M","M","M","M","R","E","M","T","?","M","R","E","M","R","BOSS"],"items_purchased_type":[],"build_version":"2020-12-22","purchased_purges":0,"victory":false,"max_hp_per_floor":[70,70,70,70,70,70,70,70,70,70,70,70,75,75,75,75,75],"relic_stats":{"counters":[11,56],"Ornamental Fan":[88],"Juzu Bracelet":0,"obtain_stats":[{"Ornamental Fan":9,"Oddly Smooth Stone":7,"Juzu Bracelet":13,"Ring of the Snake":0},{"Ornamental Fan":7,"Oddly Smooth Stone":6,"Juzu Bracelet":9,"Ring of the Snake":0},{"Ornamental Fan":33,"Oddly Smooth Stone":29,"Juzu Bracelet":40,"Ring of the Snake":0}],"Ring of the Snake":[22]},"card_choices":[{"not_picked":["Die Die Die","Doppelganger"],"picked":"Venomology","floor":0},{"not_picked":["Caltrops","Expertise"],"picked":"Blade Dance","floor":1},{"not_picked":["Distraction","Masterful Stab"],"picked":"Flying Knee","floor":2},{"not_picked":["Blur","Deflect","Reflex"],"picked":"SKIP","floor":3},{"not_picked":["Poisoned Stab","Dash"],"picked":"Blade Dance","floor":4},{"not_picked":["All Out Attack","Blade Dance"],"picked":"Backstab","floor":5},{"not_picked":["Riddle With Holes","Flechettes"],"picked":"Backstab","floor":7},{"not_picked":["Riddle With Holes","Cloak And Dagger"],"picked":"PiercingWail","floor":11},{"not_picked":["Flying Knee","Endless Agony"],"picked":"Sucker Punch","floor":13},{"not_picked":["Underhanded Strike","Bouncing Flask"],"picked":"Blade Dance","floor":14}],"player_experience":749284,"relics_obtained":[{"floor":7,"key":"Oddly Smooth Stone"},{"floor":9,"key":"Ornamental Fan"},{"floor":13,"key":"Juzu Bracelet"}],"event_choices":[{"damage_healed":0,"gold_gain":0,"player_choice":"Got Potions","damage_taken":0,"max_hp_gain":0,"max_hp_loss":0,"event_name":"Lab","floor":10,"gold_loss":0}],"is_beta":false,"boss_relics":[],"items_purged_floors":[],"is_endless":false,"potions_floor_spawned":[1,3,5,7,13],"killed_by":"The Guardian","ascension_level":11}}