{"host":"w7luwlzeuqu3cdo6","time":1613915880,"event":{"mods":["BaseMod","Downfall","Minty Spire (QoL Compilation)","StSLib"],"gold_per_floor":[99,110,130,130,146,176,176,176,194,194,194,194,214,214,234,334,334,334,351,351,351,364,395,395,408,442,442,453,353,386,404,419,520,520,520,534,554,569,585,619,646,661,461,471,471,87,159,159,172,172,172,205,59,59,59,59],"floor_reached":57,"language":"ENG","playtime":4876,"items_purged":[],"score":1272,"play_id":"bba79ca2-c078-4756-a57b-653d99612cd1","local_time":"20210221145800","is_ascension_mode":false,"campfire_choices":[{"data":"Slimebound:CorrosiveSpit","floor":1,"key":"SMITH"},{"data":"Slimebound:Split","floor":8,"key":"SMITH"},{"data":"Slimebound:MinionMaster","floor":18,"key":"SMITH"},{"data":"Slimebound:DuplicatedForm","floor":29,"key":"PURGE"},{"floor":35,"key":"RECALL"},{"data":"downfall:Bewildered","floor":43,"key":"PURGE"},{"data":"expansioncontent:Hexaburn+1","floor":54,"key":"PURGE"}],"circlet_count":0,"master_deck":["Slimebound:Strike_Slimebound+1","Slimebound:Strike_Slimebound+1","Slimebound:Tackle+1","Slimebound:Defend_Slimebound+1","Slimebound:Defend_Slimebound+1","Slimebound:Defend_Slimebound+1","Slimebound:Defend_Slimebound+1","Slimebound:Split+1","Slimebound:CorrosiveSpit+1","Slimebound:SlimeBarrage+1","Slimebound:SlimeSpikes+1","Slimebound:RallyTheTroops+1","Slimebound:GrowthPunch+1","Slimebound:SplitAcid+1","Slimebound:Prepare+1","Slimebound:MinionMaster+1","Slimebound:Repurpose+1","Slimebound:MegaLick+1","Slimebound:SlimeSpikes+1","Slimebound:SplitBruiser+1","Slimebound:LevelUp+1","Slimebound:Teamwork+1","Slimebound:SplitLeeching+1","Slimebound:SlimeSpikes+1","Slimebound:Prepare+1","Slimebound:SplitAcid+1","Slimebound:SpikyOuterGoop+1","expansioncontent:DashGenerateEvil+1","Slimebound:Prepare+1","Slimebound:LevelUp+1"],"relics":["Slimebound:AbsorbEndCombat","Pantograph","Molten Egg 2","Slimebound:ScrapOozeRelic","Cursed Key","Strawberry","Toxic Egg 2","TungstenRod","Spirit Poop","Bottled Flame","Fusion Hammer","Slimebound:MaxSlimesRelic","Orichalcum","Strange Spoon","Bottled Lightning","Anchor"],"acts_visited":["Exordium","TheCity","TheBeyond","TheEnding"],"potions_floor_usage":[55,55,55],"damage_taken":[{"damage":7,"enemies":"Small Slimes","floor":2,"turns":3},{"damage":0,"enemies":"2 Louse","floor":3,"turns":2},{"damage":4,"enemies":"Cultist","floor":5,"turns":3},{"damage":24,"enemies":"Lagavulin","floor":6,"turns":6},{"damage":13,"enemies":"Gremlin Gang","floor":9,"turns":5},{"damage":9,"enemies":"Lots of Slimes","floor":13,"turns":3},{"damage":1,"enemies":"2 Fungi Beasts","floor":15,"turns":2},{"damage":13,"enemies":"SI_SHIV_ARCHETYPE","floor":16,"turns":5},{"damage":3,"enemies":"3 Byrds","floor":19,"turns":2},{"damage":0,"enemies":"Spheric Guardian","floor":22,"turns":3},{"damage":11,"enemies":"Book of Stabbing","floor":23,"turns":4},{"damage":0,"enemies":"Snecko","floor":25,"turns":3},{"damage":27,"enemies":"Slavers","floor":26,"turns":4},{"damage":11,"enemies":"Snake Plant","floor":28,"turns":3},{"damage":14,"enemies":"Gremlin Leader","floor":30,"turns":5},{"damage":8,"enemies":"Centurion and Healer","floor":31,"turns":4},{"damage":0,"enemies":"3 Cultists","floor":32,"turns":3},{"damage":19,"enemies":"DF_ARCHETYPE_CLAW","floor":33,"turns":6},{"damage":14,"enemies":"3 Shapes","floor":36,"turns":3},{"damage":0,"enemies":"Orb Walker","floor":37,"turns":3},{"damage":0,"enemies":"4 Shapes","floor":38,"turns":3},{"damage":12,"enemies":"Spire Growth","floor":39,"turns":3},{"damage":1,"enemies":"Giant Head","floor":40,"turns":7},{"damage":0,"enemies":"Jaw Worm Horde","floor":42,"turns":4},{"damage":0,"enemies":"Transient","floor":44,"turns":5},{"damage":0,"enemies":"downfall:FleeingMerchant","floor":46,"turns":4},{"damage":0,"enemies":"downfall:FleeingMerchant","floor":47,"turns":4},{"damage":0,"enemies":"Sphere and 2 Shapes","floor":49,"turns":3},{"damage":0,"enemies":"WA_ARCHETYPE_DIVINITY","floor":50,"turns":9},{"damage":14,"enemies":"downfall:CharBossMerchant","floor":52,"turns":7},{"damage":15,"enemies":"downfall:NeowBoss","floor":55,"turns":11},{"damage":32,"enemies":"downfall:NeowBossFinal","floor":56,"turns":10}],"seed_played":"147443239672436374","potions_obtained":[{"floor":6,"key":"Slimebound:SlimedPotion"},{"floor":9,"key":"BlessingOfTheForge"},{"floor":15,"key":"sneckomod:MuddlingPotion"},{"floor":23,"key":"LiquidBronze"},{"floor":32,"key":"PowerPotion"},{"floor":37,"key":"Dexterity Potion"}],"is_trial":false,"path_per_floor":["R","M","M","?","M","E","T","R","M","?","?","?","M","?","M","B",null,"R","M","?","?","M","E","T","M","E","?","M","R","E","M","M","B",null,"R","M","M","M","M","E","T","M","R","M","?","$","$","?","M","B",null,"E","$","R","B","B",null],"character_chosen":"SLIMEBOUND","items_purchased":["Slimebound:SpikyOuterGoop","expansioncontent:DashGenerateEvil","Orichalcum","Strange Spoon","expansioncontent:Hexaburn","Anchor"],"campfire_rested":0,"item_purchase_floors":[46,46,46,47,47,53],"current_hp_per_floor":[71,66,68,68,68,48,48,48,41,41,41,41,36,36,37,57,71,71,68,68,68,68,70,70,74,53,53,46,46,38,36,38,46,78,78,66,66,68,60,67,67,69,79,87,87,88,88,78,78,78,78,64,64,64,77,46],"gold":59,"neow_bonus":"TEN_PERCENT_HP_BONUS","is_daily":false,"chose_seed":false,"campfire_upgraded":3,"win_rate":0.0,"timestamp":1613915880,"path_taken":["R","M","M","?","M","E","T","R","M","?","?","?","M","?","M","BOSS","R","M","?","?","M","E","T","M","E","?","M","R","E","?","M","BOSS","R","M","?","?","?","E","T","?","R","M","?","?","$","?","M","BOSS","E","$","R","BOSS","BOSS"],"items_purchased_type":["Card","Card","Relic","Relic","Card","Relic"],"build_version":"2020-12-22","purchased_purges":0,"victory":true,"max_hp_per_floor":[71,71,71,71,71,71,71,71,71,71,71,71,71,71,71,71,71,71,71,71,71,71,78,78,78,78,78,78,78,78,78,78,78,78,78,78,78,78,78,78,78,78,88,88,88,88,88,78,78,78,78,78,78,78,78,78],"card_choices":[{"not_picked":["Slimebound:SamplingLick","Slimebound:HauntingLick"],"picked":"Slimebound:SlimeBarrage","floor":2},{"not_picked":["Slimebound:Prepare","Slimebound:ComboTackle"],"picked":"Slimebound:SlimeSpikes","floor":3},{"not_picked":["Slimebound:SplitLeeching","Slimebound:ItLooksTasty"],"picked":"Slimebound:RallyTheTroops","floor":5},{"not_picked":["Slimebound:Chomp","Slimebound:GoopTackle","Slimebound:FinishingTackle"],"picked":"SKIP","floor":6},{"not_picked":["Slimebound:Schlurp","Slimebound:SlimeBrawl"],"picked":"Slimebound:GrowthPunch+1","floor":9},{"not_picked":["Slimebound:RainOfGoop","Slimebound:SplitMire"],"picked":"Slimebound:SplitAcid","floor":13},{"not_picked":["Slimebound:HauntingLick","Slimebound:SlimeSpikes"],"picked":"Slimebound:Prepare","floor":15},{"not_picked":["Slimebound:MassFeed+1","Slimebound:SlimeSlap+1"],"picked":"Slimebound:MinionMaster","floor":16},{"not_picked":["Slimebound:RainOfGoop","Slimebound:FlameTackle+1"],"picked":"Slimebound:Repurpose","floor":19},{"not_picked":["Slimebound:RainOfGoop","Slimebound:HauntingLick","Slimebound:ItLooksTasty+1"],"picked":"SKIP","floor":22},{"not_picked":["Slimebound:SplitLeeching","Slimebound:SlimeSpikes"],"picked":"Slimebound:MegaLick+1","floor":23},{"not_picked":["Slimebound:PressTheAttack+1","Slimebound:ItLooksTasty+1"],"picked":"Slimebound:DuplicatedForm","floor":25},{"not_picked":["Slimebound:GoopSpray+1","Slimebound:BestDefense","Slimebound:ViciousTackle+1"],"picked":"SKIP","floor":26},{"not_picked":["Slimebound:AcidTongue+1","Slimebound:LeechEnergy+1"],"picked":"Slimebound:SlimeSpikes+1","floor":28},{"not_picked":["Slimebound:LivingWall+1","Slimebound:ItLooksTasty+1"],"picked":"Slimebound:SplitBruiser+1","floor":30},{"not_picked":["Slimebound:ProtectTheBoss+1","Slimebound:GoopSpray+1"],"picked":"Slimebound:LevelUp+1","floor":31},{"not_picked":["Slimebound:OozeBath+1","Slimebound:Gluttony","Slimebound:Dissolve+1"],"picked":"SKIP","floor":32},{"not_picked":["Slimebound:Overexert","Slimebound:MassFeed+1"],"picked":"Slimebound:Teamwork+1","floor":33},{"not_picked":["Slimebound:GrowthPunch+1","Slimebound:SlimeBrawl+1"],"picked":"Slimebound:SplitLeeching+1","floor":36},{"not_picked":["Slimebound:SplitBruiser+1","Slimebound:Grow+1"],"picked":"Slimebound:SlimeSpikes+1","floor":37},{"not_picked":["Slimebound:Equalize+1","Slimebound:GoopSpray+1","Slimebound:SlimeSpikes+1"],"picked":"SKIP","floor":38},{"not_picked":["Slimebound:Chomp+1","Slimebound:PressTheAttack+1"],"picked":"Slimebound:Prepare+1","floor":39},{"not_picked":["Slimebound:ItLooksTasty+1","Slimebound:SlimeSpikes+1"],"picked":"Slimebound:SplitAcid+1","floor":40},{"not_picked":["Slimebound:ComboTackle+1","Slimebound:LeechEnergy+1","Slimebound:PressTheAttack+1"],"picked":"SKIP","floor":42},{"not_picked":["Slimebound:LivingWall+1","Slimebound:PressTheAttack+1","Slimebound:Dissolve+1"],"picked":"SKIP","floor":44},{"not_picked":["Slimebound:ViciousTackle+1","Slimebound:RainOfGoop+1","Slimebound:WasteNot+1"],"picked":"SKIP","floor":46},{"not_picked":["Slimebound:WasteNot+1","Slimebound:Replication+1","Slimebound:GoopSpray+1"],"picked":"SKIP","floor":47},{"not_picked":["Slimebound:SlimeBarrage+1","Slimebound:PressTheAttack+1"],"picked":"Slimebound:Prepare+1","floor":49},{"not_picked":["Slimebound:Dissolve+1","Slimebound:BestDefense+1"],"picked":"Slimebound:LevelUp+1","floor":52}],"player_experience":221438,"relics_obtained":[{"floor":6,"key":"Bag of Marbles"},{"floor":7,"key":"Molten Egg 2"},{"floor":23,"key":"Strawberry"},{"floor":24,"key":"Toxic Egg 2"},{"floor":26,"key":"TungstenRod"},{"floor":30,"key":"Bottled Flame"},{"floor":40,"key":"Slimebound:MaxSlimesRelic"},{"floor":52,"key":"Bottled Lightning"}],"event_choices":[{"damage_healed":0,"gold_gain":0,"player_choice":"Box","damage_taken":0,"relics_obtained":["Pantograph"],"max_hp_gain":0,"max_hp_loss":0,"event_name":"Big Fish","floor":4,"gold_loss":0,"cards_obtained":["Regret"]},{"cards_removed":["downfall:Malfunctioning"],"damage_healed":0,"gold_gain":0,"player_choice":"Offered Curse","damage_taken":0,"relics_obtained":["Spirit Poop"],"max_hp_gain":0,"max_hp_loss":0,"event_name":"Bonfire Elementals","floor":27,"gold_loss":0}],"is_beta":false,"boss_relics":[{"not_picked":["Pandora\u0027s Box","Runic Dome"],"picked":"Cursed Key"},{"not_picked":["Tiny House","Astrolabe"],"picked":"Fusion Hammer"}],"items_purged_floors":[],"is_endless":false,"potions_floor_spawned":[6,9,15,23,25,26,32,33,37,40,44,49],"ascension_level":0}}