{"host":"oigynbtg272c19pw","time":1613896313,"event":{"mods":["BaseMod","Colored Map","Minty Spire (QoL Compilation)","Relic Stats","Slay the Relics Exporter","StSLib"],"gold_per_floor":[113,71,83,83,100,100,128,128,128,154,213,213,228,246,246,319,319,330,82,82,82,95,124,124,151,151,151,151,151],"floor_reached":28,"playtime":1058,"items_purged":["Strike_R"],"score":528,"play_id":"b185dd67-9a7e-4d91-93cc-93742285bfa2","local_time":"20210221093153","is_ascension_mode":true,"campfire_choices":[{"data":"Disarm","floor":6.0,"key":"SMITH"},{"floor":8.0,"key":"REST"},{"floor":12.0,"key":"REST"},{"data":"Barricade","floor":15.0,"key":"SMITH"},{"data":"Feel No Pain","floor":24.0,"key":"SMITH"},{"data":"Impervious","floor":27,"key":"SMITH"}],"circlet_count":0,"master_deck":["AscendersBane","Strike_R","Strike_R","Strike_R","Strike_R","Defend_R","Defend_R","Defend_R","Defend_R","Bash","Clothesline","Spot Weakness","Twin Strike","Disarm+1","Barricade+1","Feel No Pain+1","Shrug It Off","Carnage","Impervious+1","Shrug It Off","Shame","Dramatic Entrance+1"],"relics":["Burning Blood","NeowsBlessing","Lantern","Boot","Mercury Hourglass","PreservedInsect","Blood Vial","Coffee Dripper","PrismaticShard","Gambling Chip","Regal Pillow","Omamori"],"acts_visited":["Exordium","TheCity"],"potions_floor_usage":[25,25],"damage_taken":[{"damage":0.0,"enemies":"Small Slimes","floor":1.0,"turns":1.0},{"damage":0.0,"enemies":"2 Louse","floor":3.0,"turns":1.0},{"damage":0.0,"enemies":"Jaw Worm","floor":5.0,"turns":1.0},{"damage":45.0,"enemies":"3 Sentries","floor":7.0,"turns":9.0},{"damage":33.0,"enemies":"Lagavulin","floor":10.0,"turns":8.0},{"damage":12.0,"enemies":"3 Sentries","floor":11.0,"turns":5.0},{"damage":21.0,"enemies":"Exordium Thugs","floor":13.0,"turns":5.0},{"damage":7.0,"enemies":"Gremlin Gang","floor":14.0,"turns":4.0},{"damage":6.0,"enemies":"The Guardian","floor":16.0,"turns":16.0},{"damage":0.0,"enemies":"Chosen","floor":18.0,"turns":7.0},{"damage":0.0,"enemies":"3 Byrds","floor":22.0,"turns":6.0},{"damage":45.0,"enemies":"Slavers","floor":23.0,"turns":7.0},{"damage":18,"enemies":"Book of Stabbing","floor":25,"turns":6},{"damage":16,"enemies":"Snake Plant","floor":28,"turns":1}],"seed_played":"-2321122992452297749","potions_obtained":[{"floor":1.0,"key":"Fire Potion"},{"floor":10.0,"key":"AttackPotion"},{"floor":13.0,"key":"DuplicationPotion"},{"floor":14.0,"key":"FearPotion"},{"floor":22.0,"key":"Dexterity Potion"},{"floor":25,"key":"Strength Potion"}],"is_trial":false,"path_per_floor":["M","$","M","?","M","R","E","R","T","E","?","R","M","M","R","B",null,"M","$","?","?","M","E","R","E","T","R","M"],"character_chosen":"IRONCLAD","items_purchased":["Spot Weakness","PrismaticShard"],"campfire_rested":2,"item_purchase_floors":[2,19],"current_hp_per_floor":[74,74,75,57,63,63,24,46,46,19,13,35,22,23,23,25,63,71,71,71,50,58,21,21,11,11,11,0,0],"gold":151,"neow_bonus":"THREE_ENEMY_KILL","is_daily":false,"chose_seed":false,"campfire_upgraded":4,"win_rate":0.0,"timestamp":1613896313,"path_taken":["M","$","M","?","M","R","E","R","T","E","?","R","M","M","R","BOSS","M","$","?","?","M","E","R","E","T","R","M"],"items_purchased_type":["Card","Relic"],"build_version":"2020-12-13","purchased_purges":1,"victory":false,"max_hp_per_floor":[75,75,75,75,75,75,75,75,75,75,75,75,75,75,75,75,75,75,75,75,80,80,80,80,80,80,80,80,80],"relic_stats":{"Blood Vial":16,"Regal Pillow":0,"counters":[14,76],"Gambling Chip":[14],"PreservedInsect":116,"Boot":[12],"obtain_stats":[{"Blood Vial":11,"Lantern":4,"Regal Pillow":23,"NeowsBlessing":0,"Gambling Chip":20,"PreservedInsect":10,"Coffee Dripper":17,"Omamori":25,"Boot":7,"PrismaticShard":19,"Burning Blood":0,"Mercury Hourglass":9},{"Blood Vial":6,"Lantern":2,"Regal Pillow":12,"NeowsBlessing":0,"Gambling Chip":10,"PreservedInsect":5,"Coffee Dripper":9,"Omamori":13,"Boot":4,"PrismaticShard":10,"Burning Blood":0,"Mercury Hourglass":4},{"Blood Vial":24,"Lantern":2,"Regal Pillow":69,"NeowsBlessing":0,"Gambling Chip":56,"PreservedInsect":20,"Coffee Dripper":49,"Omamori":75,"Boot":12,"PrismaticShard":56,"Burning Blood":0,"Mercury Hourglass":12}],"Burning Blood":73,"Mercury Hourglass":[250]},"card_choices":[{"not_picked":["Fire Breathing","Shrug It Off"],"picked":"Clothesline","floor":1.0},{"not_picked":["Ghostly Armor","Warcry"],"picked":"Twin Strike","floor":3.0},{"not_picked":["Perfected Strike","Body Slam"],"picked":"Disarm","floor":5.0},{"not_picked":["Body Slam","Carnage"],"picked":"Barricade","floor":7.0},{"not_picked":["Dropkick","Infernal Blade"],"picked":"Feel No Pain","floor":10.0},{"not_picked":["Searing Blow","Armaments"],"picked":"Shrug It Off","floor":11.0},{"not_picked":["Whirlwind","Metallicize"],"picked":"Carnage","floor":13.0},{"not_picked":["Thunderclap","Warcry","Bloodletting"],"picked":"SKIP","floor":14.0},{"not_picked":["Offering","Limit Break"],"picked":"Impervious","floor":16.0},{"not_picked":["Bloodletting","Rampage"],"picked":"Shrug It Off","floor":18.0},{"not_picked":["Finisher","Pommel Strike","Underhanded Strike"],"picked":"SKIP","floor":22.0},{"not_picked":["Acrobatics","Deadly Poison"],"picked":"Dramatic Entrance+1","floor":23.0},{"not_picked":["Streamline","BowlingBash","FTL"],"picked":"SKIP","floor":25}],"player_experience":1636654,"relics_obtained":[{"floor":7.0,"key":"Boot"},{"floor":9.0,"key":"Mercury Hourglass"},{"floor":10.0,"key":"PreservedInsect"},{"floor":11.0,"key":"Blood Vial"},{"floor":23.0,"key":"Regal Pillow"},{"floor":25,"key":"Omamori"}],"event_choices":[{"damage_healed":0.0,"max_hp_gain":0.0,"max_hp_loss":0.0,"gold_gain":0.0,"event_name":"Scrap Ooze","player_choice":"Success","floor":4.0,"gold_loss":0.0,"damage_taken":18.0,"relics_obtained":["Lantern"]},{"damage_healed":0.0,"max_hp_gain":0.0,"max_hp_loss":0.0,"gold_gain":0.0,"event_name":"Dead Adventurer","player_choice":"Searched \u00271\u0027 times","floor":11.0,"gold_loss":0.0,"damage_taken":0.0},{"damage_healed":0.0,"max_hp_gain":0.0,"max_hp_loss":0.0,"gold_gain":0.0,"event_name":"Addict","player_choice":"Stole Relic","floor":20.0,"gold_loss":0.0,"damage_taken":0.0,"relics_obtained":["Gambling Chip"],"cards_obtained":["Shame"]},{"damage_healed":0.0,"max_hp_gain":5.0,"max_hp_loss":0.0,"gold_gain":0.0,"event_name":"Forgotten Altar","player_choice":"Shed Blood","floor":21.0,"gold_loss":0.0,"damage_taken":26.0}],"is_beta":false,"boss_relics":[{"not_picked":["Sozu","Black Blood"],"picked":"Coffee Dripper"}],"items_purged_floors":[19],"is_endless":false,"potions_floor_spawned":[1,10,13,14,22,25],"killed_by":"Snake Plant","ascension_level":20}}