{"host":"onk0sru1v5nf4gev","time":1613945073,"event":{"mods":["AchievementEnabler","BaseMod","Colored Map","Colored Powertips","Downfall","Googly Eyes","Infinite Spire","Minty Spire (QoL Compilation)","Quick Restart","Replay The Spire","StSLib","SuperFastMode","The Cursed"],"gold_per_floor":[116,129,6,19,36,68,15,15,65,65,65,80,80,99,99,194,194,209,209,209,209,30,44,44,64,64,93,111,111,139,139,139,259,259,285,285,285,385,237,237,277,307,307,340,340,340,340,340,379,411,411,429,429],"floor_reached":52,"language":"FRA","playtime":1905,"items_purged":[],"score":484,"play_id":"2887d024-4983-4809-bb9d-5992ef7c4039","local_time":"20210221230433","is_ascension_mode":false,"campfire_choices":[{"data":"Bludgeon","floor":8.0,"key":"SMITH"},{"data":"Searing Blow","floor":10.0,"key":"SMITH"},{"data":"Searing Blow+1","floor":13.0,"key":"SMITH"},{"floor":24.0,"key":"REST"},{"floor":29.0,"key":"REST"},{"floor":40.0,"key":"REST"},{"floor":48,"key":"REST"},{"floor":51,"key":"REST"}],"circlet_count":0,"master_deck":["Defend_R","Defend_R","Defend_R","Defend_R","Bash","Bludgeon+1","Twin Strike","Clash","Armaments","Searing Blow+4","Thunderclap","Heavy Blade","Heavy Blade","Demon Form","Intimidate","Slimebound:Tackle+1","Slimebound:Tackle+1","Slimebound:Tackle+1","Rupture","True Grit+1","Infernal Blade","infinitespire:OneForAll+1","Inflame","Fiend Fire","Armaments+1","Dark Shackles","Secret Weapon","Master of Strategy","infinitespire:Collect","infinitespire:Fortify","Combust","Infernal Blade","Whirlwind","Pommel Strike+1"],"relics":["Burning Blood","Replay:Bottled Snecko","Nunchaku","Fusion Hammer","Red Skull","Replay:Bandana","infinitespire:Burning Sword","Peace Pipe","Mummified Hand"],"acts_visited":["Exordium","TheCity","TheBeyond"],"potions_floor_usage":[52,52,52],"damage_taken":[{"damage":15.0,"enemies":"Small Slimes","floor":1.0,"turns":3.0},{"damage":0.0,"enemies":"Cultist","floor":2.0,"turns":2.0},{"damage":11.0,"enemies":"Jaw Worm","floor":4.0,"turns":2.0},{"damage":0.0,"enemies":"Large Slime","floor":5.0,"turns":4.0},{"damage":35.0,"enemies":"3 Sentries","floor":6.0,"turns":8.0},{"damage":0.0,"enemies":"Exordium Wildlife","floor":12.0,"turns":1.0},{"damage":0.0,"enemies":"3 Louse","floor":14.0,"turns":2.0},{"damage":48.0,"enemies":"Fading Forest","floor":16.0,"turns":11.0},{"damage":5.0,"enemies":"Chosen","floor":18.0,"turns":2.0},{"damage":20.0,"enemies":"3 Byrds","floor":23.0,"turns":5.0},{"damage":15.0,"enemies":"Centurion and Healer","floor":25.0,"turns":5.0},{"damage":18.0,"enemies":"Chosen and Byrds","floor":27.0,"turns":4.0},{"damage":20.0,"enemies":"Cultist and Chosen","floor":28.0,"turns":6.0},{"damage":0.0,"enemies":"Snake Plant","floor":30.0,"turns":1.0},{"damage":76.0,"enemies":"Automaton","floor":33.0,"turns":8.0},{"damage":10.0,"enemies":"Orb Walker","floor":35.0,"turns":2.0},{"damage":47,"enemies":"Nemesis","floor":41,"turns":3},{"damage":14,"enemies":"3 Shapes","floor":42,"turns":2},{"damage":0,"enemies":"Sphere and 2 Shapes","floor":44,"turns":2},{"damage":27,"enemies":"4 Shapes","floor":49,"turns":3},{"damage":0,"enemies":"Jaw Worm Horde","floor":50,"turns":1},{"damage":71,"enemies":"Donu and Deca","floor":52,"turns":6}],"seed_played":"4813093369028723655","potions_obtained":[{"floor":4.0,"key":"Toxic Potion"},{"floor":5.0,"key":"hexamod:SoulburnPotion"},{"floor":12.0,"key":"Explosive Potion"},{"floor":14.0,"key":"Ancient Potion"},{"floor":23.0,"key":"SpeedPotion"},{"floor":27.0,"key":"SkillPotion"},{"floor":28.0,"key":"AttackPotion"},{"floor":33.0,"key":"Strength Potion"},{"floor":35.0,"key":"SpeedPotion"},{"floor":49,"key":"Fire Potion"}],"is_trial":false,"path_per_floor":["M","M","$","M","M","E","$","R","T","R","?","M","R","M","R_BF","B",null,"M","?","?","?","$","M","R","M","T","M","M","R","M","?","R_BF","B",null,"M","?","AVR","?","$","R","E","M","T","M","PTL","PTL","?","R","M","M","R","B"],"character_chosen":"IRONCLAD","items_purchased":["Armaments","Searing Blow","Heavy Blade","Rupture","Red Skull","Combust","Infernal Blade"],"campfire_rested":5,"item_purchase_floors":[3,3,7,22,22,39,39],"current_hp_per_floor":[71,77,77,72,78,49,49,49,49,49,49,55,55,61,80,38,80,80,80,80,80,80,66,80,71,71,59,45,69,75,75,80,10,80,76,66,66,66,66,80,39,31,31,37,37,37,37,61,40,46,70,0,0],"gold":429,"neow_bonus":"ONE_RANDOM_RARE_CARD","is_daily":false,"chose_seed":false,"campfire_upgraded":3,"win_rate":0.0,"timestamp":1613945073,"path_taken":["M","M","$","M","M","E","$","R","T","R","?","M","R","M","R_BF","BOSS","M","?","?","?","$","M","R","M","T","?","M","R","M","?","R_BF","BOSS","M","?","AVR","?","$","R","E","M","T","?","PTL","PTL","?","R","M","M","R","BOSS"],"items_purchased_type":["Card","Card","Card","Card","Relic","Card","Card"],"build_version":"2020-12-22","purchased_purges":0,"victory":false,"max_hp_per_floor":[80,80,80,80,80,80,80,80,80,80,80,80,80,80,80,80,80,80,80,80,80,80,80,80,80,80,80,80,80,80,80,80,80,80,80,80,80,80,80,80,80,80,80,80,80,80,80,80,80,80,80,80,80],"card_choices":[{"not_picked":["Dropkick","Clothesline"],"picked":"Twin Strike","floor":1.0},{"not_picked":["Defy Death","Carnage"],"picked":"Clash","floor":2.0},{"not_picked":["ReplayTheSpireMod:Strike From Hell","Uppercut","Sword Boomerang"],"picked":"SKIP","floor":4.0},{"not_picked":["Ghostly Armor","Wild Strike","Sword Boomerang"],"picked":"SKIP","floor":5.0},{"not_picked":["Havoc","Thunderclap","Hemokinesis"],"picked":"SKIP","floor":6.0},{"not_picked":["Havoc","Hemokinesis"],"picked":"Thunderclap","floor":6.0},{"not_picked":["Juggernaut","Burning Pact"],"picked":"Heavy Blade","floor":12.0},{"not_picked":["Iron Wave","Run Through","Wild Strike"],"picked":"SKIP","floor":14.0},{"not_picked":["Reaper","Barricade"],"picked":"Demon Form","floor":16.0},{"not_picked":["Headbutt","Uppercut"],"picked":"Intimidate","floor":18.0},{"not_picked":["Wild Strike","Life Link"],"picked":"True Grit+1","floor":23.0},{"not_picked":["Wild Strike","Flex"],"picked":"Infernal Blade","floor":25.0},{"not_picked":["Heavy Blade","Blood for Blood"],"picked":"infinitespire:OneForAll+1","floor":27.0},{"not_picked":["Massacre","ReplayTheSpireMod:Corrosion Curse+1","Flame Barrier"],"picked":"SKIP","floor":28.0},{"not_picked":["Evolve","Run Through","Body Slam"],"picked":"SKIP","floor":30.0},{"not_picked":["Feed","Hemogenesis"],"picked":"Fiend Fire","floor":33.0},{"not_picked":["Sever Soul+1","Pommel Strike"],"picked":"Armaments+1","floor":35.0},{"not_picked":["Specialist","Survey Options"],"picked":"Dark Shackles","floor":36.0},{"not_picked":["ReplayTheSpireMod:Uncanny Aura","Master of Strategy"],"picked":"Secret Weapon","floor":36.0},{"not_picked":["Replay:Sssssssssshield","Replay:Dark Deal"],"picked":"Master of Strategy","floor":36.0},{"not_picked":["Combust+1","Dropkick"],"picked":"Whirlwind","floor":41},{"not_picked":["Shrug It Off","Hemokinesis+1","ReplayTheSpireMod:Strike From Hell"],"picked":"SKIP","floor":42},{"not_picked":["Shrug It Off","ReplayReversal"],"picked":"Pommel Strike+1","floor":44},{"not_picked":["Entrench","Headbutt+1","Sword Boomerang+1"],"picked":"SKIP","floor":49},{"not_picked":["Dropkick","Power Through","Cleave"],"picked":"SKIP","floor":50}],"player_experience":300463,"relics_obtained":[{"floor":6.0,"key":"Replay:Bottled Snecko"},{"floor":9.0,"key":"Nunchaku"},{"floor":26.0,"key":"Replay:Bandana"},{"floor":41,"key":"Peace Pipe"},{"floor":43,"key":"Mummified Hand"}],"event_choices":[{"cards_removed":["Strike_R"],"damage_healed":0.0,"max_hp_gain":0.0,"max_hp_loss":0.0,"gold_gain":0.0,"event_name":"Wheel of Change","player_choice":"Card Removal","floor":11.0,"gold_loss":0.0,"damage_taken":0.0},{"damage_healed":0.0,"max_hp_gain":0.0,"max_hp_loss":0.0,"gold_gain":0.0,"event_name":"The Library","player_choice":"Read","floor":31.0,"gold_loss":0.0,"damage_taken":0.0,"cards_obtained":["Inflame"]},{"damage_healed":0.0,"max_hp_gain":0.0,"max_hp_loss":0.0,"gold_gain":0.0,"event_name":"SensoryStone","player_choice":"Memory 3","floor":36.0,"gold_loss":0.0,"damage_taken":10.0},{"damage_healed":0.0,"max_hp_gain":0.0,"max_hp_loss":0.0,"gold_gain":100.0,"event_name":"Golden Shrine","player_choice":"Pray","floor":38.0,"gold_loss":0.0,"damage_taken":0.0},{"damage_healed":0,"gold_gain":0,"player_choice":"Ignored","damage_taken":0,"max_hp_gain":0,"max_hp_loss":0,"event_name":"Mysterious Sphere","floor":47,"gold_loss":0}],"is_beta":false,"boss_relics":[{"not_picked":["Runic Dome","Black Star"],"picked":"Fusion Hammer"},{"not_picked":["Replay:Wanted Poster","ReplayTheSpireMod:DimensionalGlitch"],"picked":"infinitespire:Burning Sword"}],"items_purged_floors":[],"is_endless":false,"potions_floor_spawned":[4,5,12,14,23,27,28,33,35,49],"killed_by":"Donu and Deca","ascension_level":0}}