{"host":"y4fuci1jk2rsxnep","time":1613914084,"event":{"mods":["AchievementEnabler","BaseMod","Colored Powertips","Custom Start","Defuse TimeMaze Blight","Dio Mod","Downfall","Hermit","Hero for Fun","Hubris","Hunter ??","Infinite Spire","Minty Spire (QoL Compilation)","Quick Restart","Reliquary","Remove Card Discount Mod","Replay The Spire","StSLib","The Blackbeard","The Bug Knight","The Mystic","The Runesmith"],"gold_per_floor":[116,187,204,204,223,255,24,50,50,63,73,91,105,120,120,225,225,236,236,236,236,236,236,254,254,254],"floor_reached":25,"language":"ENG","playtime":3037,"items_purged":["hermit:Strike_Hermit","hermit:Strike_Hermit"],"score":318,"play_id":"2cacffca-ea14-4308-b31e-6fda9ff51102","local_time":"20210221142804","is_ascension_mode":true,"campfire_choices":[{"floor":15,"key":"REST"},{"data":"infinitespire:Execution","floor":23,"key":"SMITH"}],"circlet_count":0,"master_deck":["hermit:Strike_Hermit","hermit:Strike_Hermit","hermit:Defend_Hermit","hermit:Defend_Hermit","hermit:Defend_Hermit","hermit:Defend_Hermit","hermit:Snapshot","hermit:Covet","hermit:HighCaliber","hermit:Desperado","hermit:Desperado","hermit:Dissolve","hermit:CursedWeapon","hermit:WideOpen","hermit:Enervate","hermit:Enervate","hermit:Gambit","hermit:FatalDesire","hubris:Lust","Shame","Shame","Doubt","hubris:Wrath","Normality","hubris:Rewind","infinitespire:Execution+1"],"relics":["hermit:Momento","NeowsBlessing","hubris:Spice","reliquary:FingerTrap","Nunchaku","FossilizedHelix","Replay:Ancient Bell","Bag of Marbles","reliquary:JackalopeAntler","hermit:CharredGlove","ReplayTheSpireMod:Ring of Challenge","ReplayTheSpireMod:Ring of Exchange"],"acts_visited":["Exordium","TheCity"],"potions_floor_usage":[16],"damage_taken":[{"damage":0,"enemies":"2 Louse","floor":1,"turns":1},{"damage":0,"enemies":"Cultist","floor":3,"turns":1},{"damage":0,"enemies":"Jaw Worm","floor":5,"turns":1},{"damage":31,"enemies":"3 Sentries","floor":6,"turns":7},{"damage":25,"enemies":"Lagavulin","floor":8,"turns":4},{"damage":0,"enemies":"Looter","floor":10,"turns":2},{"damage":0,"enemies":"2 Fungi Beasts","floor":11,"turns":2},{"damage":0,"enemies":"Exordium Thugs","floor":12,"turns":1},{"damage":0,"enemies":"3 Louse","floor":13,"turns":2},{"damage":0,"enemies":"2 Fungi Beasts","floor":14,"turns":2},{"damage":0,"enemies":"The Guardian","floor":16,"turns":7},{"damage":0,"enemies":"2 Thieves","floor":18,"turns":2},{"damage":28,"enemies":"Snecko","floor":24,"turns":5},{"damage":76,"enemies":"Gremlin Leader","floor":25,"turns":3}],"seed_played":"-4469626754390702908","potions_obtained":[{"floor":1,"key":"hermit:Tonic"},{"floor":8,"key":"sneckomod:MuddlingPotion"},{"floor":10,"key":"DuplicationPotion"},{"floor":12,"key":"Death Potion"},{"floor":16,"key":"Guardian:BlockOnCardUsePotion"}],"is_trial":false,"path_per_floor":["M","?","M","?","M","E","$","E","T","M","M","M","M","M","R","B",null,"M","?","?","?","AVR","R","M","E"],"character_chosen":"HERMIT","items_purchased":["reliquary:FingerTrap","hermit:CursedWeapon"],"campfire_rested":1,"item_purchase_floors":[7,7],"current_hp_per_floor":[75,75,75,75,75,52,52,27,27,27,27,27,27,27,51,51,83,83,83,83,83,83,83,55,0,0],"gold":254,"neow_bonus":"THREE_ENEMY_KILL","is_daily":false,"chose_seed":false,"campfire_upgraded":1,"win_rate":0.0,"timestamp":1613914084,"path_taken":["M","?","M","?","?","E","$","E","T","M","M","M","M","M","R","BOSS","M","?","?","?","AVR","R","M","E"],"items_purchased_type":["Relic","Card"],"build_version":"2020-12-22","purchased_purges":2,"victory":false,"max_hp_per_floor":[75,75,75,75,75,83,83,83,83,83,83,83,83,83,83,83,83,83,83,83,83,83,83,83,83,83],"card_choices":[{"not_picked":["hermit:Headshot","hermit:Shortfuse"],"picked":"hermit:HighCaliber","floor":1},{"not_picked":["hermit:SprayPray","hermit:Headshot"],"picked":"hermit:Desperado","floor":3},{"not_picked":["hermit:LoneWolf","hermit:ItchyTrigger"],"picked":"hermit:Desperado","floor":5},{"not_picked":["hermit:TrackingShot","hermit:SprayPray"],"picked":"hermit:Dissolve","floor":6},{"not_picked":["hermit:Desperado","hermit:NoHoldsBarred"],"picked":"hermit:WideOpen","floor":8},{"not_picked":["hermit:Manifest","hermit:Spite"],"picked":"hermit:Enervate","floor":10},{"not_picked":["hermit:GhostlyPresence","hermit:Misfire"],"picked":"hermit:Enervate","floor":11},{"not_picked":["hermit:SprayPray","hermit:GoldenBullet"],"picked":"hermit:Gambit","floor":12},{"not_picked":["hermit:Ricochet","hermit:Quickdraw","hermit:Scavenge"],"picked":"SKIP","floor":13},{"not_picked":["hermit:Dive","hermit:ItchyTrigger","hermit:Roulette"],"picked":"SKIP","floor":14},{"not_picked":["hermit:Reprieve","hermit:HighNoon"],"picked":"hermit:FatalDesire","floor":16},{"not_picked":["hubris:Gluttony","downfall:Malfunctioning"],"picked":"hubris:Lust","floor":17},{"not_picked":["Clumsy","Looming Evil"],"picked":"Shame","floor":17},{"not_picked":["Replay:Hysterical Blindness","hubris:Sloth"],"picked":"Shame","floor":17},{"not_picked":["hermit:Coalescence","hermit:Snipe","hermit:SprayPray"],"picked":"SKIP","floor":18},{"not_picked":["ReplayTheSpireMod:Echoes of Time","infinitespire:FinalStrike"],"picked":"hubris:Rewind","floor":20},{"not_picked":["hermit:Vantage","hermit:FullyLoaded","hermit:Quickdraw"],"picked":"SKIP","floor":24}],"player_experience":683590,"relics_obtained":[{"floor":6,"key":"hubris:Spice"},{"floor":8,"key":"Nunchaku"},{"floor":9,"key":"FossilizedHelix"},{"floor":19,"key":"ReplayTheSpireMod:Ring of Challenge"},{"floor":19,"key":"ReplayTheSpireMod:Ring of Exchange"}],"event_choices":[{"damage_healed":0,"gold_gain":71,"player_choice":"Gained Gold","damage_taken":0,"max_hp_gain":0,"max_hp_loss":0,"event_name":"Golden Wing","floor":2,"gold_loss":0},{"damage_healed":0,"gold_gain":0,"player_choice":"Bought 0 Potions","damage_taken":0,"max_hp_gain":0,"max_hp_loss":0,"event_name":"The Woman in Blue","floor":4,"gold_loss":0},{"damage_healed":0,"gold_gain":0,"player_choice":"Ignored","damage_taken":0,"max_hp_gain":0,"max_hp_loss":0,"event_name":"Beggar","floor":21,"gold_loss":0}],"is_beta":false,"boss_relics":[{"not_picked":["hermit:BartenderGlass","hubris:TerracottaHorce"],"picked":"Replay:Ancient Bell"},{"not_picked":["Centennial Puzzle","hubris:TenFootPole"],"picked":"Bag of Marbles"},{"not_picked":["hubris:TinFlute","hubris:Spice"],"picked":"reliquary:JackalopeAntler"},{"not_picked":["hubris:64BitClover","Replay:Arrowhead"],"picked":"hermit:CharredGlove"}],"items_purged_floors":[7,7],"is_endless":false,"potions_floor_spawned":[1,8,10,12,16,24],"killed_by":"Gremlin Leader","ascension_level":4}}