{"host":"z9rwthyxsf7d04ix","time":1613937105,"event":{"mods":["AchievementEnabler","BaseMod","Colored Map","Colored Powertips","Minty Spire (QoL Compilation)","Quick Restart"],"gold_per_floor":[409,30,205,205,220,220,246,258,281,281,299,299,332,363,375,482,494,521,553,565,597,108,136,151,151,176,176,27,53,53,68,68,173,173,184,184,197,4,4,33,33,66,66,101,0,19,19,35,35,35,35,35,35,65,65,65],"floor_reached":55,"language":"ENG","playtime":4836,"items_purged":["Strike_R"],"score":963,"play_id":"aaa17c31-f6db-4bb9-8de3-b20e4224832e","local_time":"20210221215145","is_ascension_mode":true,"campfire_choices":[{"data":"Dark Embrace","floor":6.0,"key":"SMITH"},{"floor":10,"key":"RECALL"},{"data":"Armaments","floor":12,"key":"SMITH"},{"data":"Infernal Blade","floor":15,"key":"SMITH"},{"floor":25,"key":"REST"},{"floor":27,"key":"REST"},{"floor":32,"key":"REST"},{"data":"Apotheosis","floor":41,"key":"SMITH"},{"floor":49,"key":"REST"},{"data":"Feel No Pain","floor":52,"key":"SMITH"}],"circlet_count":0,"master_deck":["Bash","Dark Embrace+1","Wild Strike","Armaments+1","Infernal Blade+1","Clash","Immolate","Sentinel","Pommel Strike","Offering","Feel No Pain+1","Reckless Charge","Twin Strike","Dual Wield","Dual Wield","Sever Soul","True Grit","Immolate","Warcry","Second Wind","Burning Pact","Sever Soul","Intimidate","Offering","Bloodletting+1","Madness","Madness","Sentinel","Seeing Red+1","Apotheosis+1","Ghostly Armor","Inflame","Feel No Pain+1"],"relics":["Burning Blood","Old Coin","Medical Kit","Orichalcum","Boot","Red Skull","MawBank","Pandora\u0027s Box","Centennial Puzzle","White Beast Statue","Blue Candle","Potion Belt","Strange Spoon","Regal Pillow","Prayer Wheel","SlaversCollar","Mummified Hand","Ginger","Pantograph","Smiling Mask","Red Mask","Kunai"],"acts_visited":["Exordium","TheCity","TheBeyond","TheEnding"],"potions_floor_usage":[13,16,16,29,33,33,42,46,48,50,50,55,55],"damage_taken":[{"damage":0.0,"enemies":"Small Slimes","floor":1.0,"turns":4.0},{"damage":1.0,"enemies":"Cultist","floor":5.0,"turns":4.0},{"damage":17.0,"enemies":"3 Sentries","floor":7.0,"turns":10.0},{"damage":1,"enemies":"2 Louse","floor":8,"turns":3},{"damage":17,"enemies":"Red Slaver","floor":11,"turns":5},{"damage":9,"enemies":"Lagavulin","floor":13,"turns":8},{"damage":20,"enemies":"Lots of Slimes","floor":14,"turns":7},{"damage":33,"enemies":"Slime Boss","floor":16,"turns":9},{"damage":22,"enemies":"2 Thieves","floor":18,"turns":3},{"damage":12,"enemies":"Chosen","floor":19,"turns":3},{"damage":13,"enemies":"Shelled Parasite and Fungi","floor":21,"turns":3},{"damage":30,"enemies":"Book of Stabbing","floor":23,"turns":5},{"damage":9,"enemies":"Centurion and Healer","floor":24,"turns":2},{"damage":0,"enemies":"Slavers","floor":29,"turns":1},{"damage":34,"enemies":"Snecko","floor":31,"turns":5},{"damage":66,"enemies":"Collector","floor":33,"turns":9},{"damage":12,"enemies":"3 Shapes","floor":35,"turns":1},{"damage":29,"enemies":"3 Darklings","floor":37,"turns":2},{"damage":12,"enemies":"Nemesis","floor":40,"turns":3},{"damage":34,"enemies":"Reptomancer","floor":42,"turns":3},{"damage":9,"enemies":"Nemesis","floor":44,"turns":3},{"damage":14,"enemies":"Writhing Mass","floor":46,"turns":2},{"damage":15,"enemies":"Maw","floor":48,"turns":5},{"damage":43,"enemies":"Awakened One","floor":50,"turns":4},{"damage":12,"enemies":"Shield and Spear","floor":54,"turns":3},{"damage":63,"enemies":"The Heart","floor":55,"turns":3}],"seed_played":"1723030520985452894","potions_obtained":[{"floor":5.0,"key":"EssenceOfSteel"},{"floor":13,"key":"Swift Potion"},{"floor":14,"key":"SkillPotion"},{"floor":19,"key":"EssenceOfSteel"},{"floor":23,"key":"LiquidMemories"},{"floor":24,"key":"SpeedPotion"},{"floor":29,"key":"DuplicationPotion"},{"floor":31,"key":"HeartOfIron"},{"floor":33,"key":"Ancient Potion"},{"floor":35,"key":"Dexterity Potion"},{"floor":37,"key":"Strength Potion"},{"floor":40,"key":"FearPotion"},{"floor":42,"key":"Regen Potion"},{"floor":46,"key":"Explosive Potion"},{"floor":48,"key":"Block Potion"},{"floor":54,"key":"GamblersBrew"}],"is_trial":false,"path_per_floor":["M","$","?","?","M","R","E","M","T","R","M","R","E","M","R","B",null,"M","M","?","M","$","E","M","R","T","R","$","E","T","M","R","B",null,"M","?","M","$","?","E","R","E","T","E","?","M","$","M","R","B",null,"R","$","E","B"],"character_chosen":"IRONCLAD","items_purchased":["Medical Kit","Orichalcum","White Beast Statue","Blue Candle","Strange Spoon","Apotheosis"],"campfire_rested":4,"item_purchase_floors":[2,2,22,22,28,38],"current_hp_per_floor":[72,72,72,72,72,72,61,66,66,66,55,55,52,38,38,11,72,56,50,50,43,43,19,16,37,37,58,58,64,64,36,72,12,72,66,57,34,34,63,57,57,29,29,26,26,23,23,14,47,26,63,63,63,57,0,0],"gold":65,"neow_bonus":"ONE_RARE_RELIC","is_daily":false,"chose_seed":false,"campfire_upgraded":5,"win_rate":0.0,"timestamp":1613937105,"path_taken":["M","$","?","?","?","R","E","M","T","R","M","R","E","M","R","BOSS","M","M","?","?","$","E","?","R","T","R","?","E","?","?","R","BOSS","M","?","M","$","?","E","R","E","T","E","?","M","?","M","R","BOSS","R","$","E","BOSS"],"items_purchased_type":["Relic","Relic","Relic","Relic","Relic","Card"],"build_version":"2020-12-22","purchased_purges":1,"victory":false,"max_hp_per_floor":[72,72,72,72,72,72,72,72,72,72,72,72,72,72,72,72,72,72,72,72,72,72,72,72,72,72,72,72,72,72,72,72,72,72,72,72,72,72,63,63,63,63,63,63,63,63,63,63,63,63,63,63,63,63,63,63],"card_choices":[{"not_picked":["Havoc","Power Through"],"picked":"Dark Embrace","floor":1.0},{"not_picked":["Twin Strike","Pommel Strike"],"picked":"Wild Strike","floor":5.0},{"not_picked":["Burning Pact","Anger"],"picked":"Armaments","floor":7},{"not_picked":["Sword Boomerang","Thunderclap","Limit Break"],"picked":"SKIP","floor":8},{"not_picked":["Rampage","Pommel Strike","Clash"],"picked":"SKIP","floor":11},{"not_picked":["Dark Embrace","Sentinel"],"picked":"Infernal Blade","floor":13},{"not_picked":["Warcry","Twin Strike"],"picked":"Clash","floor":14},{"not_picked":["Reaper","Feed"],"picked":"Immolate","floor":16},{"not_picked":["Armaments","Flex"],"picked":"Sever Soul","floor":18},{"not_picked":["Rampage","Dropkick+1"],"picked":"True Grit","floor":19},{"not_picked":["Anger","Pommel Strike+1"],"picked":"Immolate","floor":21},{"not_picked":["Body Slam","Thunderclap"],"picked":"Warcry","floor":23},{"not_picked":["Clothesline","Thunderclap"],"picked":"Second Wind","floor":24},{"not_picked":["Spot Weakness+1","Warcry+1"],"picked":"Burning Pact","floor":29},{"not_picked":["True Grit","Wild Strike+1"],"picked":"Sever Soul","floor":31},{"not_picked":["Whirlwind","Heavy Blade"],"picked":"Intimidate","floor":31},{"not_picked":["Barricade","Berserk"],"picked":"Offering","floor":33},{"not_picked":["Sever Soul+1","Warcry+1"],"picked":"Bloodletting+1","floor":35},{"not_picked":["Perfected Strike","Shrug It Off","Spot Weakness"],"picked":"SKIP","floor":35},{"not_picked":["Infernal Blade+1","Havoc"],"picked":"Sentinel","floor":37},{"not_picked":["Flex","Clothesline+1"],"picked":"Seeing Red+1","floor":37},{"not_picked":["Hemokinesis+1","Combust+1"],"picked":"Ghostly Armor","floor":40},{"not_picked":["Bloodletting","Uppercut","Entrench"],"picked":"SKIP","floor":42},{"not_picked":["Feed","Dark Embrace","Rampage"],"picked":"SKIP","floor":44},{"not_picked":["Perfected Strike+1","Sword Boomerang+1"],"picked":"Inflame","floor":46},{"not_picked":["Havoc+1","Metallicize+1","True Grit"],"picked":"SKIP","floor":46},{"not_picked":["Armaments+1","Power Through"],"picked":"Feel No Pain+1","floor":48},{"not_picked":["Warcry","Bludgeon","Whirlwind+1"],"picked":"SKIP","floor":48},{"not_picked":["Sword Boomerang+1","Wild Strike","Sentinel"],"picked":"SKIP","floor":54}],"player_experience":761776,"relics_obtained":[{"floor":7,"key":"Boot"},{"floor":9,"key":"Red Skull"},{"floor":13,"key":"MawBank"},{"floor":23,"key":"Potion Belt"},{"floor":29,"key":"Regal Pillow"},{"floor":30,"key":"Prayer Wheel"},{"floor":40,"key":"Mummified Hand"},{"floor":42,"key":"Ginger"},{"floor":43,"key":"Pantograph"},{"floor":44,"key":"Smiling Mask"},{"floor":54,"key":"Kunai"}],"event_choices":[{"damage_healed":0.0,"max_hp_gain":0.0,"max_hp_loss":0.0,"gold_gain":175.0,"event_name":"Liars Game","player_choice":"AGREE","floor":3.0,"gold_loss":0.0,"damage_taken":0.0,"cards_obtained":["Doubt"]},{"cards_removed":["Doubt"],"damage_healed":0.0,"max_hp_gain":0.0,"max_hp_loss":0.0,"gold_gain":0.0,"event_name":"Fountain of Cleansing","player_choice":"Removed Curses","floor":4.0,"gold_loss":0.0,"damage_taken":0.0},{"damage_healed":0,"gold_gain":0,"player_choice":"Gave Potion","damage_taken":0,"relics_obtained":["Centennial Puzzle"],"max_hp_gain":0,"max_hp_loss":0,"event_name":"WeMeetAgain","floor":20,"gold_loss":0},{"damage_healed":0,"gold_gain":0,"player_choice":"Embrace Madness","damage_taken":9,"max_hp_gain":0,"max_hp_loss":0,"event_name":"Winding Halls","floor":36,"gold_loss":0,"cards_obtained":["Madness","Madness"]},{"damage_healed":63,"gold_gain":0,"player_choice":"Heal","damage_taken":0,"max_hp_gain":0,"max_hp_loss":9,"event_name":"The Moai Head","floor":39,"gold_loss":0},{"damage_healed":0,"gold_gain":0,"player_choice":"Paid","damage_taken":0,"relics_obtained":["Red Mask"],"max_hp_gain":0,"max_hp_loss":0,"event_name":"Tomb of Lord Red Mask","floor":45,"gold_loss":101}],"is_beta":false,"boss_relics":[{"not_picked":["Velvet Choker","Snecko Eye"],"picked":"Pandora\u0027s Box"},{"not_picked":["Busted Crown","Philosopher\u0027s Stone"],"picked":"SlaversCollar"}],"items_purged_floors":[2],"is_endless":false,"potions_floor_spawned":[5,13,14,19,23,24,29,31,33,35,37,40,42,44,46,48,54],"killed_by":"The Heart","ascension_level":2}}