{"host":"ow66nzv2xecjoor3","time":1613941858,"event":{"mods":["BaseMod","Bestiary","Block Reminder","Colored Powertips","Curses Come First","Highlight Path","Keyboard Shortcuts","Minty Spire (QoL Compilation)","Permanent Neow","Relic Stats","StSLib","UnlockEverythingMod"],"gold_per_floor":[116,116,132,145,159,159,203,203,277,277,312,326,326,359,359,359,359],"floor_reached":16,"language":"ENG","playtime":563,"items_purged":[],"score":240,"play_id":"241af4b9-5838-42f8-b03d-8b59bcc0a350","local_time":"20210221151058","is_ascension_mode":true,"campfire_choices":[{"data":"Uppercut","floor":6,"key":"SMITH"},{"data":"Strike_R","floor":8,"key":"PURGE"},{"data":"Strike_R","floor":10,"key":"PURGE"},{"floor":13,"key":"REST"},{"data":"Blood for Blood","floor":15,"key":"SMITH"}],"circlet_count":0,"master_deck":["AscendersBane","Strike_R","Strike_R","Strike_R","Defend_R","Defend_R","Defend_R","Defend_R","Bash+1","Blood for Blood+1","Bloodletting","Iron Wave","Uppercut+1","Evolve","Disarm","True Grit"],"relics":["Burning Blood","Golden Idol","Peace Pipe","Matryoshka","Centennial Puzzle","Mummified Hand"],"acts_visited":["Exordium"],"potions_floor_usage":[7,11,12,16],"damage_taken":[{"damage":7,"enemies":"2 Louse","floor":1,"turns":4},{"damage":14,"enemies":"Jaw Worm","floor":3,"turns":5},{"damage":6,"enemies":"Cultist","floor":4,"turns":3},{"damage":7,"enemies":"Red Slaver","floor":5,"turns":2},{"damage":35,"enemies":"Lagavulin","floor":7,"turns":8},{"damage":24,"enemies":"Gremlin Nob","floor":11,"turns":4},{"damage":9,"enemies":"Gremlin Gang","floor":12,"turns":7},{"damage":19,"enemies":"Lagavulin","floor":14,"turns":7},{"damage":32,"enemies":"Slime Boss","floor":16,"turns":7}],"seed_played":"-4726935659626968683","potions_obtained":[{"floor":1,"key":"FearPotion"},{"floor":4,"key":"Fruit Juice"},{"floor":7,"key":"EssenceOfSteel"},{"floor":11,"key":"GamblersBrew"}],"is_trial":false,"path_per_floor":["M","?","M","M","M","R","E","R","T","R","E","M","R","E","R","B"],"character_chosen":"IRONCLAD","items_purchased":[],"campfire_rested":1,"item_purchase_floors":[],"current_hp_per_floor":[67,67,59,59,58,58,34,34,34,34,16,13,34,21,21,0,0],"gold":359,"neow_bonus":"UPGRADE_CARD","is_daily":false,"chose_seed":false,"campfire_upgraded":2,"win_rate":0.0,"timestamp":1613941858,"path_taken":["M","?","M","M","M","R","E","R","T","R","E","M","R","E","R","BOSS"],"items_purchased_type":[],"build_version":"2020-12-22","purchased_purges":0,"victory":false,"max_hp_per_floor":[75,68,68,68,68,68,73,73,73,73,73,73,73,73,73,73,73],"relic_stats":{"Peace Pipe":2,"Centennial Puzzle":[9],"counters":[9,47],"Golden Idol":35,"Mummified Hand":[1],"obtain_stats":[{"Peace Pipe":7,"Centennial Puzzle":11,"Matryoshka":9,"Golden Idol":2,"Mummified Hand":14,"Burning Blood":0},{"Peace Pipe":5,"Centennial Puzzle":6,"Matryoshka":5,"Golden Idol":1,"Mummified Hand":8,"Burning Blood":0},{"Peace Pipe":22,"Centennial Puzzle":26,"Matryoshka":22,"Golden Idol":4,"Mummified Hand":40,"Burning Blood":0}],"Burning Blood":48},"card_choices":[{"not_picked":["Cleave","Thunderclap"],"picked":"Blood for Blood","floor":1},{"not_picked":["Thunderclap","Heavy Blade"],"picked":"Bloodletting","floor":3},{"not_picked":["Infernal Blade","Twin Strike"],"picked":"Iron Wave","floor":4},{"not_picked":["Headbutt","Shrug It Off"],"picked":"Uppercut","floor":5},{"not_picked":["Wild Strike","Infernal Blade"],"picked":"Evolve","floor":7},{"not_picked":["Bloodletting","Uppercut"],"picked":"Disarm","floor":11},{"not_picked":["Dark Embrace","Perfected Strike","Body Slam"],"picked":"SKIP","floor":12},{"not_picked":["Clothesline","Warcry"],"picked":"True Grit","floor":14}],"player_experience":2933961,"relics_obtained":[{"floor":7,"key":"Peace Pipe"},{"floor":9,"key":"Matryoshka"},{"floor":11,"key":"Centennial Puzzle"},{"floor":14,"key":"Mummified Hand"}],"event_choices":[{"damage_healed":0,"gold_gain":0,"player_choice":"Lose Max HP","damage_taken":0,"relics_obtained":["Golden Idol"],"max_hp_gain":0,"max_hp_loss":7,"event_name":"Golden Idol","floor":2,"gold_loss":0}],"is_beta":false,"boss_relics":[],"items_purged_floors":[],"is_endless":false,"potions_floor_spawned":[1,4,7,11],"killed_by":"Slime Boss","ascension_level":20}}