{"host":"mpvt08kax8preffg","time":1613873127,"event":{"mods":["AchievementEnabler","BaseMod","Minty Spire (QoL Compilation)","Replay The Spire","StSLib","The Servant 0.9.4"],"gold_per_floor":[116,126,139,139,139,139,215,215,215,233,251,263,338,356,356,461,461,478,493,331,344,344,344,377,395,395,395,406,37,65,82,82,82,82],"floor_reached":33,"language":"ENG","playtime":6418,"items_purged":["Delirium","Defend_S+1"],"score":281,"play_id":"0d17b8e6-c6f1-48b0-bcb5-fdc48871c108","local_time":"20210220180527","is_ascension_mode":false,"campfire_choices":[{"data":"Starlight","floor":6.0,"key":"SMITH"},{"data":"RealityMarble","floor":8.0,"key":"SMITH"},{"floor":15.0,"key":"REST"},{"floor":23.0,"key":"REST"},{"floor":27.0,"key":"REST"},{"floor":32,"key":"REST"}],"circlet_count":0,"master_deck":["Defend_S+1","Defend_S+1","KidneyShot","Exchange","Potential","TimeWarp","Starlight+1","Deny+1","RealityMarble+1","SilverBlades+1","Snipe","GearUp","FlawlessForm+1","ReplayTheSpireMod:IOU","FanOfKnives","Foresight+1","Revamp","DualDimension","BestPractice+1","SurpressingFire+1","SilverBlades+1","The Bomb","ShiftingGears+1"],"relics":["Uniform","NeowsBlessing","ReplayTheSpireMod:Ring of Exchange","Strawberry","Frozen Egg 2","Kintsugi","Girya","Durian","ReplayTheSpireMod:Lightbulb"],"acts_visited":["Exordium","TheCity"],"potions_floor_usage":[],"damage_taken":[{"damage":0.0,"enemies":"Jaw Worm","floor":1.0,"turns":1.0},{"damage":0.0,"enemies":"2 Louse","floor":2.0,"turns":1.0},{"damage":0.0,"enemies":"Cultist","floor":3.0,"turns":1.0},{"damage":11.0,"enemies":"3 Louse","floor":10.0,"turns":3.0},{"damage":24.0,"enemies":"Lots of Slimes","floor":11.0,"turns":4.0},{"damage":5.0,"enemies":"Exordium Thugs","floor":12.0,"turns":4.0},{"damage":6.0,"enemies":"Exordium Wildlife","floor":14.0,"turns":3.0},{"damage":16.0,"enemies":"Hexaghost","floor":16.0,"turns":9.0},{"damage":18.0,"enemies":"3 Byrds","floor":18.0,"turns":6.0},{"damage":8.0,"enemies":"Spheric Guardian","floor":19.0,"turns":4.0},{"damage":4.0,"enemies":"Snake Plant","floor":21.0,"turns":5.0},{"damage":28.0,"enemies":"Gremlin Leader","floor":24.0,"turns":7.0},{"damage":11.0,"enemies":"Centurion and Healer","floor":25.0,"turns":7.0},{"damage":19.0,"enemies":"3 Cultists","floor":28.0,"turns":4.0},{"damage":10.0,"enemies":"Replay:Snechameleon","floor":30.0,"turns":7.0},{"damage":10,"enemies":"Sentry and Sphere","floor":31,"turns":7},{"damage":39,"enemies":"Automaton","floor":33,"turns":6}],"seed_played":"3176115432197398032","potions_obtained":[{"floor":3.0,"key":"Explosive Potion"},{"floor":11.0,"key":"SneckoOil"},{"floor":21.0,"key":"ColorlessPotion"},{"floor":24.0,"key":"Dexterity Potion"},{"floor":31,"key":"LiquidMemories"}],"is_trial":false,"path_per_floor":["M","M","M","?","?","R","?","R","T","M","M","M","?","M","R","B",null,"M","M","$","M","?","R","E","M","T","R","M","$","E","M","R","B"],"character_chosen":"THE_SERVANT","items_purchased":["Foresight+1","Revamp","SilverBlades+1","The Bomb"],"campfire_rested":4,"item_purchase_floors":[20,20,29,29],"current_hp_per_floor":[65,65,65,65,65,65,56,56,56,45,21,16,9,3,24,8,72,54,46,46,42,42,63,35,24,29,52,33,33,23,13,36,0,0],"gold":82,"neow_bonus":"THREE_ENEMY_KILL","is_daily":false,"chose_seed":false,"campfire_upgraded":2,"win_rate":0.0,"timestamp":1613873127,"path_taken":["M","M","M","?","?","R","?","R","T","M","?","M","?","M","R","BOSS","M","?","$","M","?","R","E","M","T","R","M","$","E","M","R","BOSS"],"items_purchased_type":["Card","Card","Card","Card"],"build_version":"2020-12-22","purchased_purges":2,"victory":false,"max_hp_per_floor":[65,65,65,65,65,65,72,72,72,72,72,72,72,72,72,72,72,72,72,72,72,72,72,72,72,77,77,77,77,77,77,77,77,77],"card_choices":[{"not_picked":["Rewind","Defy"],"picked":"Potential","floor":1.0},{"not_picked":["BottledTime","Alleviate"],"picked":"TimeWarp","floor":2.0},{"not_picked":["ShatteredReality","Unruled"],"picked":"Starlight","floor":3.0},{"not_picked":["SpecialFormula","Replace"],"picked":"RealityMarble","floor":7.0},{"not_picked":["Replace","Gouge"],"picked":"Rearm","floor":7.0},{"not_picked":["Rewind","ShatteredReality"],"picked":"SilverBlades+1","floor":10.0},{"not_picked":["Potential","Ricochet"],"picked":"Snipe","floor":11.0},{"not_picked":["SoulSculpture","Rearm","BottledTime"],"picked":"SKIP","floor":12.0},{"not_picked":["Alleviate","Unruled"],"picked":"GearUp","floor":14.0},{"not_picked":["PendulumOfEternity","LightFlow"],"picked":"FlawlessForm+1","floor":16.0},{"not_picked":["Read+1","FastForward"],"picked":"FanOfKnives","floor":18.0},{"not_picked":["Unruled","Reset","DoubleEdge"],"picked":"SKIP","floor":19.0},{"not_picked":["DoubleEdge","FanOfKnives"],"picked":"DualDimension","floor":21.0},{"not_picked":["Revamp+1","InstantArmor"],"picked":"BestPractice+1","floor":24.0},{"not_picked":["Rewind","Ricochet","Unruled"],"picked":"SKIP","floor":25.0},{"not_picked":["Rewind+1","Desolation+1"],"picked":"SurpressingFire+1","floor":28.0},{"not_picked":["Alleviate","TimeWarp+1"],"picked":"ShiftingGears+1","floor":30},{"not_picked":["InstantArmor+1","Contraction+1","LightFlow"],"picked":"SKIP","floor":31}],"player_experience":7843,"relics_obtained":[{"floor":4.0,"key":"ReplayTheSpireMod:Ring of Exchange"},{"floor":7.0,"key":"Strawberry"},{"floor":9.0,"key":"Frozen Egg 2"},{"floor":24.0,"key":"Girya"},{"floor":26.0,"key":"Durian"},{"floor":30,"key":"ReplayTheSpireMod:Lightbulb"}],"event_choices":[{"damage_healed":0.0,"max_hp_gain":0.0,"max_hp_loss":0.0,"gold_gain":75.0,"event_name":"FaceTrader","player_choice":"Touch","floor":13.0,"gold_loss":0.0,"damage_taken":7.0},{"damage_healed":0.0,"max_hp_gain":0.0,"max_hp_loss":0.0,"gold_gain":0.0,"event_name":"Back to Basics","player_choice":"Simplicity","floor":22.0,"gold_loss":0.0,"damage_taken":0.0,"cards_upgraded":["Defend_S","Defend_S","Defend_S"]}],"is_beta":false,"boss_relics":[{"not_picked":["Runic Pyramid","Calling Bell"],"picked":"Kintsugi"}],"items_purged_floors":[20,29],"is_endless":false,"potions_floor_spawned":[3,11,21,24,31],"killed_by":"Automaton","ascension_level":0}}