{"host":"ufhw4cf0hh51lveu","time":1613878900,"event":{"mods":["BaseMod","DeckTracker","Lobotomy","Minty Spire (QoL Compilation)","SuperFastMode"],"gold_per_floor":[109,109,59,59,59,59,71,91,91,117,117,117,20,32,32,134,134,150,166,265,280,290,290,290,309,336,368,368,368,58,69,69,69,69],"floor_reached":33,"language":"KOR","playtime":1226,"items_purged":["Strike_R"],"score":278,"play_id":"c6d0cdbc-07d7-4e06-add8-d270a8bf44aa","local_time":"20210221124140","is_ascension_mode":false,"campfire_choices":[{"data":"Bash","floor":6,"key":"SMITH"},{"floor":12,"key":"REST"},{"data":"Flame Barrier","floor":15,"key":"SMITH"},{"data":"Feed","floor":23,"key":"SMITH"},{"data":"Body Slam","floor":29,"key":"SMITH"},{"floor":32,"key":"REST"}],"circlet_count":0,"master_deck":["Strike_R","Defend_R","Defend_R","Defend_R","Defend_R","Bash+1","Wellcheers","Bloodletting","Shrug It Off","OldLady","Flame Barrier+1","Inflame","Shrug It Off","Pommel Strike","Feed+1","Entrench+1","UniverseFragment","Flex+1","ShyLook","Flex+1","Spot Weakness+1","Body Slam+1","Trip","Infernal Blade"],"relics":["Burning Blood","CogitoBucket","RabbitCall","Odd Mushroom","Kunai","Happy Flower","Sozu","AspirationHeart","Lantern","Vajra","Red Skull","LuminousBracelet"],"acts_visited":["Exordium","TheCity"],"potions_floor_usage":[8,14,16],"damage_taken":[{"damage":10,"enemies":"Small Slimes","floor":1,"turns":5},{"damage":11,"enemies":"Jaw Worm","floor":7,"turns":3},{"damage":57,"enemies":"The Mushroom Lair","floor":8,"turns":7},{"damage":0,"enemies":"2 Louse","floor":14,"turns":2},{"damage":31,"enemies":"Slime Boss","floor":16,"turns":14},{"damage":40,"enemies":"Shell Parasite","floor":18,"turns":4},{"damage":0,"enemies":"3 Byrds","floor":19,"turns":6},{"damage":0,"enemies":"Cultist and Chosen","floor":21,"turns":10},{"damage":18,"enemies":"Sentry and Sphere","floor":22,"turns":8},{"damage":22,"enemies":"Snake Plant","floor":25,"turns":7},{"damage":52,"enemies":"Book of Stabbing","floor":27,"turns":8},{"damage":0,"enemies":"Colosseum Slavers","floor":28,"turns":3},{"damage":4,"enemies":"Snecko","floor":31,"turns":5},{"damage":176,"enemies":"Collector","floor":33,"turns":15}],"seed_played":"-1702906446013909920","potions_obtained":[{"floor":1,"key":"SneckoOil"},{"floor":8,"key":"SneckoOil"},{"floor":11,"key":"EssenceOfSteel"},{"floor":11,"key":"FairyPotion"}],"is_trial":false,"path_per_floor":["M","?","?","$","?","R","M","?","T","T","?","R","$","M","R","B",null,"M","M","?","M","M","R","?","M","T","E","?","R","$","M","R","B"],"character_chosen":"IRONCLAD","items_purchased":["Inflame","Shrug It Off","Trip","Red Skull"],"campfire_rested":2,"item_purchase_floors":[13,13,30,30],"current_hp_per_floor":[76,76,76,76,76,76,71,20,20,20,20,44,44,50,50,31,80,56,68,68,80,71,71,71,62,62,19,25,25,25,52,87,0,0],"gold":69,"neow_bonus":"","is_daily":false,"chose_seed":false,"campfire_upgraded":4,"win_rate":0.0,"timestamp":1613878900,"path_taken":["M","?","?","$","?","R","?","?","T","?","?","R","$","M","R","BOSS","M","M","?","M","M","R","?","?","T","E","?","R","$","M","R","BOSS"],"items_purchased_type":["Card","Card","Card","Relic"],"build_version":"2020-12-22","purchased_purges":1,"victory":false,"max_hp_per_floor":[80,80,80,80,80,80,80,80,80,80,80,80,80,80,80,80,80,90,93,93,93,96,96,96,100,100,100,100,100,100,119,119,109,109],"card_choices":[{"not_picked":["BeautyBeast","Bloodbath"],"picked":"Wellcheers","floor":1},{"not_picked":["Pummel","Hemokinesis"],"picked":"Bloodletting","floor":1},{"not_picked":["Flex","Perfected Strike"],"picked":"Shrug It Off","floor":7},{"not_picked":["PunishingBird","OSAHOGD"],"picked":"OldLady","floor":8},{"not_picked":["Reckless Charge","Rage"],"picked":"Flame Barrier","floor":8},{"not_picked":["Wild Strike","Headbutt"],"picked":"Pommel Strike","floor":14},{"not_picked":["Brutality","Double Tap"],"picked":"Feed","floor":16},{"not_picked":["Feel No Pain","Demon Form"],"picked":"Entrench+1","floor":18},{"not_picked":["VoidDream","SingingMachine","SpiderBud"],"picked":"Singing Bowl","floor":19},{"not_picked":["CherryBlossoms","FairyFestival"],"picked":"UniverseFragment","floor":19},{"not_picked":["Sentinel","Rupture"],"picked":"Flex+1","floor":19},{"not_picked":["CENSORED","FieryBird"],"picked":"ShyLook","floor":21},{"not_picked":["Sword Boomerang","Dual Wield"],"picked":"Flex+1","floor":21},{"not_picked":["FairyFestival","Laetitia","SingingMachine"],"picked":"Singing Bowl","floor":22},{"not_picked":["Carnage","Rampage+1","Disarm"],"picked":"SKIP","floor":22},{"not_picked":["Pummel+1","Warcry+1"],"picked":"Spot Weakness+1","floor":25},{"not_picked":["Armaments","Dual Wield"],"picked":"Body Slam","floor":27},{"not_picked":["Scorched","WhiteNight","NothingThere"],"picked":"Singing Bowl","floor":31},{"not_picked":["Flex","Headbutt"],"picked":"Infernal Blade","floor":31}],"player_experience":66861,"relics_obtained":[{"floor":8,"key":"Odd Mushroom"},{"floor":9,"key":"Kunai"},{"floor":10,"key":"Happy Flower"},{"floor":26,"key":"Lantern"},{"floor":27,"key":"Vajra"}],"event_choices":[{"damage_healed":0,"gold_gain":0,"player_choice":"Ignored","damage_taken":0,"max_hp_gain":0,"max_hp_loss":0,"event_name":"Golden Wing","floor":2,"gold_loss":0},{"cards_removed":["Strike_R"],"damage_healed":0,"gold_gain":0,"player_choice":"Card Removal","damage_taken":0,"max_hp_gain":0,"max_hp_loss":0,"event_name":"The Cleric","floor":3,"gold_loss":50},{"damage_healed":0,"gold_gain":0,"player_choice":"Ignored","damage_taken":0,"max_hp_gain":0,"max_hp_loss":0,"event_name":"Liars Game","floor":5,"gold_loss":0},{"damage_healed":0,"gold_gain":0,"player_choice":"Fought Mushrooms","damage_taken":0,"max_hp_gain":0,"max_hp_loss":0,"event_name":"Mushrooms","floor":8,"gold_loss":0},{"damage_healed":0,"gold_gain":0,"player_choice":"Got Potions","damage_taken":0,"max_hp_gain":0,"max_hp_loss":0,"event_name":"Lab","floor":11,"gold_loss":0},{"damage_healed":0,"gold_gain":99,"player_choice":"Stole From Cult","damage_taken":0,"max_hp_gain":0,"max_hp_loss":0,"event_name":"Nest","floor":20,"gold_loss":0},{"cards_removed":["Strike_R"],"damage_healed":0,"gold_gain":0,"player_choice":"Purged","damage_taken":0,"max_hp_gain":0,"max_hp_loss":0,"event_name":"Purifier","floor":24,"gold_loss":0},{"damage_healed":0,"gold_gain":0,"player_choice":"Fight","damage_taken":0,"max_hp_gain":0,"max_hp_loss":0,"event_name":"Colosseum","floor":28,"gold_loss":0},{"damage_healed":0,"gold_gain":0,"player_choice":"Fled From Nobs","damage_taken":0,"max_hp_gain":0,"max_hp_loss":0,"event_name":"Colosseum","floor":28,"gold_loss":0}],"is_beta":false,"boss_relics":[{"not_picked":["Runic Pyramid","Velvet Choker"],"picked":"Sozu"}],"items_purged_floors":[30],"is_endless":false,"potions_floor_spawned":[1,8,19,21,22,27,31],"killed_by":"Collector","ascension_level":0}}