{"host":"ssqg06p4hogpulti","time":1613890147,"event":{"mods":["BaseMod","Dio Mod","Minty Spire (QoL Compilation)","Robot Space Explorer","Shedinja","Somnambulant","StSLib","The Alterego","The Animator","The Construct","The Dragon Tamer","The Exalted","The Hierophant","WarShipGirlsR/????R mod"],"gold_per_floor":[115,115,115,131,146,146,146],"floor_reached":6,"language":"SPA","playtime":167,"items_purged":[],"score":36,"play_id":"b66039ea-cfde-4e75-92ab-0ebeaf2d9494","local_time":"20210221074907","is_ascension_mode":false,"campfire_choices":[],"circlet_count":0,"master_deck":["construct:Strike_Gold","construct:Strike_Gold","construct:Strike_Gold","construct:Strike_Gold","construct:Strike_Gold","construct:Defend_Gold","construct:Defend_Gold","construct:Defend_Gold","construct:Defend_Gold","construct:Defend_Gold","construct:AttackMode","construct:DefenseMode","construct:Enhance+1","construct:ShiftGuard","construct:Autoturret"],"relics":["construct:Cogwheel","NeowsBlessing","Golden Idol"],"acts_visited":["Exordium"],"potions_floor_usage":[],"damage_taken":[{"damage":0,"enemies":"2 Louse","floor":1,"turns":1},{"damage":0,"enemies":"Jaw Worm","floor":4,"turns":1},{"damage":0,"enemies":"Cultist","floor":5,"turns":1},{"damage":19,"enemies":"3 Sentries","floor":6,"turns":4}],"seed_played":"7289620221564237620","potions_obtained":[{"floor":1,"key":"BlessingOfTheForge"},{"floor":4,"key":"ColorlessPotion"}],"is_trial":false,"path_per_floor":["M","?","?","M","M","E"],"character_chosen":"THE_CONSTRUCT_MOD","items_purchased":[],"campfire_rested":0,"item_purchase_floors":[],"current_hp_per_floor":[85,64,64,64,64,45,45],"gold":146,"neow_bonus":"THREE_ENEMY_KILL","is_daily":false,"chose_seed":false,"campfire_upgraded":0,"win_rate":0.0,"timestamp":1613890147,"path_taken":["M","?","?","M","M","E"],"items_purchased_type":[],"build_version":"2020-12-22","purchased_purges":0,"victory":false,"max_hp_per_floor":[85,85,85,85,85,85,85],"card_choices":[{"not_picked":["construct:Tumble","construct:Stasis"],"picked":"construct:Enhance","floor":1},{"not_picked":["construct:Impenetrable","construct:Analyze"],"picked":"construct:ShiftGuard","floor":4},{"not_picked":["construct:ClusterMines","construct:VentSteam"],"picked":"construct:Autoturret","floor":5}],"player_experience":299700,"relics_obtained":[],"event_choices":[{"damage_healed":0,"gold_gain":0,"player_choice":"Take Damage","damage_taken":21,"relics_obtained":["Golden Idol"],"max_hp_gain":0,"max_hp_loss":0,"event_name":"Golden Idol","floor":2,"gold_loss":0},{"damage_healed":0,"gold_gain":0,"player_choice":"Grow","damage_taken":0,"max_hp_gain":0,"max_hp_loss":0,"event_name":"Living Wall","floor":3,"gold_loss":0,"cards_upgraded":["construct:Enhance"]}],"is_beta":false,"boss_relics":[],"items_purged_floors":[],"is_endless":false,"potions_floor_spawned":[1,4],"killed_by":"3 Sentries","ascension_level":0}}