{"host":"guk5h31bsklpp7e4","time":1613897710,"event":{"mods":["AchievementEnabler","BaseMod","Colored Map","Colored Powertips","Highlight Path","Minty Spire (QoL Compilation)","Quick Restart","Rare Cards Sparkle"],"gold_per_floor":[110,110,126,126,151,57,57,73,146,169,169,183,183,199,199,320,320,333,333,333,333,347,347,387,387,412,449,461,513,112,125,125,246,246,262,325,350,350,365,365,410,446,446,446,446,19,19,19,19,19],"floor_reached":51,"language":"ENG","playtime":2548,"items_purged":[],"score":987,"play_id":"ced14f1d-2f61-4c33-876c-0e417fd9095f","local_time":"20210221035510","is_ascension_mode":true,"campfire_choices":[{"floor":11.0,"key":"REST"},{"floor":13.0,"key":"REST"},{"floor":15.0,"key":"REST"},{"floor":23.0,"key":"REST"},{"floor":25.0,"key":"REST"},{"data":"Metamorphosis","floor":32.0,"key":"SMITH"},{"floor":40,"key":"REST"},{"floor":49,"key":"REST"}],"circlet_count":0,"master_deck":["Strike_B+1","Strike_B+1","Strike_B+1","Defend_B+1","Defend_B+1","Defend_B+1","Defend_B+1","Zap","Dualcast","Steam","Skim","Panacea","Aggregate","Ball Lightning","Sweeping Beam","Lockon","Core Surge","Beam Cell","Go for the Eyes","Conserve Battery","Cold Snap+1","Redo","Metamorphosis+1","Conserve Battery+1","Biased Cognition","Glacier+1","Barrage","Scrape","Core Surge","Scrape+1","Blizzard+1","BootSequence+1","Madness"],"relics":["Cracked Core","Golden Idol","Vajra","Ornamental Fan","Nuclear Battery","MutagenicStrength","Sundial","MawBank","Bag of Preparation","Lee\u0027s Waffle","Inserter","TungstenRod","Ginger","Bottled Flame","Regal Pillow","Oddly Smooth Stone","Cables"],"acts_visited":["Exordium","TheCity","TheBeyond"],"potions_floor_usage":[36,41,42,45,50,50],"damage_taken":[{"damage":0.0,"enemies":"Small Slimes","floor":1.0,"turns":4.0},{"damage":0.0,"enemies":"Cultist","floor":3.0,"turns":2.0},{"damage":1.0,"enemies":"2 Louse","floor":5.0,"turns":2.0},{"damage":0.0,"enemies":"2 Fungi Beasts","floor":8.0,"turns":2.0},{"damage":20.0,"enemies":"Exordium Wildlife","floor":10.0,"turns":7.0},{"damage":18.0,"enemies":"Large Slime","floor":12.0,"turns":4.0},{"damage":3.0,"enemies":"Blue Slaver","floor":14.0,"turns":3.0},{"damage":32.0,"enemies":"The Guardian","floor":16.0,"turns":9.0},{"damage":21.0,"enemies":"Shell Parasite","floor":18.0,"turns":5.0},{"damage":0.0,"enemies":"Chosen","floor":22.0,"turns":3.0},{"damage":25.0,"enemies":"Gremlin Leader","floor":24.0,"turns":5.0},{"damage":13.0,"enemies":"Centurion and Healer","floor":27.0,"turns":3.0},{"damage":13.0,"enemies":"Book of Stabbing","floor":29.0,"turns":5.0},{"damage":22.0,"enemies":"Snecko","floor":31.0,"turns":5.0},{"damage":26,"enemies":"Collector","floor":33,"turns":8},{"damage":0,"enemies":"Orb Walker","floor":35,"turns":2},{"damage":0,"enemies":"Mind Bloom Boss Battle","floor":36,"turns":6},{"damage":3,"enemies":"3 Darklings","floor":37,"turns":5},{"damage":22,"enemies":"Spire Growth","floor":39,"turns":4},{"damage":1,"enemies":"Sphere and 2 Shapes","floor":41,"turns":4},{"damage":50,"enemies":"Giant Head","floor":42,"turns":8},{"damage":0,"enemies":"Transient","floor":45,"turns":1},{"damage":26,"enemies":"Time Eater","floor":50,"turns":9}],"seed_played":"184278997036732082","potions_obtained":[{"floor":1.0,"key":"PowerPotion"},{"floor":2.0,"key":"AttackPotion"},{"floor":2.0,"key":"BlessingOfTheForge"},{"floor":3.0,"key":"SneckoOil"},{"floor":14.0,"key":"BlessingOfTheForge"},{"floor":16.0,"key":"Fire Potion"},{"floor":22.0,"key":"LiquidMemories"},{"floor":27.0,"key":"SkillPotion"},{"floor":31.0,"key":"SmokeBomb"},{"floor":33,"key":"Fire Potion"},{"floor":37,"key":"Strength Potion"},{"floor":39,"key":"ColorlessPotion"}],"is_trial":false,"path_per_floor":["M","?","M","?","M","$","?","M","T","M","R","M","R","M","R","B",null,"M","?","?","?","M","R","E","R","T","M","?","E","$","M","R","B",null,"M","?","M","?","M","R","M","E","T","?","M","$","?","T","R","B",null],"character_chosen":"DEFECT","items_purchased":["Panacea","Lee\u0027s Waffle","Fruit Juice","Metamorphosis","Regal Pillow","Oddly Smooth Stone","Strength Potion","LiquidMemories"],"campfire_rested":7,"item_purchase_floors":[6,30,30,30,46,46,46,46],"current_hp_per_floor":[75,75,75,55,54,54,42,42,42,22,46,28,52,49,73,41,72,51,51,51,51,51,75,50,74,74,61,61,48,94,72,72,46,82,82,82,79,79,57,85,84,34,34,34,34,34,34,34,77,51],"gold":19,"neow_bonus":"TEN_PERCENT_HP_BONUS","is_daily":false,"chose_seed":false,"campfire_upgraded":1,"win_rate":0.0,"timestamp":1613897710,"path_taken":["M","?","?","?","M","$","?","?","T","M","R","M","R","M","R","BOSS","M","?","?","?","M","R","E","R","T","?","?","E","$","M","R","BOSS","M","?","M","?","?","R","M","E","T","?","M","$","?","?","R","BOSS"],"items_purchased_type":["Card","Relic","Potion","Card","Relic","Relic","Potion","Potion"],"build_version":"2020-12-22","purchased_purges":0,"victory":true,"max_hp_per_floor":[82,82,82,82,82,82,82,82,82,82,82,82,82,82,82,82,82,82,82,82,82,82,82,82,82,82,82,82,82,94,94,94,94,94,94,94,94,94,94,94,94,94,94,94,94,94,94,94,94,94],"card_choices":[{"not_picked":["Blizzard","Stack"],"picked":"Steam","floor":1.0},{"not_picked":["Stack","FTL"],"picked":"Skim","floor":3.0},{"not_picked":["Barrage","Leap","Redo"],"picked":"SKIP","floor":5.0},{"not_picked":["Skim","Steam"],"picked":"Aggregate","floor":8.0},{"not_picked":["Cold Snap","Leap"],"picked":"Ball Lightning","floor":10.0},{"not_picked":["Storm","Hologram"],"picked":"Sweeping Beam","floor":12.0},{"not_picked":["Beam Cell","Compile Driver"],"picked":"Lockon","floor":14.0},{"not_picked":["All For One","Rainbow"],"picked":"Core Surge","floor":16.0},{"not_picked":["Cold Snap","Force Field"],"picked":"Beam Cell","floor":18.0},{"not_picked":["Beam Cell","Turbo+1"],"picked":"Go for the Eyes","floor":22.0},{"not_picked":["Aggregate","Lockon"],"picked":"Conserve Battery","floor":24.0},{"not_picked":["Chaos","Stack"],"picked":"Cold Snap+1","floor":27.0},{"not_picked":["Aggregate+1","Rebound+1"],"picked":"Redo","floor":29.0},{"not_picked":["Leap","Barrage+1"],"picked":"Conserve Battery+1","floor":31.0},{"not_picked":["Creative AI","Meteor Strike"],"picked":"Biased Cognition","floor":33},{"not_picked":["Compile Driver+1","BootSequence"],"picked":"Glacier+1","floor":35},{"not_picked":["Redo","Rebound"],"picked":"Barrage","floor":36},{"not_picked":["Leap","Gash+1"],"picked":"Scrape","floor":37},{"not_picked":["Compile Driver+1","Fusion"],"picked":"Scrape+1","floor":39},{"not_picked":["Leap","Streamline+1"],"picked":"Blizzard+1","floor":41},{"not_picked":["Compile Driver+1","Reinforced Body"],"picked":"BootSequence+1","floor":42},{"not_picked":["Enlightenment","Dramatic Entrance"],"picked":"Madness","floor":44}],"player_experience":386845,"relics_obtained":[{"floor":9.0,"key":"Ornamental Fan"},{"floor":24.0,"key":"Sundial"},{"floor":26.0,"key":"MawBank"},{"floor":29.0,"key":"Bag of Preparation"},{"floor":36,"key":"TungstenRod"},{"floor":42,"key":"Ginger"},{"floor":43,"key":"Bottled Flame"},{"floor":48,"key":"Cables"}],"event_choices":[{"damage_healed":0.0,"max_hp_gain":0.0,"max_hp_loss":0.0,"gold_gain":0.0,"event_name":"Lab","player_choice":"Got Potions","floor":2.0,"gold_loss":0.0,"damage_taken":0.0},{"damage_healed":0.0,"max_hp_gain":0.0,"max_hp_loss":0.0,"gold_gain":0.0,"event_name":"Golden Idol","player_choice":"Take Damage","floor":4.0,"gold_loss":0.0,"damage_taken":20.0,"relics_obtained":["Golden Idol"]},{"damage_healed":0.0,"max_hp_gain":0.0,"max_hp_loss":0.0,"gold_gain":0.0,"event_name":"Scrap Ooze","player_choice":"Success","floor":7.0,"gold_loss":0.0,"damage_taken":12.0,"relics_obtained":["Vajra"]},{"damage_healed":0.0,"max_hp_gain":0.0,"max_hp_loss":0.0,"gold_gain":0.0,"event_name":"Vampires","player_choice":"Ignored","floor":19.0,"gold_loss":0.0,"damage_taken":0.0},{"damage_healed":0.0,"max_hp_gain":0.0,"max_hp_loss":0.0,"gold_gain":0.0,"event_name":"Back to Basics","player_choice":"Simplicity","floor":20.0,"gold_loss":0.0,"damage_taken":0.0,"cards_upgraded":["Strike_B","Strike_B","Strike_B","Strike_B","Defend_B","Defend_B","Defend_B","Defend_B"]},{"damage_healed":0.0,"max_hp_gain":0.0,"max_hp_loss":0.0,"gold_gain":0.0,"event_name":"Drug Dealer","player_choice":"Inject Mutagens","floor":21.0,"gold_loss":0.0,"damage_taken":0.0,"relics_obtained":["MutagenicStrength"]},{"damage_healed":0.0,"max_hp_gain":0.0,"max_hp_loss":0.0,"gold_gain":0.0,"event_name":"Cursed Tome","player_choice":"Ignored","floor":28.0,"gold_loss":0.0,"damage_taken":0.0},{"damage_healed":0,"gold_gain":0,"player_choice":"Fight","damage_taken":0,"max_hp_gain":0,"max_hp_loss":0,"event_name":"MindBloom","floor":36,"gold_loss":0},{"damage_healed":0,"gold_gain":0,"player_choice":"Copied","damage_taken":0,"max_hp_gain":0,"max_hp_loss":0,"event_name":"Duplicator","floor":38,"gold_loss":0,"cards_obtained":["Core Surge"]},{"damage_healed":0,"gold_gain":0,"player_choice":"Memory 1","damage_taken":0,"max_hp_gain":0,"max_hp_loss":0,"event_name":"SensoryStone","floor":44,"gold_loss":0},{"cards_removed":["Strike_B"],"damage_healed":0,"gold_gain":0,"player_choice":"Removed Attack","damage_taken":0,"max_hp_gain":0,"max_hp_loss":0,"event_name":"Falling","floor":47,"gold_loss":0}],"is_beta":false,"boss_relics":[{"not_picked":["Empty Cage","Runic Dome"],"picked":"Nuclear Battery"},{"not_picked":["FrozenCore","SacredBark"],"picked":"Inserter"}],"items_purged_floors":[],"is_endless":false,"potions_floor_spawned":[1,3,14,16,22,27,31,33,37,39],"ascension_level":7}}