{"host":"qoeke2x4rq7deshq","time":1613872305,"event":{"mods":["2.2 Compatiblity","BaseMod","Colored Powertips","Curses Come First","Dark Map","Downfall","Minty Spire (QoL Compilation)","Rare Cards Sparkle","Reliquary","Replay The Spire","Spire Arcade","StSLib","The Blue Laboratory"],"gold_per_floor":[109,123,139,139,119,151,167,167,167,188,188,207,207,30,30,133,133,146,146,146,146,163,198,217,217,217,217,232,232,232,232,232,330,330,340,340,360,90,107,132,150,161,161,221,248,268,8,19,19,19,19],"floor_reached":50,"language":"ENG","playtime":2790,"items_purged":["Clumsy","Regret"],"score":622,"play_id":"55b2729c-6f99-43e3-ba04-dbeb994bf90a","local_time":"20210220175145","is_ascension_mode":false,"campfire_choices":[{"data":"Cleave","floor":8,"key":"SMITH"},{"floor":13,"key":"RECALL"},{"data":"Metamorphosis","floor":15,"key":"SMITH"},{"data":"Whirlwind","floor":25,"key":"SMITH"},{"data":"Shockwave","floor":29,"key":"SMITH"},{"floor":32,"key":"REST"}],"circlet_count":0,"master_deck":["Strike_R+1","Strike_R+3","Strike_R+2","Strike_R+1","Strike_R+1","Defend_R+1","Defend_R+1","Defend_R+1","Defend_R+1","Bash+1","Pummel","Perfected Strike","Perfected Strike","Cleave+1","Flex","Shockwave+1","Twin Strike","Metamorphosis+1","Berserk+1","Pommel Strike","Whirlwind+1","True Grit","Berserk+1","Demon Form","CurseOfTheBell","Shrug It Off","Demon Form","True Grit","Clothesline","True Grit","Doubt","ReplayReversal+1","Rage","ReplayTheSpireMod:Private Reserves","Armaments","Armaments","Replay:Hysterical Blindness","Trip"],"relics":["Burning Blood","Simple Rune","Matryoshka","Odd Mushroom","Cursed Key","Replay:Bottled Flurry","Meat on the Bone","Orichalcum","Enchiridion","Calling Bell","PreservedInsect","Replay:Bottled Steam","Replay:Arrowhead","DollysMirror","Lantern","Replay:Mystery Machine","Mercury Hourglass","reliquary:Knoch","Red Skull","ReplayTheSpireMod:CursedCoin","Replay:Baseball"],"acts_visited":["Exordium","TheCity","TheBeyond"],"potions_floor_usage":[6,10,23,24,33,33,40,40,45,46,46,46,48,48],"damage_taken":[{"damage":2,"enemies":"Small Slimes","floor":1,"turns":3},{"damage":1,"enemies":"Cultist","floor":2,"turns":4},{"damage":0,"enemies":"2 Louse","floor":3,"turns":3},{"damage":14,"enemies":"Gremlin Nob","floor":6,"turns":3},{"damage":6,"enemies":"Exordium Wildlife","floor":7,"turns":4},{"damage":0,"enemies":"The Mushroom Lair","floor":10,"turns":3},{"damage":9,"enemies":"Blue Slaver","floor":12,"turns":3},{"damage":40,"enemies":"The Guardian","floor":16,"turns":6},{"damage":5,"enemies":"Spheric Guardian","floor":18,"turns":3},{"damage":22,"enemies":"Shell Parasite","floor":22,"turns":4},{"damage":39,"enemies":"Gremlin Leader","floor":23,"turns":5},{"damage":9,"enemies":"Snake Plant","floor":24,"turns":2},{"damage":0,"enemies":"Cultist and Chosen","floor":28,"turns":4},{"damage":72,"enemies":"Collector","floor":33,"turns":10},{"damage":11,"enemies":"Orb Walker","floor":35,"turns":3},{"damage":3,"enemies":"3 Darklings","floor":37,"turns":4},{"damage":25,"enemies":"4 Shapes","floor":39,"turns":10},{"damage":39,"enemies":"Giant Head","floor":40,"turns":6},{"damage":36,"enemies":"Maw","floor":41,"turns":6},{"damage":28,"enemies":"Sphere and 2 Shapes","floor":42,"turns":6},{"damage":13,"enemies":"Nemesis","floor":45,"turns":5},{"damage":32,"enemies":"3 Darklings","floor":46,"turns":3},{"damage":0,"enemies":"Maw","floor":48,"turns":5},{"damage":70,"enemies":"Time Eater","floor":50,"turns":9}],"seed_played":"7461305801917165816","potions_obtained":[{"floor":1,"key":"Block Potion"},{"floor":5,"key":"champ:CounterPotion"},{"floor":6,"key":"BlessingOfTheForge"},{"floor":7,"key":"blueLaboratory:IronCompound"},{"floor":12,"key":"blueLaboratory:RecallPotion"},{"floor":23,"key":"BlessingOfTheForge"},{"floor":33,"key":"SteroidPotion"},{"floor":35,"key":"SteroidPotion"},{"floor":42,"key":"BloodPotion"},{"floor":44,"key":"blueLaboratory:BubblePotion"},{"floor":44,"key":"Milkshake"},{"floor":45,"key":"BlessingOfTheForge"},{"floor":46,"key":"Fruit Juice"}],"is_trial":false,"path_per_floor":["M","M","M","?","?","E","M","R","T","?","?","M","R","$","R","B",null,"M","?","$","?","M","E","M","R","T","?","M","R","?","?","R","B",null,"M","?","M","$","M","E","M","M","T","?","E","M","$","M","R","B"],"character_chosen":"IRONCLAD","items_purchased":["Metamorphosis","Shrug It Off","DollysMirror","ReplayTheSpireMod:Private Reserves","Armaments","blueLaboratory:BottleOfVodka","ReplayTheSpireMod:CursedCoin","Replay:Baseball"],"campfire_rested":1,"item_purchase_floors":[14,38,38,47,47,47,47,47],"current_hp_per_floor":[76,81,87,68,68,60,60,60,60,66,66,63,63,63,63,29,96,96,96,96,96,80,47,56,56,56,56,62,62,62,46,74,20,96,91,91,94,94,75,54,36,26,26,26,50,41,41,59,59,0,0],"gold":19,"neow_bonus":"TWENTY_PERCENT_HP_BONUS","is_daily":false,"chose_seed":false,"campfire_upgraded":4,"win_rate":0.0,"timestamp":1613872305,"path_taken":["M","M","M","?","?","E","?","R","T","?","?","M","R","?","R","BOSS","M","?","$","?","?","E","M","R","T","?","M","R","?","?","R","BOSS","M","?","M","$","M","E","M","M","T","?","E","M","?","M","R","BOSS"],"items_purchased_type":["Card","Card","Relic","Card","Card","Potion","Relic","Relic"],"build_version":"2020-12-22","purchased_purges":2,"victory":false,"max_hp_per_floor":[96,96,96,96,96,96,96,96,96,96,96,96,96,96,96,96,96,96,96,96,96,96,96,96,96,96,96,96,96,96,96,96,96,96,96,96,96,96,96,96,96,96,96,96,96,101,101,101,101,101,101],"card_choices":[{"not_picked":["Thunderclap","Feel No Pain"],"picked":"Pummel","floor":1},{"not_picked":["Anger","Entrench"],"picked":"Perfected Strike","floor":2},{"not_picked":["Replay:Undeath\u0027s Touch","Iron Wave"],"picked":"Perfected Strike","floor":3},{"not_picked":["Hemokinesis","ReplayTheSpireMod:Muscle Training"],"picked":"Cleave","floor":6},{"not_picked":["Body Slam","ReplayTheSpireMod:Corrosion Curse"],"picked":"Flex","floor":7},{"not_picked":["Searing Blow","Havoc"],"picked":"Shockwave","floor":10},{"not_picked":["Cleave","Thunderclap"],"picked":"Twin Strike","floor":12},{"not_picked":["Fiend Fire","Impervious"],"picked":"Berserk","floor":16},{"not_picked":["Warcry","Headbutt+1","Havoc"],"picked":"SKIP","floor":18},{"not_picked":["Cleave","Battle Trance"],"picked":"Pommel Strike","floor":22},{"not_picked":["Carnage","Perfected Strike"],"picked":"Whirlwind","floor":23},{"not_picked":["Clothesline","Anger"],"picked":"True Grit","floor":24},{"not_picked":["Sword Boomerang","Reckless Charge","ReplayTheSpireMod:Strike From Hell+1"],"picked":"SKIP","floor":28},{"not_picked":["Feed","Fiend Fire"],"picked":"Demon Form","floor":33},{"not_picked":["Feel No Pain","ReplayTheSpireMod:Muscle Training","Sword Boomerang"],"picked":"SKIP","floor":35},{"not_picked":["Uppercut+1","Fire Breathing+1","Clash"],"picked":"SKIP","floor":37},{"not_picked":["Body Slam","Twin Strike"],"picked":"True Grit","floor":39},{"not_picked":["Dark Embrace","Defy Death","Bludgeon"],"picked":"SKIP","floor":40},{"not_picked":["Whirlwind","Havoc"],"picked":"Clothesline","floor":41},{"not_picked":["Disarm","Body Slam+1"],"picked":"True Grit","floor":42},{"not_picked":["ReplayTheSpireMod:Corrosion Curse","Reckless Charge+1"],"picked":"ReplayReversal+1","floor":44},{"not_picked":["Replay:Undeath\u0027s Touch","Havoc","Inflame"],"picked":"SKIP","floor":45},{"not_picked":["True Grit","Fiend Fire"],"picked":"Rage","floor":46},{"not_picked":["Warcry+1","Wild Strike","Combust+1"],"picked":"SKIP","floor":48},{"not_picked":["Crow Ritual","Metamorphosis"],"picked":"Trip","floor":49}],"player_experience":316046,"relics_obtained":[{"floor":6,"key":"Simple Rune"},{"floor":9,"key":"Matryoshka"},{"floor":10,"key":"Odd Mushroom"},{"floor":23,"key":"Meat on the Bone"},{"floor":26,"key":"Orichalcum"},{"floor":31,"key":"Enchiridion"},{"floor":34,"key":"PreservedInsect"},{"floor":34,"key":"Replay:Bottled Steam"},{"floor":34,"key":"Replay:Arrowhead"},{"floor":40,"key":"Lantern"},{"floor":43,"key":"Replay:Mystery Machine"},{"floor":43,"key":"Mercury Hourglass"},{"floor":44,"key":"reliquary:Knoch"},{"floor":45,"key":"Red Skull"}],"event_choices":[{"damage_healed":0,"gold_gain":0,"player_choice":"Entered Light","damage_taken":19,"max_hp_gain":0,"max_hp_loss":0,"event_name":"Shining Light","floor":4,"gold_loss":0,"cards_upgraded":["Strike_R","Bash"]},{"damage_healed":0,"gold_gain":0,"player_choice":"Bought 1 Potion","damage_taken":0,"max_hp_gain":0,"max_hp_loss":0,"event_name":"The Woman in Blue","floor":5,"gold_loss":0},{"damage_healed":0,"gold_gain":0,"player_choice":"Fought Mushrooms","damage_taken":0,"max_hp_gain":0,"max_hp_loss":0,"event_name":"Mushrooms","floor":10,"gold_loss":0},{"damage_healed":0,"gold_gain":0,"player_choice":"Leave","damage_taken":0,"max_hp_gain":0,"max_hp_loss":0,"event_name":"The Cleric","floor":11,"gold_loss":0},{"damage_healed":0,"gold_gain":0,"player_choice":"Upgraded","damage_taken":0,"max_hp_gain":0,"max_hp_loss":0,"event_name":"Upgrade Shrine","floor":21,"gold_loss":0,"cards_upgraded":["Berserk"]},{"damage_healed":0,"gold_gain":0,"player_choice":"Simplicity","damage_taken":0,"max_hp_gain":0,"max_hp_loss":0,"event_name":"Back to Basics","floor":27,"gold_loss":0,"cards_upgraded":["Strike_R","Strike_R","Strike_R","Strike_R","Strike_R","Defend_R","Defend_R","Defend_R","Defend_R"]},{"damage_healed":0,"gold_gain":0,"player_choice":"Copied","damage_taken":0,"max_hp_gain":0,"max_hp_loss":0,"event_name":"Duplicator","floor":30,"gold_loss":0,"cards_obtained":["Berserk"]},{"damage_healed":0,"gold_gain":0,"player_choice":"Obtained Book","damage_taken":16,"max_hp_gain":0,"max_hp_loss":0,"event_name":"Cursed Tome","floor":31,"gold_loss":0},{"damage_healed":0,"gold_gain":0,"player_choice":"Ignored","damage_taken":0,"max_hp_gain":0,"max_hp_loss":0,"event_name":"Tomb of Lord Red Mask","floor":36,"gold_loss":0},{"damage_healed":0,"gold_gain":0,"player_choice":"Memory 1","damage_taken":0,"max_hp_gain":0,"max_hp_loss":0,"event_name":"SensoryStone","floor":49,"gold_loss":0}],"is_beta":false,"boss_relics":[{"not_picked":["Painkiller Herb","Replay:Drink Me"],"picked":"Cursed Key"},{"not_picked":["Sozu","Tiny House"],"picked":"Calling Bell"}],"items_purged_floors":[38,47],"is_endless":false,"potions_floor_spawned":[1,6,7,12,23,33,35,42,45,46],"killed_by":"Time Eater","ascension_level":0}}