{"host":"ie50qk0ts9eskyyo","time":1613901943,"event":{"mods":["BaseMod","BetterRewards","Colored Map","Curses Come First","Downfall","Friendly Minions","Highlight Path","Hubris","Infinite Spire","Minty Spire (QoL Compilation)","Quick Restart","Reliquary","Replay The Spire","Robot Space Explorer","Shop Mod","StSLib","SuperFastMode","The Jungle"],"gold_per_floor":[109,121,21,21,34,64,64,64,64,64,80,80,80,91,91,186,286,211,211],"floor_reached":18,"language":"ENG","playtime":694,"items_purged":["Strike_B","Zap"],"score":170,"play_id":"22c05d50-9640-4c59-bbfa-9804d513e664","local_time":"20210221050543","is_ascension_mode":true,"campfire_choices":[{"data":"ReplayTheSpireMod:Reroute Power","floor":8,"key":"SMITH"},{"data":"Beam Cell","floor":10,"key":"SMITH"},{"data":"Consume","floor":12,"key":"SMITH"},{"data":"BasicCrystalCard","floor":15,"key":"SMITH"}],"circlet_count":0,"master_deck":["Strike_B","Strike_B+1","Strike_B+1","Defend_B","Defend_B","Defend_B","Defend_B","Dualcast","Leap+1","Genetic Algorithm+1","ReplayTheSpireMod:Reroute Power+1","Doom and Gloom","Consume+1","Beam Cell+1","BasicCrystalCard+1","Capacitor","Echo Form"],"relics":["Cracked Core","hubris:SlimyHat","Whetstone","hubris:HerbalPaste","Carrot","reliquary:Knoch","Replay:Wax Seal","Replay:Wanted Poster"],"acts_visited":["Exordium","TheCity"],"potions_floor_usage":[16],"damage_taken":[{"damage":0,"enemies":"Cultist","floor":1,"turns":2},{"damage":0,"enemies":"Small Slimes","floor":2,"turns":2},{"damage":0,"enemies":"2 Louse","floor":5,"turns":2},{"damage":26,"enemies":"Lagavulin","floor":6,"turns":7},{"damage":0,"enemies":"Looter","floor":11,"turns":3},{"damage":13,"enemies":"Exordium Thugs","floor":14,"turns":3},{"damage":4,"enemies":"Slime Boss","floor":16,"turns":8},{"damage":13,"enemies":"2 Thieves","floor":18,"turns":4}],"seed_played":"801914345519163510","potions_obtained":[{"floor":5,"key":"Toxic Potion"},{"floor":11,"key":"BlessingOfTheForge"},{"floor":16,"key":"champ:CounterPotion"}],"is_trial":false,"path_per_floor":["M","M","$","?","M","E","?","R","T","R","M","R","?","M","R","B",null,"M"],"character_chosen":"DEFECT","items_purchased":["Leap+1","hubris:SlimyHat","Whetstone","hubris:HerbalPaste","Genetic Algorithm","Adrenaline Potion"],"campfire_rested":0,"item_purchase_floors":[0,0,0,0,0,0],"current_hp_per_floor":[43,46,46,46,49,29,29,29,29,29,34,34,34,26,26,28,75,65,65],"gold":211,"neow_bonus":"","is_daily":false,"chose_seed":false,"campfire_upgraded":4,"win_rate":0.0,"timestamp":1613901943,"path_taken":["M","?","$","?","M","E","?","R","T","R","M","R","?","M","R","BOSS","M"],"items_purchased_type":["Card","Relic","Relic","Relic","Card","Potion"],"build_version":"2020-12-22","purchased_purges":2,"victory":false,"max_hp_per_floor":[75,75,75,75,75,75,75,75,75,75,75,75,75,75,75,75,75,75,75],"card_choices":[{"not_picked":["Barrage","Hologram"],"picked":"Doom and Gloom","floor":1},{"not_picked":["Compile Driver","Beam Cell"],"picked":"Consume","floor":2},{"not_picked":["Hologram","Leap","Reprogram"],"picked":"SKIP","floor":5},{"not_picked":["Rebound","Panic Button","Cold Snap"],"picked":"SKIP","floor":6},{"not_picked":["Consume","Self Repair"],"picked":"BasicCrystalCard","floor":11},{"not_picked":["Turbo","Panic Button"],"picked":"Capacitor","floor":14},{"not_picked":["Thunder Strike","Meteor Strike"],"picked":"Echo Form","floor":16}],"player_experience":117578,"relics_obtained":[{"floor":6,"key":"reliquary:Knoch"}],"event_choices":[{"damage_healed":0,"gold_gain":0,"player_choice":"Searched \u00271\u0027 times","damage_taken":0,"relics_obtained":["Replay:Wax Seal"],"max_hp_gain":0,"max_hp_loss":0,"event_name":"Dead Adventurer","floor":13,"gold_loss":0}],"is_beta":false,"boss_relics":[{"not_picked":["Velvet Choker","reliquary:WritOfMandamus"],"picked":"Replay:Wanted Poster"}],"items_purged_floors":[0,3],"is_endless":false,"potions_floor_spawned":[5,11,14,16],"killed_by":"2 Thieves","ascension_level":1}}