{"host":"6nlkmf8brg11b1z4","time":1613928035,"event":{"mods":["AchievementEnabler","Act Like it!","BaseMod","BetterRewards","Downfall","Hermit","Key Reminder","Minty Spire (QoL Compilation)","Relic Filter","StSLib"],"gold_per_floor":[111,111,111,130,149,182,193,203,203,213,243,269,294,294,294,394,394,410,245,261,261,271,271,296,311,338,369,68,103,103,119,119,221,221,240,240,240,240,292,292,292,303,303,303,353,372,372,385,385,385,385,385,60,89,89],"floor_reached":56,"language":"ENG","playtime":1870,"items_purged":["Defend_R","Defend_R","Defend_R"],"score":1702,"play_id":"02800e2c-4729-4d20-b721-3887979bdaf7","local_time":"20210221182035","is_ascension_mode":false,"campfire_choices":[{"data":"Flex","floor":15,"key":"SMITH"},{"data":"Flex","floor":23,"key":"SMITH"},{"data":"Whirlwind","floor":30,"key":"SMITH"},{"data":"Pummel","floor":32,"key":"SMITH"},{"data":"Bash","floor":40,"key":"SMITH"},{"data":"1","floor":47,"key":"LIFT"},{"floor":49,"key":"RECALL"},{"data":"2","floor":52,"key":"LIFT"}],"circlet_count":0,"master_deck":["Strike_R","Strike_R","Strike_R","Strike_R","Strike_R","Defend_R","Bash+1","Clash","Flex+1","Whirlwind+1","Flex+1","Pummel+1","Offering+1","Flex+1","Pommel Strike+1","Clash+1","Pommel Strike+1","Spot Weakness+1","Sword Boomerang+1","Sword Boomerang+1","Disarm+1","Pommel Strike+1","Sword Boomerang+1","Pommel Strike+1","Sword Boomerang+1","Sword Boomerang+1","Power Through+1"],"relics":["Burning Blood","Shuriken","ClockworkSouvenir","Ice Cream","Letter Opener","Molten Egg 2","StrikeDummy","Odd Mushroom","CaptainsWheel","Black Star","Omamori","Bottled Flame","Centennial Puzzle","Tiny Chest","War Paint","Magic Flower","Bag of Preparation","Toxic Egg 2","Cursed Key","Charon\u0027s Ashes","Mercury Hourglass","Girya","Chemical X","Bronze Scales","Ornamental Fan","Pen Nib"],"acts_visited":["Exordium","TheCity","TheBeyond","TheEnding"],"potions_floor_usage":[6,6,13,39,45,55],"damage_taken":[{"damage":0,"enemies":"Small Slimes","floor":1,"turns":2},{"damage":0,"enemies":"Cultist","floor":4,"turns":2},{"damage":0,"enemies":"2 Louse","floor":5,"turns":2},{"damage":12,"enemies":"3 Sentries","floor":6,"turns":5},{"damage":6,"enemies":"Large Slime","floor":7,"turns":2},{"damage":17,"enemies":"3 Louse","floor":8,"turns":2},{"damage":6,"enemies":"Looter","floor":10,"turns":1},{"damage":6,"enemies":"Lagavulin","floor":11,"turns":3},{"damage":6,"enemies":"The Mushroom Lair","floor":12,"turns":1},{"damage":0,"enemies":"Gremlin Nob","floor":13,"turns":2},{"damage":6,"enemies":"Slime Boss","floor":16,"turns":2},{"damage":6,"enemies":"Spheric Guardian","floor":18,"turns":2},{"damage":5,"enemies":"Shell Parasite","floor":20,"turns":2},{"damage":16,"enemies":"Cultist and Chosen","floor":22,"turns":2},{"damage":28,"enemies":"Gremlin Leader","floor":24,"turns":3},{"damage":5,"enemies":"Chosen and Byrds","floor":25,"turns":3},{"damage":13,"enemies":"Book of Stabbing","floor":27,"turns":2},{"damage":6,"enemies":"Gremlin Leader","floor":29,"turns":2},{"damage":12,"enemies":"Centurion and Healer","floor":31,"turns":2},{"damage":14,"enemies":"Automaton","floor":33,"turns":3},{"damage":6,"enemies":"3 Darklings","floor":35,"turns":1},{"damage":9,"enemies":"3 Shapes","floor":38,"turns":1},{"damage":16,"enemies":"2 Orb Walkers","floor":39,"turns":2},{"damage":6,"enemies":"Transient","floor":42,"turns":5},{"damage":6,"enemies":"Mind Bloom Boss Battle","floor":45,"turns":3},{"damage":6,"enemies":"Maw","floor":46,"turns":2},{"damage":6,"enemies":"Spire Growth","floor":48,"turns":1},{"damage":26,"enemies":"Donu and Deca","floor":50,"turns":3},{"damage":0,"enemies":"Shield and Spear","floor":54,"turns":2},{"damage":73,"enemies":"The Heart","floor":55,"turns":5}],"seed_played":"1817357718912770861","potions_obtained":[{"floor":1,"key":"PowerPotion"},{"floor":5,"key":"Block Potion"},{"floor":11,"key":"SpeedPotion"},{"floor":12,"key":"DuplicationPotion"},{"floor":13,"key":"Fruit Juice"},{"floor":16,"key":"Regen Potion"},{"floor":31,"key":"Strength Potion"},{"floor":39,"key":"SmokeBomb"},{"floor":45,"key":"Fire Potion"}],"is_trial":false,"path_per_floor":["M","?","?","M","M","E","M","M","T","M","E","?","E","?","R","B",null,"M","$","M","?","M","R","E","M","T","E","$","E","R","M","R","B",null,"M","?","?","M","?","R","T","M","T","?","?","M","R","M","R","B",null,"R","$","E","B",null],"character_chosen":"IRONCLAD","items_purchased":["Shuriken","Clash","ClockworkSouvenir","Flex","Whirlwind","Spot Weakness","Magic Flower","Chemical X","Bronze Scales","Sword Boomerang+1"],"campfire_rested":0,"item_purchase_floors":[0,0,0,0,0,19,28,53,53,53],"current_hp_per_floor":[80,77,77,80,80,74,74,63,63,63,63,63,74,74,74,74,85,85,85,85,85,75,75,53,54,54,47,47,50,50,47,47,42,85,85,85,85,85,78,78,78,81,81,81,84,85,85,85,85,68,85,85,85,85,35],"gold":89,"neow_bonus":"","is_daily":false,"chose_seed":false,"campfire_upgraded":5,"win_rate":0.0,"timestamp":1613928035,"path_taken":["M","?","?","M","M","E","M","M","T","M","E","?","E","?","R","BOSS","M","$","M","?","?","R","E","M","T","E","$","E","R","M","R","BOSS","M","?","?","M","?","R","?","M","T","?","?","?","R","M","R","BOSS","R","$","E","BOSS"],"items_purchased_type":["Relic","Card","Relic","Card","Card","Card","Relic","Relic","Relic","Card"],"build_version":"2020-12-22","purchased_purges":3,"victory":true,"max_hp_per_floor":[80,80,80,80,80,80,80,80,80,80,80,80,85,85,85,85,85,85,85,85,85,85,85,85,85,85,85,85,85,85,85,85,85,85,85,85,85,85,85,85,85,85,85,85,85,85,85,85,85,85,85,85,85,85,85],"card_choices":[{"not_picked":["Iron Wave","Metallicize","Bloodletting"],"picked":"SKIP","floor":1},{"not_picked":["Dual Wield","Sever Soul"],"picked":"Flex","floor":4},{"not_picked":["Evolve","Havoc"],"picked":"Pummel","floor":5},{"not_picked":["Infernal Blade","Anger"],"picked":"Offering","floor":6},{"not_picked":["Iron Wave","Cleave","Headbutt"],"picked":"SKIP","floor":7},{"not_picked":["Cleave","Havoc","Twin Strike"],"picked":"SKIP","floor":8},{"not_picked":["Combust","True Grit"],"picked":"Flex","floor":10},{"not_picked":["Double Tap","Headbutt+1"],"picked":"Pommel Strike+1","floor":11},{"not_picked":["Body Slam+1","Armaments"],"picked":"Clash+1","floor":12},{"not_picked":["Anger+1","Intimidate","Heavy Blade+1"],"picked":"SKIP","floor":13},{"not_picked":["Sword Boomerang+1","Evolve"],"picked":"Pommel Strike+1","floor":18},{"not_picked":["Dropkick+1","Anger+1"],"picked":"Sword Boomerang+1","floor":20},{"not_picked":["Dropkick+1","Headbutt+1"],"picked":"Sword Boomerang+1","floor":22},{"not_picked":["Exhume","True Grit","Shrug It Off"],"picked":"SKIP","floor":24},{"not_picked":["Sever Soul+1","Thunderclap+1"],"picked":"Sword Boomerang+1","floor":25},{"not_picked":["Feed+1","Armaments","Searing Blow+1"],"picked":"SKIP","floor":27},{"not_picked":["Flame Barrier+1","Intimidate+1"],"picked":"Disarm+1","floor":29},{"not_picked":["Wild Strike+1","True Grit+1"],"picked":"Pommel Strike+1","floor":31},{"not_picked":["Intimidate+1","Perfected Strike+1","Havoc+1"],"picked":"SKIP","floor":35},{"not_picked":["Infernal Blade+1","Second Wind+1","Warcry+1"],"picked":"SKIP","floor":38},{"not_picked":["True Grit+1","Dark Embrace+1"],"picked":"Sword Boomerang+1","floor":42},{"not_picked":["Entrench+1","Iron Wave+1"],"picked":"Pommel Strike+1","floor":45},{"not_picked":["Infernal Blade+1","Clothesline+1","Shrug It Off+1"],"picked":"SKIP","floor":46},{"not_picked":["Blood for Blood+1","Sentinel+1"],"picked":"Sword Boomerang+1","floor":48},{"not_picked":["Battle Trance+1","Pommel Strike+1"],"picked":"Power Through+1","floor":54}],"player_experience":412351,"relics_obtained":[{"floor":6,"key":"Letter Opener"},{"floor":9,"key":"Molten Egg 2"},{"floor":11,"key":"StrikeDummy"},{"floor":12,"key":"Odd Mushroom"},{"floor":13,"key":"CaptainsWheel"},{"floor":24,"key":"Omamori"},{"floor":24,"key":"Bottled Flame"},{"floor":26,"key":"Centennial Puzzle"},{"floor":27,"key":"Tiny Chest"},{"floor":27,"key":"War Paint"},{"floor":29,"key":"Bag of Preparation"},{"floor":29,"key":"Toxic Egg 2"},{"floor":39,"key":"Charon\u0027s Ashes"},{"floor":43,"key":"Mercury Hourglass"},{"floor":45,"key":"Girya"},{"floor":54,"key":"Ornamental Fan"},{"floor":54,"key":"Pen Nib"}],"event_choices":[{"damage_healed":0,"gold_gain":0,"player_choice":"Success","damage_taken":3,"relics_obtained":["Ice Cream"],"max_hp_gain":0,"max_hp_loss":0,"event_name":"Scrap Ooze","floor":2,"gold_loss":0},{"damage_healed":0,"gold_gain":0,"player_choice":"Ignored","damage_taken":0,"max_hp_gain":0,"max_hp_loss":0,"event_name":"Liars Game","floor":3,"gold_loss":0},{"damage_healed":0,"gold_gain":0,"player_choice":"Fought Mushrooms","damage_taken":0,"max_hp_gain":0,"max_hp_loss":0,"event_name":"Mushrooms","floor":12,"gold_loss":0},{"damage_healed":0,"gold_gain":0,"player_choice":"Forge","damage_taken":0,"max_hp_gain":0,"max_hp_loss":0,"event_name":"Accursed Blacksmith","floor":14,"gold_loss":0,"cards_upgraded":["Flex"]},{"damage_healed":0,"gold_gain":0,"player_choice":"Ignored","damage_taken":0,"max_hp_gain":0,"max_hp_loss":0,"event_name":"NoteForYourself","floor":21,"gold_loss":0},{"damage_healed":0,"gold_gain":0,"player_choice":"Memory 1","damage_taken":0,"max_hp_gain":0,"max_hp_loss":0,"event_name":"SensoryStone","floor":36,"gold_loss":0},{"damage_healed":0,"gold_gain":0,"player_choice":"Ignored","damage_taken":0,"max_hp_gain":0,"max_hp_loss":0,"event_name":"Tomb of Lord Red Mask","floor":37,"gold_loss":0},{"damage_healed":0,"gold_gain":0,"player_choice":"Fight","damage_taken":0,"max_hp_gain":0,"max_hp_loss":0,"event_name":"Mysterious Sphere","floor":39,"gold_loss":0},{"cards_removed":["Sword Boomerang"],"damage_healed":0,"gold_gain":0,"player_choice":"Removed Attack","damage_taken":0,"max_hp_gain":0,"max_hp_loss":0,"event_name":"Falling","floor":44,"gold_loss":0},{"damage_healed":0,"gold_gain":0,"player_choice":"Fight","damage_taken":0,"max_hp_gain":0,"max_hp_loss":0,"event_name":"MindBloom","floor":45,"gold_loss":0}],"is_beta":false,"boss_relics":[{"not_picked":["Velvet Choker","Runic Cube"],"picked":"Black Star"},{"not_picked":["Busted Crown","Empty Cage"],"picked":"Cursed Key"}],"items_purged_floors":[0,0,19],"is_endless":false,"potions_floor_spawned":[1,5,11,12,13,16,20,22,29,31,33,39,45,48],"ascension_level":0}}