{"host":"k653q14gphaoox56","time":1613875201,"event":{"mods":["BaseMod","Colored Map","Conspire","DeckTracker","Hubris","Infinite Spire","Minty Spire (QoL Compilation)","Replay The Spire","StSLib"],"gold_per_floor":[116,116,126,126,126,126,26,26,26,26,51,65,97,165,197,221,221,339,339,351,0,0,0,0,47,47,57,57,57,83,83,117,164,164,164,164],"floor_reached":35,"language":"ENG","playtime":1344,"items_purged":[],"score":285,"play_id":"f236d736-7e49-4536-97f0-b3be00895bbf","local_time":"20210220214001","is_ascension_mode":false,"campfire_choices":[{"data":"Fire Breathing","floor":8,"key":"SMITH"},{"data":"Wild Strike","floor":10,"key":"SMITH"},{"data":"Rage","floor":17,"key":"SMITH"},{"data":"Searing Blow+2","floor":29,"key":"SMITH"},{"data":"Searing Blow+3","floor":31,"key":"SMITH"}],"circlet_count":0,"master_deck":["Strike_R","Strike_R","Strike_R","Strike_R","Defend_R","Defend_R","Defend_R","Defend_R","Bash","Wild Strike+1","Fire Breathing+1","Rage","Looming Evil","Looming Evil","infinitespire:UltimateForm","conspire:SpireCoStock","conspire:SpireCoStock","Rage+1","Sever Soul","Heavy Blade","Twin Strike","conspire:HitWhereItHurts+1","Searing Blow+4","hubris:Fate","Beam Cell","Whirlwind","Power Through","Wild Strike","Armaments","Iron Wave+1"],"relics":["Burning Blood","NeowsBlessing","Juzu Bracelet","infinitespire:EmpoweringShard","hubris:ScarierMask","Bottled Flame","Boot","conspire:Dentures","PreservedInsect"],"acts_visited":["Exordium","TheCity"],"potions_floor_usage":[18,25,35,35],"damage_taken":[{"damage":2,"enemies":"conspire:RoseBush","floor":1,"turns":1},{"damage":0,"enemies":"Cultist","floor":3,"turns":1},{"damage":0,"enemies":"Small Slimes","floor":12,"turns":1},{"damage":11,"enemies":"Blue Slaver","floor":13,"turns":4},{"damage":24,"enemies":"Looter","floor":15,"turns":4},{"damage":0,"enemies":"Large Slime","floor":16,"turns":4},{"damage":30,"enemies":"Slime Boss","floor":18,"turns":6},{"damage":0,"enemies":"Chosen","floor":20,"turns":4},{"damage":7,"enemies":"conspire:Head Lice","floor":25,"turns":9},{"damage":0,"enemies":"3 Byrds","floor":27,"turns":4},{"damage":6,"enemies":"3 Cultists","floor":30,"turns":3},{"damage":17,"enemies":"Shelled Parasite and Fungi","floor":32,"turns":4},{"damage":67,"enemies":"Nightmare","floor":33,"turns":12},{"damage":33,"enemies":"hubris:MusketHawk","floor":35,"turns":4}],"seed_played":"5432072248456764241","potions_obtained":[{"floor":12,"key":"SpeedPotion"},{"floor":15,"key":"Weak Potion"},{"floor":16,"key":"Fire Potion"},{"floor":20,"key":"BlessingOfTheForge"},{"floor":30,"key":"Fire Potion"}],"is_trial":false,"path_per_floor":["M","?","M","?","PTL","PTL","?","R","$","R","T","M","M","T","M","M","R","B",null,"M","?","AVR","?","?","E","?","M","T","R","M","R","M","NM","R_BF","B"],"character_chosen":"IRONCLAD","items_purchased":[],"campfire_rested":0,"item_purchase_floors":[],"current_hp_per_floor":[80,80,80,80,80,80,80,80,80,80,80,80,75,75,57,63,63,39,80,80,80,80,80,80,79,79,80,80,80,80,80,69,8,32,0,0],"gold":164,"neow_bonus":"THREE_ENEMY_KILL","is_daily":false,"chose_seed":false,"campfire_upgraded":5,"win_rate":0.0,"timestamp":1613875201,"path_taken":["M","?","?","?","PTL","PTL","?","R","$","R","T","M","M","?","M","M","R","BOSS","M","?","AVR","?","?","E","?","M","T","R","M","R","M","NM","R_BF","BOSS"],"items_purchased_type":[],"build_version":"2020-12-22","purchased_purges":0,"victory":false,"max_hp_per_floor":[80,80,80,80,80,80,80,80,80,80,80,80,80,80,80,80,80,80,80,80,80,80,80,80,80,80,80,80,80,80,80,80,80,80,80,80],"card_choices":[{"not_picked":["Entrench","hubris:ReadiedAction"],"picked":"Wild Strike","floor":1},{"not_picked":["Twin Strike","Entrench"],"picked":"Rage","floor":3},{"not_picked":["infinitespire:NeuralNetwork","infinitespire:Oblivion"],"picked":"infinitespire:UltimateForm","floor":4},{"not_picked":["Warcry","Wild Strike"],"picked":"Rage","floor":12},{"not_picked":["Thunderclap","Clothesline"],"picked":"Sever Soul","floor":13},{"not_picked":["Dual Wield","True Grit"],"picked":"Heavy Blade","floor":15},{"not_picked":["Dual Wield","hubris:ReadiedAction"],"picked":"Twin Strike","floor":16},{"not_picked":["Bludgeon","Reaper"],"picked":"conspire:HitWhereItHurts","floor":18},{"not_picked":["Headbutt","ReplayTheSpireMod:Muscle Training"],"picked":"Searing Blow+1","floor":20},{"not_picked":["ReplayTheSpireMod:Strike From Hell","Run Through+1"],"picked":"Whirlwind","floor":25},{"not_picked":["Replay:Undeath\u0027s Touch","ReplayTheSpireMod:LeadingStrike"],"picked":"Power Through","floor":27},{"not_picked":["Dark Embrace","Clash+1"],"picked":"Wild Strike","floor":30},{"not_picked":["Clash","Replay:Undeath\u0027s Touch+1"],"picked":"Armaments","floor":32},{"not_picked":["Heavy Blade","ReplayTheSpireMod:LeadingStrike"],"picked":"Iron Wave+1","floor":33}],"player_experience":140674,"relics_obtained":[{"floor":11,"key":"Juzu Bracelet"},{"floor":14,"key":"infinitespire:EmpoweringShard"},{"floor":25,"key":"Boot"},{"floor":28,"key":"conspire:Dentures"},{"floor":33,"key":"PreservedInsect"}],"event_choices":[{"damage_healed":0,"gold_gain":0,"cards_transformed":["Strike_R"],"player_choice":"Transformed","damage_taken":0,"max_hp_gain":0,"max_hp_loss":0,"event_name":"Transmorgrifier","floor":2,"gold_loss":0,"cards_obtained":["Fire Breathing"]},{"damage_healed":0,"gold_gain":0,"player_choice":"Invest 2","damage_taken":0,"max_hp_gain":0,"max_hp_loss":0,"event_name":"conspire:Investor","floor":7,"gold_loss":0},{"damage_healed":0,"gold_gain":0,"player_choice":"Paid Fearfully","damage_taken":0,"max_hp_gain":0,"max_hp_loss":0,"event_name":"Masked Bandits","floor":21,"gold_loss":351},{"damage_healed":0,"gold_gain":0,"player_choice":"Read","damage_taken":0,"max_hp_gain":0,"max_hp_loss":0,"event_name":"The Library","floor":24,"gold_loss":0,"cards_obtained":["Beam Cell"]},{"damage_healed":0,"gold_gain":0,"player_choice":"Ignored","damage_taken":0,"max_hp_gain":0,"max_hp_loss":0,"event_name":"Ghosts","floor":26,"gold_loss":0}],"is_beta":false,"boss_relics":[{"not_picked":["Honey Jar","ChewingGum"],"picked":"hubris:ScarierMask"}],"items_purged_floors":[],"is_endless":true,"potions_floor_spawned":[12,15,16,20,30],"killed_by":"hubris:MusketHawk","ascension_level":0}}