{"host":"b7j598ve05halrwk","time":1613886748,"event":{"mods":["2.2 Compatiblity","BaseMod","Block Reminder","DeckTracker","Minty Spire (QoL Compilation)","Relic Stats","Slay the Relics Exporter","StSLib","ojb\u0027s Better Paths Mod","ojb\u0027s Info Mod"],"gold_per_floor":[113,38,38,38,58,58,133,161,161,201,224,224,248,248,248,331,331,358,12,39,48,67,103,103,139,164,164,202,231,258,115,115,195,195,220,21,36,92,108,142,102,102,102,122,122,161,193,205,217,229,241,253,265,58,100,100,100],"floor_reached":56,"language":"ENG","playtime":6713,"items_purged":["Writhe","Strike_B"],"score":2246,"play_id":"77efedac-0a31-4287-ba35-943204acd18a","local_time":"20210221005228","is_ascension_mode":true,"campfire_choices":[{"data":"Defragment","floor":6.0,"key":"SMITH"},{"floor":12.0,"key":"REST"},{"data":"Go for the Eyes","floor":15.0,"key":"SMITH"},{"data":"Electrodynamics","floor":24,"key":"SMITH"},{"data":"Multi-Cast","floor":27,"key":"SMITH"},{"data":"Defragment","floor":32,"key":"SMITH"},{"data":"Seek","floor":42,"key":"SMITH"},{"floor":49,"key":"RECALL"},{"data":"Consume","floor":53,"key":"SMITH"}],"circlet_count":0,"master_deck":["AscendersBane","Defend_B","Defend_B+1","Defend_B","Zap","Dualcast","Reinforced Body","Defragment+1","Chill","Cold Snap+1","Beam Cell+1","Go for the Eyes+1","Stack","Genetic Algorithm","Electrodynamics+1","Conserve Battery","Ghostly","Ghostly","Ghostly","Leap+1","Coolheaded","Multi-Cast+1","Echo Form","Barrage","Undo","Ball Lightning","Defragment+1","Aggregate","Seek+1","Turbo+1","Consume+1","FTL","Meteor Strike","Tempest+1","Conserve Battery+1","Genetic Algorithm","Seek","Compile Driver","Coolheaded+1","Static Discharge","Coolheaded+1"],"relics":["Cracked Core","Pantograph","Ornamental Fan","Symbiotic Virus","CeramicFish","Philosopher\u0027s Stone","Runic Capacitor","Bag of Preparation","Whetstone","Lantern","Anchor","Runic Pyramid","Strange Spoon","Mango","PreservedInsect","MawBank","Orrery","War Paint"],"acts_visited":["Exordium","TheCity","TheBeyond","TheEnding"],"potions_floor_usage":[18,23,55,56],"damage_taken":[{"damage":2.0,"enemies":"Jaw Worm","floor":1.0,"turns":4.0},{"damage":0.0,"enemies":"Small Slimes","floor":5.0,"turns":3.0},{"damage":5.0,"enemies":"Lagavulin","floor":8.0,"turns":9.0},{"damage":11.0,"enemies":"3 Sentries","floor":10.0,"turns":9.0},{"damage":2.0,"enemies":"2 Louse","floor":11.0,"turns":3.0},{"damage":0.0,"enemies":"Large Slime","floor":13.0,"turns":3.0},{"damage":20.0,"enemies":"The Guardian","floor":16.0,"turns":14.0},{"damage":2,"enemies":"Chosen","floor":18,"turns":6},{"damage":0,"enemies":"2 Thieves","floor":21,"turns":5},{"damage":1,"enemies":"Centurion and Healer","floor":22,"turns":7},{"damage":0,"enemies":"Book of Stabbing","floor":23,"turns":6},{"damage":4,"enemies":"Gremlin Leader","floor":25,"turns":6},{"damage":12,"enemies":"Book of Stabbing","floor":28,"turns":7},{"damage":0,"enemies":"Snecko","floor":29,"turns":7},{"damage":3,"enemies":"3 Cultists","floor":30,"turns":4},{"damage":0,"enemies":"Automaton","floor":33,"turns":8},{"damage":0,"enemies":"3 Shapes","floor":35,"turns":4},{"damage":0,"enemies":"Orb Walker","floor":37,"turns":5},{"damage":5,"enemies":"2 Orb Walkers","floor":38,"turns":5},{"damage":0,"enemies":"3 Darklings","floor":39,"turns":19},{"damage":9,"enemies":"Reptomancer","floor":40,"turns":6},{"damage":0,"enemies":"4 Shapes","floor":44,"turns":4},{"damage":1,"enemies":"Giant Head","floor":46,"turns":5},{"damage":0,"enemies":"Maw","floor":47,"turns":10},{"damage":2,"enemies":"Awakened One","floor":50,"turns":21},{"damage":0,"enemies":"Donu and Deca","floor":51,"turns":10},{"damage":0,"enemies":"Shield and Spear","floor":55,"turns":8},{"damage":52,"enemies":"The Heart","floor":56,"turns":12}],"seed_played":"-7760658066942985537","potions_obtained":[{"floor":11.0,"key":"Explosive Potion"},{"floor":13.0,"key":"AttackPotion"},{"floor":16.0,"key":"Block Potion"},{"floor":23,"key":"EssenceOfSteel"},{"floor":35,"key":"LiquidMemories"},{"floor":41,"key":"Weak Potion"},{"floor":55,"key":"SmokeBomb"}],"is_trial":false,"path_per_floor":["M","$","?","?","M","R","?","E","T","E","M","R","M","?","R","B",null,"M","$","?","M","M","E","R","E","T","R","E","M","M","$","R","B",null,"M","$","M","?","M","E","?","R","T","M","?","E","M","?","R","B","B",null,"R","$","E","B"],"character_chosen":"DEFECT","items_purchased":["Runic Capacitor","LiquidBronze","Defragment","Aggregate","Strange Spoon","Consume","Orrery","Static Discharge"],"campfire_rested":1,"item_purchase_floors":[19,19,31,31,36,36,54,54],"current_hp_per_floor":[62,62,62,36,36,36,25,20,20,9,7,28,28,21,21,26,60,58,58,35,35,34,34,34,30,30,30,18,18,15,15,15,35,35,35,35,35,44,44,35,35,35,35,35,35,34,34,34,34,45,47,47,47,47,47,0,0],"gold":100,"neow_bonus":"TRANSFORM_TWO_CARDS","is_daily":false,"chose_seed":false,"campfire_upgraded":7,"win_rate":0.0,"timestamp":1613886748,"path_taken":["M","$","?","?","M","R","?","E","T","E","M","R","?","?","R","BOSS","M","$","?","M","M","E","R","E","T","R","E","M","M","$","R","BOSS","M","$","M","?","M","E","?","R","T","?","?","E","M","?","R","BOSS","BOSS","R","$","E","BOSS"],"items_purchased_type":["Relic","Potion","Card","Card","Relic","Card","Relic","Card"],"build_version":"2020-12-22","purchased_purges":2,"victory":false,"max_hp_per_floor":[71,71,71,71,71,71,71,71,71,71,71,71,71,71,71,71,71,71,71,35,35,35,35,35,35,35,35,35,35,35,35,35,35,35,35,35,35,49,49,49,49,49,49,49,47,47,47,47,47,47,47,47,47,47,47,47,47],"relic_stats":{"Strange Spoon":[57],"counters":[28,210],"Ornamental Fan":[64],"Pantograph":60,"CeramicFish":270,"PreservedInsect":207,"Bag of Preparation":[34],"Whetstone":["Cold Snap","Beam Cell"],"War Paint":["Tempest","Defend_B"],"MawBank":96,"obtain_stats":[{"Lantern":26,"CeramicFish":10,"Mango":38,"PreservedInsect":40,"Runic Capacitor":19,"Bag of Preparation":23,"Whetstone":25,"War Paint":55,"MawBank":46,"Strange Spoon":36,"Anchor":28,"Ornamental Fan":8,"Pantograph":4,"Orrery":54,"Philosopher\u0027s Stone":17,"Cracked Core":0,"Symbiotic Virus":9,"Runic Pyramid":34},{"Lantern":12,"CeramicFish":4,"Mango":19,"PreservedInsect":21,"Runic Capacitor":8,"Bag of Preparation":11,"Whetstone":12,"War Paint":27,"MawBank":23,"Strange Spoon":17,"Anchor":13,"Ornamental Fan":3,"Pantograph":1,"Orrery":26,"Philosopher\u0027s Stone":7,"Cracked Core":0,"Symbiotic Virus":3,"Runic Pyramid":16},{"Lantern":75,"CeramicFish":25,"Mango":115,"PreservedInsect":140,"Runic Capacitor":51,"Bag of Preparation":69,"Whetstone":75,"War Paint":198,"MawBank":149,"Strange Spoon":105,"Anchor":82,"Ornamental Fan":16,"Pantograph":4,"Orrery":190,"Philosopher\u0027s Stone":45,"Cracked Core":0,"Symbiotic Virus":16,"Runic Pyramid":101}]},"card_choices":[{"not_picked":["Barrage","Go for the Eyes"],"picked":"Chill","floor":1.0},{"not_picked":["Leap","Consume"],"picked":"Cold Snap","floor":5.0},{"not_picked":["Reinforced Body","Turbo"],"picked":"Beam Cell","floor":8.0},{"not_picked":["Sweeping Beam","Rebound"],"picked":"Go for the Eyes","floor":10.0},{"not_picked":["Hello World","Compile Driver"],"picked":"Stack","floor":11.0},{"not_picked":["Leap","Gash"],"picked":"Genetic Algorithm","floor":13.0},{"not_picked":["Rainbow","Fission"],"picked":"Electrodynamics","floor":16.0},{"not_picked":["Rebound","Steam Power"],"picked":"Conserve Battery","floor":18},{"not_picked":["Turbo","Rebound"],"picked":"Leap+1","floor":21},{"not_picked":["Blizzard","Compile Driver"],"picked":"Coolheaded","floor":22},{"not_picked":["Undo","Leap"],"picked":"Multi-Cast","floor":23},{"not_picked":["Compile Driver","Redo"],"picked":"Echo Form","floor":25},{"not_picked":["Cold Snap","Beam Cell"],"picked":"Barrage","floor":28},{"not_picked":["Beam Cell","Hologram"],"picked":"Undo","floor":29},{"not_picked":["Conserve Battery","Leap"],"picked":"Ball Lightning","floor":30},{"not_picked":["Creative AI","Machine Learning"],"picked":"Seek","floor":33},{"not_picked":["Cold Snap+1","Redo"],"picked":"Turbo+1","floor":35},{"not_picked":["Go for the Eyes","Streamline","Redo"],"picked":"SKIP","floor":37},{"not_picked":["Go for the Eyes","Ball Lightning+1"],"picked":"FTL","floor":38},{"not_picked":["Sweeping Beam","Reprogram","Go for the Eyes"],"picked":"SKIP","floor":39},{"not_picked":["Auto Shields","Gash+1"],"picked":"Meteor Strike","floor":40},{"not_picked":["White Noise+1","Reinforced Body"],"picked":"Tempest","floor":44},{"not_picked":["Go for the Eyes","Undo"],"picked":"Conserve Battery+1","floor":46},{"not_picked":["Redo","Self Repair"],"picked":"Genetic Algorithm","floor":47},{"not_picked":["Leap+1","Steam+1"],"picked":"Seek","floor":54},{"not_picked":["Hello World+1","Gash"],"picked":"Compile Driver","floor":54},{"not_picked":["Cold Snap","Reprogram+1"],"picked":"Coolheaded+1","floor":54},{"not_picked":["Doom and Gloom","Recycle+1"],"picked":"Coolheaded+1","floor":55}],"player_experience":1161598,"relics_obtained":[{"floor":8.0,"key":"Ornamental Fan"},{"floor":9.0,"key":"Symbiotic Virus"},{"floor":10.0,"key":"CeramicFish"},{"floor":23,"key":"Bag of Preparation"},{"floor":25,"key":"Whetstone"},{"floor":26,"key":"Lantern"},{"floor":28,"key":"Anchor"},{"floor":38,"key":"Mango"},{"floor":40,"key":"PreservedInsect"},{"floor":46,"key":"MawBank"},{"floor":55,"key":"War Paint"}],"event_choices":[{"damage_healed":0.0,"max_hp_gain":0.0,"max_hp_loss":0.0,"gold_gain":0.0,"event_name":"Liars Game","player_choice":"Ignored","floor":3.0,"gold_loss":0.0,"damage_taken":0.0},{"damage_healed":0.0,"max_hp_gain":0.0,"max_hp_loss":0.0,"gold_gain":0.0,"event_name":"Scrap Ooze","player_choice":"Success","floor":4.0,"gold_loss":0.0,"damage_taken":26.0,"relics_obtained":["Pantograph"]},{"damage_healed":0.0,"max_hp_gain":0.0,"max_hp_loss":0.0,"gold_gain":75.0,"event_name":"World of Goop","player_choice":"Gather Gold","floor":7.0,"gold_loss":0.0,"damage_taken":11.0},{"cards_removed":["Strike_B"],"damage_healed":0.0,"max_hp_gain":0.0,"max_hp_loss":0.0,"gold_gain":0.0,"event_name":"Golden Wing","player_choice":"Card Removal","floor":14.0,"gold_loss":0.0,"damage_taken":7.0},{"damage_healed":0,"gold_gain":0,"player_choice":"Became a Ghost","damage_taken":0,"max_hp_gain":0,"max_hp_loss":36,"event_name":"Ghosts","floor":20,"gold_loss":0,"cards_obtained":["Ghostly","Ghostly","Ghostly"]},{"damage_healed":0,"gold_gain":0,"player_choice":"Fight","damage_taken":0,"max_hp_gain":0,"max_hp_loss":0,"event_name":"Mysterious Sphere","floor":38,"gold_loss":0},{"damage_healed":0,"gold_gain":0,"player_choice":"Bought 3 Potions","damage_taken":0,"max_hp_gain":0,"max_hp_loss":0,"event_name":"The Woman in Blue","floor":41,"gold_loss":0},{"damage_healed":0,"gold_gain":0,"player_choice":"Max HP","damage_taken":0,"max_hp_gain":0,"max_hp_loss":2,"event_name":"Winding Halls","floor":45,"gold_loss":0},{"cards_removed":["Defend_B"],"damage_healed":0,"gold_gain":0,"player_choice":"Removed Skill","damage_taken":0,"max_hp_gain":0,"max_hp_loss":0,"event_name":"Falling","floor":48,"gold_loss":0}],"is_beta":false,"boss_relics":[{"not_picked":["SacredBark","Snecko Eye"],"picked":"Philosopher\u0027s Stone"},{"not_picked":["Runic Dome","Cursed Key"],"picked":"Runic Pyramid"}],"items_purged_floors":[2,19],"is_endless":false,"potions_floor_spawned":[11,13,16,23,25,29,33,35,37,40,46,55],"killed_by":"The Heart","ascension_level":20}}