{"host":"91blwi3hgehj6ch9","time":1613951943,"event":{"mods":["2.2 Compatiblity","AchievementEnabler","BaseMod","Colored Map","DeckTracker","Keyboard Shortcuts","Minty Spire (QoL Compilation)","Permanent Neow","Relic Stats","StSLib","SuperFastMode","everything is the same but u backflip on backflip"],"gold_per_floor":[114,114,39,39,50,80,80,98,98,115,126,146,146,162,162,236,236,252,252,252,302,315,315,334,234,234,234,234,234],"floor_reached":28,"language":"KOR","playtime":973,"items_purged":["Defend_G","Strike_G"],"score":490,"play_id":"fb3686a6-a0b9-4dcb-80a4-5873d7442520","local_time":"20210222085903","is_ascension_mode":true,"campfire_choices":[{"data":"Prepared","floor":13.0,"key":"SMITH"},{"data":"Tactician","floor":15.0,"key":"SMITH"},{"data":"Adrenaline","floor":23.0,"key":"SMITH"},{"floor":27,"key":"REST"}],"circlet_count":0,"master_deck":["AscendersBane","Strike_G","Strike_G","Strike_G","Defend_G","Defend_G","Defend_G","Defend_G+1","Survivor","Neutralize","Backflip+1","Prepared+1","Burst","Underhanded Strike","Dagger Throw","Eviscerate","Tactician+1","Predator","Adrenaline+1","Blur","Venomology"],"relics":["Ring of the Snake","NeowsBlessing","CultistMask","Bird Faced Urn","Paper Crane","SacredBark","Strawberry"],"acts_visited":["Exordium","TheCity"],"potions_floor_usage":[24,28],"damage_taken":[{"damage":0.0,"enemies":"2 Louse","floor":1.0,"turns":1.0},{"damage":0.0,"enemies":"Small Slimes","floor":5.0,"turns":1.0},{"damage":0.0,"enemies":"3 Sentries","floor":6.0,"turns":1.0},{"damage":1.0,"enemies":"Cultist","floor":8.0,"turns":5.0},{"damage":4.0,"enemies":"3 Louse","floor":10.0,"turns":5.0},{"damage":9.0,"enemies":"Exordium Wildlife","floor":11.0,"turns":8.0},{"damage":9.0,"enemies":"2 Fungi Beasts","floor":12.0,"turns":4.0},{"damage":0.0,"enemies":"Blue Slaver","floor":14.0,"turns":2.0},{"damage":18.0,"enemies":"Slime Boss","floor":16.0,"turns":10.0},{"damage":6.0,"enemies":"Shell Parasite","floor":18.0,"turns":8.0},{"damage":2.0,"enemies":"Chosen","floor":22.0,"turns":4.0},{"damage":22,"enemies":"3 Cultists","floor":24,"turns":7},{"damage":47,"enemies":"Chosen and Byrds","floor":28,"turns":7}],"seed_played":"4460941759573150568","potions_obtained":[{"floor":5.0,"key":"Block Potion"},{"floor":6.0,"key":"AttackPotion"},{"floor":11.0,"key":"Strength Potion"},{"floor":22.0,"key":"CunningPotion"}],"is_trial":false,"path_per_floor":["M","?","$","?","M","E","?","M","T","M","M","M","R","M","R","B",null,"M","?","?","?","M","R","M","$","T","R","M"],"character_chosen":"THE_SILENT","items_purchased":[],"campfire_rested":1,"item_purchase_floors":[],"current_hp_per_floor":[59,64,64,64,64,64,43,42,42,38,29,20,20,20,20,2,54,48,28,28,28,26,26,4,4,11,35,0,0],"gold":234,"neow_bonus":"THREE_ENEMY_KILL","is_daily":false,"chose_seed":false,"campfire_upgraded":3,"win_rate":0.0,"timestamp":1613951943,"path_taken":["M","?","$","?","?","E","?","M","T","M","M","M","R","M","R","BOSS","M","?","?","?","M","R","?","$","T","R","M"],"items_purchased_type":[],"build_version":"2020-12-22","purchased_purges":2,"victory":false,"max_hp_per_floor":[66,71,71,71,71,71,71,71,71,71,71,71,71,71,71,71,71,71,76,76,76,76,76,76,76,83,83,83,83],"relic_stats":{"counters":[13,63],"Bird Faced Urn":[0],"obtain_stats":[{"NeowsBlessing":0,"Bird Faced Urn":6,"SacredBark":17,"Strawberry":26,"CultistMask":4,"Paper Crane":9,"Ring of the Snake":0},{"NeowsBlessing":0,"Bird Faced Urn":3,"SacredBark":9,"Strawberry":12,"CultistMask":1,"Paper Crane":4,"Ring of the Snake":0},{"NeowsBlessing":0,"Bird Faced Urn":3,"SacredBark":37,"Strawberry":56,"CultistMask":1,"Paper Crane":8,"Ring of the Snake":0}],"Ring of the Snake":[26]},"card_choices":[{"not_picked":["Infinite Blades","Endless Agony"],"picked":"Backflip","floor":1.0},{"not_picked":["Blur","Poisoned Stab"],"picked":"Prepared","floor":5.0},{"not_picked":["Cloak And Dagger","Endless Agony"],"picked":"Burst","floor":6.0},{"not_picked":["Setup","All Out Attack"],"picked":"Underhanded Strike","floor":8.0},{"not_picked":["Cloak And Dagger","Underhanded Strike"],"picked":"Dagger Throw","floor":10.0},{"not_picked":["Flying Knee","Backflip"],"picked":"Eviscerate","floor":11.0},{"not_picked":["Endless Agony","Slice"],"picked":"Tactician","floor":12.0},{"not_picked":["Slice","Caltrops"],"picked":"Predator","floor":14.0},{"not_picked":["Doppelganger","Glass Knife"],"picked":"Adrenaline","floor":16.0},{"not_picked":["Dodge and Roll","Blade Dance"],"picked":"Blur","floor":18.0},{"not_picked":["Expertise","Crippling Poison","Riddle With Holes"],"picked":"SKIP","floor":22.0},{"not_picked":["Deflect","Accuracy"],"picked":"Venomology","floor":24}],"player_experience":300176,"relics_obtained":[{"floor":6.0,"key":"Bird Faced Urn"},{"floor":9.0,"key":"Paper Crane"},{"floor":26,"key":"Strawberry"}],"event_choices":[{"damage_healed":0.0,"max_hp_gain":5.0,"max_hp_loss":0.0,"gold_gain":0.0,"event_name":"Big Fish","player_choice":"Donut","floor":2.0,"gold_loss":0.0,"damage_taken":0.0},{"damage_healed":0.0,"max_hp_gain":0.0,"max_hp_loss":0.0,"gold_gain":0.0,"event_name":"FaceTrader","player_choice":"Trade","floor":4.0,"gold_loss":0.0,"damage_taken":0.0,"relics_obtained":["CultistMask"]},{"damage_healed":0.0,"max_hp_gain":0.0,"max_hp_loss":0.0,"gold_gain":0.0,"event_name":"Shining Light","player_choice":"Entered Light","floor":7.0,"gold_loss":0.0,"damage_taken":21.0,"cards_upgraded":["Backflip","Defend_G"]},{"damage_healed":0.0,"max_hp_gain":5.0,"max_hp_loss":0.0,"gold_gain":0.0,"event_name":"Forgotten Altar","player_choice":"Shed Blood","floor":19.0,"gold_loss":0.0,"damage_taken":25.0},{"cards_removed":["Strike_G"],"damage_healed":0.0,"max_hp_gain":0.0,"max_hp_loss":0.0,"gold_gain":0.0,"event_name":"Back to Basics","player_choice":"Elegance","floor":20.0,"gold_loss":0.0,"damage_taken":0.0},{"damage_healed":0.0,"max_hp_gain":0.0,"max_hp_loss":0.0,"gold_gain":50.0,"event_name":"Nest","player_choice":"Stole From Cult","floor":21.0,"gold_loss":0.0,"damage_taken":0.0}],"is_beta":false,"boss_relics":[{"not_picked":["SlaversCollar","Black Star"],"picked":"SacredBark"}],"items_purged_floors":[3,25],"is_endless":false,"potions_floor_spawned":[5,6,11,12,14,22],"killed_by":"Chosen and Byrds","ascension_level":20}}