{"host":"mmvmlqmvbrlj5jge","time":1613907199,"event":{"mods":["Act Like it!","BaseMod","Dota2Spire","Gensokyo","GifTheSpireLib","Hallownest","Lobotomy","Mari Mod (Legacy)","Mari\u0027s V1 Patch","Minty Spire (QoL Compilation)","MostiFishMod","Pale of the Ancients","Quick Restart","Remilia（蕾米莉亚）","Replay The Spire","RumiaBox-露米娅的神秘盒子","Spicy Shops","StSLib","TestMod","The Bug Knight","noobMod","【功能Mod】混沌之环修复补丁","【遗物卡牌】REMEMod","篝火指南"],"gold_per_floor":[109,109,122,122,156,189,206,206,206,234,9,37,37,51,51,149,149,167,167,167,167,185,185,211,211,236,156,182,182,32,67,67,172,172,192,192,210,125,138,171,0,0,0,10,36,36,63,63,63,63,63,63,63,92,92],"floor_reached":56,"language":"ZHS","playtime":5569,"items_purged":["Delirium"],"score":2058,"play_id":"95039c19-1b41-49ea-a4df-9ede23dea37e","local_time":"20210221193319","is_ascension_mode":true,"campfire_choices":[{"data":"Finesse","floor":8,"key":"SMITH"},{"floor":15,"key":"DIG"},{"data":"VampireClaw","floor":23,"key":"SMITH"},{"data":"ScarletShoot","floor":25,"key":"SMITH"},{"data":"RedMoon","floor":32,"key":"SMITH"},{"floor":46,"key":"RECALL"},{"data":"HeartBreak","floor":49,"key":"SMITH"},{"data":"Hallownest:skillKingdomsEdgeMap","floor":52,"key":"SMITH"}],"circlet_count":0,"master_deck":["AscendersBane","Strike_RM+1","Strike_RM","Strike_RM+1","Strike_RM","Defend_RM","Defend_RM","Defend_RM","Defend_RM","RedMoon+1","ScarletShoot+1","Finesse+1","EquivalentExchange+1","MastersStateliness+1","ScarletMeister+1","TransientEternity+1","VampireClaw+1","QueenOfMidnight+1","Hallownest:skillCityofTearsMap","MastersStateliness+1","Hallownest:skillKingdomsEdgeMap+1","HeartBreak+1","ScarletImprint","MastersStateliness+1"],"relics":["DaveBox","testmod-TestBox","REME_ComplimentaryCards","ice","RhineSuit","testmod-Register","ScarletEmblem","SynthV:TestCard","Hallownest:TeacherSealRelic","Frozen Egg 2","Regal Pillow","Dota2Spire:Dagon","testmod-Antiphasic","PreservedInsect","GodSword6","JellyFishMachine","ReplayTheSpireMod:Ring of Exchange","ReplayTheSpireMod:Ring of Challenge","Red Mask","testmod-InjuryResistance","Juzu Bracelet","ScarletDevilRocket","Hallownest:NailmastersGloryRelic","FeatherPendant","Hallownest:HeavyBlowRelic","Shuriken","Hallownest:StagBellRelic1","Blue Candle","GodSword5","Bag of Preparation","Replay:Bottled Flurry"],"acts_visited":["Hallownest:Greenpath","Hallownest:CityofTears","Hallownest:KingdomsEdge","TheEnding"],"potions_floor_usage":[35],"damage_taken":[{"damage":4.0,"enemies":"2_ Uuma","floor":1.0,"turns":4.0},{"damage":6,"enemies":"Hallownest:monsterHuskGuard","floor":3,"turns":4},{"damage":0,"enemies":"Hallownest:eliteCrystalGuardian","floor":5,"turns":4},{"damage":2,"enemies":"Hallownest:eliteCrystalGuardian","floor":6,"turns":4},{"damage":1,"enemies":"Hallownest:2_Tiktiks_and_1_Crawlid","floor":7,"turns":3},{"damage":1,"enemies":"Hallownest:eliteMossKnight","floor":10,"turns":2},{"damage":1,"enemies":"Hallownest:eliteCrystalGuardian","floor":12,"turns":3},{"damage":1,"enemies":"Hallownest:monsterAspidMother","floor":13,"turns":2},{"damage":12,"enemies":"Hallownest:1_Ooma_and_2_Uuma","floor":14,"turns":4},{"damage":15,"enemies":"Hallownest:BossFalseKnight","floor":16,"turns":5},{"damage":6,"enemies":"Hallownest:Guard_and_Sentry","floor":18,"turns":4},{"damage":8,"enemies":"Hallownest:2_Mistakes","floor":22,"turns":3},{"damage":1,"enemies":"Hallownest:Nosk","floor":24,"turns":7},{"damage":17,"enemies":"Hallownest:eliteSoulWarrior","floor":28,"turns":6},{"damage":11,"enemies":"Hallownest:Glutton_and_Coward","floor":31,"turns":3},{"damage":13,"enemies":"Hallownest:BossMantisLord","floor":33,"turns":6},{"damage":15,"enemies":"Hallownest:2_Littles","floor":35,"turns":3},{"damage":0,"enemies":"Hallownest:3_Siblings","floor":37,"turns":4},{"damage":4,"enemies":"Hallownest:2_Great","floor":39,"turns":3},{"damage":0,"enemies":"Hallownest:eliteCollector","floor":40,"turns":3},{"damage":0,"enemies":"Hallownest:monsterPrimalAspid","floor":44,"turns":2},{"damage":5,"enemies":"Hallownest:eliteHiveKnight","floor":45,"turns":3},{"damage":3,"enemies":"Hallownest:eliteCollector","floor":47,"turns":3},{"damage":10,"enemies":"Hallownest:Radiance","floor":50,"turns":4},{"damage":0,"enemies":"Shield and Spear","floor":54,"turns":3},{"damage":58,"enemies":"The Heart","floor":55,"turns":4}],"seed_played":"3365668758281707491","potions_obtained":[{"floor":3,"key":"Energy Potion"},{"floor":6,"key":"Elixir"},{"floor":35,"key":"Fruit Juice"},{"floor":39,"key":"Block Potion"}],"is_trial":false,"path_per_floor":["M","?","M","?","?","E","M","R","T","E","$","E","M","M","R","B",null,"M","?","?","?","M","R","E","R","T","?","E","?","$","M","R","B",null,"M","?","M","?","M","E","?","T","T","M","E","R","E","?","R","B",null,"R","$","E","B",null],"character_chosen":"REMILIA","items_purchased":[],"campfire_rested":0,"item_purchase_floors":[],"current_hp_per_floor":[66,66,61,61,68,75,74,74,74,75,75,75,74,65,65,63,72,74,74,74,74,68,68,75,75,75,75,60,60,60,60,60,59,71,65,65,76,76,84,84,84,84,84,84,84,84,84,84,84,84,84,84,84,84,55],"gold":92,"neow_bonus":"BOSS_RELIC","is_daily":false,"chose_seed":false,"campfire_upgraded":6,"win_rate":0.0,"timestamp":1613907199,"path_taken":["M","?","M","?","?","E","M","R","T","E","?","E","?","M","R","BOSS","M","?","?","?","?","R","E","R","T","?","E","?","$","M","R","BOSS","M","?","M","?","M","E","?","?","T","M","E","R","E","?","R","BOSS","R","$","E","BOSS"],"items_purchased_type":[],"build_version":"2020-12-22","purchased_purges":1,"victory":true,"max_hp_per_floor":[75,75,75,75,75,75,75,75,75,75,75,75,75,75,75,75,75,75,75,75,75,75,75,75,75,75,75,75,75,75,75,75,75,75,80,80,84,84,84,84,84,84,84,84,84,84,84,84,84,84,84,84,84,84,89],"card_choices":[{"not_picked":["BombardNight","RedRainbow","CharismaGuard"],"picked":"SKIP","floor":1.0},{"not_picked":["EndlessAdversity","NightDance","BlasphemousPunishment","MastersStateliness","UnstableMagic"],"picked":"SKIP","floor":3},{"not_picked":["ScarletImprint","VampireFantasy","FavorOfDestiny","UnstableMagic"],"picked":"EquivalentExchange+1","floor":5},{"not_picked":["UnderTheZenith","SuperhumanBloodyKnife","KillingBlow","BombardNight"],"picked":"MastersStateliness+1","floor":6},{"not_picked":["ScarletDevil","UnstableMagic","EndlessAdversity","VampireKiss","Ultimatum"],"picked":"SKIP","floor":7},{"not_picked":["ScarletImprint","AfternoonTea","VampireKiss","GlobalNightmare","MillenniumVampire"],"picked":"SKIP","floor":10},{"not_picked":["VampireKiss","BlasphemousPunishment","GlobalNightmare","CurseOfVladTepes+1"],"picked":"ScarletMeister+1","floor":12},{"not_picked":["ScarletDevil","RedRainbow","Stigmanizer","VampireKiss","StarOfDavid"],"picked":"SKIP","floor":13},{"not_picked":["BombardNight","ScarletNetherworld+1","NightDance","BloodHunter","ScarletDevilSign"],"picked":"SKIP","floor":14},{"not_picked":["BloodyHallows","ChaoticDestiny","HeartBreak","KillingBlow"],"picked":"TransientEternity+1","floor":16},{"not_picked":["ForbiddenFruit","EndlessAdversity","FavorOfDestiny","BloodAndWine"],"picked":"VampireClaw","floor":18},{"not_picked":["LeisurelyOfLord","Ultimatum","Stigmanizer","ReincarnationDial","VampireClaw"],"picked":"SKIP","floor":22},{"not_picked":["StarOfDavid","BombardNight","BlasphemousPunishment","BloodHunter"],"picked":"QueenOfMidnight+1","floor":24},{"not_picked":["VampireKiss","VampirishNight","DevilSight","KillingBlow"],"picked":"MastersStateliness+1","floor":28},{"not_picked":["DiffusionOfMisfortune","EmergencyRegeneration","AfternoonTea","BloodHunter","FavorOfDestiny"],"picked":"SKIP","floor":31},{"not_picked":["FavorOfDestiny","Stigmanizer+1","NightLord","RedRainbow+1","EndlessAdversity"],"picked":"SKIP","floor":35},{"not_picked":["ChainGang+1","RedRainbow","StarOfDavid","MastersStateliness+1","RedNightlessCastle+1"],"picked":"SKIP","floor":37},{"not_picked":["ScarletDevil","MastersStateliness+1","BloodAndWine","BloodHunter","BadLadyScramble"],"picked":"SKIP","floor":39},{"not_picked":["VampireKiss","LeisurelyOfLord","MiserableFate","BloodAndWine"],"picked":"HeartBreak","floor":40},{"not_picked":["UnderTheZenith","MillenniumVampire","ScarletImprint","BloodyMagicSquare+1","Stigmanizer+1"],"picked":"SKIP","floor":44},{"not_picked":["BloodAndWine","UnderTheZenith","NightDance+1","EndlessAdversity"],"picked":"ScarletImprint","floor":45},{"not_picked":["MastersStateliness+1","SuperhumanBloodyKnife+1","EternalNight+1","MiserableFate","VampireClaw"],"picked":"SKIP","floor":47},{"not_picked":["UnstableMagic","CurseOfVladTepes+1","BombardNight","RedNightlessCastle+1"],"picked":"MastersStateliness+1","floor":54}],"player_experience":144129,"relics_obtained":[{"floor":1.0,"key":"SynthV:TestCard"},{"floor":5,"key":"Frozen Egg 2"},{"floor":6,"key":"Regal Pillow"},{"floor":9,"key":"Dota2Spire:Dagon"},{"floor":10,"key":"testmod-Antiphasic"},{"floor":12,"key":"PreservedInsect"},{"floor":15,"key":"GodSword6"},{"floor":20,"key":"ReplayTheSpireMod:Ring of Exchange"},{"floor":20,"key":"ReplayTheSpireMod:Ring of Challenge"},{"floor":24,"key":"testmod-InjuryResistance"},{"floor":26,"key":"Juzu Bracelet"},{"floor":28,"key":"ScarletDevilRocket"},{"floor":40,"key":"Shuriken"},{"floor":43,"key":"Blue Candle"},{"floor":45,"key":"GodSword5"},{"floor":47,"key":"Bag of Preparation"},{"floor":54,"key":"Replay:Bottled Flurry"}],"event_choices":[],"is_beta":false,"boss_relics":[{"not_picked":["testmod-DeterminationOfClimber","testmod-HarvestTotem"],"picked":"JellyFishMachine"},{"not_picked":["testmod-Charity","GreenFoldingFan"],"picked":"FeatherPendant"}],"items_purged_floors":[30],"is_endless":false,"potions_floor_spawned":[3,6,14,16,18,24,33,35,39,44,47],"ascension_level":12}}