{"host":"8i6urbfw19gmz7qf","time":1613865999,"event":{"mods":["AchievementEnabler","Aspiration","BaseMod","Colored Map","Conspire","Energized Spire","Friendly Minions","Halation","Hermit","Highlight Path","Hubris","Minty Spire (QoL Compilation)","Quick Restart","READ ME - Snecko Mod","Random Character Button","Replay The Spire","Robot Space Explorer","StSLib","Synergy Search","The Cursed","The Jungle","The Marked","The Necromancer"],"gold_per_floor":[109,109,123,44,60,91,91,101,101,101,101,101,119,137,137,233,233,252,271,299,299,299,299,313,313,313],"floor_reached":27,"language":"ENG","playtime":1471,"items_purged":[],"score":238,"play_id":"14115c64-cab1-4a62-91c0-454973ee81d9","local_time":"20210220160639","is_ascension_mode":false,"campfire_choices":[{"floor":10,"key":"REST"},{"data":"theMarked:SelfDefenseTraining","floor":12,"key":"SMITH"},{"floor":25,"key":"REST"}],"circlet_count":0,"master_deck":["theMarked:Strike","theMarked:Strike","theMarked:Strike","theMarked:Strike","theMarked:Strike","theMarked:Defend","theMarked:Defend","theMarked:Defend","theMarked:Defend","theMarked:SoldierOfQuellstein","theMarked:Determination","theMarked:Static","theMarked:Opportunist","theMarked:SelfDefenseTraining+1","theMarked:ElectricStrings+1","theMarked:CreepingChasm","theMarked:Aftermath","theMarked:ResourceFulStrike","theMarked:Vacuum","Run Through","conspire:Charge","Blood for Blood","theMarked:WardOff"],"relics":["theMarked:ArtifactOfAir","NeowsBlessing","Ring of Fury","Ring of Misfortune","Kunai","halation:EternalFortune","halation:BottledLove","aspiration:IroncladSkillbook","hubris:Teleporter"],"acts_visited":["Exordium","Exordium"],"potions_floor_usage":[16,16,20,20,20,26,27],"damage_taken":[{"damage":0.0,"enemies":"Jaw Worm","floor":1.0,"turns":1.0},{"damage":0.0,"enemies":"2 Louse","floor":3.0,"turns":1.0},{"damage":0.0,"enemies":"Cultist","floor":5.0,"turns":1.0},{"damage":11.0,"enemies":"3 Sentries","floor":6.0,"turns":7.0},{"damage":4,"enemies":"3 Louse","floor":8,"turns":4},{"damage":8,"enemies":"Large Slime","floor":13,"turns":5},{"damage":0,"enemies":"Red Slaver","floor":14,"turns":3},{"damage":58,"enemies":"The Guardian","floor":16,"turns":13},{"damage":16,"enemies":"theJungle:5_Spyders","floor":18,"turns":7},{"damage":16,"enemies":"theJungle:Flameango_and_Byrd","floor":19,"turns":6},{"damage":42,"enemies":"conspire:MimicChest","floor":20,"turns":6},{"damage":31,"enemies":"Snake Plant","floor":26,"turns":3},{"damage":10,"enemies":"theJungle:JungleHuntersEncounter","floor":27,"turns":2}],"seed_played":"2518710368928758258","potions_obtained":[{"floor":1.0,"key":"CultistPotion"},{"floor":3.0,"key":"Block Potion"},{"floor":6,"key":"FearPotion"},{"floor":14,"key":"Doom Potion"},{"floor":16,"key":"LiquidBronze"},{"floor":19,"key":"Adrenaline Potion"},{"floor":20,"key":"SteroidPotion"},{"floor":26,"key":"Elixir"}],"is_trial":false,"path_per_floor":["M","?","M","$","M","E","?","M","T","R","?","R","M","M","R_BF","B",null,"M","M","?","PTL","PTL","R","M","M"],"character_chosen":"THE_DEFAULT","items_purchased":["theMarked:Opportunist"],"campfire_rested":2,"item_purchase_floors":[4],"current_hp_per_floor":[72,72,72,72,72,61,64,60,60,75,75,75,67,67,75,17,75,63,51,13,13,13,35,8,0,0],"gold":313,"neow_bonus":"THREE_ENEMY_KILL","is_daily":false,"chose_seed":false,"campfire_upgraded":1,"win_rate":0.0,"timestamp":1613865999,"path_taken":["M","?","M","$","M","E","?","M","T","R","?","R","M","M","R_BF","BOSS","M","?","?","PTL","PTL","R","M","?"],"items_purchased_type":["Card"],"build_version":"2020-12-22","purchased_purges":0,"victory":false,"max_hp_per_floor":[72,72,72,72,72,72,75,75,75,75,75,75,75,75,75,75,75,75,75,75,75,75,75,75,75,75],"card_choices":[{"not_picked":["theMarked:GodGivenPower","theMarked:Overthink"],"picked":"theMarked:Determination","floor":1.0},{"not_picked":["theMarked:KeepCalmAndFight","theMarked:TwofoldDefense"],"picked":"theMarked:Static","floor":3.0},{"not_picked":["theMarked:MysticalArsenal","theMarked:ContemptForTheProud"],"picked":"theMarked:SelfDefenseTraining","floor":5.0},{"not_picked":["theMarked:Heritage","theMarked:StartUp"],"picked":"theMarked:ElectricStrings","floor":6},{"not_picked":["theMarked:ElectricStrings","theMarked:WardOff"],"picked":"theMarked:CreepingChasm","floor":8},{"not_picked":["theMarked:Memento","theMarked:SwordAndMagic"],"picked":"theMarked:Aftermath","floor":13},{"not_picked":["theMarked:HeightenedSenses","theMarked:BanishingStrike"],"picked":"theMarked:ResourceFulStrike","floor":14},{"not_picked":["theMarked:Defy","theMarked:DispelDoubt"],"picked":"theMarked:Vacuum","floor":16},{"not_picked":["Cleave","Spot Weakness","Headbutt"],"picked":"Run Through","floor":18},{"not_picked":["theMarked:ElectricStrings","Spot Weakness+1","theMarked:SwordAndMagic"],"picked":"conspire:Charge","floor":19},{"not_picked":["Rupture+1","Run Through","Dark Embrace"],"picked":"Blood for Blood","floor":20},{"not_picked":["Clothesline","theMarked:Convert","Cleave"],"picked":"theMarked:WardOff","floor":26}],"player_experience":48677,"relics_obtained":[{"floor":2.0,"key":"Ring of Fury"},{"floor":2.0,"key":"Ring of Misfortune"},{"floor":6,"key":"Kunai"},{"floor":9,"key":"halation:BottledLove"},{"floor":20,"key":"hubris:Teleporter"}],"event_choices":[{"cards_removed":["Voices"],"damage_healed":0,"gold_gain":0,"player_choice":"Purged","damage_taken":0,"max_hp_gain":0,"max_hp_loss":0,"event_name":"Purifier","floor":11,"gold_loss":0}],"is_beta":false,"boss_relics":[{"not_picked":["conspire:RoyalGoblet","halation:LoveArrow"],"picked":"aspiration:IroncladSkillbook"}],"items_purged_floors":[],"is_endless":false,"potions_floor_spawned":[1,3,6,14,16,19,20,26],"killed_by":"theJungle:JungleHuntersEncounter","ascension_level":0}}