{"host":"mu5qkq7030l6349q","time":1613902095,"event":{"mods":["AchievementEnabler","BaseMod","Colored Powertips","Downfall","Highlight Path","Minty Spire (QoL Compilation)","Permanent Neow","Rare Cards Sparkle","StSLib"],"gold_per_floor":[16,29,29,29,29,73,93,93,93,127,58,58,76,119,119,240,240,265,190,105,130,146,146,190,190,266,116,150,193,69,89,89,210,210,225,239,461,461,475,519,582,626,652,652,652,686,686,257,257,257,257,257,30,74,74],"floor_reached":56,"language":"ENG","playtime":3220,"items_purged":[],"score":1414,"play_id":"5aaca01c-1ba6-43f8-b1ce-2a25d5c2215e","local_time":"20210221110815","is_ascension_mode":true,"campfire_choices":[{"floor":8.0,"key":"REST"},{"data":"Seeing Red","floor":15.0,"key":"SMITH"},{"data":"Spot Weakness","floor":23.0,"key":"SMITH"},{"data":"Uppercut","floor":25.0,"key":"SMITH"},{"data":"Heavy Blade","floor":32.0,"key":"SMITH"},{"data":"Feel No Pain","floor":45.0,"key":"SMITH"},{"data":"Limit Break","floor":47.0,"key":"SMITH"},{"floor":49.0,"key":"RECALL"},{"data":"Sword Boomerang","floor":52.0,"key":"SMITH"}],"circlet_count":0,"master_deck":["Strike_R","Strike_R+1","Strike_R","Defend_R","Defend_R","Defend_R","Defend_R","Bash","Master of Strategy","Sword Boomerang+1","Second Wind","Metallicize","Impervious","Feel No Pain+1","Spot Weakness+1","Seeing Red+1","Fiend Fire","Inflame+1","Battle Trance","Uppercut+1","Seeing Red+1","Shrug It Off+1","Heavy Blade+1","Shockwave","Twin Strike","Limit Break+1","Warcry+1","Reckless Charge+1","Madness","Madness","Parasite","Feel No Pain","Fire Breathing+1","Dark Embrace+1","Disarm+1","Rage","Sword Boomerang+1","Whirlwind","Spot Weakness","Headbutt+1"],"relics":["Burning Blood","Golden Idol","Charon\u0027s Ashes","Red Skull","Pear","MealTicket","Bronze Scales","Velvet Choker","Letter Opener","Vajra","Bottled Tornado","DollysMirror","Red Mask","Boot","Runic Pyramid","Happy Flower","Peace Pipe","Thread and Needle","Blood Vial","TungstenRod","HandDrill","Whetstone"],"acts_visited":["Exordium","TheCity","TheBeyond","TheEnding"],"potions_floor_usage":[55,55],"damage_taken":[{"damage":0.0,"enemies":"Small Slimes","floor":1.0,"turns":4.0},{"damage":2.0,"enemies":"2 Louse","floor":2.0,"turns":3.0},{"damage":54.0,"enemies":"Lagavulin","floor":6.0,"turns":7.0},{"damage":6.0,"enemies":"Jaw Worm","floor":7.0,"turns":2.0},{"damage":6.0,"enemies":"Gremlin Nob","floor":10.0,"turns":3.0},{"damage":0.0,"enemies":"Red Slaver","floor":13.0,"turns":4.0},{"damage":14.0,"enemies":"3 Sentries","floor":14.0,"turns":6.0},{"damage":42.0,"enemies":"Slime Boss","floor":16.0,"turns":8.0},{"damage":12.0,"enemies":"Shell Parasite","floor":18.0,"turns":3.0},{"damage":19.0,"enemies":"2 Thieves","floor":21.0,"turns":4.0},{"damage":27.0,"enemies":"Centurion and Healer","floor":22.0,"turns":7.0},{"damage":14.0,"enemies":"Book of Stabbing","floor":24.0,"turns":4.0},{"damage":8.0,"enemies":"Masked Bandits","floor":28.0,"turns":3.0},{"damage":0.0,"enemies":"Gremlin Leader","floor":29.0,"turns":5.0},{"damage":15.0,"enemies":"Snake Plant","floor":31.0,"turns":2.0},{"damage":30.0,"enemies":"Automaton","floor":33.0,"turns":7.0},{"damage":7.0,"enemies":"Orb Walker","floor":35.0,"turns":3.0},{"damage":1.0,"enemies":"3 Darklings","floor":36.0,"turns":4.0},{"damage":12.0,"enemies":"Writhing Mass","floor":39.0,"turns":3.0},{"damage":18.0,"enemies":"Reptomancer","floor":40.0,"turns":6.0},{"damage":18.0,"enemies":"2 Orb Walkers","floor":41.0,"turns":4.0},{"damage":16.0,"enemies":"Nemesis","floor":42.0,"turns":5.0},{"damage":0.0,"enemies":"Giant Head","floor":46.0,"turns":5.0},{"damage":26.0,"enemies":"Awakened One","floor":50.0,"turns":7.0},{"damage":5.0,"enemies":"Shield and Spear","floor":54.0,"turns":5.0},{"damage":60,"enemies":"The Heart","floor":55,"turns":8}],"seed_played":"-8160304931914572398","potions_obtained":[{"floor":1.0,"key":"Dexterity Potion"},{"floor":10.0,"key":"BlessingOfTheForge"},{"floor":16.0,"key":"FearPotion"},{"floor":40.0,"key":"AttackPotion"}],"is_trial":false,"path_per_floor":["M","M","?","?","?","E","M","R","T","E","$","$","M","E","R","B",null,"M","?","?","M","M","R","E","R","T","$","?","E","$","M","R","B",null,"M","M","?","?","M","E","?","E","T","?","R","E","R","$","R","B",null,"R","$","E","B",null],"character_chosen":"IRONCLAD","items_purchased":["Feel No Pain","DollysMirror","Heavy Blade","Shockwave","TungstenRod","Sword Boomerang","Whirlwind","HandDrill","Spot Weakness"],"campfire_rested":1,"item_purchase_floors":[11,27,30,30,48,48,48,53,53],"current_hp_per_floor":[80,80,60,57,57,9,9,33,43,43,58,73,79,71,71,35,90,84,84,84,71,50,50,42,42,42,57,55,61,76,67,67,43,90,89,90,90,79,73,61,49,39,39,39,39,45,45,60,60,42,90,90,90,90,36],"gold":74,"neow_bonus":"RANDOM_COLORLESS_2","is_daily":false,"chose_seed":false,"campfire_upgraded":7,"win_rate":0.0,"timestamp":1613902095,"path_taken":["M","M","?","?","?","E","?","R","T","E","?","$","M","E","R","BOSS","M","?","?","M","M","R","E","R","T","$","?","E","$","?","R","BOSS","M","M","?","?","M","E","?","E","T","?","R","E","R","$","R","BOSS","R","$","E","BOSS"],"items_purchased_type":["Card","Relic","Card","Card","Relic","Card","Card","Relic","Card"],"build_version":"2020-12-22","purchased_purges":0,"victory":true,"max_hp_per_floor":[80,80,80,80,80,80,80,80,90,90,90,90,90,90,90,90,90,90,90,90,90,90,90,90,90,90,90,90,90,90,90,90,90,90,90,90,90,90,90,90,90,90,90,90,90,90,90,90,90,90,90,90,90,90,90],"card_choices":[{"not_picked":["Apotheosis","Transmutation"],"picked":"Master of Strategy","floor":0.0},{"not_picked":["Headbutt","Power Through"],"picked":"Sword Boomerang","floor":1.0},{"not_picked":["Hemokinesis","Anger"],"picked":"Second Wind","floor":2.0},{"not_picked":["Power Through","Armaments"],"picked":"Metallicize","floor":6.0},{"not_picked":["Headbutt","Sword Boomerang","Flex"],"picked":"SKIP","floor":7.0},{"not_picked":["Sever Soul","Flex"],"picked":"Impervious","floor":10.0},{"not_picked":["Body Slam","Clash"],"picked":"Spot Weakness","floor":13.0},{"not_picked":["Sever Soul","Shrug It Off"],"picked":"Seeing Red","floor":14.0},{"not_picked":["Reaper","Juggernaut"],"picked":"Fiend Fire","floor":16.0},{"not_picked":["Entrench","Intimidate","True Grit"],"picked":"SKIP","floor":18.0},{"not_picked":["Power Through","Headbutt+1"],"picked":"Inflame+1","floor":21.0},{"not_picked":["Uppercut","Ghostly Armor+1"],"picked":"Battle Trance","floor":22.0},{"not_picked":["Iron Wave","Flex+1"],"picked":"Uppercut","floor":24.0},{"not_picked":["Second Wind+1","Thunderclap+1"],"picked":"Shrug It Off+1","floor":28.0},{"not_picked":["Searing Blow","Carnage","Cleave"],"picked":"SKIP","floor":29.0},{"not_picked":["Iron Wave","Sword Boomerang"],"picked":"Twin Strike","floor":31.0},{"not_picked":["Feed","Berserk"],"picked":"Limit Break","floor":33.0},{"not_picked":["Body Slam+1","Armaments+1"],"picked":"Warcry+1","floor":35.0},{"not_picked":["Rampage","Dropkick"],"picked":"Reckless Charge+1","floor":36.0},{"not_picked":["Hemokinesis+1","Fire Breathing"],"picked":"Feel No Pain","floor":39.0},{"not_picked":["Uppercut+1","Pummel+1"],"picked":"Fire Breathing+1","floor":40.0},{"not_picked":["Body Slam+1","Reckless Charge"],"picked":"Dark Embrace+1","floor":41.0},{"not_picked":["Fire Breathing+1","Shrug It Off+1"],"picked":"Disarm+1","floor":42.0},{"not_picked":["Entrench+1","Pommel Strike"],"picked":"Rage","floor":46.0},{"not_picked":["Shockwave","Warcry"],"picked":"Headbutt+1","floor":54.0}],"player_experience":64429,"relics_obtained":[{"floor":6.0,"key":"Red Skull"},{"floor":9.0,"key":"Pear"},{"floor":10.0,"key":"MealTicket"},{"floor":14.0,"key":"Bronze Scales"},{"floor":24.0,"key":"Vajra"},{"floor":26.0,"key":"Bottled Tornado"},{"floor":28.0,"key":"Red Mask"},{"floor":29.0,"key":"Boot"},{"floor":40.0,"key":"Happy Flower"},{"floor":41.0,"key":"Peace Pipe"},{"floor":42.0,"key":"Thread and Needle"},{"floor":46.0,"key":"Blood Vial"},{"floor":54.0,"key":"Whetstone"}],"event_choices":[{"damage_healed":0.0,"max_hp_gain":0.0,"max_hp_loss":0.0,"gold_gain":0.0,"event_name":"Golden Idol","player_choice":"Take Damage","floor":3.0,"gold_loss":0.0,"damage_taken":20.0,"relics_obtained":["Golden Idol"]},{"damage_healed":0.0,"max_hp_gain":0.0,"max_hp_loss":0.0,"gold_gain":0.0,"event_name":"Scrap Ooze","player_choice":"Success","floor":4.0,"gold_loss":0.0,"damage_taken":3.0,"relics_obtained":["Charon\u0027s Ashes"]},{"damage_healed":0.0,"max_hp_gain":0.0,"max_hp_loss":0.0,"gold_gain":0.0,"event_name":"Liars Game","player_choice":"Ignored","floor":5.0,"gold_loss":0.0,"damage_taken":0.0},{"cards_removed":["Strike_R"],"damage_healed":0.0,"max_hp_gain":0.0,"max_hp_loss":0.0,"gold_gain":0.0,"event_name":"Beggar","player_choice":"Gave Gold","floor":19.0,"gold_loss":75.0,"damage_taken":0.0},{"damage_healed":0.0,"max_hp_gain":0.0,"max_hp_loss":0.0,"gold_gain":0.0,"event_name":"Addict","player_choice":"Obtained Relic","floor":20.0,"gold_loss":85.0,"damage_taken":0.0,"relics_obtained":["Letter Opener"]},{"damage_healed":0.0,"max_hp_gain":0.0,"max_hp_loss":0.0,"gold_gain":0.0,"event_name":"Masked Bandits","player_choice":"Fought Bandits","floor":28.0,"gold_loss":0.0,"damage_taken":0.0},{"damage_healed":0.0,"max_hp_gain":0.0,"max_hp_loss":0.0,"gold_gain":222.0,"event_name":"Tomb of Lord Red Mask","player_choice":"Wore Mask","floor":37.0,"gold_loss":0.0,"damage_taken":0.0},{"damage_healed":0.0,"max_hp_gain":0.0,"max_hp_loss":0.0,"gold_gain":0.0,"event_name":"Winding Halls","player_choice":"Embrace Madness","floor":38.0,"gold_loss":0.0,"damage_taken":11.0,"cards_obtained":["Madness","Madness"]},{"damage_healed":0.0,"max_hp_gain":0.0,"max_hp_loss":0.0,"gold_gain":0.0,"event_name":"Mysterious Sphere","player_choice":"Fight","floor":41.0,"gold_loss":0.0,"damage_taken":0.0},{"cards_removed":["Strike_R"],"damage_healed":0.0,"max_hp_gain":0.0,"max_hp_loss":0.0,"gold_gain":0.0,"event_name":"Falling","player_choice":"Removed Attack","floor":44.0,"gold_loss":0.0,"damage_taken":0.0}],"is_beta":false,"boss_relics":[{"not_picked":["Empty Cage","Snecko Eye"],"picked":"Velvet Choker"},{"not_picked":["Sozu","Black Star"],"picked":"Runic Pyramid"}],"items_purged_floors":[],"is_endless":false,"potions_floor_spawned":[1,10,16,21,29,33,40,41,46],"ascension_level":1}}