{"host":"lly094a91h6n5nv5","time":1613885369,"event":{"mods":["AchievementEnabler","BaseMod","Block Reminder","Colored Map","Minty Spire (QoL Compilation)","Permanent Neow"],"gold_per_floor":[119,194,194,211,211,211,231,231,283,283,295,142,142,160,160,160,160],"floor_reached":16,"language":"ENG","playtime":662,"items_purged":["Strike_G"],"score":153,"play_id":"38ac1d90-202f-40c0-b049-264a0c4b6427","local_time":"20210220232929","is_ascension_mode":true,"campfire_choices":[{"data":"Die Die Die","floor":6,"key":"SMITH"},{"data":"Flechettes","floor":8,"key":"SMITH"},{"data":"Neutralize","floor":10,"key":"SMITH"},{"data":"PiercingWail","floor":15,"key":"SMITH"}],"circlet_count":0,"master_deck":["AscendersBane","Strike_G","Strike_G","Defend_G","Defend_G","Defend_G","Defend_G","Survivor","Neutralize+1","Die Die Die+1","Escape Plan","Acrobatics","Backflip","Flechettes+1","Leg Sweep","PiercingWail+1"],"relics":["Ring of the Snake","Incense Burner","Centennial Puzzle"],"acts_visited":["Exordium"],"potions_floor_usage":[16,16],"damage_taken":[{"damage":0,"enemies":"2 Louse","floor":1,"turns":1},{"damage":0,"enemies":"Jaw Worm","floor":4,"turns":5},{"damage":2,"enemies":"Cultist","floor":7,"turns":5},{"damage":0,"enemies":"Large Slime","floor":11,"turns":3},{"damage":0,"enemies":"Red Slaver","floor":14,"turns":4},{"damage":46,"enemies":"Slime Boss","floor":16,"turns":11}],"seed_played":"6732579834491231611","potions_obtained":[{"floor":11,"key":"EssenceOfSteel"},{"floor":14,"key":"Regen Potion"}],"is_trial":false,"path_per_floor":["M","?","T","M","?","R","M","R","T","R","M","$","?","M","R","B"],"character_chosen":"THE_SILENT","items_purchased":["Leg Sweep"],"campfire_rested":0,"item_purchase_floors":[12],"current_hp_per_floor":[44,33,33,33,33,33,31,31,31,31,31,31,31,31,31,0,0],"gold":160,"neow_bonus":"TRANSFORM_TWO_CARDS","is_daily":false,"chose_seed":false,"campfire_upgraded":4,"win_rate":0.0,"timestamp":1613885369,"path_taken":["M","?","?","M","?","R","M","R","T","R","M","$","?","?","R","BOSS"],"items_purchased_type":["Card"],"build_version":"2020-12-22","purchased_purges":1,"victory":false,"max_hp_per_floor":[66,66,66,66,66,66,66,66,66,66,66,66,66,66,66,66,66],"card_choices":[{"not_picked":["Underhanded Strike","Quick Slash"],"picked":"Acrobatics","floor":1},{"not_picked":["Deflect","Quick Slash"],"picked":"Backflip","floor":4},{"not_picked":["Blade Dance","Bane"],"picked":"Flechettes","floor":7},{"not_picked":["Underhanded Strike","Choke","Infinite Blades"],"picked":"SKIP","floor":11},{"not_picked":["Underhanded Strike","Choke","Infinite Blades"],"picked":"SKIP","floor":11},{"not_picked":["Bane","Outmaneuver"],"picked":"PiercingWail","floor":14}],"player_experience":275530,"relics_obtained":[{"floor":3,"key":"Incense Burner"},{"floor":9,"key":"Centennial Puzzle"}],"event_choices":[{"damage_healed":0,"gold_gain":75,"player_choice":"Gather Gold","damage_taken":11,"max_hp_gain":0,"max_hp_loss":0,"event_name":"World of Goop","floor":2,"gold_loss":0},{"damage_healed":0,"gold_gain":0,"player_choice":"Ignored","damage_taken":0,"max_hp_gain":0,"max_hp_loss":0,"event_name":"Liars Game","floor":5,"gold_loss":0},{"cards_removed":["Strike_G"],"damage_healed":0,"gold_gain":0,"player_choice":"Purged","damage_taken":0,"max_hp_gain":0,"max_hp_loss":0,"event_name":"Purifier","floor":13,"gold_loss":0}],"is_beta":false,"boss_relics":[],"items_purged_floors":[12],"is_endless":false,"potions_floor_spawned":[11,14],"killed_by":"Slime Boss","ascension_level":14}}