{"host":"dz37y7s0f4dytpbs","time":1613921078,"event":{"mods":["AchievementEnabler","BaseMod","BetterRewards","Colored Map","Keyboard Shortcuts","Minty Spire (QoL Compilation)","Permanent Neow","StSLib","SuperFastMode","everything is the same but u backflip on backflip"],"gold_per_floor":[118,118,118,118,46,46,80,92,146,161,174,207,207,222,222,222,222],"floor_reached":16,"language":"KOR","playtime":753,"items_purged":[],"score":208,"play_id":"85485054-5372-4d6c-ba58-823c989fd6ea","local_time":"20210222002438","is_ascension_mode":true,"campfire_choices":[{"floor":6.0,"key":"DIG"},{"floor":15.0,"key":"DIG"}],"circlet_count":0,"master_deck":["Strike_B","Strike_B","Strike_B","Strike_B","Defend_B","Defend_B","Defend_B","Defend_B","Zap","Dualcast","Defragment","Self Repair","Glacier","Chaos","Heatsinks","Defragment"],"relics":["Cracked Core","OrangePellets","Smiling Mask","Shovel","Pear","Regal Pillow","Centennial Puzzle","Orichalcum","MealTicket","Gremlin Horn"],"acts_visited":["Exordium"],"potions_floor_usage":[],"damage_taken":[{"damage":0.0,"enemies":"Small Slimes","floor":1.0,"turns":3.0},{"damage":65.0,"enemies":"Gremlin Nob","floor":7.0,"turns":6.0},{"damage":9.0,"enemies":"2 Louse","floor":8.0,"turns":3.0},{"damage":2.0,"enemies":"Jaw Worm","floor":10.0,"turns":4.0},{"damage":2.0,"enemies":"2 Fungi Beasts","floor":11.0,"turns":5.0},{"damage":1.0,"enemies":"3 Sentries","floor":12.0,"turns":9.0},{"damage":11.0,"enemies":"Lots of Slimes","floor":14.0,"turns":5.0},{"damage":22,"enemies":"Slime Boss","floor":16,"turns":6}],"seed_played":"6238026884635436336","potions_obtained":[{"floor":10.0,"key":"Block Potion"},{"floor":11.0,"key":"SpeedPotion"},{"floor":12.0,"key":"Block Potion"},{"floor":14.0,"key":"LiquidBronze"}],"is_trial":false,"path_per_floor":["M","?","?","?","$","R","E","M","T","M","M","E","T","M","R","B"],"character_chosen":"DEFECT","items_purchased":["OrangePellets","Self Repair"],"campfire_rested":0,"item_purchase_floors":[0,5],"current_hp_per_floor":[68,65,65,58,58,68,10,8,8,13,18,24,24,20,20,0,0],"gold":222,"neow_bonus":"","is_daily":false,"chose_seed":false,"campfire_upgraded":0,"win_rate":0.0,"timestamp":1613921078,"path_taken":["M","?","?","?","$","R","E","M","T","M","M","E","?","?","R","BOSS"],"items_purchased_type":["Relic","Card"],"build_version":"2020-12-22","purchased_purges":0,"victory":false,"max_hp_per_floor":[75,75,75,75,75,85,85,85,85,85,85,85,85,85,85,85,85],"card_choices":[{"not_picked":["Fusion","Turbo"],"picked":"Defragment","floor":1.0},{"not_picked":["Consume","Turbo","Streamline"],"picked":"SKIP","floor":7.0},{"not_picked":["Beam Cell","Ball Lightning"],"picked":"Glacier","floor":8.0},{"not_picked":["Go for the Eyes","Streamline"],"picked":"Chaos","floor":10.0},{"not_picked":["Streamline","Reprogram","Redo"],"picked":"SKIP","floor":11.0},{"not_picked":["Ball Lightning","Redo"],"picked":"Heatsinks","floor":12.0},{"not_picked":["Steam Power","Loop"],"picked":"Defragment","floor":14.0}],"player_experience":327424,"relics_obtained":[{"floor":6.0,"key":"Pear"},{"floor":7.0,"key":"Regal Pillow"},{"floor":9.0,"key":"Centennial Puzzle"},{"floor":12.0,"key":"Orichalcum"},{"floor":13.0,"key":"MealTicket"},{"floor":15.0,"key":"Gremlin Horn"}],"event_choices":[{"damage_healed":0.0,"max_hp_gain":0.0,"max_hp_loss":0.0,"gold_gain":0.0,"event_name":"Scrap Ooze","player_choice":"Success","floor":2.0,"gold_loss":0.0,"damage_taken":3.0,"relics_obtained":["Smiling Mask"]},{"damage_healed":0.0,"max_hp_gain":0.0,"max_hp_loss":0.0,"gold_gain":0.0,"event_name":"Big Fish","player_choice":"Box","floor":3.0,"gold_loss":0.0,"damage_taken":0.0,"relics_obtained":["Shovel"],"cards_obtained":["Regret"]},{"cards_removed":["Regret"],"damage_healed":0.0,"max_hp_gain":0.0,"max_hp_loss":0.0,"gold_gain":0.0,"event_name":"Golden Wing","player_choice":"Card Removal","floor":4.0,"gold_loss":0.0,"damage_taken":7.0}],"is_beta":false,"boss_relics":[],"items_purged_floors":[],"is_endless":false,"potions_floor_spawned":[10,11,12,14],"killed_by":"Slime Boss","ascension_level":6}}