{"host":"uixgxi1v9jim9335","time":1613890803,"event":{"mods":["AchievementEnabler","BaseMod","Downfall","Minty Spire (QoL Compilation)","Rare Cards Sparkle","Relic Sorter","StSLib"],"gold_per_floor":[99,113,131,206,218,246,269,284,300,300,18,18,28,40,55,157,157,157,176,176,276,296,296,296,296,230,249,277,277,305,318,318,318,318],"floor_reached":32,"language":"ENG","playtime":8095,"items_purged":[],"score":309,"play_id":"bb9bf24c-6745-49ac-8566-565a8318ffe7","local_time":"20210221000003","is_ascension_mode":false,"campfire_choices":[{"data":"Slimebound:Split","floor":1.0,"key":"SMITH"},{"floor":12.0,"key":"REST"},{"floor":18.0,"key":"RECALL"},{"floor":23.0,"key":"REST"},{"data":"Apotheosis","floor":25.0,"key":"SMITH"}],"circlet_count":0,"master_deck":["Slimebound:Tackle","Slimebound:Split+1","Slimebound:CorrosiveSpit","Slimebound:LivingWall","Slimebound:LeechingTouch","Slimebound:RainOfGoop+1","Slimebound:GoopTackle","Slimebound:SplitMire+1","Slimebound:LeechingTouch","Slimebound:RollThrough","Apotheosis+1","Slimebound:GrowthPunch","Slimebound:Repurpose","Slimebound:LeadByExample","Slimebound:RollThrough","Slimebound:SelfFormingGoo","Slimebound:Overexert","Slimebound:LivingWall","Slimebound:Grow","Slimebound:Schlurp","Slimebound:FirmFortitude","Slimebound:SamplingLick","Slimebound:OneTwoCombo","Slimebound:AcidTongue","Slimebound:SplitMire","Slimebound:SplitMire","Slimebound:DisruptingSlam","Slimebound:LeechEnergy","Slimebound:SplitMire","Slimebound:SpikyOuterGoop","Slimebound:Split+1","Slimebound:SpikyOuterGoop","Slimebound:LivingWall","Slimebound:RejuvenatingLick"],"relics":["Slimebound:AbsorbEndCombat","Omamori","Potion Belt","Pandora\u0027s Box","Kunai","Happy Flower","Bottled Lightning"],"acts_visited":["TheCity"],"potions_floor_usage":[30,30],"damage_taken":[{"damage":5.0,"enemies":"Small Slimes","floor":2.0,"turns":3.0},{"damage":1.0,"enemies":"Jaw Worm","floor":3.0,"turns":5.0},{"damage":1.0,"enemies":"2 Louse","floor":5.0,"turns":2.0},{"damage":16.0,"enemies":"3 Sentries","floor":6.0,"turns":8.0},{"damage":21.0,"enemies":"2 Fungi Beasts","floor":8.0,"turns":4.0},{"damage":20.0,"enemies":"Gremlin Gang","floor":9.0,"turns":5.0},{"damage":16.0,"enemies":"downfall:FleeingMerchant","floor":11.0,"turns":4.0},{"damage":15.0,"enemies":"Exordium Thugs","floor":13.0,"turns":3.0},{"damage":8.0,"enemies":"Blue Slaver","floor":14.0,"turns":3.0},{"damage":40.0,"enemies":"Gremlin Gang","floor":15.0,"turns":4.0},{"damage":12.0,"enemies":"IC_STATUS_ARCHETYPE","floor":16.0,"turns":6.0},{"damage":12.0,"enemies":"Spheric Guardian","floor":19.0,"turns":5.0},{"damage":20.0,"enemies":"downfall:LadyInBlue","floor":21.0,"turns":7.0},{"damage":24.0,"enemies":"Shell Parasite","floor":22.0,"turns":5.0},{"damage":0.0,"enemies":"downfall:FleeingMerchant","floor":26.0,"turns":4.0},{"damage":19.0,"enemies":"Sentry and Sphere","floor":27.0,"turns":6.0},{"damage":4.0,"enemies":"Gremlin Leader","floor":28.0,"turns":5.0},{"damage":43,"enemies":"Slavers","floor":30,"turns":5},{"damage":19,"enemies":"Shelled Parasite and Fungi","floor":31,"turns":5},{"damage":17,"enemies":"Snake Plant","floor":32,"turns":1}],"seed_played":"3141421048608632560","potions_obtained":[{"floor":3.0,"key":"EssenceOfSteel"},{"floor":5.0,"key":"Swift Potion"},{"floor":8.0,"key":"champ:CounterPotion"},{"floor":13.0,"key":"LiquidBronze"},{"floor":14.0,"key":"Regen Potion"},{"floor":19.0,"key":"champ:CounterPotion"},{"floor":21.0,"key":"SteroidPotion"},{"floor":21.0,"key":"BlessingOfTheForge"},{"floor":21.0,"key":"Regen Potion"},{"floor":22.0,"key":"Guardian:BlockOnCardUsePotion"},{"floor":28.0,"key":"Explosive Potion"},{"floor":31,"key":"SteroidPotion"}],"is_trial":false,"path_per_floor":["R","M","M","?","M","E","T","M","M","?","$","R","M","M","M","B",null,"R","M","?","?","M","R","T","R","$","M","E","?","E","M","M"],"character_chosen":"SLIMEBOUND","items_purchased":["Apotheosis","Slimebound:GrowthPunch","Slimebound:LeechEnergy"],"campfire_rested":2,"item_purchase_floors":[11,11,26],"current_hp_per_floor":[71,70,71,71,71,63,63,46,34,34,26,47,38,34,14,10,71,71,63,50,38,36,58,58,58,66,53,57,57,22,11,0,0,0],"gold":318,"neow_bonus":"TEN_PERCENT_HP_BONUS","is_daily":false,"chose_seed":false,"campfire_upgraded":2,"win_rate":0.0,"timestamp":1613890803,"path_taken":["R","M","M","?","M","E","T","M","M","?","?","R","M","M","M","BOSS","R","M","?","?","?","R","T","R","?","M","E","?","E","M","M"],"items_purchased_type":["Card","Card","Card"],"build_version":"2020-12-22","purchased_purges":0,"victory":false,"max_hp_per_floor":[71,71,71,71,71,71,71,71,71,71,71,71,71,71,71,71,71,71,71,76,76,76,76,76,76,76,76,76,76,76,76,76,76,76],"card_choices":[{"not_picked":["Slimebound:SplitAcid","Slimebound:DisruptingSlam"],"picked":"Slimebound:LivingWall","floor":2.0},{"not_picked":["Slimebound:HauntingLick","Slimebound:Prepare"],"picked":"Slimebound:LeechingTouch","floor":3.0},{"not_picked":["Slimebound:BestDefense","Slimebound:SamplingLick"],"picked":"Slimebound:RainOfGoop","floor":5.0},{"not_picked":["Slimebound:SlimeBrawl","Slimebound:PrepareCrush"],"picked":"Slimebound:GoopTackle","floor":6.0},{"not_picked":["Slimebound:SplitAcid","Slimebound:RainOfGoop"],"picked":"Slimebound:SplitMire","floor":8.0},{"not_picked":["Slimebound:ViciousTackle","Slimebound:Replication"],"picked":"Slimebound:LeechingTouch","floor":9.0},{"not_picked":["Slimebound:SplitMire","Slimebound:SplitLeeching"],"picked":"Slimebound:RollThrough","floor":11.0},{"not_picked":["Slimebound:FinishingTackle","Slimebound:Prepare"],"picked":"Slimebound:Repurpose","floor":13.0},{"not_picked":["Slimebound:PressTheAttack","Slimebound:Prepare"],"picked":"Slimebound:LeadByExample","floor":14.0},{"not_picked":["Slimebound:SplitAcid","Slimebound:HauntingLick"],"picked":"Slimebound:RollThrough","floor":15.0},{"not_picked":["Slimebound:DuplicatedForm","Slimebound:WasteNot"],"picked":"Slimebound:SelfFormingGoo","floor":16.0},{"not_picked":["Slimebound:ForwardTackle","Slimebound:FinishingTackle+1"],"picked":"Slimebound:AcidTongue","floor":19.0},{"not_picked":["Slimebound:DisruptingSlam","Slimebound:Nibble"],"picked":"Slimebound:SplitMire","floor":21.0},{"not_picked":["Slimebound:GoopTackle","Slimebound:Nibble+1"],"picked":"Slimebound:SplitMire","floor":22.0},{"not_picked":["Slimebound:ForwardTackle","Slimebound:Chomp"],"picked":"Slimebound:DisruptingSlam","floor":26.0},{"not_picked":["Slimebound:PressTheAttack+1","Slimebound:RejuvenatingLick"],"picked":"Slimebound:SplitMire","floor":27.0},{"not_picked":["Slimebound:Repurpose","Slimebound:LeechingTouch"],"picked":"Slimebound:SpikyOuterGoop","floor":28.0},{"not_picked":["Slimebound:SamplingLick+1","Slimebound:RollThrough"],"picked":"Slimebound:LivingWall","floor":30},{"not_picked":["Slimebound:FinishingTackle","Slimebound:Dissolve+1"],"picked":"Slimebound:RejuvenatingLick","floor":31}],"player_experience":279876,"relics_obtained":[{"floor":6.0,"key":"Omamori"},{"floor":21.0,"key":"Potion Belt"},{"floor":24.0,"key":"Kunai"},{"floor":28.0,"key":"Happy Flower"},{"floor":30,"key":"Bottled Lightning"}],"event_choices":[],"is_beta":false,"boss_relics":[{"not_picked":["Snecko Eye","Black Star"],"picked":"Pandora\u0027s Box"}],"items_purged_floors":[],"is_endless":false,"potions_floor_spawned":[3,5,8,13,14,19,22,28,31],"killed_by":"Snake Plant","ascension_level":0}}