{"host":"0fupymmp6wdjyqoi","time":1613903482,"event":{"mods":["BaseMod","Bestiary","Clockwork Mod","Conspire","Downfall","GifTheSpireLib","Hubris","Infinite Spire","Minty Spire (QoL Compilation)","Replay The Spire","StSLib","The Construct","The Senshi"],"gold_per_floor":[99,117,134,147,147,159,227,246,262,262,278,92,109,19,31,135,135,135,151,151,170,170,180,180,180,180,180,180,180,180,180],"floor_reached":29,"language":"ENG","playtime":2906,"items_purged":["Slimebound:Strike_Slimebound","Slimebound:Strike_Slimebound"],"score":221,"play_id":"f8a03542-53b5-409c-9057-8dc698a75cd8","local_time":"20210221113122","is_ascension_mode":false,"campfire_choices":[{"floor":1,"key":"DIG"},{"data":"Slimebound:Split","floor":10,"key":"SMITH"},{"data":"Slimebound:Strike_Slimebound","floor":18,"key":"PURGE"},{"floor":28,"key":"REST"}],"circlet_count":0,"master_deck":["Slimebound:Tackle","Slimebound:Defend_Slimebound","Slimebound:Defend_Slimebound","Slimebound:Defend_Slimebound","Slimebound:Defend_Slimebound","Slimebound:Split+1","Slimebound:CorrosiveSpit","Slimebound:LeechEnergy","Slimebound:SlimeTap","Slimebound:LivingWall","Slimebound:GoopSpray","Slimebound:TongueLash","Slimebound:SamplingLick","Slimebound:ItLooksTasty","Slimebound:PressTheAttack","Slimebound:Repurpose","Slimebound:LeechingTouch","Slimebound:PressTheAttack","Slimebound:ItLooksTasty","Slimebound:PressTheAttack","Slimebound:LeechLife","Slimebound:SpikyOuterGoop+1","Slimebound:Schlurp","Slimebound:GoopSpray","Slimebound:ProtectTheBoss"],"relics":["Slimebound:AbsorbEndCombat","theSenshi:SailorFukuRelic","Replay:Wax Seal","hubris:MysteriousPyramids","Oddly Smooth Stone","SlaversCollar","PreservedInsect","Blue Candle"],"acts_visited":["Exordium","TheCity"],"potions_floor_usage":[6,6,16,21],"damage_taken":[{"damage":3,"enemies":"Jaw Worm","floor":2,"turns":4},{"damage":2,"enemies":"2 Louse","floor":3,"turns":3},{"damage":1,"enemies":"conspire:RoseBush","floor":4,"turns":3},{"damage":15,"enemies":"Gremlin Gang","floor":6,"turns":4},{"damage":7,"enemies":"Blue Slaver","floor":8,"turns":6},{"damage":1,"enemies":"Exordium Wildlife","floor":9,"turns":6},{"damage":9,"enemies":"Gremlin Gang","floor":11,"turns":3},{"damage":5,"enemies":"downfall:FleeingMerchant","floor":12,"turns":4},{"damage":0,"enemies":"2 Fungi Beasts","floor":13,"turns":3},{"damage":0,"enemies":"conspire:2 RoseBushes","floor":14,"turns":5},{"damage":2,"enemies":"Large Slime","floor":15,"turns":5},{"damage":53,"enemies":"DF_ARCHETYPE_STREAMLINE","floor":16,"turns":9},{"damage":6,"enemies":"Shell Parasite","floor":19,"turns":9},{"damage":40,"enemies":"conspire:FuzzyDice","floor":21,"turns":8},{"damage":59,"enemies":"Centurion and Healer","floor":23,"turns":11},{"damage":35,"enemies":"Cultist and Chosen","floor":29,"turns":4}],"seed_played":"1221926576730149507","potions_obtained":[{"floor":3,"key":"PowerPotion"},{"floor":4,"key":"Explosive Potion"},{"floor":8,"key":"sneckomod:MuddlingPotion"},{"floor":13,"key":"Strength Potion"},{"floor":16,"key":"Slimebound:SlimedPotion"},{"floor":23,"key":"Slimebound:ThreeZeroPotion"}],"is_trial":false,"path_per_floor":["R","M","M","M","?","M","T","M","M","R","M","$","M","M","M","B",null,"R","M","?","M","?","M","T","?","$","?","R","M"],"character_chosen":"SLIMEBOUND","items_purchased":["Slimebound:LeechingTouch","Oddly Smooth Stone"],"campfire_rested":1,"item_purchase_floors":[12,12],"current_hp_per_floor":[65,63,63,64,39,32,32,31,38,38,35,38,42,48,54,9,65,65,64,64,65,65,22,22,17,12,12,31,0,0,0],"gold":180,"neow_bonus":"THREE_CARDS","is_daily":false,"chose_seed":false,"campfire_upgraded":1,"win_rate":0.0,"timestamp":1613903482,"path_taken":["R","M","M","M","?","M","T","M","M","R","M","$","M","M","M","BOSS","R","M","?","M","?","?","T","?","?","?","R","?"],"items_purchased_type":["Card","Relic"],"build_version":"2020-12-22","purchased_purges":2,"victory":false,"max_hp_per_floor":[65,65,65,65,65,65,65,65,65,65,65,65,65,65,65,65,65,65,65,65,65,65,65,65,65,65,65,65,65,65,65],"card_choices":[{"not_picked":["Slimebound:LevelUp","Slimebound:SplitAcid"],"picked":"Slimebound:LeechEnergy","floor":0},{"not_picked":["Slimebound:FormOfPuddle","Slimebound:Nibble"],"picked":"Slimebound:SlimeTap","floor":2},{"not_picked":["Slimebound:Grow","Slimebound:AcidTongue"],"picked":"Slimebound:LivingWall","floor":3},{"not_picked":["Slimebound:Schlurp","Slimebound:SpikyOuterGoop"],"picked":"Slimebound:GoopSpray","floor":4},{"not_picked":["Slimebound:SlimeSpikes","Slimebound:ComboTackle"],"picked":"Slimebound:TongueLash","floor":6},{"not_picked":["Slimebound:AcidTongue","Slimebound:LivingWall"],"picked":"Slimebound:SamplingLick","floor":8},{"not_picked":["Slimebound:TongueLash","Slimebound:RainOfGoop"],"picked":"Slimebound:ItLooksTasty","floor":9},{"not_picked":["Slimebound:RollThrough","Slimebound:TongueLash"],"picked":"Slimebound:PressTheAttack","floor":11},{"not_picked":["Slimebound:Overexert","Slimebound:Prepare"],"picked":"Slimebound:Repurpose","floor":12},{"not_picked":["Slimebound:GoopTackle","Slimebound:DisruptingSlam"],"picked":"Slimebound:PressTheAttack","floor":13},{"not_picked":["Slimebound:SplitAcid","Slimebound:FlameTackle"],"picked":"Slimebound:ItLooksTasty","floor":14},{"not_picked":["Slimebound:ComboTackle","Slimebound:Nibble"],"picked":"Slimebound:PressTheAttack","floor":15},{"not_picked":["Slimebound:OneTwoCombo","Slimebound:PrepareCrush"],"picked":"Slimebound:LeechLife","floor":16},{"not_picked":["Slimebound:ComboTackle","Slimebound:ItLooksTasty"],"picked":"Slimebound:SpikyOuterGoop+1","floor":19},{"not_picked":["Slimebound:SlimeTap","Slimebound:PressTheAttack"],"picked":"Slimebound:GoopSpray","floor":21},{"not_picked":["Slimebound:RollThrough","Slimebound:LevelUp"],"picked":"Slimebound:ProtectTheBoss","floor":23}],"player_experience":66516,"relics_obtained":[{"floor":1,"key":"theSenshi:SailorFukuRelic"},{"floor":7,"key":"hubris:MysteriousPyramids"},{"floor":24,"key":"PreservedInsect"}],"event_choices":[{"damage_healed":0,"gold_gain":0,"player_choice":"Success","damage_taken":25,"relics_obtained":["Replay:Wax Seal"],"max_hp_gain":0,"max_hp_loss":0,"event_name":"Scrap Ooze","floor":5,"gold_loss":0}],"is_beta":false,"boss_relics":[{"not_picked":["Replay:Wanted Poster","conspire:RunicOctahedron"],"picked":"SlaversCollar"}],"items_purged_floors":[12,26],"is_endless":false,"potions_floor_spawned":[3,4,8,13,16,23],"killed_by":"Cultist and Chosen","ascension_level":0}}