{"host":"ecuvtzmejf7hhjpv","time":1613944351,"event":{"mods":["AchievementEnabler","Act Like it!","Aspiration","BaseMod","Better Altar","Better Match","Better Note","Better Sensory Stone","Better Skull","Better Third Choice","BetterRewards","Conspire","Custom Start","Downfall","Gensokyo","GifTheSpireLib","Hallownest","Hermit","Hubris","Kratos Character Expansion","Luminous","Marisa????????","Minty Spire (QoL Compilation)","Prisma Mod","Remilia??????","Replay The Spire","Robot Space Explorer","Spicy Shops","StSLib","The Animator","The Blackbeard","The Bug Knight","The Construct","The Cursed","The Disciple","The Dragon Tamer","The Forsaken","The Hierophant","The Jungle","The Marked","The Necromancer","The Poker Player","The Wild Card","TheSwordswoman"],"gold_per_floor":[114,130,130,158,190,231,253,285,297,336,358,370,382,411,423,537,549,578,600,623,651,674,712,724,736,748,791,803,815,827,827],"floor_reached":30,"language":"ENG","playtime":1095,"items_purged":[],"score":388,"play_id":"afaf40b6-b485-4de4-8a26-d1d6e6343a52","local_time":"20210221155231","is_ascension_mode":false,"campfire_choices":[{"data":"Luminous:Lunar_Tide_Luminous","floor":13,"key":"SMITH"},{"floor":15,"key":"DIG"},{"floor":25,"key":"REST"},{"floor":29,"key":"REST"}],"circlet_count":0,"master_deck":["Luminous:Light_Flash_Shower","Luminous:Light_Flash_Shower","Luminous:Light_Flash_Shower","Luminous:Dark_Abyssal_Drop","Luminous:Dark_Abyssal_Drop","Luminous:Dark_Abyssal_Drop","Luminous:Defend_Luminous+1","Luminous:Defend_Luminous","Luminous:Defend_Luminous","Luminous:Defend_Luminous","Luminous:Switch_Luminous+1","Luminous:Dark_Morning_Star","Luminous:Light_Gather","Luminous:Light_Gather","Luminous:Light_Glare","Luminous:Light_Track","Luminous:Lunar_Tide_Luminous+1","Luminous:Light_Wash_Luminous","Luminous:Dark_Pressure_Void","Luminous:Concentrate_Luminous","Luminous:Light_Track+1","Luminous:Light_Glare","Luminous:Dark_Crescendo_Luminous","Luminous:Switch_Luminous+1","Luminous:Lunar_Tide_Luminous","Luminous:Dark_Crescendo_Luminous","Luminous:Light_Glare+1","Luminous:Lunar_Tide_Luminous+1"],"relics":["Luminous:MirrorRelic","Vajra","MawBank","War Paint","Nunchaku","hubris:MysteriousPyramids","The Courier","construct:WeddingRing","Peace Pipe","Mercury Hourglass","Gremlin Food"],"acts_visited":["Exordium","TheCity"],"potions_floor_usage":[10,10,19,22,27,28,30,30],"damage_taken":[{"damage":0,"enemies":"2 Louse","floor":1,"turns":3},{"damage":0,"enemies":"Cultist","floor":2,"turns":3},{"damage":0,"enemies":"Small Slimes","floor":4,"turns":3},{"damage":10,"enemies":"Exordium Wildlife","floor":5,"turns":4},{"damage":16,"enemies":"Replay:BlueRogue","floor":6,"turns":5},{"damage":10,"enemies":"Large Slime","floor":7,"turns":6},{"damage":2,"enemies":"2 Fungi Beasts","floor":8,"turns":3},{"damage":1,"enemies":"Gremlin Nob","floor":10,"turns":4},{"damage":3,"enemies":"Red Slaver","floor":11,"turns":3},{"damage":0,"enemies":"Blue Slaver","floor":14,"turns":2},{"damage":10,"enemies":"Hexaghost","floor":16,"turns":9},{"damage":14,"enemies":"Shell Parasite","floor":18,"turns":6},{"damage":17,"enemies":"conspire:HollyBat","floor":19,"turns":9},{"damage":0,"enemies":"Snecko","floor":20,"turns":4},{"damage":0,"enemies":"Cultist and Chosen","floor":21,"turns":8},{"damage":13,"enemies":"Sentry and Sphere","floor":22,"turns":6},{"damage":16,"enemies":"conspire:SneckoGhost","floor":23,"turns":8},{"damage":24,"enemies":"conspire:Head Lice","floor":27,"turns":7},{"damage":0,"enemies":"Snake Plant","floor":28,"turns":1},{"damage":35,"enemies":"Slavers","floor":30,"turns":3}],"seed_played":"7535489862895465809","potions_obtained":[{"floor":1,"key":"Milkshake"},{"floor":5,"key":"SpeedPotion"},{"floor":6,"key":"ColorlessPotion"},{"floor":8,"key":"Flashbang"},{"floor":14,"key":"SmokeBomb"},{"floor":16,"key":"Weak Potion"},{"floor":21,"key":"SkillPotion"},{"floor":23,"key":"SkillPotion"},{"floor":27,"key":"bronze:BurnAndBuffPotion"}],"is_trial":false,"path_per_floor":["M","M","?","M","M","E","M","M","T","E","M","?","R","M","R","B",null,"M","M","M","M","M","E","?","R","T","E","M","R","E"],"character_chosen":"LuminousClass","items_purchased":["Vajra","Luminous:Dark_Morning_Star"],"campfire_rested":2,"item_purchase_floors":[0,0],"current_hp_per_floor":[75,75,75,75,65,49,39,37,37,36,33,33,33,33,33,23,75,61,44,44,44,31,15,15,37,37,13,13,35,0,0],"gold":827,"neow_bonus":"","is_daily":false,"chose_seed":false,"campfire_upgraded":1,"win_rate":0.0,"timestamp":1613944351,"path_taken":["M","M","?","M","?","E","M","M","T","E","?","?","R","M","R","BOSS","M","M","M","M","M","E","?","R","T","E","M","R","E"],"items_purchased_type":["Relic","Card"],"build_version":"2020-12-22","purchased_purges":0,"victory":false,"max_hp_per_floor":[75,75,75,75,75,75,75,75,75,75,75,75,75,75,75,75,75,75,75,75,75,75,75,75,75,75,75,75,75,75,75],"card_choices":[{"not_picked":["Luminous:Dark_Dim_Erosion","Luminous:Fast_Spell_Luminous"],"picked":"Luminous:Light_Gather","floor":1},{"not_picked":["Luminous:Blinding_Pillar_Luminous","Luminous:Dark_Pressure_Void"],"picked":"Luminous:Light_Gather","floor":2},{"not_picked":["Luminous:Chaos_Field_Luminous","Luminous:Accumulation_Luminous"],"picked":"Luminous:Light_Glare","floor":4},{"not_picked":["Luminous:Light_Disperse","Luminous:Switch_Luminous"],"picked":"Luminous:Light_Track","floor":5},{"not_picked":["Luminous:Dark_Apocalypse","Luminous:Chase_Spell_Luminous"],"picked":"Luminous:Lunar_Tide_Luminous","floor":6},{"not_picked":["Luminous:Light_Gather","Luminous:Shadow_Shell_Luminous"],"picked":"Luminous:Light_Wash_Luminous","floor":7},{"not_picked":["Luminous:Lights_Protection_Luminous","Luminous:Dark_Raid"],"picked":"Luminous:Dark_Pressure_Void","floor":8},{"not_picked":["Luminous:Mana_Barrier_Luminous","Luminous:Sympathy_Luminous"],"picked":"Luminous:Concentrate_Luminous","floor":10},{"not_picked":["Luminous:Mana_Overload_Luminous","Luminous:Dark_Raid"],"picked":"Luminous:Light_Track","floor":11},{"not_picked":["Luminous:Dark_Pressure_Void","Luminous:Balance_Ender"],"picked":"Luminous:Light_Glare","floor":14},{"not_picked":["Luminous:Light_White_Aria","Luminous:Date_of_Light_Luminous"],"picked":"Luminous:Dark_Crescendo_Luminous","floor":16},{"not_picked":["Luminous:Mana_Barrier_Luminous","Luminous:Fast_Spell_Luminous","Luminous:Dark_Raid"],"picked":"SKIP","floor":18},{"not_picked":["Luminous:Dark_Pressure_Void","Luminous:Tune_Luminous"],"picked":"Luminous:Switch_Luminous+1","floor":19},{"not_picked":["Luminous:Dark_Dim_Erosion","Luminous:Dark_Raid","Luminous:Light_Disperse"],"picked":"SKIP","floor":20},{"not_picked":["Luminous:Magic_Boost_Luminous","Luminous:Dark_Raid"],"picked":"Luminous:Lunar_Tide_Luminous","floor":21},{"not_picked":["Luminous:Switch_Luminous+1","Luminous:Light_Disperse+1"],"picked":"Luminous:Dark_Crescendo_Luminous","floor":22},{"not_picked":["Luminous:Fast_Spell_Luminous","Luminous:Dark_Pressure_Void"],"picked":"Luminous:Light_Glare+1","floor":23},{"not_picked":["Luminous:Light_Wash_Luminous","Luminous:Dark_Raid"],"picked":"Luminous:Lunar_Tide_Luminous+1","floor":27}],"player_experience":1197997,"relics_obtained":[{"floor":6,"key":"War Paint"},{"floor":9,"key":"Nunchaku"},{"floor":10,"key":"hubris:MysteriousPyramids"},{"floor":15,"key":"The Courier"},{"floor":23,"key":"Peace Pipe"},{"floor":26,"key":"Mercury Hourglass"},{"floor":27,"key":"Gremlin Food"}],"event_choices":[{"damage_healed":0,"gold_gain":0,"player_choice":"Gave Potion","damage_taken":0,"relics_obtained":["MawBank"],"max_hp_gain":0,"max_hp_loss":0,"event_name":"WeMeetAgain","floor":3,"gold_loss":0},{"damage_healed":0,"gold_gain":0,"player_choice":"Leave","damage_taken":0,"max_hp_gain":0,"max_hp_loss":0,"event_name":"The Cleric","floor":12,"gold_loss":0},{"damage_healed":0,"gold_gain":0,"player_choice":"Ignored","damage_taken":0,"max_hp_gain":0,"max_hp_loss":0,"event_name":"betterNote:BetterNote","floor":24,"gold_loss":0,"cards_obtained":["Strike_G"]}],"is_beta":false,"boss_relics":[{"not_picked":["Painkiller Herb","conspire:SeveredTorchhead"],"picked":"construct:WeddingRing"}],"items_purged_floors":[],"is_endless":false,"potions_floor_spawned":[1,5,6,8,14,16,18,21,23,27],"killed_by":"Slavers","ascension_level":0}}