{"host":"rkc66x5lvwcew90n","time":1613929349,"event":{"mods":["BaseMod","Hermit","Koishi","Marisa????????","Minty Spire (QoL Compilation)","StSLib","SuperFastMode","The Servant 0.9.4"],"gold_per_floor":[113,113,113,37,51,51,83,83,83,102,102,119,119,185,185,185,185],"floor_reached":16,"language":"ENG","playtime":719,"items_purged":[],"score":123,"play_id":"4768f10d-f9b8-4e1f-ad5e-998faae07d98","local_time":"20210221094229","is_ascension_mode":false,"campfire_choices":[{"data":"hermit:ShadowCloak","floor":6,"key":"SMITH"},{"floor":8,"key":"REST"},{"floor":11,"key":"REST"},{"floor":15,"key":"REST"}],"circlet_count":0,"master_deck":["hermit:Strike_Hermit","hermit:Strike_Hermit","hermit:Strike_Hermit+1","hermit:Strike_Hermit","hermit:Defend_Hermit","hermit:Defend_Hermit","hermit:Defend_Hermit","hermit:Defend_Hermit","hermit:Snapshot","hermit:Covet","hermit:Snipe+1","Regret","hermit:ShadowCloak+1","hermit:Grudge","hermit:Dive","hermit:EyeOfTheStorm","hermit:Glare","hermit:Enervate","hermit:TrackingShot","Injury"],"relics":["hermit:Momento","Darkstone Periapt","Prayer Wheel","Orichalcum","Golden Idol"],"acts_visited":["Exordium"],"potions_floor_usage":[],"damage_taken":[{"damage":1,"enemies":"2 Louse","floor":1,"turns":3},{"damage":5,"enemies":"Small Slimes","floor":5,"turns":4},{"damage":46,"enemies":"Lagavulin","floor":7,"turns":7},{"damage":6,"enemies":"Jaw Worm","floor":10,"turns":4},{"damage":11,"enemies":"3 Louse","floor":12,"turns":4},{"damage":47,"enemies":"Hexaghost","floor":16,"turns":10}],"seed_played":"-1923415585820321973","potions_obtained":[{"floor":5,"key":"FearPotion"},{"floor":10,"key":"Dexterity Potion"}],"is_trial":false,"path_per_floor":["M","?","?","$","M","R","E","R","T","M","R","M","?","?","R","B"],"character_chosen":"HERMIT","items_purchased":["hermit:ShadowCloak"],"campfire_rested":3,"item_purchase_floors":[4],"current_hp_per_floor":[81,87,69,69,64,64,18,44,44,38,64,53,59,59,87,40,40],"gold":185,"neow_bonus":"TEN_PERCENT_HP_BONUS","is_daily":false,"chose_seed":false,"campfire_upgraded":1,"win_rate":0.0,"timestamp":1613929349,"path_taken":["M","?","?","$","M","R","E","R","T","M","R","M","?","?","R","BOSS"],"items_purchased_type":["Card"],"build_version":"2020-12-22","purchased_purges":0,"victory":false,"max_hp_per_floor":[82,88,88,88,88,88,88,88,88,88,88,88,94,94,94,94,94],"card_choices":[{"not_picked":["hermit:Misfire","hermit:GhostlyPresence"],"picked":"hermit:Snipe","floor":1},{"not_picked":["hermit:GoldenBullet","hermit:FullyLoaded"],"picked":"hermit:Grudge","floor":5},{"not_picked":["hermit:LowProfile","hermit:Magnum"],"picked":"hermit:Dive","floor":7},{"not_picked":["hermit:GhostlyPresence","hermit:TrackingShot"],"picked":"hermit:EyeOfTheStorm","floor":10},{"not_picked":["hermit:LowProfile","hermit:BigShot"],"picked":"hermit:Glare","floor":10},{"not_picked":["hermit:ItchyTrigger","hermit:WideOpen"],"picked":"hermit:Enervate","floor":12},{"not_picked":["hermit:SprayPray","hermit:Desperado"],"picked":"hermit:TrackingShot","floor":12}],"player_experience":278649,"relics_obtained":[{"floor":7,"key":"Prayer Wheel"},{"floor":9,"key":"Orichalcum"}],"event_choices":[{"damage_healed":0,"gold_gain":0,"player_choice":"Box","damage_taken":0,"relics_obtained":["Darkstone Periapt"],"max_hp_gain":0,"max_hp_loss":0,"event_name":"Big Fish","floor":2,"gold_loss":0,"cards_obtained":["Regret"]},{"damage_healed":0,"gold_gain":0,"player_choice":"Entered Light","damage_taken":18,"max_hp_gain":0,"max_hp_loss":0,"event_name":"Shining Light","floor":3,"gold_loss":0,"cards_upgraded":["hermit:Snipe","hermit:Strike_Hermit"]},{"damage_healed":0,"gold_gain":0,"player_choice":"Take Wound","damage_taken":0,"relics_obtained":["Golden Idol"],"max_hp_gain":0,"max_hp_loss":0,"event_name":"Golden Idol","floor":13,"gold_loss":0,"cards_obtained":["Injury"]},{"damage_healed":0,"gold_gain":66,"player_choice":"Gained Gold","damage_taken":0,"max_hp_gain":0,"max_hp_loss":0,"event_name":"Golden Wing","floor":14,"gold_loss":0}],"is_beta":false,"boss_relics":[],"items_purged_floors":[],"is_endless":false,"potions_floor_spawned":[5,10],"killed_by":"Hexaghost","ascension_level":0}}