{"host":"42xf941fomyavgzy","time":1613907061,"event":{"mods":["Act Like it!","Astrologer","BaseMod","Colored Map","DeckTracker","Gensokyo","Minty Spire (QoL Compilation)","Shop Mod","StSLib","SuperFastMode","The Cursed"],"gold_per_floor":[118,118,128,128,138,138,149,149,149,159,176,194,194,14,14,117,117,132,63,63,43,43,73,73,89,89,99,116,116,134,151,151,151,151],"floor_reached":33,"language":"JPN","playtime":1682,"items_purged":["Strike_B"],"score":369,"play_id":"ac875ef8-6fff-40b5-933a-92ff2415c6d2","local_time":"20210221203101","is_ascension_mode":true,"campfire_choices":[{"data":"Ball Lightning","floor":6,"key":"SMITH"},{"data":"Genetic Algorithm","floor":8,"key":"SMITH"},{"data":"Defragment","floor":13,"key":"SMITH"},{"data":"Conserve Battery","floor":15,"key":"SMITH"},{"floor":24,"key":"REST"},{"data":"Biased Cognition","floor":29,"key":"SMITH"},{"data":"Capacitor","floor":32,"key":"SMITH"}],"circlet_count":0,"master_deck":["Strike_B","Strike_B","Strike_B","Defend_B","Defend_B","Defend_B","Defend_B","Zap","Dualcast","Impatience","Ball Lightning+1","Aggregate","Genetic Algorithm+1","Lockon","Steam","Defragment+1","Conserve Battery+1","Core Surge","Biased Cognition+1","CurseOfTheBell","Coolheaded","Self Repair","Dash","Turbo","Turbo","Cold Snap","Darkness","Consume","Capacitor+1","BootSequence"],"relics":["Cracked Core","Gensokyo:CelestialsFlawlessClothing","The Courier","Membership Card","Calling Bell","Boot","Ornamental Fan","Torii","Kunai","Lantern"],"acts_visited":["Exordium","Gensokyo:Gensokyo"],"potions_floor_usage":[12,16,23,23,23,27,28,31],"damage_taken":[{"damage":3,"enemies":"Gensokyo:3_Fairies","floor":1,"turns":5},{"damage":9,"enemies":"Gensokyo:Gryphon","floor":3,"turns":3},{"damage":7,"enemies":"Gensokyo:2_Kodama","floor":5,"turns":3},{"damage":0,"enemies":"Gensokyo:VengefulSpirit","floor":7,"turns":4},{"damage":0,"enemies":"Gensokyo:LivingMonolith","floor":10,"turns":2},{"damage":0,"enemies":"Gensokyo:Kitsune","floor":11,"turns":3},{"damage":2,"enemies":"Gensokyo:5_Fairies","floor":12,"turns":4},{"damage":27,"enemies":"Gensokyo:Yukari","floor":16,"turns":8},{"damage":1,"enemies":"Gensokyo:AngelMirror","floor":18,"turns":3},{"damage":43,"enemies":"Gensokyo:Tenshi","floor":23,"turns":6},{"damage":0,"enemies":"Gensokyo:Chomper","floor":25,"turns":3},{"damage":1,"enemies":"Gensokyo:Swordslinger","floor":27,"turns":4},{"damage":36,"enemies":"Gensokyo:Mirror_and_Dog","floor":28,"turns":5},{"damage":9,"enemies":"Gensokyo:Wraith","floor":30,"turns":4},{"damage":0,"enemies":"Gensokyo:Swordslinger","floor":31,"turns":4},{"damage":183,"enemies":"Gensokyo:Eternal_Rivals","floor":33,"turns":13}],"seed_played":"-7085427738678212457","potions_obtained":[{"floor":3,"key":"AttackPotion"},{"floor":10,"key":"SteroidPotion"},{"floor":16,"key":"EntropicBrew"},{"floor":18,"key":"SkillPotion"},{"floor":28,"key":"SkillPotion"}],"is_trial":false,"path_per_floor":["M","?","M","?","M","R","M","R","T","M","M","M","R","$","R","B",null,"M","$","?","$","$","E","R","M","T","M","M","R","M","M","R","B"],"character_chosen":"DEFECT","items_purchased":["Membership Card","Core Surge","Self Repair","Turbo"],"campfire_rested":1,"item_purchase_floors":[14,14,19,21],"current_hp_per_floor":[65,65,56,38,31,31,31,31,31,31,31,29,29,29,29,2,57,56,56,56,56,56,20,42,49,49,55,26,26,24,31,31,0,0],"gold":151,"neow_bonus":"RANDOM_COLORLESS","is_daily":false,"chose_seed":false,"campfire_upgraded":6,"win_rate":0.0,"timestamp":1613907061,"path_taken":["M","?","M","?","M","R","?","R","T","M","?","M","R","?","R","BOSS","M","$","?","?","$","E","R","M","T","M","?","R","M","M","R","BOSS"],"items_purchased_type":["Relic","Card","Card","Card"],"build_version":"2020-12-22","purchased_purges":1,"victory":false,"max_hp_per_floor":[75,75,75,75,75,75,75,75,75,75,75,75,75,75,75,75,75,75,75,75,75,75,75,75,75,75,75,75,75,75,75,75,75,75],"card_choices":[{"not_picked":["Flash of Steel","Forethought"],"picked":"Impatience","floor":0},{"not_picked":["Compile Driver","Steam"],"picked":"Ball Lightning","floor":1},{"not_picked":["Tempest","Redo"],"picked":"Aggregate","floor":3},{"not_picked":["Turbo","Doom and Gloom"],"picked":"Genetic Algorithm","floor":5},{"not_picked":["Redo","Tempest"],"picked":"Lockon","floor":7},{"not_picked":["Darkness","Gash"],"picked":"Steam","floor":10},{"not_picked":["Ball Lightning","Double Energy"],"picked":"Defragment","floor":11},{"not_picked":["Scrape","Coolheaded"],"picked":"Conserve Battery","floor":12},{"not_picked":["Thunder Strike","Creative AI"],"picked":"Biased Cognition","floor":16},{"not_picked":["Conserve Battery","Melter"],"picked":"Coolheaded","floor":18},{"not_picked":["Darkness","Reinforced Body"],"picked":"Turbo","floor":23},{"not_picked":["Sweeping Beam","Leap"],"picked":"Cold Snap","floor":25},{"not_picked":["Turbo+1","Redo"],"picked":"Darkness","floor":27},{"not_picked":["Go for the Eyes","Compile Driver+1"],"picked":"Consume","floor":28},{"not_picked":["Aggregate","Stack"],"picked":"Capacitor","floor":30},{"not_picked":["Conserve Battery","Turbo"],"picked":"BootSequence","floor":31}],"player_experience":504192,"relics_obtained":[{"floor":9,"key":"The Courier"},{"floor":17,"key":"Boot"},{"floor":17,"key":"Ornamental Fan"},{"floor":17,"key":"Torii"},{"floor":23,"key":"Kunai"},{"floor":26,"key":"Lantern"}],"event_choices":[],"is_beta":false,"boss_relics":[{"not_picked":["SlaversCollar","Runic Dome"],"picked":"Calling Bell"}],"items_purged_floors":[19],"is_endless":false,"potions_floor_spawned":[3,10,16,18,28],"killed_by":"Gensokyo:Eternal_Rivals","ascension_level":9}}