{"host":"glqsg3p5q4u9u1ra","time":1613879632,"event":{"mods":["Act Like it!","Arknights","BaseMod","Better Third Choice","BetterRewards","Colored Map","Downfall","Friendly Minions","GifTheSpireLib","Hallownest","Highlight Path","Infinite Spire","Mimic Mod","Minty Spire (QoL Compilation)","Pale of the Ancients","Reliquary","Replay The Spire","Ruina","Spicy Shops","Spire Birthday Party","StSLib","The Blue Laboratory","The Bug Knight","The Exalted","The Servant 0.9.4","Wandering Minibosses"],"gold_per_floor":[115,115,40,57,32,32,32,32,110,128,143,174,174,207,207,308,308,319,57,57,57,57,57],"floor_reached":22,"language":"ENG","playtime":937,"items_purged":["ats:Strike V"],"score":304,"play_id":"04311351-9c11-479e-a8e0-fdc30acb171a","local_time":"20210220195352","is_ascension_mode":true,"campfire_choices":[{"data":"ats:Part Time Job","floor":6,"key":"SMITH"},{"data":"Discovery","floor":8,"key":"SMITH"},{"data":"ats:Emotion Absorption","floor":13,"key":"SMITH"},{"data":"ats:Disruption Kick","floor":15,"key":"SMITH"}],"circlet_count":0,"master_deck":["ats:Strike C","ats:Strike G","ats:Strike S","ats:Armor Crushing Shot","ats:Defend","ats:Defend","ats:Defend","ats:Defend+1","ats:Emotion Absorption+1","Discovery+1","Discovery+1","ats:Red Shift","ats:Part Time Job+1","ats:Encircling Forest","ats:Poison Spread","ats:Blood Oath","ats:Curse Doll","ats:Disruption Kick+1","ats:Nebulous Foxfire","ats:Revitalization","ruina:GoldRush"],"relics":["ats:Sanity","DollysMirror","War Paint","infinitespire:WardingShard","ats:Originium","Regal Pillow","Ice Cream","reliquary:WritOfMandamus","infinitespire:Bottled Soul"],"acts_visited":["Exordium","Hallownest:Greenpath"],"potions_floor_usage":[12,14,18,22,22],"damage_taken":[{"damage":0,"enemies":"Hallownest:2_MossCreeps","floor":1,"turns":3},{"damage":8,"enemies":"2_ Uuma","floor":4,"turns":3},{"damage":7,"enemies":"Hallownest:2_Tiktiks_and_1_Crawlid","floor":10,"turns":1},{"damage":0,"enemies":"Hallownest:monsterAspidMother","floor":11,"turns":6},{"damage":13,"enemies":"Hallownest:eliteCrystalGuardian","floor":12,"turns":5},{"damage":12,"enemies":"Hallownest:eliteMossKnight","floor":14,"turns":6},{"damage":45,"enemies":"Hallownest:BossFalseKnight","floor":16,"turns":10},{"damage":96,"enemies":"ruina:Nosferatu","floor":18,"turns":8},{"damage":67,"enemies":"ruina:3_Bats","floor":22,"turns":4}],"seed_played":"-2384301535044771571","potions_obtained":[{"floor":1,"key":"blueLaboratory:ForbiddenFruitJuice"},{"floor":4,"key":"DistilledChaos"},{"floor":11,"key":"blueLaboratory:HummingbirdPotion"},{"floor":12,"key":"AttackPotion"},{"floor":14,"key":"blueLaboratory:BottleOfVodka"},{"floor":18,"key":"FearPotion"}],"is_trial":false,"path_per_floor":["M","?","$","M","$","R","T","R","T","M","M","E","R","E","R","B",null,"M","$","?","?","M"],"character_chosen":"DOCTOR_CLASS","items_purchased":["Discovery","DollysMirror","War Paint","ats:Red Shift","ats:Poison Spread","infinitespire:Bottled Soul"],"campfire_rested":0,"item_purchase_floors":[0,0,0,0,5,19],"current_hp_per_floor":[72,62,62,54,54,54,54,54,54,47,64,66,66,66,66,59,72,38,38,38,55,0,0],"gold":57,"neow_bonus":"","is_daily":false,"chose_seed":false,"campfire_upgraded":4,"win_rate":0.0,"timestamp":1613879632,"path_taken":["M","?","$","?","?","R","?","R","T","M","?","E","R","E","R","BOSS","M","$","?","?","?"],"items_purchased_type":["Card","Relic","Relic","Card","Card","Relic"],"build_version":"2020-12-22","purchased_purges":1,"victory":false,"max_hp_per_floor":[72,72,72,72,72,72,72,72,72,72,72,72,72,72,72,72,72,62,62,58,58,58,58],"card_choices":[{"not_picked":["ats:Very Hot Blade","ats:Guardian Obelisk"],"picked":"ats:Part Time Job","floor":1},{"not_picked":["ats:Guard Mode","ats:Revitalization"],"picked":"ats:Encircling Forest","floor":4},{"not_picked":["ats:Shell Defense","ats:Closed Bolt Burst Fire"],"picked":"ats:Blood Oath","floor":10},{"not_picked":["ats:Guardian Obelisk","ats:Poison Spread"],"picked":"ats:Curse Doll","floor":11},{"not_picked":["ats:Collapsing Strike","ats:Flexible Camouflage","ats:Soul Absorption"],"picked":"SKIP","floor":12},{"not_picked":["ats:Charging Defense","ats:Guard Mode"],"picked":"ats:Disruption Kick","floor":14},{"not_picked":["ats:Wolf Pack","ats:Rat Pack"],"picked":"ats:Nebulous Foxfire","floor":16},{"not_picked":["ats:Shadow Raid","ats:Spore Proliferation"],"picked":"ats:Revitalization","floor":18},{"not_picked":["ruina:SwordSharpened","ruina:Smile"],"picked":"ruina:GoldRush","floor":20}],"player_experience":1172312,"relics_obtained":[{"floor":9,"key":"infinitespire:WardingShard"},{"floor":12,"key":"ats:Originium"},{"floor":12,"key":"Regal Pillow"},{"floor":14,"key":"ats:Originium"},{"floor":14,"key":"Ice Cream"}],"event_choices":[],"is_beta":false,"boss_relics":[{"not_picked":["Velvet Choker","Sozu"],"picked":"reliquary:WritOfMandamus"}],"items_purged_floors":[3],"is_endless":false,"potions_floor_spawned":[1,4,11,12,14,18],"killed_by":"ruina:3_Bats","ascension_level":1}}