{"host":"y4fuci1jk2rsxnep","time":1613909411,"event":{"mods":["AchievementEnabler","BaseMod","Colored Powertips","Custom Start","Defuse TimeMaze Blight","Dio Mod","Downfall","Hermit","Hero for Fun","Hubris","Hunter ??","Infinite Spire","Minty Spire (QoL Compilation)","Quick Restart","Reliquary","Remove Card Discount Mod","Replay The Spire","StSLib","The Blackbeard","The Bug Knight","The Mystic","The Runesmith"],"gold_per_floor":[119,194,194,207,221,221,70,70,70,70,145,220,220,238,255,272,272,272,272],"floor_reached":18,"language":"ENG","playtime":854,"items_purged":[],"score":122,"play_id":"41dca33f-3f7c-481e-addc-16539807544c","local_time":"20210221131011","is_ascension_mode":true,"campfire_choices":[{"data":"hermit:Virtue","floor":6,"key":"SMITH"},{"data":"hermit:Midnight","floor":8,"key":"SMITH"},{"data":"hermit:ShadowCloak","floor":13,"key":"SMITH"},{"floor":17,"key":"REST"}],"circlet_count":0,"master_deck":["hermit:Strike_Hermit","hermit:Strike_Hermit","hermit:Strike_Hermit","hermit:Strike_Hermit","hermit:Defend_Hermit","hermit:Defend_Hermit","hermit:Defend_Hermit","hermit:Defend_Hermit","hermit:Snapshot","hermit:Covet","hermit:Gestalt","hermit:Virtue+1","hermit:ShadowCloak+1","hermit:Midnight+1","hermit:Vantage","hermit:Misfire+1","hermit:Quickdraw+1"],"relics":["hermit:Momento","NeowsBlessing","Molten Egg 2"],"acts_visited":["Exordium"],"potions_floor_usage":[18],"damage_taken":[{"damage":0,"enemies":"2 Louse","floor":1,"turns":1},{"damage":0,"enemies":"Cultist","floor":4,"turns":1},{"damage":0,"enemies":"Small Slimes","floor":5,"turns":1},{"damage":18,"enemies":"2 Fungi Beasts","floor":14,"turns":5},{"damage":5,"enemies":"Blue Slaver","floor":15,"turns":6},{"damage":28,"enemies":"Large Slime","floor":16,"turns":7},{"damage":39,"enemies":"Hexaghost","floor":18,"turns":11}],"seed_played":"649266325156710416","potions_obtained":[{"floor":1,"key":"Toxic Potion"},{"floor":5,"key":"SpeedPotion"},{"floor":14,"key":"champ:CounterPotion"}],"is_trial":false,"path_per_floor":["M","?","?","M","M","R","$","R","PTL","PTL","T","?","R","M","M","M","R","B"],"character_chosen":"HERMIT","items_purchased":["hermit:ShadowCloak","hermit:Midnight"],"campfire_rested":1,"item_purchase_floors":[7,7],"current_hp_per_floor":[75,64,64,64,64,64,64,64,64,64,64,64,64,46,41,13,35,0,0],"gold":272,"neow_bonus":"THREE_ENEMY_KILL","is_daily":false,"chose_seed":false,"campfire_upgraded":3,"win_rate":0.0,"timestamp":1613909411,"path_taken":["M","?","?","?","M","R","$","R","PTL","PTL","T","?","R","M","M","M","R","BOSS"],"items_purchased_type":["Card","Card"],"build_version":"2020-12-22","purchased_purges":0,"victory":false,"max_hp_per_floor":[75,75,75,75,75,75,75,75,75,75,75,75,75,75,75,75,75,75,75],"card_choices":[{"not_picked":["hermit:NoHoldsBarred","hermit:Manifest","hermit:Feint"],"picked":"SKIP","floor":1},{"not_picked":["hermit:HighCaliber","hermit:Showdown"],"picked":"hermit:Gestalt","floor":4},{"not_picked":["hermit:Dive","hermit:NoHoldsBarred"],"picked":"hermit:Virtue","floor":5},{"not_picked":["hermit:TakeAim","hermit:Coalescence"],"picked":"hermit:Vantage","floor":14},{"not_picked":["hermit:SprayPray+1","hermit:Coalescence"],"picked":"hermit:Misfire+1","floor":15},{"not_picked":["hermit:Desperado+1","hermit:Coalescence"],"picked":"hermit:Quickdraw+1","floor":16}],"player_experience":683590,"relics_obtained":[{"floor":11,"key":"Molten Egg 2"}],"event_choices":[{"damage_healed":0,"gold_gain":75,"player_choice":"Gather Gold","damage_taken":11,"max_hp_gain":0,"max_hp_loss":0,"event_name":"World of Goop","floor":2,"gold_loss":0},{"damage_healed":0,"gold_gain":0,"player_choice":"Leave","damage_taken":0,"max_hp_gain":0,"max_hp_loss":0,"event_name":"FaceTrader","floor":3,"gold_loss":0},{"damage_healed":0,"gold_gain":75,"player_choice":"Gained Gold","damage_taken":0,"max_hp_gain":0,"max_hp_loss":0,"event_name":"Golden Wing","floor":12,"gold_loss":0}],"is_beta":false,"boss_relics":[],"items_purged_floors":[],"is_endless":false,"potions_floor_spawned":[1,5,14],"killed_by":"Hexaghost","ascension_level":4}}