{"host":"4jj9j1v1tx707ann","time":1613902359,"event":{"mods":["AchievementEnabler","BaseMod","Colored Map","Keyboard Shortcuts","Minty Spire (QoL Compilation)","Permanent Neow","Quick Restart","Rare Cards Sparkle","StSLib","SuperFastMode","everything is the same but u backflip on backflip"],"gold_per_floor":[110,124,140,155,155,187,204,26,53,53,53,63,78,33,33,135,135,145,45,45,63,63],"floor_reached":21,"language":"KOR","playtime":518,"items_purged":["Strike_G","Regret"],"score":220,"play_id":"67359ffe-81aa-4c7b-9c50-7315274807dc","local_time":"20210221191239","is_ascension_mode":true,"campfire_choices":[{"floor":10.0,"key":"REST"},{"data":"Poisoned Stab","floor":15.0,"key":"SMITH"}],"circlet_count":0,"master_deck":["Strike_G","Defend_G","Defend_G","Defend_G","Defend_G","Defend_G","Survivor","Neutralize","Bouncing Flask","Dagger Throw","Dagger Spray","Escape Plan","Glass Knife","Backflip","Escape Plan","PiercingWail","Poisoned Stab+1","Prepared","Accuracy"],"relics":["Ring of the Snake","Regal Pillow","Akabeko","MealTicket","Runic Pyramid"],"acts_visited":["TheCity"],"potions_floor_usage":[],"damage_taken":[{"damage":0.0,"enemies":"Cultist","floor":1.0,"turns":3.0},{"damage":10.0,"enemies":"Small Slimes","floor":2.0,"turns":4.0},{"damage":0.0,"enemies":"Jaw Worm","floor":3.0,"turns":4.0},{"damage":5.0,"enemies":"Exordium Wildlife","floor":4.0,"turns":5.0},{"damage":25.0,"enemies":"Gremlin Nob","floor":6.0,"turns":4.0},{"damage":0.0,"enemies":"2 Fungi Beasts","floor":7.0,"turns":3.0},{"damage":0.0,"enemies":"Red Slaver","floor":12.0,"turns":3.0},{"damage":7.0,"enemies":"3 Louse","floor":13.0,"turns":3.0},{"damage":11.0,"enemies":"Hexaghost","floor":16.0,"turns":8.0},{"damage":6.0,"enemies":"Spheric Guardian","floor":18.0,"turns":4.0},{"damage":0,"enemies":"3 Byrds","floor":21,"turns":4}],"seed_played":"5122389370488072550","potions_obtained":[{"floor":2.0,"key":"SteroidPotion"},{"floor":4.0,"key":"SkillPotion"},{"floor":7.0,"key":"Poison Potion"}],"is_trial":false,"path_per_floor":["M","M","M","M","?","E","M","$","T","R","?","M","M","$","R","B",null,"M","$","?","M"],"character_chosen":"THE_SILENT","items_purchased":["Escape Plan","PiercingWail","Poisoned Stab"],"campfire_rested":1,"item_purchase_floors":[8,8,14],"current_hp_per_floor":[49,39,39,34,34,9,9,9,9,45,45,45,38,53,53,42,70,64,70,70,70,70],"gold":63,"neow_bonus":"TRANSFORM_TWO_CARDS","is_daily":false,"chose_seed":false,"campfire_upgraded":1,"win_rate":0.0,"timestamp":1613902359,"path_taken":["M","M","M","M","?","E","M","$","T","R","?","M","M","$","R","BOSS","M","$","?","?"],"items_purchased_type":["Card","Card","Card"],"build_version":"2020-12-22","purchased_purges":2,"victory":false,"max_hp_per_floor":[70,70,70,70,70,70,70,70,70,70,70,70,70,70,70,70,70,70,70,70,70,70],"card_choices":[{"not_picked":["Outmaneuver","Quick Slash","Flying Knee"],"picked":"SKIP","floor":1.0},{"not_picked":["Infinite Blades","Concentrate"],"picked":"Dagger Spray","floor":2.0},{"not_picked":["Backstab","Dagger Spray"],"picked":"Escape Plan","floor":3.0},{"not_picked":["Outmaneuver","Blade Dance"],"picked":"Glass Knife","floor":4.0},{"not_picked":["Blade Dance","Concentrate","Setup"],"picked":"SKIP","floor":6.0},{"not_picked":["Expertise","Dash"],"picked":"Backflip","floor":7.0},{"not_picked":["Prepared","Underhanded Strike"],"picked":"Well Laid Plans","floor":12.0},{"not_picked":["Acrobatics","Night Terror","Outmaneuver"],"picked":"SKIP","floor":13.0},{"not_picked":["Eviscerate+1","Acrobatics"],"picked":"Prepared","floor":18}],"player_experience":186034,"relics_obtained":[{"floor":6.0,"key":"Regal Pillow"},{"floor":9.0,"key":"Akabeko"}],"event_choices":[{"cards_removed":["Strike_G"],"damage_healed":0.0,"max_hp_gain":0.0,"max_hp_loss":0.0,"gold_gain":0.0,"event_name":"Living Wall","player_choice":"Forget","floor":5.0,"gold_loss":0.0,"damage_taken":0.0},{"damage_healed":0.0,"max_hp_gain":0.0,"max_hp_loss":0.0,"gold_gain":0.0,"event_name":"Big Fish","player_choice":"Box","floor":11.0,"gold_loss":0.0,"damage_taken":0.0,"relics_obtained":["MealTicket"],"cards_obtained":["Regret"]},{"damage_healed":0,"gold_gain":0,"cards_transformed":["Well Laid Plans"],"player_choice":"Transformed","damage_taken":0,"max_hp_gain":0,"max_hp_loss":0,"event_name":"Transmorgrifier","floor":20,"gold_loss":0,"cards_obtained":["Accuracy"]}],"is_beta":false,"boss_relics":[{"not_picked":["Ectoplasm","Tiny House"],"picked":"Runic Pyramid"}],"items_purged_floors":[8,19],"is_endless":false,"potions_floor_spawned":[2,4,7,12,13,16],"killed_by":"3 Byrds","ascension_level":4}}