{"host":"m2qkn877fkm57m2k","time":1613942779,"event":{"mods":["AchievementEnabler","Bartender","BaseMod","Colored Map","Magitek Elite","Minty Spire (QoL Compilation)","Permanent Neow","Relic Sorter","StSLib"],"gold_per_floor":[114,64,78,78,3,46,65,31,31,66,66,66,66,92,92,216,216,240,255,4,20,20,20,53,96,96,96,96,18,18,39,39,158,158,174,195,213,226,226,226,267,267,291,314,347,347,372,27,27,27],"floor_reached":51,"language":"ENG","playtime":3275,"items_purged":["Strike_R"],"score":831,"play_id":"d467495b-a04f-421d-b4b5-d82e0c805c76","local_time":"20210221222619","is_ascension_mode":false,"campfire_choices":[{"data":"True Grit","floor":11.0,"key":"SMITH"},{"data":"Inflame","floor":13.0,"key":"SMITH"},{"data":"Metallicize","floor":15.0,"key":"SMITH"},{"data":"Armaments","floor":23.0,"key":"SMITH"},{"data":"Barricade","floor":27.0,"key":"SMITH"},{"floor":28.0,"key":"REST"},{"data":"Juggernaut","floor":30.0,"key":"SMITH"},{"data":"True Grit","floor":32,"key":"SMITH"},{"data":"Battle Trance","floor":40,"key":"SMITH"},{"data":"Feel No Pain","floor":42,"key":"SMITH"},{"data":"1","floor":46,"key":"LIFT"},{"data":"2","floor":49,"key":"LIFT"}],"circlet_count":0,"master_deck":["Strike_R","Defend_R","Defend_R","Defend_R","Defend_R","Bash+1","True Grit+1","Feel No Pain+1","Metallicize+1","Shrug It Off","Sword Boomerang+1","Juggernaut+1","True Grit+1","Armaments+1","Pummel","Sword Boomerang","Barricade+1","Battle Trance+1","Impervious","Entrench+1","Iron Wave"],"relics":["Burning Blood","Centennial Puzzle","Nunchaku","White_Cape","Sundial","Guard_Bracelet","Golden Idol","Orichalcum","Vajra","Odd Mushroom","Golden_Hairpin","Membership Card","MutagenicStrength","WingedGreaves","Red Mask","Ancient Tea Set","Busted Crown","Whetstone","Girya","Bottled Tornado","HandDrill","Toy Ornithopter"],"acts_visited":["Exordium","TheCity","TheBeyond"],"potions_floor_usage":[45],"damage_taken":[{"damage":3.0,"enemies":"Small Slimes","floor":1.0,"turns":5.0},{"damage":1.0,"enemies":"2 Louse","floor":3.0,"turns":4.0},{"damage":10.0,"enemies":"3 Sentries","floor":6.0,"turns":24.0},{"damage":6.0,"enemies":"Jaw Worm","floor":7.0,"turns":9.0},{"damage":2.0,"enemies":"Lagavulin","floor":10.0,"turns":11.0},{"damage":3.0,"enemies":"The Mushroom Lair","floor":14.0,"turns":5.0},{"damage":21.0,"enemies":"Hexaghost","floor":16.0,"turns":9.0},{"damage":15.0,"enemies":"Spheric Guardian","floor":18.0,"turns":4.0},{"damage":6.0,"enemies":"Shell Parasite","floor":19.0,"turns":5.0},{"damage":8.0,"enemies":"Sentry and Sphere","floor":21.0,"turns":6.0},{"damage":25.0,"enemies":"Slavers","floor":24.0,"turns":9.0},{"damage":40.0,"enemies":"Masked Bandits","floor":25.0,"turns":4.0},{"damage":0,"enemies":"Centurion and Healer","floor":31,"turns":4},{"damage":0,"enemies":"Automaton","floor":33,"turns":8},{"damage":0,"enemies":"3 Shapes","floor":35,"turns":5},{"damage":0,"enemies":"3 Darklings","floor":36,"turns":6},{"damage":0,"enemies":"4 Shapes","floor":37,"turns":6},{"damage":0,"enemies":"Maw","floor":38,"turns":6},{"damage":0,"enemies":"Nemesis","floor":41,"turns":7},{"damage":3,"enemies":"Spire Growth","floor":44,"turns":4},{"damage":25,"enemies":"Reptomancer","floor":45,"turns":6},{"damage":0,"enemies":"3 Darklings","floor":47,"turns":5},{"damage":0,"enemies":"Awakened One","floor":50,"turns":13}],"seed_played":"-9216658310592200337","potions_obtained":[{"floor":1.0,"key":"SteroidPotion"},{"floor":6.0,"key":"Block Potion"},{"floor":7.0,"key":"Ancient Potion"},{"floor":10.0,"key":"Fire Potion"},{"floor":19.0,"key":"AttackPotion"},{"floor":25.0,"key":"EssenceOfSteel"},{"floor":31,"key":"PowerPotion"},{"floor":35,"key":"DistilledChaos"},{"floor":38,"key":"Energy Potion"}],"is_trial":false,"path_per_floor":["M","?","M","?","$","E","M","$","T","E","R","?","R","?","R","B",null,"M","M","$","M","?","R","E","?","T","R","R","$","R","M","R","B",null,"M","M","M","M","?","R","E","R","T","M","E","R","M","$","R","B",null],"character_chosen":"IRONCLAD","items_purchased":["Feel No Pain","Inflame","Membership Card","Guard_Bracelet","Armaments","Nunchaku","Bottled Tornado","HandDrill","Toy Ornithopter","Strength Potion"],"campfire_rested":1,"item_purchase_floors":[5,8,20,20,20,29,48,48,48,48],"current_hp_per_floor":[72,72,72,54,54,50,50,50,50,54,54,51,51,54,54,39,72,63,63,63,61,61,61,42,8,8,8,29,29,29,35,35,41,72,72,72,72,72,72,72,72,72,72,72,53,53,59,59,59,65],"gold":27,"neow_bonus":"REMOVE_TWO","is_daily":false,"chose_seed":false,"campfire_upgraded":9,"win_rate":0.0,"timestamp":1613942779,"path_taken":["M","?","M","?","$","E","M","$","T","E","R","?","R","?","R","BOSS","M","M","$","M","?","R","E","?","T","R","R","?","R","M","R","BOSS","M","M","M","M","?","R","E","R","T","M","E","R","?","$","R","BOSS"],"items_purchased_type":["Card","Card","Relic","Relic","Card","Relic","Relic","Relic","Relic","Potion"],"build_version":"2020-12-22","purchased_purges":1,"victory":true,"max_hp_per_floor":[72,72,72,72,72,72,72,72,72,72,72,72,72,72,72,72,72,72,72,72,72,72,72,72,72,72,72,72,72,72,72,72,72,72,72,72,72,72,72,72,72,72,72,72,72,72,72,72,72,72],"card_choices":[{"not_picked":["Searing Blow","Clash","Sword Boomerang"],"picked":"SKIP","floor":1.0},{"not_picked":["Infernal Blade","Perfected Strike"],"picked":"True Grit","floor":3.0},{"not_picked":["Anger","Flex"],"picked":"Metallicize","floor":6.0},{"not_picked":["Fire Breathing","Armaments"],"picked":"Shrug It Off","floor":7.0},{"not_picked":["Headbutt","Iron Wave"],"picked":"Sword Boomerang","floor":10.0},{"not_picked":["Reaper","Bludgeon"],"picked":"Juggernaut","floor":16.0},{"not_picked":["Body Slam","Cleave"],"picked":"True Grit","floor":18.0},{"not_picked":["Power Through","Twin Strike+1","Pommel Strike"],"picked":"SKIP","floor":19.0},{"not_picked":["Warcry+1","Body Slam+1"],"picked":"Pummel","floor":21.0},{"not_picked":["Anger","True Grit"],"picked":"Sword Boomerang","floor":24.0},{"not_picked":["Headbutt","True Grit"],"picked":"Barricade","floor":25.0},{"not_picked":["Uppercut","Iron Wave"],"picked":"Battle Trance","floor":31},{"not_picked":["Barricade","Double Tap"],"picked":"Impervious","floor":33},{"not_picked":[],"picked":"Entrench+1","floor":35},{"not_picked":["Uppercut+1"],"picked":"SKIP","floor":36},{"not_picked":["Pommel Strike+1"],"picked":"SKIP","floor":37},{"not_picked":["Flex+1"],"picked":"SKIP","floor":38},{"not_picked":["Anger+1"],"picked":"SKIP","floor":41},{"not_picked":["Clothesline+1"],"picked":"SKIP","floor":44},{"not_picked":["Armaments+1"],"picked":"SKIP","floor":45},{"not_picked":["Corruption"],"picked":"SKIP","floor":47}],"player_experience":4943,"relics_obtained":[{"floor":6.0,"key":"Orichalcum"},{"floor":9.0,"key":"Sundial"},{"floor":10.0,"key":"White_Cape"},{"floor":14.0,"key":"Odd Mushroom"},{"floor":24.0,"key":"WingedGreaves"},{"floor":25.0,"key":"Red Mask"},{"floor":26.0,"key":"Ancient Tea Set"},{"floor":41,"key":"Whetstone"},{"floor":43,"key":"Centennial Puzzle"},{"floor":45,"key":"Girya"}],"event_choices":[{"cards_removed":["Strike_R"],"damage_healed":0.0,"max_hp_gain":0.0,"max_hp_loss":0.0,"gold_gain":0.0,"event_name":"The Cleric","player_choice":"Card Removal","floor":2.0,"gold_loss":50.0,"damage_taken":0.0},{"damage_healed":0.0,"max_hp_gain":0.0,"max_hp_loss":0.0,"gold_gain":0.0,"event_name":"Golden Idol","player_choice":"Take Damage","floor":4.0,"gold_loss":0.0,"damage_taken":18.0,"relics_obtained":["Golden Idol"]},{"damage_healed":0.0,"max_hp_gain":0.0,"max_hp_loss":0.0,"gold_gain":0.0,"event_name":"Scrap Ooze","player_choice":"Success","floor":12.0,"gold_loss":0.0,"damage_taken":3.0,"relics_obtained":["Vajra"]},{"damage_healed":0.0,"max_hp_gain":0.0,"max_hp_loss":0.0,"gold_gain":0.0,"event_name":"Mushrooms","player_choice":"Fought Mushrooms","floor":14.0,"gold_loss":0.0,"damage_taken":0.0},{"damage_healed":0.0,"max_hp_gain":0.0,"max_hp_loss":0.0,"gold_gain":0.0,"event_name":"Drug Dealer","player_choice":"Inject Mutagens","floor":22.0,"gold_loss":0.0,"damage_taken":0.0,"relics_obtained":["MutagenicStrength"]},{"damage_healed":0.0,"max_hp_gain":0.0,"max_hp_loss":0.0,"gold_gain":0.0,"event_name":"Masked Bandits","player_choice":"Fought Bandits","floor":25.0,"gold_loss":0.0,"damage_taken":0.0},{"cards_removed":["Inflame"],"damage_healed":0,"gold_gain":0,"player_choice":"Took Card","damage_taken":0,"max_hp_gain":0,"max_hp_loss":0,"event_name":"NoteForYourself","floor":39,"gold_loss":0,"cards_obtained":["Iron Wave"]}],"is_beta":false,"boss_relics":[{"not_picked":["Sozu","Snecko Eye"],"picked":"Golden_Hairpin"},{"not_picked":["Runic Pyramid","Calling Bell"],"picked":"Busted Crown"}],"items_purged_floors":[48],"is_endless":false,"potions_floor_spawned":[1,6,7,10,19,25,31,35,38],"ascension_level":0}}