{"host":"dkr0dog13pegamnp","time":1613894570,"event":{"mods":["AchievementEnabler","BaseMod","Minty Spire (QoL Compilation)","Rare Cards Sparkle","StSLib","SuperFastMode","everything is the same but u backflip on backflip"],"gold_per_floor":[115,130,149,149,159,159,174,174,198,198,148,175,100,118,118,214,214,234,234,159,179,194,194,228,256,317,349,361,385,416,448,460,568,580,611,623,635,647,670,682,694,694],"floor_reached":41,"language":"KOR","playtime":980,"items_purged":["Strike_G"],"score":685,"play_id":"5a57619e-8b2d-4853-b9f9-1fab9369884a","local_time":"20210221170250","is_ascension_mode":true,"campfire_choices":[{"data":"Night Terror","floor":6.0,"key":"SMITH"},{"data":"Catalyst","floor":8.0,"key":"SMITH"},{"data":"Poisoned Stab","floor":10.0,"key":"SMITH"},{"data":"Bouncing Flask","floor":15.0,"key":"SMITH"},{"data":"Adrenaline","floor":23.0,"key":"SMITH"},{"floor":28.0,"key":"REST"},{"data":"Footwork","floor":32.0,"key":"SMITH"},{"data":"Crippling Poison","floor":40,"key":"SMITH"}],"circlet_count":0,"master_deck":["AscendersBane","Strike_G","Defend_G","Defend_G","Defend_G","Defend_G","Defend_G","Survivor","Neutralize","Night Terror+1","Catalyst+1","Deadly Poison+1","Poisoned Stab+1","Backflip","Bouncing Flask+1","Adrenaline+1","Deadly Poison","Footwork+1","Calculated Gamble+1","PiercingWail+1","Crippling Poison+1","Bouncing Flask+1","Writhe","Backflip+1"],"relics":["Ring of the Serpent","Snake Skull","MealTicket","MawBank","Bronze Scales","Black Star"],"acts_visited":["Exordium","TheCity","TheBeyond"],"potions_floor_usage":[39],"damage_taken":[{"damage":2.0,"enemies":"Cultist","floor":1.0,"turns":4.0},{"damage":5.0,"enemies":"2 Louse","floor":2.0,"turns":4.0},{"damage":8.0,"enemies":"Jaw Worm","floor":3.0,"turns":6.0},{"damage":8.0,"enemies":"3 Louse","floor":5.0,"turns":4.0},{"damage":21.0,"enemies":"Large Slime","floor":7.0,"turns":6.0},{"damage":12.0,"enemies":"Lagavulin","floor":12.0,"turns":5.0},{"damage":0.0,"enemies":"Looter","floor":14.0,"turns":2.0},{"damage":12.0,"enemies":"Hexaghost","floor":16.0,"turns":3.0},{"damage":13.0,"enemies":"3 Byrds","floor":18.0,"turns":4.0},{"damage":3.0,"enemies":"Chosen","floor":21.0,"turns":3.0},{"damage":8.0,"enemies":"Snake Plant","floor":22.0,"turns":2.0},{"damage":58.0,"enemies":"Slavers","floor":24.0,"turns":7.0},{"damage":5.0,"enemies":"Snecko","floor":25.0,"turns":3.0},{"damage":7.0,"enemies":"Chosen and Byrds","floor":27.0,"turns":4.0},{"damage":0.0,"enemies":"Snake Plant","floor":29.0,"turns":2.0},{"damage":25.0,"enemies":"Sentry and Sphere","floor":30.0,"turns":5.0},{"damage":14.0,"enemies":"3 Cultists","floor":31.0,"turns":5.0},{"damage":7.0,"enemies":"Champ","floor":33.0,"turns":3.0},{"damage":0.0,"enemies":"Orb Walker","floor":35.0,"turns":2.0},{"damage":54,"enemies":"3 Darklings","floor":39,"turns":5},{"damage":16,"enemies":"Transient","floor":41,"turns":1}],"seed_played":"-7715819473091067394","potions_obtained":[{"floor":1.0,"key":"Swift Potion"},{"floor":3.0,"key":"FearPotion"},{"floor":21.0,"key":"CunningPotion"},{"floor":22.0,"key":"FairyPotion"},{"floor":29.0,"key":"FairyPotion"},{"floor":30.0,"key":"AttackPotion"},{"floor":31.0,"key":"DuplicationPotion"}],"is_trial":false,"path_per_floor":["M","M","M","?","M","R","M","R","T","R","?","E","$","M","R","B",null,"M","?","?","M","M","R","E","M","T","M","R","M","M","M","R","B",null,"M","?","?","?","M","R","M"],"character_chosen":"THE_SILENT","items_purchased":[],"campfire_rested":1,"item_purchase_floors":[],"current_hp_per_floor":[61,56,48,48,40,40,19,19,19,19,19,7,22,22,22,10,55,42,65,65,62,54,54,18,13,13,6,27,27,2,21,21,14,56,56,70,70,70,16,16,0,0],"gold":694,"neow_bonus":"ONE_RANDOM_RARE_CARD","is_daily":false,"chose_seed":false,"campfire_upgraded":7,"win_rate":0.0,"timestamp":1613894570,"path_taken":["M","M","M","?","M","R","M","R","T","R","?","E","$","M","R","BOSS","M","?","?","M","M","R","E","M","T","M","R","M","M","M","R","BOSS","M","?","?","?","M","R","?"],"items_purchased_type":[],"build_version":"2020-12-22","purchased_purges":1,"victory":false,"max_hp_per_floor":[70,70,70,70,70,70,70,70,70,70,70,70,70,70,70,70,70,70,70,70,70,70,70,70,70,70,70,70,70,70,70,70,70,70,70,70,70,70,70,70,70,70],"card_choices":[{"not_picked":["Choke","Sucker Punch"],"picked":"Catalyst","floor":1.0},{"not_picked":["Eviscerate","Cloak And Dagger"],"picked":"Deadly Poison","floor":2.0},{"not_picked":["Dagger Spray","Dagger Throw"],"picked":"Poisoned Stab","floor":3.0},{"not_picked":["Underhanded Strike","Dodge and Roll"],"picked":"Backflip","floor":5.0},{"not_picked":["Outmaneuver","Accuracy","All Out Attack"],"picked":"SKIP","floor":7.0},{"not_picked":["Distraction","Blade Dance"],"picked":"Bouncing Flask","floor":12.0},{"not_picked":["Sucker Punch","Dodge and Roll","Terror"],"picked":"SKIP","floor":14.0},{"not_picked":["A Thousand Cuts","Doppelganger"],"picked":"Adrenaline","floor":16.0},{"not_picked":["Bane+1","Dagger Throw"],"picked":"Deadly Poison","floor":18.0},{"not_picked":["Dagger Throw","Outmaneuver","Blade Dance"],"picked":"SKIP","floor":21.0},{"not_picked":["Blade Dance+1","Setup"],"picked":"Footwork","floor":22.0},{"not_picked":["Flechettes+1","Heel Hook+1","Cloak And Dagger"],"picked":"SKIP","floor":24.0},{"not_picked":["Masterful Stab","Acrobatics"],"picked":"Calculated Gamble+1","floor":25.0},{"not_picked":["Catalyst","Bane","Expertise+1"],"picked":"SKIP","floor":27.0},{"not_picked":["Outmaneuver","Underhanded Strike","Slice"],"picked":"SKIP","floor":29.0},{"not_picked":["Bane+1","Sucker Punch+1"],"picked":"PiercingWail+1","floor":30.0},{"not_picked":["Dash","Riddle With Holes"],"picked":"Crippling Poison","floor":31.0},{"not_picked":["All Out Attack","Outmaneuver+1"],"picked":"Bouncing Flask+1","floor":35.0},{"not_picked":["Flying Knee+1","Dagger Spray"],"picked":"Backflip+1","floor":39}],"player_experience":78643,"relics_obtained":[{"floor":9.0,"key":"Snake Skull"},{"floor":12.0,"key":"MealTicket"},{"floor":24.0,"key":"MawBank"},{"floor":26.0,"key":"Bronze Scales"}],"event_choices":[{"damage_healed":0.0,"max_hp_gain":0.0,"max_hp_loss":0.0,"gold_gain":0.0,"event_name":"Living Wall","player_choice":"Grow","floor":4.0,"gold_loss":0.0,"damage_taken":0.0,"cards_upgraded":["Deadly Poison"]},{"cards_removed":["Strike_G"],"damage_healed":0.0,"max_hp_gain":0.0,"max_hp_loss":0.0,"gold_gain":0.0,"event_name":"The Cleric","player_choice":"Card Removal","floor":11.0,"gold_loss":50.0,"damage_taken":0.0},{"damage_healed":23.0,"max_hp_gain":0.0,"max_hp_loss":0.0,"gold_gain":0.0,"event_name":"The Library","player_choice":"Heal","floor":19.0,"gold_loss":0.0,"damage_taken":0.0},{"cards_removed":["Strike_G"],"damage_healed":0.0,"max_hp_gain":0.0,"max_hp_loss":0.0,"gold_gain":0.0,"event_name":"Beggar","player_choice":"Gave Gold","floor":20.0,"gold_loss":75.0,"damage_taken":0.0},{"damage_healed":18.0,"max_hp_gain":0.0,"max_hp_loss":0.0,"gold_gain":0.0,"event_name":"Winding Halls","player_choice":"Writhe","floor":36.0,"gold_loss":0.0,"damage_taken":0.0,"cards_obtained":["Writhe"]},{"cards_removed":["Strike_G"],"damage_healed":0.0,"max_hp_gain":0.0,"max_hp_loss":0.0,"gold_gain":0.0,"event_name":"Falling","player_choice":"Removed Attack","floor":37.0,"gold_loss":0.0,"damage_taken":0.0},{"damage_healed":0,"gold_gain":0,"player_choice":"Ignored","damage_taken":0,"max_hp_gain":0,"max_hp_loss":0,"event_name":"Mysterious Sphere","floor":38,"gold_loss":0}],"is_beta":false,"boss_relics":[{"not_picked":["Tiny House","Philosopher\u0027s Stone"],"picked":"Ring of the Serpent"},{"not_picked":["SacredBark","Coffee Dripper"],"picked":"Black Star"}],"items_purged_floors":[13],"is_endless":false,"potions_floor_spawned":[1,3,12,21,22,29,30,31],"killed_by":"Transient","ascension_level":11}}