{"host":"0hpcwmnjk6ebq46s","time":1613887396,"event":{"mods":["Act Like it!","AlwaysNeverKeys","Ascension Reborn","Aspiration","Astrologer","Bard","BaseMod","Better Note","Better Third Choice","Colored Map","Colored Powertips","Conspire","Downfall","Energized Spire","GifTheSpireLib","Glutton Mod","Googly Eyes","Halation","Hallownest","Hubris","Infinite Spire","Mad Scientist","Marisa????????","Mimic Mod","Minty Spire (QoL Compilation)","Permanent Neow","READ ME - Guardian Mod","Relic Stats","Reliquary","Replay The Spire","Ruina","Spicy Shops","Spire Arcade","StSLib","Stuff the Spire","The Administrix","The Animator","The Blue Laboratory","The Bug Knight","The Construct","The Cursed","The Disciple","The Hierophant","The Jungle","The Necromancer","The Runesmith","The Wild Card","TheFirefly","Transform Curses","UnlockEverythingMod"],"gold_per_floor":[113,130,130,130,4,29,29,29,55,55,85,116,116,132,132,150,150,250,250,269,269,282,298,24,55,55,67,141,161,161,161],"floor_reached":30,"language":"ENG","playtime":3961,"items_purged":[],"score":306,"play_id":"cd01e6b1-5044-4b54-9900-58cb5be68ac3","local_time":"20210221000316","is_ascension_mode":true,"campfire_choices":[{"floor":10,"key":"RECALL"},{"floor":17,"key":"REST"},{"data":"Discovery","floor":26,"key":"SMITH"},{"data":"Crescendo","floor":26,"key":"SMITH"}],"circlet_count":0,"master_deck":["Strike_P","Strike_P","Strike_P","Strike_P","Defend_P","Defend_P","Defend_P","Defend_P","Eruption+1","Vigilance","Wireheading","FollowUp","CrushJoints+1","Replay:Battleflow+1","JustLucky","DeceiveReality","Consecrate","Hallownest:curseDreamersLament","EmptyFist","Evaluate","Blasphemy+1","FlurryOfBlows","Replay:Cycle","ClearTheMind","Midas Touch","Discovery+1","Panache","Crescendo+1","LikeWater","FollowUp+1"],"relics":["PureWater","halation:StarCompass","halation:PenCase","reliquary:TridentHead","reliquary:PorcupineQuills","StuffTheSpire:CocoNut","halation:LoveArrow","infinitespire:Satchel","ReplayTheSpireMod:ShopPack","halation:BottledLove","Sundial"],"acts_visited":["Hallownest:Greenpath","TheCity"],"potions_floor_usage":[9,9,18,30],"damage_taken":[{"damage":0,"enemies":"Hallownest:monsterHuskGuard","floor":1,"turns":3},{"damage":2,"enemies":"Hallownest:monsterHuskWarrior","floor":2,"turns":5},{"damage":46,"enemies":"Hallownest:eliteMossKnight","floor":6,"turns":7},{"damage":0,"enemies":"Hallownest:eliteVengeflyKing","floor":9,"turns":4},{"damage":0,"enemies":"Hallownest:2_MossCreeps","floor":11,"turns":4},{"damage":30,"enemies":"Hallownest:eliteCrystalGuardian","floor":12,"turns":7},{"damage":0,"enemies":"Hallownest:2_MossCreeps","floor":14,"turns":3},{"damage":0,"enemies":"Hallownest:Guard_and_Warrior","floor":16,"turns":4},{"damage":22,"enemies":"Hallownest:BossFalseKnight","floor":18,"turns":8},{"damage":17,"enemies":"3 Byrds","floor":20,"turns":5},{"damage":0,"enemies":"Spheric Guardian","floor":22,"turns":3},{"damage":24,"enemies":"Snecko","floor":23,"turns":4},{"damage":23,"enemies":"Gremlin Leader","floor":25,"turns":6},{"damage":0,"enemies":"Snake Plant","floor":27,"turns":4},{"damage":14,"enemies":"Cultist and Chosen","floor":29,"turns":4},{"damage":30,"enemies":"HollowMod:Nosk","floor":30,"turns":2}],"seed_played":"-2135514751021852811","potions_obtained":[{"floor":1,"key":"champ:CounterPotion"},{"floor":12,"key":"blueLaboratory:BubblePotion"},{"floor":14,"key":"DistilledChaos"},{"floor":20,"key":"hexamod:SoulburnPotion"}],"is_trial":false,"path_per_floor":["M","M","?","?","$","E","PTL","PTL","E","R","MIM","E","?","M","?","M","R","B",null,"M","?","M","M","$","E","R","M","T","M","E"],"character_chosen":"WATCHER","items_purchased":["halation:PenCase","CrushJoints+1","infinitespire:Satchel","ReplayTheSpireMod:ShopPack"],"campfire_rested":1,"item_purchase_floors":[5,5,24,24],"current_hp_per_floor":[72,70,70,70,70,24,24,24,36,36,36,13,3,3,3,3,26,4,79,62,62,62,38,38,15,15,15,15,1,0,0],"gold":161,"neow_bonus":"UPGRADE_CARD","is_daily":false,"chose_seed":false,"campfire_upgraded":2,"win_rate":0.0,"timestamp":1613887396,"path_taken":["M","M","?","?","$","E","PTL","PTL","E","R","MIM","E","?","?","?","M","R","BOSS","M","?","M","M","?","E","R","M","T","M","E"],"items_purchased_type":["Relic","Card","Relic","Relic"],"build_version":"2020-12-22","purchased_purges":0,"victory":false,"max_hp_per_floor":[72,72,72,72,72,72,72,72,72,72,72,79,79,79,79,79,79,79,79,79,79,79,79,79,79,79,79,79,79,79,79],"relic_stats":{"counters":[16,73],"Sundial":[0],"obtain_stats":[{"halation:LoveArrow":19,"reliquary:TridentHead":6,"reliquary:PorcupineQuills":9,"halation:BottledLove":25,"Sundial":28,"halation:PenCase":5,"infinitespire:Satchel":24,"StuffTheSpire:CocoNut":12,"PureWater":0,"halation:StarCompass":4,"ReplayTheSpireMod:ShopPack":24},{"halation:LoveArrow":9,"reliquary:TridentHead":3,"reliquary:PorcupineQuills":4,"halation:BottledLove":13,"Sundial":14,"halation:PenCase":2,"infinitespire:Satchel":12,"StuffTheSpire:CocoNut":6,"PureWater":0,"halation:StarCompass":2,"ReplayTheSpireMod:ShopPack":12},{"halation:LoveArrow":45,"reliquary:TridentHead":15,"reliquary:PorcupineQuills":19,"halation:BottledLove":63,"Sundial":67,"halation:PenCase":8,"infinitespire:Satchel":57,"StuffTheSpire:CocoNut":30,"PureWater":0,"halation:StarCompass":8,"ReplayTheSpireMod:ShopPack":57}]},"card_choices":[{"not_picked":["Wallop","Indignation"],"picked":"Wireheading","floor":1},{"not_picked":["PathToVictory","FearNoEvil"],"picked":"FollowUp","floor":2},{"not_picked":["CrushJoints","Study"],"picked":"Replay:Battleflow","floor":6},{"not_picked":["Replay:ManipulateFuture","FlurryOfBlows"],"picked":"JustLucky","floor":9},{"not_picked":["FollowUp","SashWhip"],"picked":"DeceiveReality","floor":11},{"not_picked":["Prostrate","Establishment"],"picked":"Consecrate","floor":12},{"not_picked":["Tantrum","FlurryOfBlows"],"picked":"EmptyFist","floor":14},{"not_picked":["Consecrate","CutThroughFate"],"picked":"Evaluate","floor":16},{"not_picked":["Alpha","Establishment"],"picked":"Blasphemy","floor":18},{"not_picked":["BowlingBash+1","Protect"],"picked":"FlurryOfBlows","floor":20},{"not_picked":["Wireheading","CutThroughFate+1"],"picked":"Replay:Cycle","floor":22},{"not_picked":["Replay:BluntJabs","Replay:Cycle"],"picked":"ClearTheMind","floor":23},{"not_picked":["ReplayUltimateDefense","ReplayTheSpireMod:Brewmster"],"picked":"Midas Touch","floor":24},{"not_picked":["Violence","Crow Ritual"],"picked":"Discovery","floor":24},{"not_picked":["Thinking Ahead","Apotheosis"],"picked":"Panache","floor":24},{"not_picked":["SashWhip","CarveReality"],"picked":"Crescendo","floor":25},{"not_picked":["SashWhip+1","PathToVictory+1"],"picked":"LikeWater","floor":27},{"not_picked":["Evaluate","SashWhip"],"picked":"FollowUp+1","floor":29}],"player_experience":94373,"relics_obtained":[{"floor":6,"key":"reliquary:TridentHead"},{"floor":9,"key":"reliquary:PorcupineQuills"},{"floor":12,"key":"StuffTheSpire:CocoNut"},{"floor":25,"key":"halation:BottledLove"},{"floor":28,"key":"Sundial"}],"event_choices":[{"damage_healed":0,"gold_gain":0,"player_choice":"Upgraded","damage_taken":0,"max_hp_gain":0,"max_hp_loss":0,"event_name":"Upgrade Shrine","floor":21,"gold_loss":0,"cards_upgraded":["Blasphemy"]}],"is_beta":false,"boss_relics":[{"not_picked":["halation:Yufonium","reliquary:KinkedSpring"],"picked":"halation:LoveArrow"}],"items_purged_floors":[],"is_endless":false,"potions_floor_spawned":[1,6,12,14,20,27],"killed_by":"HollowMod:Nosk","ascension_level":1}}