{"host":"hemqwg9ve6welna9","time":1613888433,"event":{"mods":["2.2 Compatiblity","AchievementEnabler","Act Like it!","BaseMod","Beaked The Cultist","Bestiary","Better Match","Better Note","Better Third Choice","BetterRewards","Conspire","Curses Come First","Dio Mod","Downfall","Gremlin Mod","Hermit","Highlight Path","Hubris","Melee Mod","Minty Spire (QoL Compilation)","Permanent Neow","Potionbrewer","Quick Restart","Rare Cards Sparkle","Relic Stats","Reliquary","Robot Space Explorer","Ruina","SOS???????","Shop Mod","StSLib","SuperFastMode","Td1madao Mod","The Bug Knight","The Cursed","The Disciple","The Forsaken","The Hierophant","The Jungle","The Marked","The Runesmith","The Senshi","The Servant 0.9.4","The Wild Card","TheBandit","TheVacant","UnlockEverythingMod","everything is the same but u backflip on backflip"],"gold_per_floor":[110,110,131,131,149,177,177,196,196,196,196,196,210,230,230,331,331,343,356,374,374,393,393,406,14,39,66,66,77,77,77],"floor_reached":30,"language":"ENG","playtime":3343,"items_purged":["Decay"],"score":336,"play_id":"43585d54-7c71-4733-ac90-f2c72ec690a6","local_time":"20210221002033","is_ascension_mode":false,"campfire_choices":[{"floor":7.0,"key":"REST"},{"data":"Machining","floor":10.0,"key":"SMITH"},{"data":"De Ware Chip","floor":12.0,"key":"SMITH"},{"floor":15.0,"key":"REST"},{"floor":23.0,"key":"REST"},{"floor":28.0,"key":"REST"}],"circlet_count":0,"master_deck":["Strike_C","Strike_C","Strike_C","Strike_C","Defend_C","Defend_C","Defend_C","Defend_C","Knight Kick","Chip","Machining+1","Lunge","Here Defend Chip","Fire Up","Fire Blade","Fixing","De Ware Chip+1","Perfect Defend","Three Hit","Optimization","Bugfix","Overclocking","Sub Weapons","Black Shadow","Light Attack+1","Lunge+1","Memory Alloy","Retrieval Recycling","Fire Up","Twin Teeth","Preloading","Bursts","Oblique Hack"],"relics":["Apod","Membership Card","hubris:Towel","Art of War","hubris:TinFlute","SlaversCollar","Pear","Bag of Preparation","hubris:TenFootPole"],"acts_visited":["TheCity"],"potions_floor_usage":[30],"damage_taken":[{"damage":10.0,"enemies":"Jaw Worm","floor":1.0,"turns":4.0},{"damage":3.0,"enemies":"Small Slimes","floor":3.0,"turns":3.0},{"damage":1.0,"enemies":"Cultist","floor":5.0,"turns":5.0},{"damage":28.0,"enemies":"Lagavulin","floor":6.0,"turns":7.0},{"damage":17.0,"enemies":"Gremlin Gang","floor":8.0,"turns":8.0},{"damage":0.0,"enemies":"2 Fungi Beasts","floor":13.0,"turns":4.0},{"damage":20.0,"enemies":"Lots of Slimes","floor":14.0,"turns":6.0},{"damage":20.0,"enemies":"Hexaghost","floor":16.0,"turns":10.0},{"damage":14.0,"enemies":"3 Byrds","floor":18.0,"turns":8.0},{"damage":21.0,"enemies":"Shell Parasite","floor":19.0,"turns":6.0},{"damage":21.0,"enemies":"Snecko","floor":20.0,"turns":5.0},{"damage":20.0,"enemies":"3 Cultists","floor":22.0,"turns":6.0},{"damage":27.0,"enemies":"Sentry and Sphere","floor":24.0,"turns":7.0},{"damage":6.0,"enemies":"Snecko","floor":27.0,"turns":4.0},{"damage":20.0,"enemies":"conspire:HollyBat","floor":29.0,"turns":9.0},{"damage":0,"enemies":"Sentry and Sphere","floor":30,"turns":3}],"seed_played":"-2613329394092532036","potions_obtained":[{"floor":1.0,"key":"potionbrewer:MidasPotion"},{"floor":6.0,"key":"FearPotion"},{"floor":8.0,"key":"potionbrewer:NoxiousPotion"},{"floor":13.0,"key":"Swift Potion"},{"floor":19.0,"key":"LiquidBronze"},{"floor":21.0,"key":"potionbrewer:BoundlessPotion"},{"floor":21.0,"key":"conspire:TimeTravelPotion"},{"floor":21.0,"key":"potionbrewer:NoxiousPotion"},{"floor":24.0,"key":"potionbrewer:MidasPotion"},{"floor":29.0,"key":"DuplicationPotion"}],"is_trial":false,"path_per_floor":["M","?","M","?","M","E","R","M","T","R","?","R","M","M","R","B",null,"M","M","M","?","M","R","M","$","T","M","R","M","M"],"character_chosen":"TD1MADAO_CLASS","items_purchased":["Membership Card","Machining","Lunge","Here Defend Chip","Fire Up","Pear","Bag of Preparation","Retrieval Recycling","Fire Up","Twin Teeth","Preloading","ColorlessPotion"],"campfire_rested":4,"item_purchase_floors":[0,0,0,0,0,25,25,25,25,25,25,25],"current_hp_per_floor":[54,54,51,51,50,22,43,26,26,26,26,26,26,6,27,7,70,56,35,14,14,7,28,1,11,11,5,29,9,9,9],"gold":77,"neow_bonus":"","is_daily":false,"chose_seed":false,"campfire_upgraded":2,"win_rate":0.0,"timestamp":1613888433,"path_taken":["M","?","M","?","?","E","R","M","T","R","?","R","?","M","R","BOSS","M","?","M","?","M","R","?","$","T","M","R","M","M"],"items_purchased_type":["Relic","Card","Card","Card","Card","Relic","Relic","Card","Card","Card","Card","Potion"],"build_version":"2020-12-22","purchased_purges":1,"victory":false,"max_hp_per_floor":[70,70,70,70,70,70,70,70,70,70,70,70,70,70,70,70,70,70,70,70,70,70,70,70,80,80,80,80,80,80,80],"relic_stats":{"counters":[100,471],"Art of War":[4],"Bag of Preparation":[6],"obtain_stats":[{"Gremlin Horn":26,"potionbrewer:AlchemistFlask":6,"Vajra":0,"theSenshi:FeatherClipsRelic":23,"Blood Vial":26,"conspire:GlowingRock":6,"conspire:DecoderRing":26,"Prayer Wheel":0,"reliquary:FingerTrap":0,"hubris:TinFlute":9,"conspire:TreasureMap":28,"Pear":25,"hubris:DuctTape":27,"reliquary:Sideboard":8,"reliquary:TatteredRug":6,"reliquary:WeakTea":9,"Akabeko":24,"WarpedTongs":22,"potionbrewer:Torch":0,"SlaversCollar":17,"Pandora\u0027s Box":17,"Molten Egg 2":9,"hubris:TenFootPole":2,"conspire:BottledYoYo":17,"Unceasing Top":21,"reliquary:SilkGlove":22,"reliquary:Boomerang":23,"reliquary:Aerogel":12,"Bag of Preparation":25,"hubris:RunicObelisk":17,"PrismaticShard":5,"conspire:TopHat":3,"conspire:InfiniteJournal":17,"Frozen Eye":18,"Nunchaku":17,"Dream Catcher":9,"hubris:Icosahedron":7,"reliquary:NewFriend":2,"Tiny Chest":9,"WingedGreaves":6,"Red Mask":19,"hubris:GlazedTorus":0,"Potion Belt":8,"Runesmith:Nanobots":12,"Lee\u0027s Waffle":0,"Golden Idol":7,"Lsj Skin":14,"hubris:Towel":9,"Calling Bell":17,"CaptainsWheel":7,"reliquary:RedPaperclip":17,"hubris:Spice":14,"betterThird:SlimedRelic":12,"hubris:BundleOfHerbs":7,"reliquary:Stiletto":0,"Bag of Marbles":0,"Art of War":6,"Apod":0,"Bottled Lightning":10,"Membership Card":0,"potionbrewer:SlideRule":31,"hubris:OldNail":11},{"Gremlin Horn":20,"potionbrewer:AlchemistFlask":4,"Vajra":47,"theSenshi:FeatherClipsRelic":46,"Blood Vial":32,"conspire:GlowingRock":51,"conspire:DecoderRing":82,"Prayer Wheel":70,"reliquary:FingerTrap":63,"hubris:TinFlute":89,"conspire:TreasureMap":21,"Pear":97,"hubris:DuctTape":21,"reliquary:Sideboard":74,"reliquary:TatteredRug":66,"reliquary:WeakTea":8,"Akabeko":20,"WarpedTongs":80,"potionbrewer:Torch":22,"SlaversCollar":77,"Pandora\u0027s Box":17,"Molten Egg 2":26,"hubris:TenFootPole":6,"conspire:BottledYoYo":28,"Unceasing Top":80,"reliquary:SilkGlove":45,"reliquary:Boomerang":81,"reliquary:Aerogel":15,"Bag of Preparation":97,"hubris:RunicObelisk":43,"PrismaticShard":65,"conspire:TopHat":12,"conspire:InfiniteJournal":28,"Frozen Eye":17,"Nunchaku":28,"Dream Catcher":39,"hubris:Icosahedron":38,"reliquary:NewFriend":54,"Tiny Chest":66,"WingedGreaves":38,"Red Mask":79,"hubris:GlazedTorus":70,"Potion Belt":8,"Runesmith:Nanobots":40,"Lee\u0027s Waffle":70,"Golden Idol":7,"Lsj Skin":68,"hubris:Towel":4,"Calling Bell":28,"CaptainsWheel":74,"reliquary:RedPaperclip":60,"hubris:Spice":16,"betterThird:SlimedRelic":27,"hubris:BundleOfHerbs":4,"reliquary:Stiletto":35,"Bag of Marbles":0,"Art of War":88,"Apod":0,"Bottled Lightning":8,"Membership Card":84,"potionbrewer:SlideRule":34,"hubris:OldNail":14},{"Gremlin Horn":105,"potionbrewer:AlchemistFlask":21,"Vajra":227,"theSenshi:FeatherClipsRelic":225,"Blood Vial":169,"conspire:GlowingRock":244,"conspire:DecoderRing":378,"Prayer Wheel":324,"reliquary:FingerTrap":294,"hubris:TinFlute":407,"conspire:TreasureMap":111,"Pear":455,"hubris:DuctTape":111,"reliquary:Sideboard":335,"reliquary:TatteredRug":303,"reliquary:WeakTea":40,"Akabeko":105,"WarpedTongs":368,"potionbrewer:Torch":112,"SlaversCollar":352,"Pandora\u0027s Box":89,"Molten Egg 2":125,"hubris:TenFootPole":28,"conspire:BottledYoYo":137,"Unceasing Top":368,"reliquary:SilkGlove":220,"reliquary:Boomerang":372,"reliquary:Aerogel":75,"Bag of Preparation":455,"hubris:RunicObelisk":214,"PrismaticShard":300,"conspire:TopHat":59,"conspire:InfiniteJournal":137,"Frozen Eye":89,"Nunchaku":137,"Dream Catcher":200,"hubris:Icosahedron":197,"reliquary:NewFriend":254,"Tiny Chest":303,"WingedGreaves":197,"Red Mask":363,"hubris:GlazedTorus":324,"Potion Belt":40,"Runesmith:Nanobots":204,"Lee\u0027s Waffle":324,"Golden Idol":32,"Lsj Skin":315,"hubris:Towel":21,"Calling Bell":137,"CaptainsWheel":335,"reliquary:RedPaperclip":276,"hubris:Spice":81,"betterThird:SlimedRelic":128,"hubris:BundleOfHerbs":21,"reliquary:Stiletto":183,"Bag of Marbles":0,"Art of War":400,"Apod":0,"Bottled Lightning":40,"Membership Card":383,"potionbrewer:SlideRule":177,"hubris:OldNail":70}]},"card_choices":[{"not_picked":["Black Shadow","Awareness"],"picked":"Fire Blade","floor":1.0},{"not_picked":["Here Defend Chip","Resistance"],"picked":"Fixing","floor":3.0},{"not_picked":["Rupture","Thunder Jump"],"picked":"De Ware Chip","floor":5.0},{"not_picked":["Fixing","Thunder Jump"],"picked":"Perfect Defend","floor":6.0},{"not_picked":["Fire Blade","Paralysis"],"picked":"Three Hit","floor":8.0},{"not_picked":["Oblique Hack","Cooling Song"],"picked":"Optimization","floor":13.0},{"not_picked":["Black Execution","Fixing"],"picked":"Bugfix","floor":14.0},{"not_picked":["Im Angry","Bursts"],"picked":"Overclocking","floor":16.0},{"not_picked":["Cursed Blade","Sudden Beat"],"picked":"Sub Weapons","floor":18.0},{"not_picked":["Fixing","Lunge"],"picked":"Black Shadow","floor":19.0},{"not_picked":["Trader","Here Defend Chip"],"picked":"Light Attack+1","floor":20.0},{"not_picked":["Fire Up","Black Warm Hole"],"picked":"Lunge+1","floor":22.0},{"not_picked":["Rupture+1","Fire Blade+1"],"picked":"Memory Alloy","floor":24.0},{"not_picked":["E MP","Gravity Defend"],"picked":"Bursts","floor":27.0},{"not_picked":["Black Shadow","Cursed Blade"],"picked":"Oblique Hack","floor":29.0}],"player_experience":35300,"relics_obtained":[{"floor":6.0,"key":"Art of War"},{"floor":9.0,"key":"hubris:TinFlute"},{"floor":26.0,"key":"hubris:TenFootPole"}],"event_choices":[{"damage_healed":0.0,"max_hp_gain":0.0,"max_hp_loss":0.0,"gold_gain":0.0,"event_name":"Wheel of Change","player_choice":"Cursed","floor":4.0,"gold_loss":0.0,"damage_taken":0.0,"cards_obtained":["Decay"]},{"damage_healed":0.0,"max_hp_gain":0.0,"max_hp_loss":0.0,"gold_gain":0.0,"event_name":"betterNote:BetterNote","player_choice":"Ignored","floor":11.0,"gold_loss":0.0,"damage_taken":0.0,"cards_obtained":["theForsaken:Preservation"]},{"damage_healed":0.0,"max_hp_gain":0.0,"max_hp_loss":0.0,"gold_gain":0.0,"event_name":"Lab","player_choice":"Got Potions","floor":21.0,"gold_loss":0.0,"damage_taken":0.0}],"is_beta":false,"boss_relics":[{"not_picked":["hubris:TerracottaHorce","Snecko Eye"],"picked":"SlaversCollar"}],"items_purged_floors":[25],"is_endless":false,"potions_floor_spawned":[1,6,8,13,19,24,29],"killed_by":"Sentry and Sphere","ascension_level":0}}