{"host":"y0i0tbisecj7yjyn","time":1613933998,"event":{"mods":["2.2 Compatiblity","AchievementEnabler","AlwaysNeverKeys","BaseMod","Better Third Choice","BetterRewards","Colored Map","Colored Powertips","Curses Come First","Disable Question Mark Monsters","Displayed Cursed Tome","Highlight Path","Keyboard Shortcuts","Minty Spire (QoL Compilation)","Quick Restart","Random Character Button","Rare Cards Sparkle","Relic Stats","Reliquary","Smile Girya","StSLib","SuperFastMode","Transform Curses","Weighted Paths"],"gold_per_floor":[110,130,405,420,436,436,470,470,470,470,470,498,498,513,513,614,614,634,644,659,39,39,39],"floor_reached":22,"language":"ENG","playtime":759,"items_purged":["Regret"],"score":235,"play_id":"f394982d-dbed-4d35-8d7d-9d7b5d294444","local_time":"20210221125958","is_ascension_mode":true,"campfire_choices":[{"floor":6,"key":"REST"},{"floor":8,"key":"REST"},{"data":"Static Discharge","floor":11,"key":"SMITH"},{"floor":13,"key":"REST"},{"floor":15,"key":"REST"}],"circlet_count":0,"master_deck":["Strike_B","Strike_B","Strike_B","Strike_B","Defend_B","Defend_B","Defend_B","Defend_B","Zap","Dualcast","Static Discharge+1","Chaos","Ball Lightning","Ball Lightning","Storm","Zap","Storm","White Noise","Rainbow","Gash","Defragment","Barrage+1"],"relics":["Cracked Core","Dead Branch","Torii","Ginger","Inserter","reliquary:Conveyor","Kunai"],"acts_visited":["Exordium","TheCity"],"potions_floor_usage":[1,22,22],"damage_taken":[{"damage":7,"enemies":"Jaw Worm","floor":1,"turns":3},{"damage":6,"enemies":"Cultist","floor":2,"turns":4},{"damage":10,"enemies":"Small Slimes","floor":4,"turns":3},{"damage":37,"enemies":"Gremlin Gang","floor":5,"turns":3},{"damage":23,"enemies":"Lagavulin","floor":7,"turns":5},{"damage":35,"enemies":"Gremlin Nob","floor":12,"turns":4},{"damage":24,"enemies":"3 Louse","floor":14,"turns":3},{"damage":26,"enemies":"Slime Boss","floor":16,"turns":7},{"damage":17,"enemies":"Chosen","floor":18,"turns":4},{"damage":25,"enemies":"3 Byrds","floor":19,"turns":3},{"damage":34,"enemies":"Centurion and Healer","floor":20,"turns":6},{"damage":11,"enemies":"Snake Plant","floor":22,"turns":3}],"seed_played":"5732206632583013851","potions_obtained":[{"floor":1,"key":"Fruit Juice"},{"floor":12,"key":"SteroidPotion"},{"floor":16,"key":"SpeedPotion"},{"floor":18,"key":"ColorlessPotion"}],"is_trial":false,"path_per_floor":["M","M","?","M","M","R","E","R","T","?","R","E","R","M","R","B",null,"M","M","M","$","M"],"character_chosen":"DEFECT","items_purchased":["reliquary:Conveyor","Kunai"],"campfire_rested":4,"item_purchase_floors":[21,21],"current_hp_per_floor":[80,74,74,64,27,53,30,56,56,56,56,21,47,23,49,23,87,70,45,11,11,0,0],"gold":39,"neow_bonus":"TEN_PERCENT_HP_BONUS","is_daily":false,"chose_seed":false,"campfire_upgraded":1,"win_rate":0.0,"timestamp":1613933998,"path_taken":["M","M","?","?","M","R","E","R","T","?","R","E","R","M","R","BOSS","M","?","M","$","M"],"items_purchased_type":["Relic","Relic"],"build_version":"2020-12-22","purchased_purges":1,"victory":false,"max_hp_per_floor":[87,87,87,87,87,87,87,87,87,87,87,87,87,87,87,87,87,87,87,87,87,87,87],"relic_stats":{"Inserter":[8],"Torii":19,"counters":[12,48],"Dead Branch":[6],"Ginger":[2],"Kunai":[0],"obtain_stats":[{"reliquary:Conveyor":21,"Inserter":17,"Torii":9,"Dead Branch":7,"Ginger":12,"Kunai":21,"Cracked Core":0},{"reliquary:Conveyor":11,"Inserter":8,"Torii":5,"Dead Branch":5,"Ginger":6,"Kunai":11,"Cracked Core":0},{"reliquary:Conveyor":45,"Inserter":32,"Torii":18,"Dead Branch":18,"Ginger":22,"Kunai":45,"Cracked Core":0}]},"card_choices":[{"not_picked":["Capacitor","Stack"],"picked":"Static Discharge","floor":1},{"not_picked":["Loop","Aggregate"],"picked":"Chaos","floor":2},{"not_picked":["Barrage","Darkness"],"picked":"Ball Lightning","floor":4},{"not_picked":["Go for the Eyes","Leap"],"picked":"Ball Lightning","floor":5},{"not_picked":["Compile Driver","Cold Snap"],"picked":"Storm","floor":7},{"not_picked":["Cold Snap","Reprogram"],"picked":"Storm","floor":12},{"not_picked":["Coolheaded","Sweeping Beam"],"picked":"White Noise","floor":14},{"not_picked":["Hyperbeam","Amplify"],"picked":"Rainbow","floor":16},{"not_picked":["Tempest+1","Stack"],"picked":"Gash","floor":18},{"not_picked":["Compile Driver","Hologram"],"picked":"Defragment","floor":19},{"not_picked":["Steam","Darkness+1"],"picked":"Barrage+1","floor":20}],"player_experience":495542,"relics_obtained":[{"floor":7,"key":"Dead Branch"},{"floor":9,"key":"Torii"},{"floor":12,"key":"Ginger"}],"event_choices":[{"damage_healed":0,"gold_gain":275,"player_choice":"Desecrate","damage_taken":0,"max_hp_gain":0,"max_hp_loss":0,"event_name":"Golden Shrine","floor":3,"gold_loss":0,"cards_obtained":["Regret"]},{"damage_healed":0,"gold_gain":0,"player_choice":"1 cards matched","damage_taken":0,"max_hp_gain":0,"max_hp_loss":0,"event_name":"Match and Keep!","floor":10,"gold_loss":0,"cards_obtained":["Zap"]}],"is_beta":false,"boss_relics":[{"not_picked":["Fusion Hammer","reliquary:Craggleroot"],"picked":"Inserter"}],"items_purged_floors":[21],"is_endless":false,"potions_floor_spawned":[1,12,16,18],"killed_by":"Snake Plant","ascension_level":4}}