{"host":"ppiucu9uavkq1hgp","time":1613876243,"event":{"mods":["Act Like it!","BaseMod","CapriCore","Gensokyo","LagranYue(拉格朗・月)","Marisa（F雨　魔理沙）","Minty Spire (QoL Compilation)","Quick Restart","Reimu（博丽灵梦）","Relic Stats","Remilia（蕾米莉亚）","Replay The Spire","RumiaBox-露米娅的神秘盒子","StSLib","SuperFastMode","TestMod","The Alterego","The Immortal","Yakumo Yukari mod","Youmu（魂魄妖梦）","noobMod","【功能Mod】混沌之环修复补丁","【遗物卡牌】REMEMod"],"gold_per_floor":[112,123,123,48,76,102,102,118,118,118,145,72,84,98,98,98,98,98],"floor_reached":16,"language":"ZHS","playtime":787,"items_purged":["MokouMod:Defend"],"score":145,"play_id":"24abbc0c-7146-45db-92f3-7fbc5b1d5811","local_time":"20210221105723","is_ascension_mode":false,"campfire_choices":[{"data":"MokouMod:Refresh","floor":7.0,"key":"SMITH"},{"data":"MokouMod:Afterburner","floor":10.0,"key":"SMITH"},{"data":"MokouMod:HeatSpark","floor":15.0,"key":"SMITH"}],"circlet_count":0,"master_deck":["MokouMod:Strike","MokouMod:Strike","MokouMod:Strike","MokouMod:Strike","MokouMod:Strike","MokouMod:Defend","MokouMod:Defend","MokouMod:Defend","MokouMod:HeatSpark+1","MokouMod:DanceofFlames","MokouMod:Refresh+1","MokouMod:Afterburner+1","Gensokyo:BlemishedSteel","MokouMod:Fireball"],"relics":["MokouMod:PhoenixFeather","testmod-TestBox","ice","testmod-CardMagician","LagranYue:RandomDrawCardRelic","NeowsBlessing","NeowsBlessing","GodSword4","ReplayTheSpireMod:Shallot","REME_HourglassOfDeath","testmod-TurbochargingSystem"],"acts_visited":["Exordium"],"potions_floor_usage":[],"damage_taken":[{"damage":0.0,"enemies":"Gensokyo:2_Kodama","floor":1.0,"turns":1.0},{"damage":0.0,"enemies":"Gensokyo:Python","floor":2.0,"turns":1.0},{"damage":0.0,"enemies":"Gensokyo:Cirno","floor":5.0,"turns":2.0},{"damage":20.0,"enemies":"Gensokyo:Cirno","floor":6.0,"turns":6.0},{"damage":0.0,"enemies":"Gensokyo:Gryphon","floor":8.0,"turns":1.0},{"damage":2.0,"enemies":"Gensokyo:Aya","floor":11.0,"turns":3.0},{"damage":8.0,"enemies":"Gensokyo:5_Fairies","floor":13.0,"turns":3.0},{"damage":5.0,"enemies":"Gensokyo:3_Kodama","floor":14.0,"turns":3.0},{"damage":0,"enemies":"Gensokyo:Kokoro","floor":16,"turns":1}],"seed_played":"-1933561662910856377","potions_obtained":[{"floor":1.0,"key":"REME_GoldPotion"},{"floor":6.0,"key":"FearPotion"},{"floor":8.0,"key":"Dexterity Potion"},{"floor":13.0,"key":"Ancient Potion"}],"is_trial":false,"path_per_floor":["M","M","?","$","?","E","R","M","T","R","E","COS","M","M","R","B"],"character_chosen":"MKU","items_purchased":[],"campfire_rested":0,"item_purchase_floors":[],"current_hp_per_floor":[75,75,75,75,75,55,55,55,55,55,53,53,45,40,40,40,40,40],"gold":98,"neow_bonus":"THREE_ENEMY_KILL","is_daily":false,"chose_seed":false,"campfire_upgraded":3,"win_rate":0.0,"timestamp":1613876243,"path_taken":["M","M","?","$","?","E","R","M","T","R","E","COS","M","?","R","BOSS"],"items_purchased_type":[],"build_version":"2020-12-22","purchased_purges":1,"victory":false,"max_hp_per_floor":[75,75,75,75,75,75,75,75,75,75,75,75,75,75,75,75,75,75],"relic_stats":{"counters":[9,21],"obtain_stats":[{"testmod-TestBox":0,"LagranYue:RandomDrawCardRelic":0,"NeowsBlessing":0,"ReplayTheSpireMod:Shallot":6,"REME_HourglassOfDeath":9,"MokouMod:PhoenixFeather":0,"testmod-CardMagician":0,"ice":0,"testmod-TurbochargingSystem":11,"GodSword4":5,"REME_ComplimentaryCards":0},{"testmod-TestBox":0,"LagranYue:RandomDrawCardRelic":0,"NeowsBlessing":0,"ReplayTheSpireMod:Shallot":4,"REME_HourglassOfDeath":5,"MokouMod:PhoenixFeather":0,"testmod-CardMagician":0,"ice":0,"testmod-TurbochargingSystem":6,"GodSword4":3,"REME_ComplimentaryCards":0},{"testmod-TestBox":0,"LagranYue:RandomDrawCardRelic":0,"NeowsBlessing":0,"ReplayTheSpireMod:Shallot":10,"REME_HourglassOfDeath":11,"MokouMod:PhoenixFeather":0,"testmod-CardMagician":0,"ice":0,"testmod-TurbochargingSystem":14,"GodSword4":4,"REME_ComplimentaryCards":0}]},"card_choices":[{"not_picked":["MokouMod:Ember","MokouMod:Scorch"],"picked":"MokouMod:DanceofFlames","floor":1.0},{"not_picked":["MokouMod:SubterraneanCore","MokouMod:UncontrollableSolarReaction"],"picked":"MokouMod:Refresh","floor":2.0},{"not_picked":["MokouMod:Fireball","MokouMod:IndiscriminateIgnition","MokouMod:Sear"],"picked":"SKIP","floor":5.0},{"not_picked":["MokouMod:FlareStarter","MokouMod:BurningDraft","MokouMod:TemporalFireSeal"],"picked":"SKIP","floor":6.0},{"not_picked":["MokouMod:SearingShot","MokouMod:EnchantingBambooForest"],"picked":"MokouMod:Afterburner","floor":8.0},{"not_picked":["MokouMod:Stoke","MokouMod:IgnitionBlast","MokouMod:InfernalWave"],"picked":"SKIP","floor":11.0},{"not_picked":["MokouMod:Overheat","MokouMod:IgneousBlow"],"picked":"MokouMod:Fireball","floor":13.0},{"not_picked":["MokouMod:WarmUp","MokouMod:IcarusDive","MokouMod:BurningDraft"],"picked":"SKIP","floor":14.0}],"player_experience":37300,"relics_obtained":[{"floor":5.0,"key":"GodSword4"},{"floor":6.0,"key":"ReplayTheSpireMod:Shallot"},{"floor":9.0,"key":"REME_HourglassOfDeath"},{"floor":11.0,"key":"testmod-TurbochargingSystem"}],"event_choices":[{"damage_healed":0.0,"max_hp_gain":0.0,"max_hp_loss":0.0,"gold_gain":0.0,"event_name":"给自己的盒子","player_choice":"Swap Relic","floor":3.0,"relics_lost":["REME_ComplimentaryCards"],"gold_loss":0.0,"damage_taken":0.0,"relics_obtained":["NeowsBlessing"]}],"is_beta":false,"boss_relics":[],"items_purged_floors":[4],"is_endless":false,"potions_floor_spawned":[1,6,8,13],"killed_by":"Gensokyo:Kokoro","ascension_level":0}}