{"host":"9oqmaaz8siap8kj6","time":1613923921,"event":{"mods":["BaseMod","Hermit","Marisa????????","Minty Spire (QoL Compilation)","Replay The Spire","StSLib","The Bug Knight","The Cursed","The Servant 0.9.4"],"gold_per_floor":[115,95,25,78,90,125,145,156,156,156,175,175,210,227,227,331,331,351,363,363,363],"floor_reached":20,"language":"ENG","playtime":1769,"items_purged":[],"score":211,"play_id":"b57a6900-ebce-40aa-b66c-fa6e75ee082a","local_time":"20210221171201","is_ascension_mode":false,"campfire_choices":[{"floor":10,"key":"REST"},{"floor":12,"key":"REST"},{"data":"SilverBlades","floor":15,"key":"SMITH"}],"circlet_count":0,"master_deck":["Strike_S","Strike_S+1","Strike_S","Strike_S+1","Defend_S","KidneyShot","Exchange","Ricochet","Moonlight","RealityMarble","TimeWarp","ShiftingGears","TimeWarp","Revamp","SurpressingFire","SilverBlades+1","FanOfKnives","TheWorld","Barrier+1","SilverBlades+1","Sabotage+1","BestPractice","Revamp"],"relics":["Uniform","NeowsBlessing","Lantern","Whetstone","ReplayTheSpireMod:Ninjato","Torii","Astrolabe"],"acts_visited":["Exordium","TheCity"],"potions_floor_usage":[16],"damage_taken":[{"damage":0,"enemies":"Cultist","floor":1,"turns":1},{"damage":0,"enemies":"2 Louse","floor":5,"turns":1},{"damage":0,"enemies":"HollowMod:MossKnight","floor":6,"turns":1},{"damage":11,"enemies":"Jaw Worm","floor":7,"turns":2},{"damage":11,"enemies":"Lots of Slimes","floor":8,"turns":3},{"damage":7,"enemies":"Blue Slaver","floor":11,"turns":4},{"damage":15,"enemies":"Gremlin Nob","floor":13,"turns":4},{"damage":0,"enemies":"3 Louse","floor":14,"turns":3},{"damage":19,"enemies":"Fading Forest","floor":16,"turns":11},{"damage":10,"enemies":"Spheric Guardian","floor":18,"turns":4},{"damage":36,"enemies":"2 Thieves","floor":19,"turns":4},{"damage":22,"enemies":"Snake Plant","floor":20,"turns":4}],"seed_played":"-210653225913428275","potions_obtained":[{"floor":2,"key":"Milkshake"},{"floor":4,"key":"Fire Potion"},{"floor":4,"key":"LiquidBronze"},{"floor":8,"key":"PowerPotion"},{"floor":16,"key":"Elixir"}],"is_trial":false,"path_per_floor":["M","?","$","?","M","E","M","M","T","R","M","R","E","M","R","B",null,"M","M","M"],"character_chosen":"THE_SERVANT","items_purchased":["Moonlight"],"campfire_rested":2,"item_purchase_floors":[3],"current_hp_per_floor":[65,65,65,49,49,49,38,27,27,46,39,58,43,43,43,46,65,55,19,0,0],"gold":363,"neow_bonus":"THREE_ENEMY_KILL","is_daily":false,"chose_seed":false,"campfire_upgraded":1,"win_rate":0.0,"timestamp":1613923921,"path_taken":["M","?","?","?","?","E","M","M","T","R","M","R","E","M","R","BOSS","M","M","?"],"items_purchased_type":["Card"],"build_version":"2020-12-22","purchased_purges":0,"victory":false,"max_hp_per_floor":[65,65,65,65,65,65,65,65,65,65,65,65,65,65,65,65,65,65,65,65,65],"card_choices":[{"not_picked":["DoubleEdge","Unruled"],"picked":"Ricochet","floor":1},{"not_picked":["Alleviate","ShiftingGears"],"picked":"RealityMarble","floor":4},{"not_picked":["Alleviate","ShiftingGears"],"picked":"TimeWarp","floor":5},{"not_picked":["Unruled","BottledTime"],"picked":"ShiftingGears","floor":6},{"not_picked":["Ricochet","Hightail"],"picked":"TimeWarp","floor":7},{"not_picked":["Moonlight","Alleviate"],"picked":"Revamp","floor":8},{"not_picked":["BestPractice","Alleviate"],"picked":"SurpressingFire","floor":11},{"not_picked":["ShatteredReality","SpecialFormula"],"picked":"SilverBlades","floor":13},{"not_picked":["Alleviate","DoubleEdge"],"picked":"FanOfKnives","floor":14},{"not_picked":["ForgedInTime","Solidify"],"picked":"TheWorld","floor":16},{"not_picked":["Desolation+1","DualDimension+1"],"picked":"BestPractice","floor":18},{"not_picked":["DualDimension","Unruled"],"picked":"Revamp","floor":19}],"player_experience":221515,"relics_obtained":[{"floor":4,"key":"Lantern"},{"floor":6,"key":"Whetstone"},{"floor":9,"key":"ReplayTheSpireMod:Ninjato"},{"floor":13,"key":"Torii"}],"event_choices":[{"damage_healed":0,"gold_gain":0,"player_choice":"Bought 1 Potion","damage_taken":0,"max_hp_gain":0,"max_hp_loss":0,"event_name":"The Woman in Blue","floor":2,"gold_loss":0}],"is_beta":false,"boss_relics":[{"not_picked":["Runic Dome","Empty Cage"],"picked":"Astrolabe"}],"items_purged_floors":[],"is_endless":false,"potions_floor_spawned":[7,8,14,16,18],"killed_by":"Snake Plant","ascension_level":0}}