{"host":"ob0o70duo5yv7mfq","time":1613941342,"event":{"mods":["Act Like it!","BaseMod","Highlight Path","Minty Spire (QoL Compilation)","Ruina","StSLib"],"gold_per_floor":[117,132,132,149,168,201,201,201,201,213,245,245,245,245,245,344,344,360,72,72,86,86,119,119,137,137,37,47,64,64,64,64,160,160,176,191,0,10,10,10,40,40,40,52,3,3,3,3,3,3,3],"floor_reached":50,"language":"ENG","playtime":3253,"items_purged":["Pain","Writhe"],"score":598,"play_id":"9a1b6ab7-6959-49db-ac22-0ffbb9374fdf","local_time":"20210221220222","is_ascension_mode":true,"campfire_choices":[{"data":"Noxious Fumes","floor":7,"key":"SMITH"},{"data":"Deadly Poison","floor":12,"key":"SMITH"},{"floor":15,"key":"REST"},{"data":"ruina:CrimsonScar","floor":24,"key":"SMITH"},{"floor":30,"key":"REST"},{"floor":32,"key":"REST"},{"floor":40,"key":"REST"},{"floor":42,"key":"REST"},{"floor":47,"key":"REST"},{"floor":49,"key":"RECALL"}],"circlet_count":0,"master_deck":["Strike_G","Strike_G","Strike_G","Strike_G","Strike_G","Defend_G+1","Defend_G","Defend_G","Defend_G","Defend_G","Survivor","Neutralize","Noxious Fumes+1","Deadly Poison+1","Backflip","Poisoned Stab","Riddle With Holes","Dash+1","PiercingWail","Corpse Explosion","Dagger Spray","ruina:CrimsonScar+1","Dodge and Roll","Distraction","Prepared+1","Deadly Poison","Adrenaline","Phantasmal Killer","CurseOfTheBell","Deadly Poison+1","Blind","Riddle With Holes+1"],"relics":["Velvet Choker","Boot","Vajra","Paper Crane","Bottled Lightning","WarpedTongs","WristBlade","ruina:Goodbye","Pear","Kunai","Calling Bell","Orichalcum","HornCleat","Tingsha","Red Mask","Bag of Marbles"],"acts_visited":["Exordium","Exordium","TheBeyond"],"potions_floor_usage":[6,11,16,23,23,23,33,33,38,41,41,41,50],"damage_taken":[{"damage":2,"enemies":"Jaw Worm","floor":1,"turns":5},{"damage":0,"enemies":"Cultist","floor":2,"turns":5},{"damage":0,"enemies":"2 Louse","floor":4,"turns":3},{"damage":5,"enemies":"2 Fungi Beasts","floor":5,"turns":4},{"damage":10,"enemies":"Lagavulin","floor":6,"turns":6},{"damage":9,"enemies":"Red Slaver","floor":10,"turns":3},{"damage":2,"enemies":"3 Sentries","floor":11,"turns":6},{"damage":25,"enemies":"Slime Boss","floor":16,"turns":6},{"damage":9,"enemies":"ruina:Nosferatu","floor":18,"turns":4},{"damage":8,"enemies":"ruina:BadWolf","floor":21,"turns":2},{"damage":13,"enemies":"ruina:Mountain","floor":23,"turns":6},{"damage":3,"enemies":"ruina:3_Scarecrows","floor":25,"turns":2},{"damage":15,"enemies":"ruina:KnightOfDespair","floor":28,"turns":5},{"damage":25,"enemies":"ruina:KingOfGreed","floor":29,"turns":4},{"damage":37,"enemies":"ruina:Red_and_Wolf","floor":33,"turns":14},{"damage":3,"enemies":"3 Shapes","floor":35,"turns":4},{"damage":14,"enemies":"3 Darklings","floor":36,"turns":4},{"damage":23,"enemies":"Maw","floor":38,"turns":6},{"damage":61,"enemies":"Giant Head","floor":41,"turns":8},{"damage":0,"enemies":"4 Shapes","floor":44,"turns":2},{"damage":51,"enemies":"Awakened One","floor":50,"turns":14}],"seed_played":"-8744247421022577731","potions_obtained":[{"floor":2,"key":"Swift Potion"},{"floor":4,"key":"ColorlessPotion"},{"floor":11,"key":"Regen Potion"},{"floor":16,"key":"DuplicationPotion"},{"floor":21,"key":"EntropicBrew"},{"floor":23,"key":"FearPotion"},{"floor":33,"key":"Strength Potion"},{"floor":35,"key":"Strength Potion"},{"floor":36,"key":"Swift Potion"},{"floor":38,"key":"CunningPotion"}],"is_trial":false,"path_per_floor":["M","M","?","M","M","E","R","T","T","M","E","R","?","?","R","B",null,"M","$","?","M","?","E","R","M","T","$","M","M","R","?","R","B",null,"M","M","?","M","?","R","E","R","T","M","$","$","R","?","R","B"],"character_chosen":"THE_SILENT","items_purchased":["ruina:CrimsonScar","Dodge and Roll","SkillPotion"],"campfire_rested":6,"item_purchase_floors":[19,19,45],"current_hp_per_floor":[68,68,68,68,63,53,53,53,53,44,42,42,28,28,49,39,70,61,61,61,53,53,50,50,47,47,47,32,7,31,31,55,18,80,77,63,63,40,40,64,3,27,27,27,27,27,51,51,51,0,0],"gold":3,"neow_bonus":"BOSS_RELIC","is_daily":false,"chose_seed":false,"campfire_upgraded":3,"win_rate":0.0,"timestamp":1613941342,"path_taken":["M","M","?","M","M","E","R","?","T","?","E","R","?","?","R","BOSS","M","$","?","M","?","E","R","M","T","$","M","?","R","?","R","BOSS","M","M","?","M","?","R","E","R","T","M","?","$","R","?","R","BOSS"],"items_purchased_type":["Card","Card","Potion"],"build_version":"2020-12-22","purchased_purges":2,"victory":false,"max_hp_per_floor":[70,70,70,70,70,70,70,70,70,70,70,70,70,70,70,70,70,70,70,70,70,70,80,80,80,80,80,80,80,80,80,80,80,80,80,80,80,80,80,80,80,80,80,80,80,80,80,80,80,80,80],"card_choices":[{"not_picked":["Quick Slash","Backstab"],"picked":"Noxious Fumes","floor":1},{"not_picked":["Dagger Spray","Caltrops"],"picked":"Deadly Poison","floor":2},{"not_picked":["Quick Slash","Cloak And Dagger"],"picked":"Backflip","floor":4},{"not_picked":["Dagger Spray","Dagger Throw"],"picked":"Poisoned Stab","floor":5},{"not_picked":["Underhanded Strike","Dodge and Roll"],"picked":"Riddle With Holes","floor":6},{"not_picked":["Underhanded Strike","Deflect"],"picked":"Dash","floor":10},{"not_picked":["Phantasmal Killer","Underhanded Strike"],"picked":"PiercingWail","floor":11},{"not_picked":["Tools of the Trade","Adrenaline"],"picked":"Corpse Explosion","floor":16},{"not_picked":["Masterful Stab+1","Dodge and Roll"],"picked":"Dagger Spray","floor":18},{"not_picked":["Concentrate","Blade Dance","Slice"],"picked":"SKIP","floor":21},{"not_picked":["Masterful Stab","Expertise"],"picked":"Distraction","floor":23},{"not_picked":["Acrobatics","Flying Knee"],"picked":"Prepared+1","floor":25},{"not_picked":["Distraction+1","Flying Knee"],"picked":"Deadly Poison","floor":28},{"not_picked":["Reflex","Prepared+1"],"picked":"Adrenaline","floor":29},{"not_picked":["Night Terror","A Thousand Cuts"],"picked":"Phantasmal Killer","floor":33},{"not_picked":["Blade Dance+1","Quick Slash","Flying Knee+1"],"picked":"SKIP","floor":35},{"not_picked":["Adrenaline","Acrobatics+1"],"picked":"Deadly Poison+1","floor":36},{"not_picked":["Outmaneuver+1","Prepared+1","Deadly Poison"],"picked":"SKIP","floor":38},{"not_picked":["Finesse","Jack Of All Trades"],"picked":"Blind","floor":39},{"not_picked":["Escape Plan","Expertise"],"picked":"Riddle With Holes+1","floor":41},{"not_picked":["Acrobatics","Setup+1","Deflect+1"],"picked":"SKIP","floor":44}],"player_experience":310041,"relics_obtained":[{"floor":6,"key":"Boot"},{"floor":8,"key":"Vajra"},{"floor":9,"key":"Paper Crane"},{"floor":11,"key":"Bottled Lightning"},{"floor":23,"key":"Pear"},{"floor":26,"key":"Kunai"},{"floor":34,"key":"Orichalcum"},{"floor":34,"key":"HornCleat"},{"floor":34,"key":"Tingsha"},{"floor":41,"key":"Bag of Marbles"}],"event_choices":[{"damage_healed":0,"gold_gain":0,"player_choice":"Ignored","damage_taken":0,"max_hp_gain":0,"max_hp_loss":0,"event_name":"Liars Game","floor":3,"gold_loss":0},{"damage_healed":0,"gold_gain":0,"player_choice":"Entered Light","damage_taken":14,"max_hp_gain":0,"max_hp_loss":0,"event_name":"Shining Light","floor":13,"gold_loss":0,"cards_upgraded":["Dash","Defend_G"]},{"damage_healed":0,"gold_gain":0,"player_choice":"Rummage","damage_taken":0,"relics_obtained":["WarpedTongs"],"max_hp_gain":0,"max_hp_loss":0,"event_name":"Accursed Blacksmith","floor":14,"gold_loss":0,"cards_obtained":["Pain"]},{"damage_healed":0,"gold_gain":0,"player_choice":"Paid","damage_taken":0,"relics_obtained":["Red Mask"],"max_hp_gain":0,"max_hp_loss":0,"event_name":"Tomb of Lord Red Mask","floor":37,"gold_loss":191},{"damage_healed":0,"gold_gain":0,"player_choice":"Memory 1","damage_taken":0,"max_hp_gain":0,"max_hp_loss":0,"event_name":"SensoryStone","floor":39,"gold_loss":0},{"damage_healed":0,"gold_gain":0,"player_choice":"Ignored","damage_taken":0,"max_hp_gain":0,"max_hp_loss":0,"event_name":"Mysterious Sphere","floor":48,"gold_loss":0}],"is_beta":false,"boss_relics":[{"not_picked":["Cursed Key","Pandora\u0027s Box"],"picked":"WristBlade"},{"not_picked":["Fusion Hammer","Philosopher\u0027s Stone"],"picked":"Calling Bell"}],"items_purged_floors":[19,27],"is_endless":false,"potions_floor_spawned":[2,4,11,16,21,23,28,33,35,36,38],"killed_by":"Awakened One","ascension_level":3}}