{"host":"xsuxkwaivmtd234a","time":1613869211,"event":{"mods":["BaseMod","Bestiary","Colored Map","Minty Spire (QoL Compilation)","Relic Stats","StSLib"],"gold_per_floor":[110,121,8,8,8,8,43,43,90,126,126,126,140,164,164,164,164],"floor_reached":16,"language":"ENG","playtime":542,"items_purged":[],"score":162,"play_id":"9582d652-0da9-4228-ab65-a4762ba53225","local_time":"20210220200011","is_ascension_mode":true,"campfire_choices":[{"floor":6,"key":"REST"},{"floor":8,"key":"REST"},{"floor":15,"key":"RECALL"}],"circlet_count":0,"master_deck":["AscendersBane","Strike_B","Strike_B","Strike_B","Strike_B","Defend_B","Defend_B","Defend_B","Defend_B","Zap","Dualcast","White Noise","Self Repair","Rip and Tear","Cold Snap","Glacier","Conserve Battery","Beam Cell"],"relics":["Fusion Hammer","Golden Idol","Art of War","InkBottle","Juzu Bracelet","PreservedInsect","NlothsMask"],"acts_visited":["Exordium"],"potions_floor_usage":[7,14,14],"damage_taken":[{"damage":0,"enemies":"Small Slimes","floor":1,"turns":3},{"damage":6,"enemies":"Cultist","floor":2,"turns":4},{"damage":18,"enemies":"Lagavulin","floor":7,"turns":7},{"damage":58,"enemies":"Gremlin Nob","floor":10,"turns":5},{"damage":1,"enemies":"Jaw Worm","floor":13,"turns":4},{"damage":33,"enemies":"Gremlin Gang","floor":14,"turns":7},{"damage":23,"enemies":"Hexaghost","floor":16,"turns":14}],"seed_played":"2456074818210406563","potions_obtained":[{"floor":1,"key":"Block Potion"},{"floor":7,"key":"Regen Potion"},{"floor":10,"key":"SpeedPotion"}],"is_trial":false,"path_per_floor":["M","M","$","?","?","R","E","R","T","E","?","?","M","M","R","B"],"character_chosen":"DEFECT","items_purchased":["Self Repair","Rip and Tear"],"campfire_rested":2,"item_purchase_floors":[3,3],"current_hp_per_floor":[68,62,62,44,44,66,55,75,75,24,24,24,30,19,19,0,0],"gold":164,"neow_bonus":"BOSS_RELIC","is_daily":false,"chose_seed":false,"campfire_upgraded":0,"win_rate":0.0,"timestamp":1613869211,"path_taken":["M","M","$","?","?","R","E","R","T","E","?","?","M","M","R","BOSS"],"items_purchased_type":["Card","Card"],"build_version":"2020-12-22","purchased_purges":0,"victory":false,"max_hp_per_floor":[75,75,75,75,75,75,75,75,75,75,75,75,75,75,75,75,75],"relic_stats":{"counters":[7,44],"Golden Idol":22,"PreservedInsect":0,"Art of War":[3],"Juzu Bracelet":1,"obtain_stats":[{"Golden Idol":4,"Fusion Hammer":0,"PreservedInsect":10,"Art of War":5,"Juzu Bracelet":9,"Cracked Core":0,"InkBottle":7,"NlothsMask":12},{"Golden Idol":2,"Fusion Hammer":0,"PreservedInsect":4,"Art of War":2,"Juzu Bracelet":3,"Cracked Core":0,"InkBottle":3,"NlothsMask":4},{"Golden Idol":7,"Fusion Hammer":0,"PreservedInsect":19,"Art of War":7,"Juzu Bracelet":14,"Cracked Core":0,"InkBottle":14,"NlothsMask":19}],"InkBottle":[11]},"card_choices":[{"not_picked":["Loop","Barrage"],"picked":"White Noise","floor":1},{"not_picked":["Reprogram","Gash"],"picked":"Sweeping Beam","floor":2},{"not_picked":["Melter","Coolheaded"],"picked":"Cold Snap","floor":7},{"not_picked":["Gash","Streamline"],"picked":"Glacier","floor":10},{"not_picked":["Multi-Cast","Stack"],"picked":"Conserve Battery","floor":13},{"not_picked":["Turbo","Rebound"],"picked":"Beam Cell","floor":14}],"player_experience":1326604,"relics_obtained":[{"floor":7,"key":"InkBottle"},{"floor":9,"key":"Juzu Bracelet"},{"floor":10,"key":"PreservedInsect"}],"event_choices":[{"damage_healed":0,"gold_gain":0,"player_choice":"Take Damage","damage_taken":18,"relics_obtained":["Golden Idol"],"max_hp_gain":0,"max_hp_loss":0,"event_name":"Golden Idol","floor":4,"gold_loss":0},{"cards_removed":["Sweeping Beam"],"damage_healed":0,"gold_gain":0,"player_choice":"Gave Card","damage_taken":0,"relics_obtained":["Art of War"],"max_hp_gain":0,"max_hp_loss":0,"event_name":"WeMeetAgain","floor":5,"gold_loss":0},{"damage_healed":0,"gold_gain":0,"player_choice":"Ignored","damage_taken":0,"max_hp_gain":0,"max_hp_loss":0,"event_name":"Golden Wing","floor":11,"gold_loss":0},{"damage_healed":0,"gold_gain":0,"player_choice":"Trade","damage_taken":0,"relics_obtained":["NlothsMask"],"max_hp_gain":0,"max_hp_loss":0,"event_name":"FaceTrader","floor":12,"gold_loss":0}],"is_beta":false,"boss_relics":[],"items_purged_floors":[],"is_endless":false,"potions_floor_spawned":[1,7,10],"killed_by":"Hexaghost","ascension_level":10}}