{"host":"50per11302020","time":1613868919,"event":{"mods":["AchievementEnabler","BaseMod","Colored Map","Minty Spire (QoL Compilation)","Relic Stats","StSLib"],"gold_per_floor":[11,11,28,44,55,55,87,87,87,103,103,130,47,62,62,139,139,150,170,186,186,186],"floor_reached":21,"language":"ENG","playtime":1459,"items_purged":[],"score":386,"play_id":"0a968d2d-f35e-497e-8453-bfc058a181db","local_time":"20210220165519","is_ascension_mode":true,"campfire_choices":[{"data":"Glass Knife","floor":6.0,"key":"SMITH"},{"data":"Outmaneuver","floor":8.0,"key":"SMITH"},{"data":"Infinite Blades","floor":15.0,"key":"SMITH"}],"circlet_count":0,"master_deck":["AscendersBane","Strike_G","Strike_G","Strike_G","Defend_G","Defend_G","Defend_G","Defend_G","Defend_G","Survivor","Neutralize","Flying Knee","Riddle With Holes","Outmaneuver+1","Glass Knife+1","Flying Knee","Deadly Poison","Predator","Malaise","Infinite Blades","Infinite Blades","Infinite Blades+1","Night Terror","All Out Attack+1","Accuracy+1","Cloak And Dagger"],"relics":["Ring of the Snake","Torii","Kunai","The Specimen","Prayer Wheel","Sozu"],"acts_visited":["Exordium","TheCity"],"potions_floor_usage":[],"damage_taken":[{"damage":1.0,"enemies":"Cultist","floor":1.0,"turns":4.0},{"damage":1.0,"enemies":"2 Louse","floor":3.0,"turns":3.0},{"damage":0.0,"enemies":"Small Slimes","floor":4.0,"turns":3.0},{"damage":3.0,"enemies":"Blue Slaver","floor":5.0,"turns":4.0},{"damage":13.0,"enemies":"3 Sentries","floor":7.0,"turns":9.0},{"damage":0.0,"enemies":"3 Louse","floor":10.0,"turns":3.0},{"damage":12.0,"enemies":"Lagavulin","floor":12.0,"turns":5.0},{"damage":10.0,"enemies":"Exordium Wildlife","floor":14.0,"turns":5.0},{"damage":1.0,"enemies":"Hexaghost","floor":16.0,"turns":10.0},{"damage":23,"enemies":"Shell Parasite","floor":18,"turns":6},{"damage":23,"enemies":"2 Thieves","floor":19,"turns":3},{"damage":12,"enemies":"Snecko","floor":20,"turns":5},{"damage":14,"enemies":"Centurion and Healer","floor":21,"turns":1}],"seed_played":"6254884365116656407","potions_obtained":[{"floor":3.0,"key":"BlessingOfTheForge"},{"floor":7.0,"key":"Explosive Potion"},{"floor":12.0,"key":"Fruit Juice"},{"floor":16.0,"key":"FearPotion"}],"is_trial":false,"path_per_floor":["M","?","M","M","M","R","E","R","T","M","?","E","$","M","R","B",null,"M","M","M","M"],"character_chosen":"THE_SILENT","items_purchased":["Infinite Blades"],"campfire_rested":0,"item_purchase_floors":[13],"current_hp_per_floor":[58,58,57,57,54,54,41,41,41,41,41,29,29,24,24,23,59,36,13,1,0,0],"gold":186,"neow_bonus":"ONE_RARE_RELIC","is_daily":false,"chose_seed":false,"campfire_upgraded":3,"win_rate":0.0,"timestamp":1613868919,"path_taken":["M","?","M","M","M","R","E","R","T","M","?","E","$","M","R","BOSS","M","M","?","M"],"items_purchased_type":["Card"],"build_version":"2020-12-18","purchased_purges":0,"victory":false,"max_hp_per_floor":[66,66,66,66,66,66,66,66,66,66,66,66,66,71,71,71,71,71,71,71,71,71],"relic_stats":{"Sozu":1,"Torii":35,"counters":[13,61],"Prayer Wheel":4,"Kunai":[20],"obtain_stats":[{"Sozu":17,"Torii":0,"The Specimen":9,"Prayer Wheel":12,"Kunai":7,"Ring of the Snake":0},{"Sozu":9,"Torii":0,"The Specimen":5,"Prayer Wheel":7,"Kunai":5,"Ring of the Snake":0},{"Sozu":46,"Torii":0,"The Specimen":23,"Prayer Wheel":31,"Kunai":23,"Ring of the Snake":0}],"Ring of the Snake":[26]},"card_choices":[{"not_picked":["Backflip","Dodge and Roll"],"picked":"Flying Knee","floor":1.0},{"not_picked":["Blade Dance","Dagger Spray"],"picked":"Outmaneuver","floor":3.0},{"not_picked":["Slice","Accuracy"],"picked":"Glass Knife","floor":4.0},{"not_picked":["Backstab","Blade Dance"],"picked":"Flying Knee","floor":5.0},{"not_picked":["Masterful Stab","Dodge and Roll","Prepared"],"picked":"SKIP","floor":7.0},{"not_picked":["Riddle With Holes","Deflect"],"picked":"Deadly Poison","floor":10.0},{"not_picked":["Heel Hook","PiercingWail"],"picked":"Malaise","floor":12.0},{"not_picked":["Riddle With Holes","Crippling Poison"],"picked":"Infinite Blades","floor":14.0},{"not_picked":["Quick Slash","Endless Agony"],"picked":"Infinite Blades","floor":14.0},{"not_picked":["Doppelganger","Bullet Time"],"picked":"Night Terror","floor":16.0},{"not_picked":["Underhanded Strike+1","Setup+1"],"picked":"All Out Attack+1","floor":18},{"not_picked":["Outmaneuver","Underhanded Strike","Flying Knee"],"picked":"SKIP","floor":18},{"not_picked":["Prepared","Bouncing Flask"],"picked":"Accuracy+1","floor":19},{"not_picked":["Quick Slash","Dagger Throw","Expertise"],"picked":"SKIP","floor":19},{"not_picked":["Sucker Punch","Deflect"],"picked":"Cloak And Dagger","floor":20},{"not_picked":["Bane","Underhanded Strike","Outmaneuver"],"picked":"SKIP","floor":20}],"player_experience":440379,"relics_obtained":[{"floor":7.0,"key":"Kunai"},{"floor":9.0,"key":"The Specimen"},{"floor":12.0,"key":"Prayer Wheel"}],"event_choices":[{"damage_healed":0.0,"max_hp_gain":0.0,"max_hp_loss":0.0,"gold_gain":0.0,"cards_transformed":["Strike_G"],"event_name":"Living Wall","player_choice":"Change","floor":2.0,"gold_loss":0.0,"damage_taken":0.0,"cards_obtained":["Riddle With Holes"]},{"damage_healed":0.0,"max_hp_gain":0.0,"max_hp_loss":0.0,"gold_gain":0.0,"cards_transformed":["Strike_G"],"event_name":"Transmorgrifier","player_choice":"Transformed","floor":11.0,"gold_loss":0.0,"damage_taken":0.0,"cards_obtained":["Predator"]}],"is_beta":true,"boss_relics":[{"not_picked":["Tiny House","Calling Bell"],"picked":"Sozu"}],"items_purged_floors":[],"is_endless":false,"potions_floor_spawned":[3,7,12,16,19],"killed_by":"Centurion and Healer","ascension_level":20}}