{"host":"hf83sijwe64ts2lm","time":1613875736,"event":{"mods":["2.2 Compatiblity","BaseMod","Better Altar","Better Match","Better Note","Better Sensory Stone","Better Skull","Better Third Choice","Colored Map","Colored Powertips","Highlight Path","Hubris","Infinite Spire","Minty Spire (QoL Compilation)","Quick Restart","Rare Cards Sparkle","Relic Stats","Reliquary","Replay The Spire","Shop Mod","Spicy Shops","Spire Arcade","StSLib","Thieving Mod"],"gold_per_floor":[112,129,129,140,154,154,167,167,167,167,167,177,6,20,20,117,117,135,154,154,129,129,129],"floor_reached":22,"language":"ENG","playtime":353,"items_purged":[],"score":223,"play_id":"10f3298b-6cb2-462b-98a0-6a8f6583a18c","local_time":"20210220214856","is_ascension_mode":true,"campfire_choices":[{"floor":6,"key":"RECALL"},{"floor":10,"key":"REST"},{"floor":15,"key":"REST"}],"circlet_count":0,"master_deck":["Strike_R","Strike_R","Strike_R","Strike_R","Strike_R","Defend_R","Defend_R","Defend_R","Defend_R","Bash+1","Bloodletting+1","Thunderclap","Twin Strike","Life Link","Pummel","Anger","ReplayTheSpireMod:Muscle Training","Inflame","Twin Strike","Replay:Undeath\u0027s Touch","Demon Form","Sword Boomerang+1","Pommel Strike+1","hubris:Lust"],"relics":["Burning Blood","reliquary:Firecrackers","Runic Cube","Nilry\u0027s Codex","ReplayTheSpireMod:CursedCoin","hubris:FunFungus"],"acts_visited":["Exordium","TheCity"],"potions_floor_usage":[4,14,18,19,22,22],"damage_taken":[{"damage":11,"enemies":"2 Louse","floor":1,"turns":2},{"damage":12,"enemies":"Cultist","floor":2,"turns":3},{"damage":0,"enemies":"Jaw Worm","floor":4,"turns":1},{"damage":30,"enemies":"Exordium Thugs","floor":5,"turns":5},{"damage":12,"enemies":"Red Slaver","floor":7,"turns":2},{"damage":15,"enemies":"3 Louse","floor":12,"turns":3},{"damage":22,"enemies":"Exordium Wildlife","floor":14,"turns":4},{"damage":63,"enemies":"The Guardian","floor":16,"turns":9},{"damage":31,"enemies":"Shell Parasite","floor":18,"turns":2},{"damage":13,"enemies":"Chosen","floor":19,"turns":2},{"damage":17,"enemies":"Snake Plant","floor":22,"turns":1}],"seed_played":"-4480805182272874159","potions_obtained":[{"floor":1,"key":"SteroidPotion"},{"floor":12,"key":"Explosive Potion"},{"floor":16,"key":"Adrenaline Potion"},{"floor":18,"key":"Adrenaline Potion"},{"floor":19,"key":"ColorlessPotion"}],"is_trial":false,"path_per_floor":["M","M","?","M","M","R","M","?","T","R","?","M","$","M","R","B",null,"M","M","?","$","M"],"character_chosen":"IRONCLAD","items_purchased":["ReplayTheSpireMod:Muscle Training","Inflame","Twin Strike","ReplayTheSpireMod:CursedCoin","hubris:FunFungus","EntropicBrew"],"campfire_rested":2,"item_purchase_floors":[13,13,13,21,21,21],"current_hp_per_floor":[75,69,69,75,51,51,45,45,45,69,69,60,60,44,68,11,63,38,31,15,15,0,0],"gold":129,"neow_bonus":"UPGRADE_CARD","is_daily":false,"chose_seed":false,"campfire_upgraded":0,"win_rate":0.0,"timestamp":1613875736,"path_taken":["M","M","?","M","M","R","?","?","T","R","?","?","?","M","R","BOSS","M","M","?","?","M"],"items_purchased_type":["Card","Card","Card","Relic","Relic","Potion"],"build_version":"2020-12-22","purchased_purges":0,"victory":false,"max_hp_per_floor":[80,80,80,80,80,80,80,80,80,80,80,80,80,80,80,80,80,80,80,80,80,80,80],"relic_stats":{"counters":[11,34],"obtain_stats":[{"Nilry\u0027s Codex":20,"ReplayTheSpireMod:CursedCoin":21,"reliquary:Firecrackers":9,"hubris:FunFungus":21,"Burning Blood":0,"Runic Cube":17},{"Nilry\u0027s Codex":10,"ReplayTheSpireMod:CursedCoin":10,"reliquary:Firecrackers":5,"hubris:FunFungus":10,"Burning Blood":0,"Runic Cube":8},{"Nilry\u0027s Codex":33,"ReplayTheSpireMod:CursedCoin":33,"reliquary:Firecrackers":13,"hubris:FunFungus":33,"Burning Blood":0,"Runic Cube":29}],"Burning Blood":60,"Runic Cube":[8]},"card_choices":[{"not_picked":["True Grit","Warcry"],"picked":"Bloodletting","floor":1},{"not_picked":["Clothesline","Pommel Strike"],"picked":"Thunderclap","floor":2},{"not_picked":["Pommel Strike","Warcry"],"picked":"Twin Strike","floor":4},{"not_picked":["Body Slam","Havoc"],"picked":"Life Link","floor":5},{"not_picked":["Anger","Seeing Red"],"picked":"Pummel","floor":7},{"not_picked":["Headbutt","Dual Wield"],"picked":"Anger","floor":12},{"not_picked":["Searing Blow","Pommel Strike"],"picked":"Replay:Undeath\u0027s Touch","floor":14},{"not_picked":["hubris:StunningStrike","Exhume"],"picked":"Demon Form","floor":16},{"not_picked":["Flex","Shrug It Off"],"picked":"Sword Boomerang+1","floor":18},{"not_picked":["Juggernaut","Wild Strike"],"picked":"Pommel Strike+1","floor":19}],"player_experience":190942,"relics_obtained":[{"floor":9,"key":"reliquary:Firecrackers"},{"floor":20,"key":"Nilry\u0027s Codex"}],"event_choices":[{"damage_healed":0,"gold_gain":0,"player_choice":"Upgraded","damage_taken":0,"max_hp_gain":0,"max_hp_loss":0,"event_name":"Upgrade Shrine","floor":3,"gold_loss":0,"cards_upgraded":["Bloodletting"]},{"damage_healed":0,"gold_gain":0,"player_choice":"Ignored","damage_taken":0,"max_hp_gain":0,"max_hp_loss":0,"event_name":"Purifier","floor":11,"gold_loss":0},{"damage_healed":0,"gold_gain":0,"player_choice":"Obtained Book","damage_taken":16,"max_hp_gain":0,"max_hp_loss":0,"event_name":"Cursed Tome","floor":20,"gold_loss":0}],"is_beta":false,"boss_relics":[{"not_picked":["Kintsugi","Ectoplasm"],"picked":"Runic Cube"}],"items_purged_floors":[],"is_endless":false,"potions_floor_spawned":[1,12,16,18,19],"killed_by":"Snake Plant","ascension_level":5}}