{"host":"yajbwjoofeeg2olc","time":1613912940,"event":{"mods":["A Magickal Journey","AchievementEnabler","Aspiration","Bard","BaseMod","Beaked The Cultist","Better Altar","Better Match","Better Note","Better Sensory Stone","Better Skull","Better Third Choice","BetterRewards","CCEM2","Clockwork Mod","Colored Map","Colored Powertips","Conspire","GifTheSpireLib","Gremlin Mod","GungeonMod","Halation","Hermit","Highlight Path","Hubris","Hunter ??","Jedi Mod","Jorbs\u0027s Wanderer Trilogy","Mad Scientist","Magitek Elite","Marisa????????","Mimic Mod","Minty Spire (QoL Compilation)","Permanent Neow","Replay The Spire","Robot Space Explorer","Shade Mod","Shapeshifter Mod","Shop Mod","Spicy Shops","StSLib","Stuff the Spire","The Administrix","The Alterego","The Animator","The Blackbeard","The Bug Knight","The Construct","The Cursed","The Death Knight","The Disciple","The Exalted","The Forsaken","The Marked","The Mystic","The Necromancer","The Problem Sleuth","The Runesmith","The Servant 0.9.4","The Spell Scribe","The Witch","TheHero"],"gold_per_floor":[364,60,70,90,105,105,121,141,141,158,189,209,234,245,245,347,347,358,376,3,3,39,68,68,143,183,200,200,59,77,104,104,203,203,221,261,361,374,392,417,433,433,433,468,468,487,487,303,303,303,303,303,17,52,52],"floor_reached":56,"language":"ENG","playtime":4932,"items_purged":["DemoMod:Defend_Huntress","DemoMod:Defend_Huntress","DemoMod:Defend_Huntress","DemoMod:Strike_Huntress","DemoMod:Defend_Huntress"],"score":1363,"play_id":"c6129f2c-bb80-468b-90d4-33e4e2de85a0","local_time":"20210221130900","is_ascension_mode":false,"campfire_choices":[{"data":"Apotheosis","floor":15,"key":"SMITH"},{"floor":24,"key":"RECALL"},{"floor":28,"key":"REST"},{"data":"DemoMod:HardPowerCard","floor":32,"key":"SMITH"},{"floor":45,"key":"REST"},{"floor":47,"key":"REST"},{"data":"DemoMod:EasyReloadBullets","floor":49,"key":"SMITH"},{"data":"DemoMod:TableSutra","floor":52,"key":"SMITH"}],"circlet_count":0,"master_deck":["DemoMod:Roll","DemoMod:ManualReload","DemoMod:CrossBow","Strike_P","AdministrixMod:BlueCloak","DemoMod:HardPowerCard","Apotheosis+1","DemoMod:ShadowBullets","DemoMod:BattleInHaste","DemoMod:FastSwitch","DemoMod:EasyReloadBullets+1","DemoMod:AWP","DemoMod:GunShield","DemoMod:MachoBrace","DemoMod:HighKaliber","DemoMod:BlankBullets","DemoMod:HungryBullets","DemoMod:Polaris","DemoMod:PracticeMakesPerfect","DemoMod:Desperate","DemoMod:HardPowerCard+1","DemoMod:SuppressiveFire","DemoMod:ConditionalReflex+1","DemoMod:ConditionalReflex+1","DemoMod:ZorGun","Parasite","DemoMod:FullFirepower","DemoMod:DoubleSwitch+1","DemoMod:JK47+1","DemoMod:TableSutra+1","DemoMod:SkilledReload+1"],"relics":["DemoMod:Dog","Bromod:ArcaneAwakening","CCEMRelics:LagavulinClaw","halation:QuantumPhysicsTextbook","Bromod:ArcaneEnergize","Membership Card","conspire:BottledYoYo","CCEMRelics:JestersCrown","CCEMRelics:GrindingGear","Painkiller Herb","CCEMRelics:SpiritsEdge","jedi:HeartOfTheCards","hubris:Icosahedron","Replay:Towering Pillar of Hats","StuffTheSpire:Experiment12","Replay:Baseball","Kunai","DemoMod:ClearGuonStone","Centennial Puzzle"],"acts_visited":["Exordium","TheCity","TheBeyond","TheEnding"],"potions_floor_usage":[44,50],"damage_taken":[{"damage":1,"enemies":"Cultist","floor":1,"turns":4},{"damage":0,"enemies":"Small Slimes","floor":3,"turns":3},{"damage":0,"enemies":"Jaw Worm","floor":4,"turns":4},{"damage":2,"enemies":"3 Louse","floor":5,"turns":3},{"damage":0,"enemies":"Blue Slaver","floor":7,"turns":5},{"damage":0,"enemies":"2 Fungi Beasts","floor":8,"turns":6},{"damage":3,"enemies":"Looter","floor":10,"turns":4},{"damage":19,"enemies":"3 Sentries","floor":11,"turns":7},{"damage":0,"enemies":"Exordium Wildlife","floor":12,"turns":3},{"damage":0,"enemies":"Lagavulin","floor":13,"turns":6},{"damage":1,"enemies":"Red Slaver","floor":14,"turns":2},{"damage":0,"enemies":"Hexaghost","floor":16,"turns":5},{"damage":0,"enemies":"Spheric Guardian","floor":18,"turns":3},{"damage":0,"enemies":"Chosen","floor":19,"turns":4},{"damage":0,"enemies":"Shelled Parasite and Fungi","floor":22,"turns":4},{"damage":0,"enemies":"conspire:Head Lice","floor":23,"turns":7},{"damage":0,"enemies":"Snake Plant","floor":26,"turns":4},{"damage":0,"enemies":"Snake Plant","floor":27,"turns":2},{"damage":4,"enemies":"Chosen and Byrds","floor":30,"turns":5},{"damage":0,"enemies":"Book of Stabbing","floor":31,"turns":4},{"damage":13,"enemies":"Pondfish","floor":33,"turns":10},{"damage":0,"enemies":"3 Shapes","floor":35,"turns":4},{"damage":0,"enemies":"conspire:MimicChest","floor":36,"turns":7},{"damage":0,"enemies":"3 Darklings","floor":38,"turns":5},{"damage":4,"enemies":"Writhing Mass","floor":39,"turns":4},{"damage":0,"enemies":"HollowMod:StalkingDevout","floor":40,"turns":5},{"damage":18,"enemies":"4 Shapes","floor":41,"turns":2},{"damage":8,"enemies":"Reptomancer","floor":44,"turns":4},{"damage":0,"enemies":"Maw","floor":46,"turns":5},{"damage":2,"enemies":"Replay:Hell Engine","floor":50,"turns":5},{"damage":27,"enemies":"Shield and Spear","floor":54,"turns":5},{"damage":54,"enemies":"The Heart","floor":55,"turns":7}],"seed_played":"-2533750875449580437","potions_obtained":[{"floor":4,"key":"FairyPotion"},{"floor":7,"key":"Death Potion"},{"floor":8,"key":"PowerPotion"},{"floor":27,"key":"EssenceOfSteel"},{"floor":54,"key":"BlessingOfTheForge"}],"is_trial":false,"path_per_floor":["M","$","M","M","M","?","M","M","T","M","E","M","E","M","R","B",null,"M","M","$","?","M","E","R","?","MIM","M","R","$","M","E","R","B",null,"?","?","?","?","?","E","?","?","T","E","T","?","T","T","T","B",null,"T","T","E","B",null],"character_chosen":"HUNTRESS","items_purchased":["Apotheosis","DemoMod:ShadowBullets","Membership Card","conspire:BottledYoYo","DemoMod:HardPowerCard","Replay:Baseball","DemoMod:TableSutra","Kunai","DemoMod:ClearGuonStone"],"campfire_rested":3,"item_purchase_floors":[2,2,20,20,29,48,48,53,53],"current_hp_per_floor":[69,69,69,69,67,72,72,72,72,69,50,50,50,49,49,49,75,75,75,75,75,75,75,75,68,68,68,75,75,71,71,71,58,75,75,75,75,75,71,71,53,53,53,45,67,67,75,75,75,73,75,75,75,48,17],"gold":52,"neow_bonus":"TWO_FIFTY_GOLD","is_daily":false,"chose_seed":false,"campfire_upgraded":4,"win_rate":0.0,"timestamp":1613912940,"path_taken":["M","$","M","?","M","?","M","?","T","M","E","M","E","M","R","BOSS","M","M","$","?","M","E","R","?","MIM","M","R","$","M","E","R","BOSS","?","?","?","?","?","E","?","?","T","E","T","?","T","T","T","BOSS","T","T","E","BOSS"],"items_purchased_type":["Card","Card","Relic","Relic","Card","Relic","Card","Relic","Relic"],"build_version":"2020-12-22","purchased_purges":5,"victory":true,"max_hp_per_floor":[70,70,70,70,70,75,75,75,75,75,75,75,75,75,75,75,75,75,75,75,75,75,75,75,75,75,75,75,75,75,75,75,75,75,75,75,75,75,75,75,75,75,75,75,75,75,75,75,75,75,75,75,75,75,75],"card_choices":[{"not_picked":["DemoMod:AbyssalTentacle","DemoMod:AC15"],"picked":"DemoMod:HardPowerCard","floor":1},{"not_picked":["DemoMod:DirectionalPad","DemoMod:HardPowerCard"],"picked":"DemoMod:Purify","floor":3},{"not_picked":["DemoMod:DirectionalPad","DemoMod:PracticeMakesPerfect"],"picked":"DemoMod:BattleInHaste","floor":4},{"not_picked":["DemoMod:DoubleSwitch","DemoMod:Ejector"],"picked":"DemoMod:FastSwitch","floor":5},{"not_picked":["DemoMod:BoxingGlove","DemoMod:HighKaliber"],"picked":"DemoMod:EasyReloadBullets","floor":7},{"not_picked":["DemoMod:ConditionalReflex","DemoMod:AC15"],"picked":"DemoMod:AWP","floor":8},{"not_picked":["DemoMod:JK47","DemoMod:TeaPot","DemoMod:FortunesFavor"],"picked":"SKIP","floor":10},{"not_picked":["DemoMod:StickyCrossBow","DemoMod:CursedBullets"],"picked":"DemoMod:GunShield","floor":11},{"not_picked":["DemoMod:FastSwitch","DemoMod:HardPowerCard"],"picked":"DemoMod:MachoBrace","floor":12},{"not_picked":["DemoMod:LifeOrb","DemoMod:Unmoved","DemoMod:EasyReloadBullets"],"picked":"SKIP","floor":13},{"not_picked":["DemoMod:BoxingGlove","DemoMod:FastSwitch"],"picked":"DemoMod:HighKaliber","floor":14},{"not_picked":["DemoMod:ThirdPartyController","DemoMod:DarkMarker"],"picked":"DemoMod:BlankBullets","floor":16},{"not_picked":["DemoMod:Camera","DemoMod:SAA"],"picked":"DemoMod:HungryBullets","floor":18},{"not_picked":["DemoMod:BoxingGlove","DemoMod:Camera+1"],"picked":"DemoMod:Polaris","floor":19},{"not_picked":["DemoMod:MachoBrace","DemoMod:CombinedRifle","DemoMod:AbyssalTentacle"],"picked":"SKIP","floor":22},{"not_picked":["DemoMod:TripleGun","DemoMod:ChanceBullets"],"picked":"DemoMod:PracticeMakesPerfect","floor":23},{"not_picked":["DemoMod:ProbeStrike","DemoMod:JK47","DemoMod:HuntsMan"],"picked":"SKIP","floor":23},{"not_picked":["DemoMod:StickyCrossBow","DemoMod:AC15"],"picked":"DemoMod:Purify","floor":26},{"not_picked":["DemoMod:Unmoved+1","DemoMod:FastSwitch+1"],"picked":"DemoMod:Desperate","floor":27},{"not_picked":["DemoMod:FastSwitch+1","DemoMod:TeaPot","DemoMod:CombinedRifle"],"picked":"SKIP","floor":30},{"not_picked":["DemoMod:HardPowerCard+1","DemoMod:Camera","DemoMod:Unmoved"],"picked":"SKIP","floor":31},{"not_picked":["DemoMod:FinishedGun","DemoMod:DarkMarker"],"picked":"DemoMod:SuppressiveFire","floor":33},{"not_picked":["DemoMod:MachoBrace+1","DemoMod:Purify"],"picked":"DemoMod:ConditionalReflex+1","floor":35},{"not_picked":["DemoMod:Ejector+1","DemoMod:TeaPot+1"],"picked":"DemoMod:ConditionalReflex+1","floor":36},{"not_picked":["DemoMod:PracticeMakesPerfect","DemoMod:Unmoved+1"],"picked":"DemoMod:ZorGun","floor":38},{"not_picked":["DemoMod:Polaris+1","DemoMod:TeaPot","DemoMod:AC15"],"picked":"SKIP","floor":39},{"not_picked":["DemoMod:HungryBullets","DemoMod:Purify+1"],"picked":"DemoMod:FullFirepower","floor":40},{"not_picked":["DemoMod:GunShield","DemoMod:PotionOfGunFriendShip+1"],"picked":"DemoMod:DoubleSwitch+1","floor":41},{"not_picked":["DemoMod:BulletBore","DemoMod:BoxingGlove","DemoMod:BlankBullets"],"picked":"SKIP","floor":44},{"not_picked":["DemoMod:Ejector","DemoMod:Unity+1"],"picked":"DemoMod:JK47+1","floor":46},{"not_picked":["DemoMod:JK47+1","DemoMod:BattleInHaste+1"],"picked":"DemoMod:SkilledReload+1","floor":54}],"player_experience":296693,"relics_obtained":[{"floor":9,"key":"Bromod:ArcaneAwakening"},{"floor":11,"key":"CCEMRelics:LagavulinClaw"},{"floor":13,"key":"halation:QuantumPhysicsTextbook"},{"floor":23,"key":"CCEMRelics:JestersCrown"},{"floor":31,"key":"CCEMRelics:GrindingGear"},{"floor":36,"key":"CCEMRelics:SpiritsEdge"},{"floor":40,"key":"jedi:HeartOfTheCards"},{"floor":43,"key":"Replay:Towering Pillar of Hats"},{"floor":44,"key":"StuffTheSpire:Experiment12"},{"floor":54,"key":"Centennial Puzzle"}],"event_choices":[{"damage_healed":0,"gold_gain":0,"player_choice":"Donut","damage_taken":0,"max_hp_gain":5,"max_hp_loss":0,"event_name":"Big Fish","floor":6,"gold_loss":0},{"cards_removed":["DemoMod:Strike_Huntress"],"damage_healed":0,"gold_gain":0,"player_choice":"Offered Basic","damage_taken":0,"max_hp_gain":0,"max_hp_loss":0,"event_name":"Bonfire Elementals","floor":21,"gold_loss":0},{"damage_healed":0,"gold_gain":75,"player_choice":"Touch","damage_taken":7,"max_hp_gain":0,"max_hp_loss":0,"event_name":"FaceTrader","floor":25,"gold_loss":0},{"damage_healed":0,"gold_gain":100,"player_choice":"Pray","damage_taken":0,"max_hp_gain":0,"max_hp_loss":0,"event_name":"Golden Shrine","floor":37,"gold_loss":0}],"is_beta":false,"boss_relics":[{"not_picked":["DemoMod:ElasticCartridgeClip","Velvet Choker"],"picked":"Bromod:ArcaneEnergize"},{"not_picked":["aspiration:RunicSpoon","StuffTheSpire:ModemDavis"],"picked":"Painkiller Herb"}],"items_purged_floors":[20,20,29,48,53],"is_endless":false,"potions_floor_spawned":[4,7,8,13,14,19,27,30,31,33,35,38,40,41,54],"ascension_level":0}}