{"host":"i0kvgscy22nkofud","time":1613951117,"event":{"mods":["AchievementEnabler","BaseMod","BetterRewards","Colored Powertips","Hubris","Infinite Spire","Minty Spire (QoL Compilation)","Quick Restart","Replay The Spire","StSLib"],"gold_per_floor":[113,113,113,113,10,40,5,5,5,5,24,24,35,50,50,50,50],"floor_reached":16,"language":"ENG","playtime":1633,"items_purged":[],"score":98,"play_id":"953faecf-0836-4cec-9cb5-8a113ded1a39","local_time":"20210221164517","is_ascension_mode":false,"campfire_choices":[{"data":"hubris:ReadiedAction","floor":8,"key":"SMITH"},{"data":"Metallicize","floor":10,"key":"SMITH"},{"floor":15,"key":"DIG"}],"circlet_count":0,"master_deck":["Strike_R","Strike_R","Strike_R","Strike_R","Strike_R","Defend_R","Defend_R","Defend_R","Defend_R","Bash","Dramatic Entrance","Headbutt","Warcry+1","Metallicize+1","hubris:ReadiedAction+1","Inflame","Shrug It Off","Shrug It Off"],"relics":["Burning Blood","hubris:Icosahedron","hubris:Towel","ReplayTheSpireMod:Lightbulb","Self Forming Clay","Replay:Mystery Machine"],"acts_visited":["Exordium"],"potions_floor_usage":[6,16,16,16],"damage_taken":[{"damage":0,"enemies":"Small Slimes","floor":1,"turns":2},{"damage":16,"enemies":"3 Sentries","floor":6,"turns":7},{"damage":6,"enemies":"Jaw Worm","floor":11,"turns":3},{"damage":0,"enemies":"2 Louse","floor":13,"turns":2},{"damage":13,"enemies":"Gremlin Gang","floor":14,"turns":5},{"damage":74,"enemies":"The Guardian","floor":16,"turns":16}],"seed_played":"-526264023093518903","potions_obtained":[{"floor":4,"key":"LiquidBronze"},{"floor":4,"key":"Cursed Concoction"},{"floor":4,"key":"Dexterity Potion"},{"floor":6,"key":"Fire Potion"}],"is_trial":false,"path_per_floor":["M","?","?","?","$","E","$","R","T","R","M","$","M","M","R","B"],"character_chosen":"IRONCLAD","items_purchased":["Warcry+1","Metallicize","Inflame"],"campfire_rested":0,"item_purchase_floors":[5,5,7],"current_hp_per_floor":[80,80,80,80,80,70,70,70,70,70,70,70,76,69,69,0,0],"gold":50,"neow_bonus":"RANDOM_COLORLESS","is_daily":false,"chose_seed":false,"campfire_upgraded":2,"win_rate":0.0,"timestamp":1613951117,"path_taken":["M","?","?","?","$","E","$","R","T","R","?","?","?","M","R","BOSS"],"items_purchased_type":["Card","Card","Card"],"build_version":"2020-12-22","purchased_purges":0,"victory":false,"max_hp_per_floor":[80,80,80,80,80,80,80,80,80,80,80,80,80,80,80,80,80],"card_choices":[{"not_picked":["Deep Breath","Replay:Sssssssssstrike"],"picked":"Dramatic Entrance","floor":0},{"not_picked":["Bloodletting","Sword Boomerang"],"picked":"Headbutt","floor":1},{"not_picked":["Dual Wield","Twin Strike"],"picked":"hubris:ReadiedAction","floor":6},{"not_picked":["Thunderclap","ReplayReversal"],"picked":"Shrug It Off","floor":11},{"not_picked":["Bloodletting","ReplayTheSpireMod:Muscle Training","Ghostly Armor"],"picked":"SKIP","floor":13},{"not_picked":["Perfected Strike","Power Through"],"picked":"Shrug It Off","floor":14}],"player_experience":0,"relics_obtained":[{"floor":6,"key":"ReplayTheSpireMod:Lightbulb"},{"floor":9,"key":"Self Forming Clay"},{"floor":15,"key":"Replay:Mystery Machine"}],"event_choices":[{"damage_healed":0,"gold_gain":0,"player_choice":"Got Potions","damage_taken":0,"max_hp_gain":0,"max_hp_loss":0,"event_name":"Lab","floor":4,"gold_loss":0}],"is_beta":false,"boss_relics":[],"items_purged_floors":[],"is_endless":false,"potions_floor_spawned":[6],"killed_by":"The Guardian","ascension_level":0}}