{"host":"f7915vm1ahl7kex1","time":1613881943,"event":{"mods":["BaseMod","Colored Map","Downfall","Minty Spire (QoL Compilation)","Quick Restart","StSLib"],"gold_per_floor":[99,118,133,583,683,698,698,718,618,635,648,678,678,250,260,359,359,359,379,579,590,675,675,702,602,602,602,627,359,389,407,423,423,423,423],"floor_reached":33,"language":"ENG","playtime":1359,"items_purged":["downfall:Icky","downfall:Icky"],"score":351,"play_id":"2e4f40d6-8389-4f95-a14f-870ebfca5895","local_time":"20210220223223","is_ascension_mode":true,"campfire_choices":[{"floor":1,"key":"RECALL"},{"floor":9,"key":"REST"},{"data":"bronze:InfiniteLoop","floor":13,"key":"SMITH"},{"data":"Secret Weapon","floor":18,"key":"SMITH"},{"data":"bronze:SpaghettiCode","floor":25,"key":"SMITH"},{"data":"expansioncontent:DashGenerateEvil","floor":27,"key":"SMITH"}],"circlet_count":0,"master_deck":["bronze:Strike","bronze:Strike","bronze:Strike","bronze:Strike","bronze:Defend","bronze:Defend","bronze:Defend","bronze:Defend","bronze:Replicate","bronze:Goto","Secret Weapon+1","bronze:GetLatest","bronze:Constructor","downfall:Icky","bronze:DelayedSlice","bronze:InfiniteLoop+1","bronze:Separator","bronze:BronzeOrb","expansioncontent:DashGenerateEvil+1","bronze:InfiniteBeams","bronze:SpaghettiCode+1","bronze:Terminator+1","bronze:WhirlingStrike+1"],"relics":["bronze:BronzeCore","Centennial Puzzle","downfall:HeartBlessingRed","Meat on the Bone","Chemical X","SlaversCollar","Torii","downfall:HeartBlessingBlue","Bottled Tornado","Lee\u0027s Waffle","Ancient Tea Set"],"acts_visited":["Exordium","TheCity"],"potions_floor_usage":[16,16,28,32,33,33],"damage_taken":[{"damage":0,"enemies":"Cultist","floor":2,"turns":3},{"damage":6,"enemies":"Jaw Worm","floor":3,"turns":3},{"damage":20,"enemies":"Small Slimes","floor":6,"turns":4},{"damage":6,"enemies":"3 Louse","floor":8,"turns":2},{"damage":2,"enemies":"Blue Slaver","floor":10,"turns":3},{"damage":5,"enemies":"downfall:LooterAlt","floor":11,"turns":3},{"damage":5,"enemies":"Gremlin Nob","floor":12,"turns":3},{"damage":0,"enemies":"downfall:FleeingMerchant","floor":14,"turns":4},{"damage":1,"enemies":"3 Louse","floor":15,"turns":2},{"damage":27,"enemies":"SI_SHIV_ARCHETYPE","floor":16,"turns":6},{"damage":4,"enemies":"Chosen","floor":19,"turns":3},{"damage":1,"enemies":"Shell Parasite","floor":21,"turns":3},{"damage":8,"enemies":"Book of Stabbing","floor":28,"turns":6},{"damage":0,"enemies":"downfall:FleeingMerchant","floor":29,"turns":4},{"damage":27,"enemies":"Gremlin Leader","floor":30,"turns":4},{"damage":0,"enemies":"Snecko","floor":31,"turns":3},{"damage":15,"enemies":"Centurion and Healer","floor":32,"turns":4},{"damage":48,"enemies":"DF_ARCHETYPE_CLAW","floor":33,"turns":6}],"seed_played":"-7743582153282136731","potions_obtained":[{"floor":3,"key":"Weak Potion"},{"floor":10,"key":"PowerPotion"},{"floor":11,"key":"Fruit Juice"},{"floor":12,"key":"Strength Potion"},{"floor":19,"key":"Block Potion"},{"floor":21,"key":"Fire Potion"},{"floor":30,"key":"sneckomod:MuddlingPotion"}],"is_trial":false,"path_per_floor":["R","M","M","?","?","M","T","M","R","M","M","E","R","$","M","B",null,"R","M","?","M","?","T","T","R","?","R","E","$","E","M","M","B"],"character_chosen":"THE_AUTOMATON","items_purchased":["Chemical X","expansioncontent:DashGenerateEvil","Lee\u0027s Waffle"],"campfire_rested":1,"item_purchase_floors":[14,14,29],"current_hp_per_floor":[63,63,57,57,57,37,37,31,49,47,42,37,37,37,36,26,68,68,64,64,63,49,49,49,59,59,59,51,85,58,58,43,0,0,0],"gold":423,"neow_bonus":"RANDOM_COLORLESS_2","is_daily":false,"chose_seed":false,"campfire_upgraded":4,"win_rate":0.0,"timestamp":1613881943,"path_taken":["R","M","M","?","?","M","T","M","R","M","?","E","R","$","M","BOSS","R","M","?","?","?","?","T","R","?","R","E","$","E","M","M","BOSS"],"items_purchased_type":["Relic","Card","Relic"],"build_version":"2020-12-22","purchased_purges":2,"victory":false,"max_hp_per_floor":[63,63,63,63,63,63,63,63,63,63,63,63,63,63,63,68,68,68,68,68,68,68,68,68,78,78,78,78,85,85,85,85,85,85,85],"card_choices":[{"not_picked":["Chrysalis","Transmutation"],"picked":"Secret Weapon","floor":0},{"not_picked":["bronze:FineTuning","bronze:ClassDefault"],"picked":"bronze:GetLatest","floor":2},{"not_picked":["bronze:Iterate","bronze:Branch"],"picked":"bronze:Constructor","floor":3},{"not_picked":["bronze:Constructor","bronze:Overheat"],"picked":"bronze:DelayedSlice","floor":6},{"not_picked":["bronze:DarkDash","bronze:Branch"],"picked":"bronze:InfiniteLoop","floor":8},{"not_picked":["bronze:BitShift","bronze:Invalidate"],"picked":"bronze:Separator","floor":10},{"not_picked":["bronze:Mutator","bronze:WildBeam","bronze:DelayedGuard"],"picked":"SKIP","floor":11},{"not_picked":["bronze:Overheat","bronze:Return","bronze:Separator"],"picked":"SKIP","floor":12},{"not_picked":["bronze:DarkDash","bronze:DelayedSlice"],"picked":"bronze:BronzeOrb","floor":14},{"not_picked":["bronze:OilSpill","bronze:DigitalCarnage"],"picked":"bronze:InfiniteBeams","floor":15},{"not_picked":["bronze:Virus","bronze:ThunderWave"],"picked":"bronze:SpaghettiCode","floor":16},{"not_picked":["bronze:ChildClass","bronze:InfiniteBeams"],"picked":"bronze:Terminator+1","floor":19},{"not_picked":["bronze:WildBeam","bronze:Shield","bronze:FineTuning"],"picked":"SKIP","floor":21},{"not_picked":["bronze:Refactor","bronze:Shield+1","bronze:InfiniteBeams"],"picked":"SKIP","floor":28},{"not_picked":["bronze:Refactor","bronze:Shield+1","bronze:InfiniteBeams"],"picked":"SKIP","floor":28},{"not_picked":["bronze:Invalidate+1","bronze:Constructor"],"picked":"bronze:WhirlingStrike+1","floor":29},{"not_picked":["bronze:MaxOutput+1","bronze:BitShift","bronze:BuggyMess+1"],"picked":"SKIP","floor":30},{"not_picked":["bronze:Separator","bronze:BitShift","bronze:ItsAFeature"],"picked":"SKIP","floor":31},{"not_picked":["bronze:GetLatest","bronze:BronzeOrb","bronze:Separator"],"picked":"SKIP","floor":32}],"player_experience":1212022,"relics_obtained":[{"floor":7,"key":"Centennial Puzzle"},{"floor":12,"key":"Meat on the Bone"},{"floor":23,"key":"Torii"},{"floor":28,"key":"Bottled Tornado"},{"floor":30,"key":"Ancient Tea Set"}],"event_choices":[],"is_beta":false,"boss_relics":[{"not_picked":["Fusion Hammer","Pandora\u0027s Box"],"picked":"SlaversCollar"}],"items_purged_floors":[14,29],"is_endless":false,"potions_floor_spawned":[3,10,11,12,19,21,30,31],"killed_by":"DF_ARCHETYPE_CLAW","ascension_level":1}}