{"host":"7yyoe0ei0fseceei","time":1613902320,"event":{"mods":["BaseMod","Colored Map","Highlight Path","Minty Spire (QoL Compilation)","Quick Restart"],"gold_per_floor":[118,135,152,163,163,163,188,188,188,217,237,237,256,276,276,276,276],"floor_reached":16,"language":"ENG","playtime":481,"items_purged":[],"score":218,"play_id":"6df7b1a5-5821-4cfc-86ac-ad6b10f9f5dd","local_time":"20210221111200","is_ascension_mode":true,"campfire_choices":[{"data":"Vigilance","floor":6,"key":"SMITH"},{"floor":8,"key":"REST"},{"floor":12,"key":"REST"},{"data":"Vengeance","floor":15,"key":"SMITH"}],"circlet_count":0,"master_deck":["AscendersBane","Strike_P","Strike_P","Strike_P","Strike_P","Defend_P","Defend_P","Defend_P","Defend_P","Eruption+1","Vigilance+1","CutThroughFate","Crescendo","LikeWater+1","CutThroughFate","Weave","Devotion+1","Vengeance+1","BowlingBash","FlyingSleeves"],"relics":["PureWater","Mercury Hourglass","Frozen Egg 2","InkBottle","Odd Mushroom"],"acts_visited":["Exordium"],"potions_floor_usage":[10,11],"damage_taken":[{"damage":6,"enemies":"2 Louse","floor":1,"turns":4},{"damage":4,"enemies":"Jaw Worm","floor":2,"turns":4},{"damage":0,"enemies":"Small Slimes","floor":3,"turns":2},{"damage":15,"enemies":"Exordium Wildlife","floor":4,"turns":6},{"damage":16,"enemies":"Gremlin Nob","floor":7,"turns":3},{"damage":33,"enemies":"Lagavulin","floor":10,"turns":5},{"damage":1,"enemies":"2 Fungi Beasts","floor":11,"turns":4},{"damage":7,"enemies":"3 Louse","floor":13,"turns":2},{"damage":0,"enemies":"The Mushroom Lair","floor":14,"turns":2},{"damage":32,"enemies":"Slime Boss","floor":16,"turns":6}],"seed_played":"-7418474744546079570","potions_obtained":[{"floor":7,"key":"ColorlessPotion"},{"floor":10,"key":"Regen Potion"},{"floor":11,"key":"BottledMiracle"}],"is_trial":false,"path_per_floor":["M","M","M","M","?","R","E","R","T","E","M","R","M","?","R","B"],"character_chosen":"WATCHER","items_purchased":[],"campfire_rested":2,"item_purchase_floors":[],"current_hp_per_floor":[55,51,51,36,36,36,20,40,40,7,18,38,31,31,31,0,0],"gold":276,"neow_bonus":"UPGRADE_CARD","is_daily":false,"chose_seed":false,"campfire_upgraded":2,"win_rate":0.0,"timestamp":1613902320,"path_taken":["M","M","M","M","?","R","E","R","T","E","M","R","M","?","R","BOSS"],"items_purchased_type":[],"build_version":"2020-12-22","purchased_purges":0,"victory":false,"max_hp_per_floor":[68,68,68,68,68,68,68,68,68,68,68,68,68,68,68,68,68],"card_choices":[{"not_picked":["ClearTheMind","PathToVictory"],"picked":"CutThroughFate","floor":1},{"not_picked":["FollowUp","Prostrate"],"picked":"Crescendo","floor":2},{"not_picked":["SashWhip","Prostrate"],"picked":"LikeWater","floor":3},{"not_picked":["Halt","FlyingSleeves"],"picked":"CutThroughFate","floor":4},{"not_picked":["ThirdEye","WaveOfTheHand"],"picked":"Weave","floor":7},{"not_picked":["JustLucky","InnerPeace"],"picked":"Devotion+1","floor":10},{"not_picked":["Evaluate","SashWhip"],"picked":"Vengeance","floor":11},{"not_picked":["WreathOfFlame","Prostrate"],"picked":"BowlingBash","floor":13},{"not_picked":["Evaluate","Halt"],"picked":"FlyingSleeves","floor":14}],"player_experience":963325,"relics_obtained":[{"floor":7,"key":"Mercury Hourglass"},{"floor":9,"key":"Frozen Egg 2"},{"floor":10,"key":"InkBottle"},{"floor":14,"key":"Odd Mushroom"}],"event_choices":[{"damage_healed":0,"gold_gain":0,"player_choice":"Grow","damage_taken":0,"max_hp_gain":0,"max_hp_loss":0,"event_name":"Living Wall","floor":5,"gold_loss":0,"cards_upgraded":["LikeWater"]},{"damage_healed":0,"gold_gain":0,"player_choice":"Fought Mushrooms","damage_taken":0,"max_hp_gain":0,"max_hp_loss":0,"event_name":"Mushrooms","floor":14,"gold_loss":0}],"is_beta":false,"boss_relics":[],"items_purged_floors":[],"is_endless":false,"potions_floor_spawned":[7,10,11],"killed_by":"Slime Boss","ascension_level":19}}