{"host":"lv3zv4svf9qrs9uo","time":1613879508,"event":{"mods":["AchievementEnabler","BaseMod","Minty Spire (QoL Compilation)","Relic Stats"],"gold_per_floor":[113,123,123,140,154,154,180,200,200,233,250,250,282,282,282,387,387,387,387,387,123,123,123,123,123,123,123,123,123,123,123,123,123,123,123,123,123,73,73,73,73,73,73,73,73,73,73,24,24,24],"floor_reached":51,"language":"ENG","playtime":7030,"items_purged":["Strike_G","Writhe"],"score":1229,"play_id":"c697b7a2-88ae-4c9c-87f2-a70d82f770b8","local_time":"20210220195148","is_ascension_mode":true,"campfire_choices":[{"data":"Eviscerate","floor":6.0,"key":"SMITH"},{"data":"Blade Dance","floor":12.0,"key":"SMITH"},{"data":"Cloak And Dagger","floor":15.0,"key":"SMITH"},{"data":"Envenom","floor":24.0,"key":"SMITH"},{"data":"Catalyst","floor":27.0,"key":"SMITH"},{"floor":32.0,"key":"REST"},{"data":"Footwork","floor":49,"key":"SMITH"}],"circlet_count":0,"master_deck":["AscendersBane","Strike_G","Strike_G","Defend_G","Defend_G","Defend_G","Defend_G","Survivor","Neutralize","Accuracy","Quick Slash","Eviscerate+1","Prepared","Dodge and Roll","Cloak And Dagger+1","Noxious Fumes","Blade Dance+1","Sucker Punch","PiercingWail","Backstab","Envenom+1","Blade Dance","Footwork+1","Catalyst+1","Well Laid Plans","Malaise","Wraith Form v2","Expertise+1","Panacea","Prepared+1","Dodge and Roll+1","Blur+1"],"relics":["Ring of the Snake","Shuriken","Pantograph","Pear","Snake Skull","Ectoplasm","TwistedFunnel","Centennial Puzzle","Smiling Mask","Gambling Chip","Regal Pillow","SlaversCollar","Blue Candle","Thread and Needle","MealTicket","Ornamental Fan","Dream Catcher"],"acts_visited":["Exordium","TheCity","TheBeyond"],"potions_floor_usage":[42,50,50,50],"damage_taken":[{"damage":1.0,"enemies":"Jaw Worm","floor":1.0,"turns":4.0},{"damage":0.0,"enemies":"2 Louse","floor":2.0,"turns":2.0},{"damage":0.0,"enemies":"Small Slimes","floor":4.0,"turns":3.0},{"damage":1.0,"enemies":"Looter","floor":5.0,"turns":3.0},{"damage":6.0,"enemies":"Lagavulin","floor":7.0,"turns":6.0},{"damage":8.0,"enemies":"Blue Slaver","floor":8.0,"turns":4.0},{"damage":9.0,"enemies":"3 Sentries","floor":10.0,"turns":7.0},{"damage":9.0,"enemies":"Exordium Thugs","floor":11.0,"turns":4.0},{"damage":18.0,"enemies":"Gremlin Nob","floor":13.0,"turns":4.0},{"damage":8.0,"enemies":"Hexaghost","floor":16.0,"turns":7.0},{"damage":0.0,"enemies":"3 Byrds","floor":18.0,"turns":3.0},{"damage":0.0,"enemies":"Spheric Guardian","floor":19.0,"turns":3.0},{"damage":0.0,"enemies":"Centurion and Healer","floor":22.0,"turns":4.0},{"damage":20.0,"enemies":"Book of Stabbing","floor":23.0,"turns":4.0},{"damage":8.0,"enemies":"Slavers","floor":25.0,"turns":3.0},{"damage":1.0,"enemies":"Shelled Parasite and Fungi","floor":28.0,"turns":3.0},{"damage":2.0,"enemies":"Cultist and Chosen","floor":29.0,"turns":3.0},{"damage":5.0,"enemies":"Book of Stabbing","floor":30.0,"turns":3.0},{"damage":6.0,"enemies":"Centurion and Healer","floor":31.0,"turns":5.0},{"damage":27.0,"enemies":"Champ","floor":33.0,"turns":8.0},{"damage":25.0,"enemies":"3 Darklings","floor":35.0,"turns":6.0},{"damage":2.0,"enemies":"3 Shapes","floor":39.0,"turns":6.0},{"damage":5.0,"enemies":"Nemesis","floor":40.0,"turns":5.0},{"damage":0.0,"enemies":"Mind Bloom Boss Battle","floor":41.0,"turns":6.0},{"damage":4,"enemies":"Reptomancer","floor":42,"turns":5},{"damage":0,"enemies":"Giant Head","floor":44,"turns":5},{"damage":0,"enemies":"Maw","floor":45,"turns":6},{"damage":14,"enemies":"Writhing Mass","floor":46,"turns":5},{"damage":0,"enemies":"3 Darklings","floor":47,"turns":6},{"damage":10,"enemies":"Awakened One","floor":50,"turns":11}],"seed_played":"-8945970091434499155","potions_obtained":[{"floor":2.0,"key":"CultistPotion"},{"floor":4.0,"key":"Fire Potion"},{"floor":8.0,"key":"FearPotion"},{"floor":11.0,"key":"GamblersBrew"},{"floor":13.0,"key":"SpeedPotion"},{"floor":22.0,"key":"BlessingOfTheForge"},{"floor":29.0,"key":"CunningPotion"},{"floor":30.0,"key":"SteroidPotion"},{"floor":39.0,"key":"DistilledChaos"},{"floor":45,"key":"Swift Potion"}],"is_trial":false,"path_per_floor":["M","M","?","M","M","R","E","M","T","E","M","R","E","?","R","B",null,"M","M","?","$","M","E","R","E","T","R","M","M","E","M","R","B",null,"M","?","?","$","M","E","?","E","T","E","M","M","M","$","R","B",null],"character_chosen":"THE_SILENT","items_purchased":["Catalyst","TwistedFunnel","Dexterity Potion"],"campfire_rested":1,"item_purchase_floors":[21,21,48],"current_hp_per_floor":[62,62,67,67,66,66,60,52,52,53,44,44,26,19,19,36,68,68,68,68,68,68,48,48,40,40,40,39,37,32,26,64,51,71,46,46,66,66,64,59,78,74,74,74,74,60,60,75,75,68],"gold":24,"neow_bonus":"TRANSFORM_TWO_CARDS","is_daily":false,"chose_seed":false,"campfire_upgraded":6,"win_rate":0.0,"timestamp":1613879508,"path_taken":["M","M","?","M","M","R","E","M","T","E","M","R","E","?","R","BOSS","M","M","?","$","M","E","R","E","T","R","M","M","E","M","R","BOSS","M","?","?","$","M","E","?","E","T","E","M","M","M","$","R","BOSS"],"items_purchased_type":["Card","Relic","Potion"],"build_version":"2020-12-22","purchased_purges":2,"victory":true,"max_hp_per_floor":[63,63,68,68,68,68,68,68,68,78,78,78,78,78,78,78,78,78,78,78,78,78,78,78,78,78,78,78,78,78,78,78,78,78,78,78,78,78,78,78,78,78,78,78,78,78,78,78,78,78],"relic_stats":{"Regal Pillow":15,"counters":[30,144],"Blue Candle":[2],"Snake Skull":[313],"Smiling Mask":50,"Centennial Puzzle":[36],"Dream Catcher":0,"Shuriken":[88],"Ornamental Fan":[104],"Pantograph":61,"Gambling Chip":[58],"MealTicket":15,"Ectoplasm":502,"obtain_stats":[{"TwistedFunnel":21,"Regal Pillow":30,"Pear":10,"Blue Candle":40,"Thread and Needle":41,"Snake Skull":13,"Smiling Mask":25,"SlaversCollar":34,"Centennial Puzzle":23,"Dream Catcher":44,"Shuriken":7,"Ornamental Fan":43,"Pantograph":9,"Gambling Chip":26,"MealTicket":42,"Ectoplasm":17,"Ring of the Snake":0},{"TwistedFunnel":12,"Regal Pillow":18,"Pear":7,"Blue Candle":23,"Thread and Needle":24,"Snake Skull":9,"Smiling Mask":15,"SlaversCollar":20,"Centennial Puzzle":14,"Dream Catcher":26,"Shuriken":5,"Ornamental Fan":25,"Pantograph":6,"Gambling Chip":15,"MealTicket":25,"Ectoplasm":10,"Ring of the Snake":0},{"TwistedFunnel":50,"Regal Pillow":70,"Pear":29,"Blue Candle":100,"Thread and Needle":106,"Snake Skull":37,"Smiling Mask":61,"SlaversCollar":83,"Centennial Puzzle":58,"Dream Catcher":116,"Shuriken":18,"Ornamental Fan":111,"Pantograph":22,"Gambling Chip":61,"MealTicket":111,"Ectoplasm":44,"Ring of the Snake":0}],"Ring of the Snake":[60]},"card_choices":[{"not_picked":["Prepared","PiercingWail"],"picked":"Eviscerate","floor":1.0},{"not_picked":["Blur","Poisoned Stab"],"picked":"Prepared","floor":2.0},{"not_picked":["Bane","Concentrate"],"picked":"Dodge and Roll","floor":4.0},{"not_picked":["Poisoned Stab","Underhanded Strike"],"picked":"Cloak And Dagger","floor":5.0},{"not_picked":["Grand Finale","Acrobatics"],"picked":"Noxious Fumes","floor":7.0},{"not_picked":["Prepared","Underhanded Strike"],"picked":"Blade Dance","floor":8.0},{"not_picked":["A Thousand Cuts","Quick Slash"],"picked":"Sucker Punch","floor":10.0},{"not_picked":["Bane","Outmaneuver"],"picked":"PiercingWail","floor":11.0},{"not_picked":["Doppelganger","Dagger Throw"],"picked":"Backstab","floor":13.0},{"not_picked":["Tools of the Trade","Burst"],"picked":"Envenom","floor":16.0},{"not_picked":["Footwork","Infinite Blades"],"picked":"Blade Dance","floor":18.0},{"not_picked":["Flechettes","Dagger Spray","Deflect"],"picked":"SKIP","floor":19.0},{"not_picked":["Sucker Punch","Dagger Spray","Setup+1"],"picked":"SKIP","floor":22.0},{"not_picked":["Underhanded Strike","Deadly Poison+1"],"picked":"Well Laid Plans","floor":23.0},{"not_picked":["Dash+1","Deflect+1","Backstab"],"picked":"SKIP","floor":25.0},{"not_picked":["Cloak And Dagger","Outmaneuver","Endless Agony"],"picked":"SKIP","floor":28.0},{"not_picked":["Escape Plan","Prepared","Outmaneuver"],"picked":"SKIP","floor":29.0},{"not_picked":["Calculated Gamble+1","Expertise"],"picked":"Malaise","floor":30.0},{"not_picked":["Underhanded Strike+1","Tactician+1","Dagger Spray+1"],"picked":"SKIP","floor":31.0},{"not_picked":["Glass Knife","Unload"],"picked":"Wraith Form v2","floor":33.0},{"not_picked":["All Out Attack","Endless Agony+1"],"picked":"Expertise+1","floor":35.0},{"not_picked":["Flash of Steel","Madness"],"picked":"Panacea","floor":36.0},{"not_picked":["PiercingWail","All Out Attack"],"picked":"Prepared+1","floor":39.0},{"not_picked":["Slice","Skewer+1"],"picked":"Dodge and Roll+1","floor":40.0},{"not_picked":["Reflex","PiercingWail+1"],"picked":"Blur+1","floor":41.0},{"not_picked":["Blur","Eviscerate+1","Footwork"],"picked":"SKIP","floor":42},{"not_picked":["Doppelganger","Poisoned Stab+1","Dagger Spray+1"],"picked":"SKIP","floor":44},{"not_picked":["Caltrops","Distraction+1","Dagger Spray"],"picked":"SKIP","floor":45},{"not_picked":["Dagger Spray","Deadly Poison","Dagger Throw"],"picked":"SKIP","floor":46},{"not_picked":["Underhanded Strike","Setup","PiercingWail"],"picked":"SKIP","floor":47}],"player_experience":657128,"relics_obtained":[{"floor":7.0,"key":"Shuriken"},{"floor":9.0,"key":"Pantograph"},{"floor":10.0,"key":"Pear"},{"floor":13.0,"key":"Snake Skull"},{"floor":23.0,"key":"Centennial Puzzle"},{"floor":25.0,"key":"Smiling Mask"},{"floor":26.0,"key":"Gambling Chip"},{"floor":30.0,"key":"Regal Pillow"},{"floor":40.0,"key":"Blue Candle"},{"floor":41.0,"key":"Thread and Needle"},{"floor":42,"key":"MealTicket"},{"floor":43,"key":"Ornamental Fan"},{"floor":44,"key":"Dream Catcher"}],"event_choices":[{"damage_healed":0.0,"max_hp_gain":5.0,"max_hp_loss":0.0,"gold_gain":0.0,"event_name":"Big Fish","player_choice":"Donut","floor":3.0,"gold_loss":0.0,"damage_taken":0.0},{"cards_removed":["Strike_G"],"damage_healed":0.0,"max_hp_gain":0.0,"max_hp_loss":0.0,"gold_gain":0.0,"event_name":"Golden Wing","player_choice":"Card Removal","floor":14.0,"gold_loss":0.0,"damage_taken":7.0},{"damage_healed":0.0,"max_hp_gain":0.0,"max_hp_loss":0.0,"gold_gain":0.0,"event_name":"The Library","player_choice":"Read","floor":20.0,"gold_loss":0.0,"damage_taken":0.0,"cards_obtained":["Footwork"]},{"damage_healed":0.0,"max_hp_gain":0.0,"max_hp_loss":0.0,"gold_gain":0.0,"event_name":"SensoryStone","player_choice":"Memory 1","floor":36.0,"gold_loss":0.0,"damage_taken":0.0},{"damage_healed":20.0,"max_hp_gain":0.0,"max_hp_loss":0.0,"gold_gain":0.0,"event_name":"Winding Halls","player_choice":"Writhe","floor":37.0,"gold_loss":0.0,"damage_taken":0.0,"cards_obtained":["Writhe"]},{"damage_healed":0.0,"max_hp_gain":0.0,"max_hp_loss":0.0,"gold_gain":0.0,"event_name":"MindBloom","player_choice":"Fight","floor":41.0,"gold_loss":0.0,"damage_taken":0.0}],"is_beta":false,"boss_relics":[{"not_picked":["Tiny House","Fusion Hammer"],"picked":"Ectoplasm"},{"not_picked":["Black Star","Runic Dome"],"picked":"SlaversCollar"}],"items_purged_floors":[21,38],"is_endless":false,"potions_floor_spawned":[2,4,8,11,13,22,29,30,31,39,45],"ascension_level":10}}