{"host":"u7lm8z2rvb4dg2oo","time":1613893482,"event":{"mods":["AchievementEnabler","BaseMod","Bestiary","Block Reminder","Colored Map","Colored Powertips","Curses Come First","DeckTracker","Googly Eyes","Highlight Path","Minty Spire (QoL Compilation)","Quick Restart","StSLib"],"gold_per_floor":[118,268,268,12,24,24,59,3,26,40,40,50,50,50,50,126,126,141,141,141,56,75,110,110,135,214,99,99,132,150,167,167,244,244,262,262,12,27,52,79,96,123,123,156,168,168,168,205,205,205,205],"floor_reached":50,"language":"ENG","playtime":2805,"items_purged":[],"score":1448,"play_id":"d88c5583-1ef7-498b-8105-78591cbbd17b","local_time":"20210221024442","is_ascension_mode":true,"campfire_choices":[{"data":"Catalyst","floor":6.0,"key":"SMITH"},{"data":"Bouncing Flask","floor":13.0,"key":"SMITH"},{"data":"Accuracy","floor":15.0,"key":"SMITH"},{"floor":24.0,"key":"REST"},{"floor":32.0,"key":"REST"},{"floor":47.0,"key":"DIG"},{"floor":49.0,"key":"REST"}],"circlet_count":0,"master_deck":["AscendersBane","Strike_G+1","Strike_G+1","Defend_G+1","Defend_G+1","Defend_G+1","Defend_G+1","Defend_G+1","Survivor","Neutralize","Catalyst+1","Accuracy+1","Bouncing Flask+1","Burst","PiercingWail","Blade Dance","Corpse Explosion","Choke","Deadly Poison","Malaise","Deadly Poison","Accuracy","Noxious Fumes+1","Deadly Poison+1","Wraith Form v2","Predator+1","Glass Knife+1","Finisher+1","Bane","Dramatic Entrance","After Image","Deadly Poison","Blade Dance","Caltrops+1"],"relics":["Ring of the Snake","Omamori","Strawberry","Meat on the Bone","Anchor","Whetstone","Philosopher\u0027s Stone","Paper Crane","Bottled Tornado","Pocketwatch","HornCleat","MealTicket","Astrolabe","ClockworkSouvenir","Shovel","Blue Candle","Bird Faced Urn","Snake Skull","Ancient Tea Set","CeramicFish","Letter Opener"],"acts_visited":["Exordium","TheCity","TheBeyond"],"potions_floor_usage":[],"damage_taken":[{"damage":1.0,"enemies":"Cultist","floor":1.0,"turns":5.0},{"damage":3.0,"enemies":"Small Slimes","floor":5.0,"turns":5.0},{"damage":2.0,"enemies":"Lagavulin","floor":7.0,"turns":3.0},{"damage":0.0,"enemies":"2 Louse","floor":10.0,"turns":2.0},{"damage":18.0,"enemies":"Red Slaver","floor":12.0,"turns":5.0},{"damage":0.0,"enemies":"Slime Boss","floor":16.0,"turns":7.0},{"damage":13.0,"enemies":"Shell Parasite","floor":18.0,"turns":3.0},{"damage":13.0,"enemies":"2 Thieves","floor":22.0,"turns":3.0},{"damage":21.0,"enemies":"Book of Stabbing","floor":23.0,"turns":5.0},{"damage":24.0,"enemies":"Slavers","floor":25.0,"turns":3.0},{"damage":13.0,"enemies":"Gremlin Leader","floor":29.0,"turns":4.0},{"damage":26.0,"enemies":"3 Cultists","floor":30.0,"turns":6.0},{"damage":19.0,"enemies":"Snecko","floor":31.0,"turns":4.0},{"damage":28.0,"enemies":"Champ","floor":33.0,"turns":6.0},{"damage":2.0,"enemies":"Orb Walker","floor":35.0,"turns":3.0},{"damage":0.0,"enemies":"3 Shapes","floor":38.0,"turns":4.0},{"damage":0.0,"enemies":"Mind Bloom Boss Battle","floor":39.0,"turns":8.0},{"damage":27.0,"enemies":"Nemesis","floor":40.0,"turns":5.0},{"damage":37.0,"enemies":"Transient","floor":41.0,"turns":6.0},{"damage":0.0,"enemies":"Reptomancer","floor":42.0,"turns":4.0},{"damage":0.0,"enemies":"Giant Head","floor":44.0,"turns":5.0},{"damage":14.0,"enemies":"Spire Growth","floor":45.0,"turns":5.0},{"damage":0.0,"enemies":"Reptomancer","floor":46.0,"turns":2.0},{"damage":54.0,"enemies":"Giant Head","floor":48.0,"turns":7.0},{"damage":46,"enemies":"Donu and Deca","floor":50,"turns":5}],"seed_played":"8508073925319833745","potions_obtained":[{"floor":1.0,"key":"SteroidPotion"},{"floor":5.0,"key":"SkillPotion"},{"floor":12.0,"key":"Swift Potion"},{"floor":18.0,"key":"Swift Potion"},{"floor":25.0,"key":"LiquidMemories"},{"floor":35.0,"key":"PowerPotion"},{"floor":40.0,"key":"SteroidPotion"},{"floor":44.0,"key":"SmokeBomb"}],"is_trial":false,"path_per_floor":["M","?","?","$","M","R","E","?","T","M","?","M","R","$","R","B",null,"M","?","?","?","M","E","R","E","T","$","?","E","M","M","R","B",null,"M","?","$","M","?","E","M","E","T","E","M","E","R","E","R","B"],"character_chosen":"THE_SILENT","items_purchased":["Accuracy","Strawberry","Deadly Poison","Accuracy","After Image","ClockworkSouvenir"],"campfire_rested":3,"item_purchase_floors":[4,4,27,27,37,37],"current_hp_per_floor":[58,58,58,65,62,62,60,60,60,60,73,55,55,55,55,55,69,56,56,56,56,43,34,55,43,43,43,58,45,31,24,45,29,62,60,60,73,73,73,46,21,33,33,43,47,51,51,17,38,0,0],"gold":205,"neow_bonus":"RANDOM_COMMON_RELIC","is_daily":false,"chose_seed":false,"campfire_upgraded":3,"win_rate":0.0,"timestamp":1613893482,"path_taken":["M","?","?","$","M","R","E","?","T","?","?","?","R","?","R","BOSS","M","?","?","?","M","E","R","E","T","$","?","E","M","M","R","BOSS","M","?","$","M","?","E","M","E","T","E","M","E","R","E","R","BOSS"],"items_purchased_type":["Card","Relic","Card","Card","Card","Relic"],"build_version":"2020-12-22","purchased_purges":0,"victory":false,"max_hp_per_floor":[66,66,66,73,73,73,73,73,73,73,73,73,73,73,73,73,73,73,73,73,73,73,73,73,73,73,73,73,73,73,73,73,73,73,73,73,73,73,73,73,73,73,73,73,73,73,73,73,73,73,73],"card_choices":[{"not_picked":["Prepared","Dodge and Roll"],"picked":"Catalyst","floor":1.0},{"not_picked":["Slice","Deadly Poison"],"picked":"Bouncing Flask","floor":5.0},{"not_picked":["Slice","Dodge and Roll"],"picked":"Burst","floor":7.0},{"not_picked":["Skewer","Sucker Punch"],"picked":"PiercingWail","floor":10.0},{"not_picked":["Escape Plan","Dodge and Roll"],"picked":"Blade Dance","floor":12.0},{"not_picked":["Bullet Time","Glass Knife"],"picked":"Corpse Explosion","floor":16.0},{"not_picked":["Dodge and Roll","Underhanded Strike"],"picked":"Choke","floor":18.0},{"not_picked":["Finisher","Flying Knee+1"],"picked":"Deadly Poison","floor":22.0},{"not_picked":["Quick Slash","Flechettes+1"],"picked":"Malaise","floor":23.0},{"not_picked":["Deflect","Quick Slash","Slice"],"picked":"SKIP","floor":25.0},{"not_picked":["Concentrate","Die Die Die"],"picked":"Noxious Fumes+1","floor":29.0},{"not_picked":["Setup","Cloak And Dagger+1"],"picked":"Deadly Poison+1","floor":30.0},{"not_picked":["Dodge and Roll","Setup","Acrobatics"],"picked":"SKIP","floor":31.0},{"not_picked":["Corpse Explosion","A Thousand Cuts"],"picked":"Wraith Form v2","floor":33.0},{"not_picked":["Flying Knee","Sucker Punch+1"],"picked":"Bane","floor":35.0},{"not_picked":["Swift Strike","PanicButton"],"picked":"Dramatic Entrance","floor":36.0},{"not_picked":["Flechettes+1","Masterful Stab","Prepared"],"picked":"SKIP","floor":38.0},{"not_picked":["Outmaneuver","Flying Knee","Deflect"],"picked":"SKIP","floor":40.0},{"not_picked":["Finisher","Phantasmal Killer","Escape Plan"],"picked":"SKIP","floor":41.0},{"not_picked":["Heel Hook","Underhanded Strike+1","Deflect+1"],"picked":"SKIP","floor":42.0},{"not_picked":["Acrobatics+1","Accuracy"],"picked":"Deadly Poison","floor":44.0},{"not_picked":["Slice+1","Backflip"],"picked":"Blade Dance","floor":45.0},{"not_picked":["Flying Knee+1","Setup+1"],"picked":"Caltrops+1","floor":48.0}],"player_experience":769425,"relics_obtained":[{"floor":7.0,"key":"Meat on the Bone"},{"floor":9.0,"key":"Whetstone"},{"floor":23.0,"key":"Bottled Tornado"},{"floor":25.0,"key":"Pocketwatch"},{"floor":26.0,"key":"HornCleat"},{"floor":29.0,"key":"MealTicket"},{"floor":39.0,"key":"Shovel"},{"floor":40.0,"key":"Blue Candle"},{"floor":42.0,"key":"Bird Faced Urn"},{"floor":43.0,"key":"Snake Skull"},{"floor":44.0,"key":"Ancient Tea Set"},{"floor":47.0,"key":"CeramicFish"},{"floor":48.0,"key":"Letter Opener"}],"event_choices":[{"damage_healed":0.0,"max_hp_gain":0.0,"max_hp_loss":0.0,"gold_gain":150.0,"event_name":"Liars Game","player_choice":"AGREE","floor":2.0,"gold_loss":0.0,"damage_taken":0.0,"cards_obtained":["Doubt"]},{"damage_healed":0.0,"max_hp_gain":0.0,"max_hp_loss":0.0,"gold_gain":0.0,"event_name":"Shining Light","player_choice":"Ignored","floor":3.0,"gold_loss":0.0,"damage_taken":0.0},{"damage_healed":0.0,"max_hp_gain":0.0,"max_hp_loss":0.0,"gold_gain":0.0,"event_name":"WeMeetAgain","player_choice":"Paid Gold","floor":8.0,"gold_loss":56.0,"damage_taken":0.0,"relics_obtained":["Anchor"]},{"damage_healed":13.0,"max_hp_gain":0.0,"max_hp_loss":0.0,"gold_gain":0.0,"event_name":"Wheel of Change","player_choice":"Full Heal","floor":11.0,"gold_loss":0.0,"damage_taken":0.0},{"damage_healed":0.0,"max_hp_gain":0.0,"max_hp_loss":0.0,"gold_gain":0.0,"event_name":"Back to Basics","player_choice":"Simplicity","floor":19.0,"gold_loss":0.0,"damage_taken":0.0,"cards_upgraded":["Strike_G","Strike_G","Strike_G","Defend_G","Defend_G","Defend_G","Defend_G","Defend_G"]},{"damage_healed":0.0,"max_hp_gain":0.0,"max_hp_loss":0.0,"gold_gain":0.0,"event_name":"Vampires","player_choice":"Ignored","floor":20.0,"gold_loss":0.0,"damage_taken":0.0},{"damage_healed":0.0,"max_hp_gain":0.0,"max_hp_loss":0.0,"gold_gain":0.0,"event_name":"Addict","player_choice":"Obtained Relic","floor":21.0,"gold_loss":85.0,"damage_taken":0.0,"relics_obtained":["Paper Crane"]},{"damage_healed":15.0,"max_hp_gain":0.0,"max_hp_loss":0.0,"gold_gain":0.0,"event_name":"The Library","player_choice":"Heal","floor":28.0,"gold_loss":0.0,"damage_taken":0.0},{"damage_healed":0.0,"max_hp_gain":0.0,"max_hp_loss":0.0,"gold_gain":0.0,"event_name":"SensoryStone","player_choice":"Memory 1","floor":36.0,"gold_loss":0.0,"damage_taken":0.0},{"damage_healed":0.0,"max_hp_gain":0.0,"max_hp_loss":0.0,"gold_gain":0.0,"event_name":"MindBloom","player_choice":"Fight","floor":39.0,"gold_loss":0.0,"damage_taken":0.0}],"is_beta":false,"boss_relics":[{"not_picked":["Snecko Eye","Ring of the Serpent"],"picked":"Philosopher\u0027s Stone"},{"not_picked":["Coffee Dripper","Sozu"],"picked":"Astrolabe"}],"items_purged_floors":[],"is_endless":false,"potions_floor_spawned":[1,5,12,18,25,35,40,44,46],"killed_by":"Donu and Deca","ascension_level":17}}