{"host":"jt67skv49snb75sm","time":1613930041,"event":{"mods":["BaseMod","Bestiary","Minty Spire (QoL Compilation)","Relic Stats"],"gold_per_floor":[114,114,128,0,0,334,334,350,350,378,378,378,418,443,443,541,541,555,575,154,154,167,203,1,41,65,90,90,123,123,142,142,233,233,249,48,48,107,107,140,164,164,213,244,244,258,298,323,323,323,323,323],"floor_reached":51,"language":"ENG","playtime":2674,"items_purged":[],"score":1868,"play_id":"b21c248b-3cd8-4a61-b508-fdd88b0d0a0b","local_time":"20210221185401","is_ascension_mode":true,"campfire_choices":[{"data":"Glass Knife","floor":7.0,"key":"SMITH"},{"data":"All Out Attack","floor":12.0,"key":"SMITH"},{"data":"Leg Sweep","floor":15.0,"key":"SMITH"},{"floor":28.0,"key":"REST"},{"floor":32.0,"key":"REST"},{"floor":42.0,"key":"REST"},{"floor":45.0,"key":"RECALL"},{"floor":49.0,"key":"REST"}],"circlet_count":0,"master_deck":["AscendersBane","Strike_G","Strike_G","Strike_G","Strike_G","Defend_G","Defend_G","Defend_G","Defend_G","Defend_G","Survivor","Neutralize","Underhanded Strike","Glass Knife+1","Terror","All Out Attack+1","Dagger Throw","Leg Sweep+1","PiercingWail","Dodge and Roll","Adrenaline","Phantasmal Killer","Poisoned Stab+1","Adrenaline+1","Deflect+1","Backflip+1","Apotheosis+1","Sucker Punch","Die Die Die","Escape Plan+1","Wraith Form v2","Prepared+1","Doppelganger+1","Expertise+1","Madness+1","Madness+1","Riddle With Holes+1","Backflip+1","Calculated Gamble+1","PiercingWail+1","Cloak And Dagger+1"],"relics":["Ring of the Snake","NeowsBlessing","Letter Opener","Old Coin","The Courier","Ninja Scroll","Golden Idol","FossilizedHelix","Odd Mushroom","Fusion Hammer","Toxic Egg 2","Paper Crane","Centennial Puzzle","Meat on the Bone","Lantern","Boot","SlaversCollar","Membership Card","Bag of Preparation","Mango","Darkstone Periapt","Snake Skull","Bronze Scales"],"acts_visited":["Exordium","TheCity","TheBeyond"],"potions_floor_usage":[],"damage_taken":[{"damage":0.0,"enemies":"2 Louse","floor":1.0,"turns":1.0},{"damage":0.0,"enemies":"Cultist","floor":3.0,"turns":1.0},{"damage":0.0,"enemies":"Lagavulin","floor":6.0,"turns":1.0},{"damage":0.0,"enemies":"Jaw Worm","floor":8.0,"turns":1.0},{"damage":0.0,"enemies":"Gremlin Nob","floor":10.0,"turns":2.0},{"damage":16.0,"enemies":"3 Sentries","floor":13.0,"turns":6.0},{"damage":0.0,"enemies":"The Mushroom Lair","floor":14.0,"turns":4.0},{"damage":5.0,"enemies":"The Guardian","floor":16.0,"turns":16.0},{"damage":0.0,"enemies":"Chosen","floor":18.0,"turns":3.0},{"damage":5.0,"enemies":"Shell Parasite","floor":19.0,"turns":3.0},{"damage":0.0,"enemies":"Centurion and Healer","floor":22.0,"turns":5.0},{"damage":7.0,"enemies":"Slavers","floor":23.0,"turns":3.0},{"damage":2.0,"enemies":"Book of Stabbing","floor":25.0,"turns":5.0},{"damage":0.0,"enemies":"Snake Plant","floor":27.0,"turns":4.0},{"damage":0.0,"enemies":"Gremlin Leader","floor":29.0,"turns":3.0},{"damage":0.0,"enemies":"Sentry and Sphere","floor":31.0,"turns":2.0},{"damage":5.0,"enemies":"Automaton","floor":33.0,"turns":8.0},{"damage":0.0,"enemies":"Orb Walker","floor":35.0,"turns":3.0},{"damage":12.0,"enemies":"2 Orb Walkers","floor":38.0,"turns":4.0},{"damage":16.0,"enemies":"Giant Head","floor":40.0,"turns":6.0},{"damage":0.0,"enemies":"3 Shapes","floor":41.0,"turns":4.0},{"damage":0.0,"enemies":"Nemesis","floor":44.0,"turns":3.0},{"damage":0.0,"enemies":"Writhing Mass","floor":46.0,"turns":4.0},{"damage":0.0,"enemies":"Reptomancer","floor":47.0,"turns":3.0},{"damage":9.0,"enemies":"Jaw Worm Horde","floor":48.0,"turns":3.0},{"damage":56.0,"enemies":"Donu and Deca","floor":50.0,"turns":9.0},{"damage":21,"enemies":"Time Eater","floor":51,"turns":5}],"seed_played":"-2343385866725569718","potions_obtained":[{"floor":3.0,"key":"Swift Potion"},{"floor":6.0,"key":"AttackPotion"},{"floor":10.0,"key":"Ancient Potion"},{"floor":19.0,"key":"SkillPotion"},{"floor":22.0,"key":"Fruit Juice"},{"floor":23.0,"key":"Swift Potion"},{"floor":31.0,"key":"Strength Potion"},{"floor":46.0,"key":"BlessingOfTheForge"},{"floor":48.0,"key":"DuplicationPotion"}],"is_trial":false,"path_per_floor":["M","?","M","$","?","E","R","M","T","E","?","R","E","?","R","B",null,"M","M","$","?","M","E","$","E","T","M","R","E","?","M","R","B",null,"M","$","?","?","?","E","M","R","T","E","R","M","E","M","R","B","B"],"character_chosen":"THE_SILENT","items_purchased":["Terror","All Out Attack","Toxic Egg 2","Paper Crane","Apotheosis+1","Sucker Punch","Membership Card","Bag of Preparation"],"campfire_rested":4,"item_purchase_floors":[4,4,20,20,24,24,36,36],"current_hp_per_floor":[59,59,59,59,54,54,54,54,54,54,54,54,38,38,38,33,53,53,48,48,48,48,41,41,39,39,39,57,57,41,46,67,62,68,68,68,55,57,57,53,53,78,78,78,78,78,78,69,84,40,19,19],"gold":323,"neow_bonus":"THREE_ENEMY_KILL","is_daily":false,"chose_seed":false,"campfire_upgraded":3,"win_rate":0.0,"timestamp":1613930041,"path_taken":["M","?","?","$","?","E","R","M","T","E","?","R","E","?","R","BOSS","M","M","$","?","?","E","$","E","T","M","R","E","?","M","R","BOSS","M","$","?","?","?","E","M","R","T","E","R","?","E","M","R","BOSS","BOSS"],"items_purchased_type":["Card","Card","Relic","Relic","Card","Card","Relic","Relic"],"build_version":"2020-12-22","purchased_purges":0,"victory":false,"max_hp_per_floor":[66,66,66,66,66,66,66,66,66,66,60,60,60,60,60,60,60,60,60,60,60,60,60,60,60,60,60,60,60,65,70,70,70,70,70,70,70,84,84,84,84,84,84,84,84,84,84,84,84,84,84,84],"relic_stats":{"Darkstone Periapt":0,"Centennial Puzzle":[21],"counters":[27,112],"Golden Idol":159,"Bronze Scales":[54],"Snake Skull":[6],"Bag of Preparation":[0],"Letter Opener":[542],"Boot":[40],"obtain_stats":[{"Darkstone Periapt":40,"Lantern":26,"NeowsBlessing":0,"Golden Idol":11,"Mango":38,"The Courier":9,"Snake Skull":44,"Bag of Preparation":36,"Letter Opener":5,"Odd Mushroom":14,"Paper Crane":20,"Boot":29,"Old Coin":6,"SlaversCollar":34,"Centennial Puzzle":23,"Ninja Scroll":10,"Bronze Scales":47,"Fusion Hammer":17,"Membership Card":36,"Toxic Egg 2":20,"FossilizedHelix":13,"Ring of the Snake":0,"Meat on the Bone":25},{"Darkstone Periapt":20,"Lantern":13,"NeowsBlessing":0,"Golden Idol":5,"Mango":19,"The Courier":4,"Snake Skull":22,"Bag of Preparation":18,"Letter Opener":2,"Odd Mushroom":7,"Paper Crane":10,"Boot":15,"Old Coin":3,"SlaversCollar":17,"Centennial Puzzle":12,"Ninja Scroll":5,"Bronze Scales":24,"Fusion Hammer":8,"Membership Card":18,"Toxic Egg 2":10,"FossilizedHelix":6,"Ring of the Snake":0,"Meat on the Bone":13},{"Darkstone Periapt":81,"Lantern":51,"NeowsBlessing":0,"Golden Idol":6,"Mango":75,"The Courier":4,"Snake Skull":88,"Bag of Preparation":71,"Letter Opener":2,"Odd Mushroom":16,"Paper Crane":38,"Boot":58,"Old Coin":3,"SlaversCollar":68,"Centennial Puzzle":46,"Ninja Scroll":6,"Bronze Scales":95,"Fusion Hammer":32,"Membership Card":71,"Toxic Egg 2":38,"FossilizedHelix":12,"Ring of the Snake":0,"Meat on the Bone":51}],"Ring of the Snake":[54],"Meat on the Bone":24},"card_choices":[{"not_picked":["Deflect","Cloak And Dagger"],"picked":"Underhanded Strike","floor":1.0},{"not_picked":["Skewer","Footwork"],"picked":"Glass Knife","floor":3.0},{"not_picked":["Quick Slash","Tactician"],"picked":"Dagger Throw","floor":6.0},{"not_picked":["PiercingWail","Dodge and Roll"],"picked":"Leg Sweep","floor":8.0},{"not_picked":["Dagger Throw","Leg Sweep"],"picked":"PiercingWail","floor":10.0},{"not_picked":["Reflex","Skewer"],"picked":"Dodge and Roll","floor":13.0},{"not_picked":["Expertise","Slice"],"picked":"Adrenaline","floor":14.0},{"not_picked":["Doppelganger","Grand Finale"],"picked":"Phantasmal Killer","floor":16.0},{"not_picked":["Concentrate","Sucker Punch","Endless Agony"],"picked":"SKIP","floor":18.0},{"not_picked":["Dodge and Roll","Deadly Poison"],"picked":"Poisoned Stab+1","floor":19.0},{"not_picked":["Predator","Setup+1"],"picked":"Deflect+1","floor":22.0},{"not_picked":["Quick Slash","Caltrops"],"picked":"Backflip+1","floor":23.0},{"not_picked":["Tactician+1","Deadly Poison+1"],"picked":"Die Die Die","floor":25.0},{"not_picked":["Quick Slash","Setup+1"],"picked":"Escape Plan+1","floor":27.0},{"not_picked":["Deadly Poison+1","Choke"],"picked":"Wraith Form v2","floor":29.0},{"not_picked":["Dagger Spray","Poisoned Stab"],"picked":"Prepared+1","floor":31.0},{"not_picked":["Envenom","Die Die Die"],"picked":"Doppelganger+1","floor":33.0},{"not_picked":["Deflect+1","PiercingWail+1"],"picked":"Expertise+1","floor":35.0},{"not_picked":["Endless Agony","Reflex+1"],"picked":"Riddle With Holes+1","floor":38.0},{"not_picked":["Prepared+1","Reflex+1"],"picked":"Backflip+1","floor":40.0},{"not_picked":["Footwork","Sucker Punch+1"],"picked":"Calculated Gamble+1","floor":41.0},{"not_picked":["Reflex+1","Dagger Spray"],"picked":"PiercingWail+1","floor":44.0},{"not_picked":["Bane","Deflect+1"],"picked":"Cloak And Dagger+1","floor":46.0},{"not_picked":["Masterful Stab","Eviscerate","Underhanded Strike+1"],"picked":"SKIP","floor":47.0},{"not_picked":["Prepared+1","Outmaneuver+1","Slice"],"picked":"SKIP","floor":48.0}],"player_experience":850589,"relics_obtained":[{"floor":6.0,"key":"Old Coin"},{"floor":9.0,"key":"The Courier"},{"floor":10.0,"key":"Ninja Scroll"},{"floor":13.0,"key":"FossilizedHelix"},{"floor":14.0,"key":"Odd Mushroom"},{"floor":23.0,"key":"Centennial Puzzle"},{"floor":25.0,"key":"Meat on the Bone"},{"floor":26.0,"key":"Lantern"},{"floor":29.0,"key":"Boot"},{"floor":38.0,"key":"Mango"},{"floor":40.0,"key":"Darkstone Periapt"},{"floor":44.0,"key":"Snake Skull"},{"floor":47.0,"key":"Bronze Scales"}],"event_choices":[{"cards_removed":["Strike_G"],"damage_healed":0.0,"max_hp_gain":0.0,"max_hp_loss":0.0,"gold_gain":0.0,"event_name":"Bonfire Elementals","player_choice":"Offered Basic","floor":2.0,"gold_loss":0.0,"damage_taken":0.0},{"damage_healed":0.0,"max_hp_gain":0.0,"max_hp_loss":0.0,"gold_gain":0.0,"event_name":"Scrap Ooze","player_choice":"Success","floor":5.0,"gold_loss":0.0,"damage_taken":5.0,"relics_obtained":["Letter Opener"]},{"damage_healed":0.0,"max_hp_gain":0.0,"max_hp_loss":6.0,"gold_gain":0.0,"event_name":"Golden Idol","player_choice":"Lose Max HP","floor":11.0,"gold_loss":0.0,"damage_taken":0.0,"relics_obtained":["Golden Idol"]},{"damage_healed":0.0,"max_hp_gain":0.0,"max_hp_loss":0.0,"gold_gain":0.0,"event_name":"Mushrooms","player_choice":"Fought Mushrooms","floor":14.0,"gold_loss":0.0,"damage_taken":0.0},{"damage_healed":0.0,"max_hp_gain":0.0,"max_hp_loss":0.0,"gold_gain":0.0,"event_name":"Duplicator","player_choice":"Copied","floor":21.0,"gold_loss":0.0,"damage_taken":0.0,"cards_obtained":["Adrenaline"]},{"damage_healed":0.0,"max_hp_gain":5.0,"max_hp_loss":0.0,"gold_gain":0.0,"event_name":"Forgotten Altar","player_choice":"Shed Blood","floor":30.0,"gold_loss":0.0,"damage_taken":21.0},{"damage_healed":0.0,"max_hp_gain":0.0,"max_hp_loss":0.0,"gold_gain":0.0,"event_name":"Winding Halls","player_choice":"Embrace Madness","floor":37.0,"gold_loss":0.0,"damage_taken":13.0,"cards_obtained":["Madness","Madness"]},{"damage_healed":0.0,"max_hp_gain":0.0,"max_hp_loss":0.0,"gold_gain":0.0,"event_name":"Mysterious Sphere","player_choice":"Fight","floor":38.0,"gold_loss":0.0,"damage_taken":0.0},{"damage_healed":0.0,"max_hp_gain":0.0,"max_hp_loss":0.0,"gold_gain":0.0,"event_name":"Lab","player_choice":"Got Potions","floor":39.0,"gold_loss":0.0,"damage_taken":0.0}],"is_beta":false,"boss_relics":[{"not_picked":["Cursed Key","Velvet Choker"],"picked":"Fusion Hammer"},{"not_picked":["WristBlade","Runic Dome"],"picked":"SlaversCollar"}],"items_purged_floors":[],"is_endless":false,"potions_floor_spawned":[3,6,10,19,22,23,31,35,38,46,48],"killed_by":"Time Eater","ascension_level":20}}