{"host":"i5vvwdf42szr3cje","time":1613882114,"event":{"mods":["BaseMod","Colored Map","Hermit","Minty Spire (QoL Compilation)","Replay The Spire","StSLib","The Disciple","The Hierophant"],"gold_per_floor":[117,127,143,157,167,167,196,216,216,230,230,256,29,51,51,150,150,168,168,83,182,182,182,214,204,204,223,251,251,251,251,251,350,350,369,379,379,379,81,81,114,0,0,10,10,21,48,48,48,48,48],"floor_reached":50,"language":"ENG","playtime":5566,"items_purged":["Defend_Br"],"score":548,"play_id":"f7652c87-f316-4cff-b265-c39979998dd4","local_time":"20210220203514","is_ascension_mode":false,"campfire_choices":[{"data":"Parity","floor":6,"key":"SMITH"},{"data":"ReapSow","floor":11,"key":"SMITH"},{"data":"SecondHand","floor":15,"key":"SMITH"},{"data":"TickedOff","floor":23,"key":"SMITH"},{"floor":29,"key":"REST"},{"data":"TiringSlam","floor":40,"key":"SMITH"},{"floor":49,"key":"RECALL"}],"circlet_count":0,"master_deck":["Strike_Br","Strike_Br","Strike_Br","Strike_Br","Defend_Br","Defend_Br","Defend_Br","SecondHand+1","PatternShift+1","Parity+1","ReapSow+33","TiringSlam+1","TickedOff+1","BlueShift+1","Parity+1","DaylightSavings","OldTimer+1","LockedFlame+1","LockedScales+1","LockedTornado+1","Necronomicurse","OldTimer+1","Goo+11","TickedOff","LockedMedicine+1","Stagnate+1"],"relics":["Chronometer","Frozen Egg 2","Golden Egg","Nunchaku","Bronze Scales","Odd Mushroom","Metronome","MutagenicStrength","Gremlin Horn","Replay:Bottled Snecko","Garlic","Necronomicon","ReplayTheSpireMod:DimensionalGlitch","Ice Cream","War Paint","Red Mask","Replay:Bottled Steam","Blue Doll"],"acts_visited":["Exordium","TheCity","TheBeyond"],"potions_floor_usage":[7,7,8,24,27,28,33,33,46,47],"damage_taken":[{"damage":2,"enemies":"Cultist","floor":1,"turns":5},{"damage":1,"enemies":"2 Louse","floor":2,"turns":3},{"damage":0,"enemies":"Small Slimes","floor":3,"turns":3},{"damage":2,"enemies":"3 Louse","floor":4,"turns":3},{"damage":1,"enemies":"2 Fungi Beasts","floor":5,"turns":4},{"damage":4,"enemies":"3 Sentries","floor":7,"turns":10},{"damage":5,"enemies":"Large Slime","floor":8,"turns":10},{"damage":12,"enemies":"3 Louse","floor":10,"turns":3},{"damage":14,"enemies":"Lagavulin","floor":12,"turns":10},{"damage":7,"enemies":"The Mushroom Lair","floor":14,"turns":3},{"damage":16,"enemies":"Slime Boss","floor":16,"turns":9},{"damage":0,"enemies":"Chosen","floor":18,"turns":6},{"damage":19,"enemies":"Slavers","floor":24,"turns":6},{"damage":10,"enemies":"2 Thieves","floor":25,"turns":4},{"damage":20,"enemies":"Centurion and Healer","floor":27,"turns":5},{"damage":12,"enemies":"Gremlin Leader","floor":28,"turns":6},{"damage":10,"enemies":"Champ","floor":33,"turns":13},{"damage":7,"enemies":"Orb Walker","floor":35,"turns":5},{"damage":0,"enemies":"3 Shapes","floor":36,"turns":7},{"damage":10,"enemies":"R_Hoarder","floor":41,"turns":7},{"damage":7,"enemies":"3 Darklings","floor":44,"turns":6},{"damage":12,"enemies":"Jaw Worm Horde","floor":46,"turns":5},{"damage":1,"enemies":"Giant Head","floor":47,"turns":10},{"damage":41,"enemies":"Awakened One","floor":50,"turns":4}],"seed_played":"-8716541331852545694","potions_obtained":[{"floor":1,"key":"Fire Potion"},{"floor":2,"key":"LiquidMemories"},{"floor":3,"key":"Languid Potion"},{"floor":7,"key":"Energy Potion"},{"floor":14,"key":"Cursed Concoction"},{"floor":16,"key":"Reflective Coating"},{"floor":18,"key":"FearPotion"},{"floor":24,"key":"Milkshake"},{"floor":27,"key":"SkillPotion"},{"floor":36,"key":"PowerPotion"},{"floor":46,"key":"Explosive Potion"}],"is_trial":false,"path_per_floor":["M","M","M","M","M","R","E","M","T","M","R","E","$","?","R_BF","B",null,"M","?","?","?","$","R","E","M","T","M","E","R","?","?","R_BF","B",null,"M","M","?","?","$","R","E","?","T","M","$","M","E","?","R_BF","B"],"character_chosen":"CHRONO_CLASS","items_purchased":["Bronze Scales","Ice Cream"],"campfire_rested":1,"item_purchase_floors":[13,39],"current_hp_per_floor":[69,68,68,66,65,65,61,56,56,44,44,30,30,23,23,7,71,71,71,71,71,71,71,52,42,42,22,10,31,31,15,36,26,71,64,64,64,64,64,64,55,55,55,48,48,36,35,35,35,0,0],"gold":48,"neow_bonus":"TEN_PERCENT_HP_BONUS","is_daily":false,"chose_seed":false,"campfire_upgraded":5,"win_rate":0.0,"timestamp":1613882114,"path_taken":["M","M","M","M","M","R","E","M","T","M","R","E","$","?","R_BF","BOSS","M","?","?","?","$","R","E","M","T","M","E","R","?","?","R_BF","BOSS","M","M","?","?","$","R","E","?","T","M","?","M","E","?","R_BF","BOSS"],"items_purchased_type":["Relic","Relic"],"build_version":"2020-12-22","purchased_purges":1,"victory":false,"max_hp_per_floor":[71,71,71,71,71,71,71,71,71,71,71,71,71,71,71,71,71,71,71,71,71,71,71,71,71,71,71,71,71,71,71,71,71,71,71,71,71,71,71,71,71,71,71,71,71,71,71,71,71,71,71],"card_choices":[{"not_picked":["WakeUpCall","Cuckoo"],"picked":"Parity","floor":1},{"not_picked":["HandsUpB","BlueShift"],"picked":"ReapSow","floor":2},{"not_picked":["BeatsPerMinute","WindUp"],"picked":"TiringSlam","floor":3},{"not_picked":["PrimeTime","Backlash"],"picked":"TickedOff","floor":4},{"not_picked":["RageCommand","LockedOrichalcum"],"picked":"BlueShift","floor":5},{"not_picked":["Keepsakes","HandsUpC"],"picked":"LockedAnchor+1","floor":7},{"not_picked":["Echoward","ReapSow"],"picked":"Parity","floor":8},{"not_picked":["HandsUpC","VestedLegacy"],"picked":"DaylightSavings","floor":10},{"not_picked":["HandsUpC","Tempo"],"picked":"OldTimer","floor":12},{"not_picked":["Echonomics","Fragmentalize"],"picked":"LockedFlame+1","floor":16},{"not_picked":["ExoVibe","Echoward","LockedAnchor+1"],"picked":"SKIP","floor":18},{"not_picked":["AlternateTimeline","Engulf"],"picked":"LockedScales+1","floor":24},{"not_picked":["Accruing+1","ExoVibe"],"picked":"LockedTornado+1","floor":25},{"not_picked":["CrunchTime","Parity+1","HandsUpC"],"picked":"SKIP","floor":27},{"not_picked":["BlueShift","Cuckoo+1","RageCommand"],"picked":"SKIP","floor":28},{"not_picked":["MasterKey","LockedFlame+1"],"picked":"OldTimer","floor":33},{"not_picked":["LockedWhetstone+1","AlternateTimeline+1"],"picked":"Goo+1","floor":35},{"not_picked":["HandsUpC","PrimeTime","LockedTurtyl+1"],"picked":"SKIP","floor":36},{"not_picked":["SlimeSpray+1","Parity"],"picked":"TickedOff","floor":41},{"not_picked":["Engulf+1","WindUp"],"picked":"LockedMedicine+1","floor":44},{"not_picked":["SlimeSpray","Echoward+1"],"picked":"Stagnate+1","floor":46},{"not_picked":["BlueShift+1","LockedMedicine+1","Parity"],"picked":"SKIP","floor":47}],"player_experience":179806,"relics_obtained":[{"floor":7,"key":"Frozen Egg 2"},{"floor":9,"key":"Golden Egg"},{"floor":12,"key":"Nunchaku"},{"floor":14,"key":"Odd Mushroom"},{"floor":24,"key":"Replay:Bottled Snecko"},{"floor":28,"key":"Garlic"},{"floor":31,"key":"Necronomicon"},{"floor":41,"key":"War Paint"},{"floor":43,"key":"Replay:Bottled Steam"},{"floor":47,"key":"Blue Doll"}],"event_choices":[{"damage_healed":0,"gold_gain":0,"player_choice":"Fought Mushrooms","damage_taken":0,"max_hp_gain":0,"max_hp_loss":0,"event_name":"Mushrooms","floor":14,"gold_loss":0},{"damage_healed":0,"gold_gain":0,"player_choice":"Inject Mutagens","damage_taken":0,"relics_obtained":["MutagenicStrength"],"max_hp_gain":0,"max_hp_loss":0,"event_name":"Drug Dealer","floor":19,"gold_loss":0},{"damage_healed":0,"gold_gain":0,"player_choice":"Obtained Relic","damage_taken":0,"relics_obtained":["Gremlin Horn"],"max_hp_gain":0,"max_hp_loss":0,"event_name":"Addict","floor":20,"gold_loss":85},{"damage_healed":0,"gold_gain":99,"player_choice":"Stole From Cult","damage_taken":0,"max_hp_gain":0,"max_hp_loss":0,"event_name":"Nest","floor":21,"gold_loss":0},{"damage_healed":0,"gold_gain":0,"player_choice":"Ignored","damage_taken":0,"max_hp_gain":0,"max_hp_loss":0,"event_name":"Vampires","floor":30,"gold_loss":0},{"damage_healed":0,"gold_gain":0,"player_choice":"Obtained Book","damage_taken":16,"max_hp_gain":0,"max_hp_loss":0,"event_name":"Cursed Tome","floor":31,"gold_loss":0},{"cards_removed":["LockedAnchor"],"damage_healed":0,"gold_gain":0,"player_choice":"Removed Power","damage_taken":0,"max_hp_gain":0,"max_hp_loss":0,"event_name":"Falling","floor":37,"gold_loss":0},{"damage_healed":0,"gold_gain":0,"player_choice":"Memory 1","damage_taken":0,"max_hp_gain":0,"max_hp_loss":0,"event_name":"SensoryStone","floor":38,"gold_loss":0},{"damage_healed":0,"gold_gain":0,"player_choice":"Paid","damage_taken":0,"relics_obtained":["Red Mask"],"max_hp_gain":0,"max_hp_loss":0,"event_name":"Tomb of Lord Red Mask","floor":42,"gold_loss":114}],"is_beta":false,"boss_relics":[{"not_picked":["Replay:Ancient Bell","Pandora\u0027s Box"],"picked":"Metronome"},{"not_picked":["Replay:Bronze Core","Kintsugi"],"picked":"ReplayTheSpireMod:DimensionalGlitch"}],"items_purged_floors":[13],"is_endless":false,"potions_floor_spawned":[1,2,3,7,14,16,18,24,27,36,46],"killed_by":"Awakened One","ascension_level":0}}