{"host":"vxgtqwpb0ulpisda","time":1613951838,"event":{"mods":["BaseMod","Bestiary","Minty Spire (QoL Compilation)","Relic Stats","ojb\u0027s Info Mod"],"gold_per_floor":[119,69,69,20,39,39,69,69,120,120,152,217,217,229,229,229,229],"floor_reached":16,"language":"ENG","playtime":841,"items_purged":[],"score":138,"play_id":"7f6787c7-775c-43c8-a5ec-3a0269ca3de2","local_time":"20210221185718","is_ascension_mode":true,"campfire_choices":[{"data":"Distraction","floor":6,"key":"SMITH"},{"data":"Storm of Steel","floor":10,"key":"SMITH"},{"floor":13,"key":"REST"},{"floor":15,"key":"REST"}],"circlet_count":0,"master_deck":["Strike_G","Strike_G","Strike_G","Strike_G","Defend_G","Defend_G","Defend_G","Defend_G","Survivor","Neutralize","Flechettes","Storm of Steel+1","Deadly Poison","Distraction+1","Unload","Parasite","Outmaneuver","Caltrops","Terror"],"relics":["SlaversCollar","Anchor","Lantern","Gremlin Horn","The Courier"],"acts_visited":["Exordium"],"potions_floor_usage":[12,16,16],"damage_taken":[{"damage":1,"enemies":"Cultist","floor":1,"turns":5},{"damage":0,"enemies":"Jaw Worm","floor":5,"turns":4},{"damage":25,"enemies":"Gremlin Nob","floor":7,"turns":4},{"damage":25,"enemies":"3 Sentries","floor":11,"turns":8},{"damage":11,"enemies":"3 Sentries","floor":12,"turns":9},{"damage":0,"enemies":"Small Slimes","floor":14,"turns":3},{"damage":61,"enemies":"The Guardian","floor":16,"turns":10}],"seed_played":"-6688068278232473653","potions_obtained":[{"floor":7,"key":"SpeedPotion"},{"floor":11,"key":"EssenceOfSteel"},{"floor":12,"key":"Energy Potion"},{"floor":14,"key":"SpeedPotion"}],"is_trial":false,"path_per_floor":["M","?","?","$","M","R","E","?","T","R","E","?","R","M","R","B"],"character_chosen":"THE_SILENT","items_purchased":["Deadly Poison"],"campfire_rested":2,"item_purchase_floors":[4],"current_hp_per_floor":[62,62,62,62,62,62,37,54,54,54,29,18,39,39,60,0,0],"gold":229,"neow_bonus":"BOSS_RELIC","is_daily":false,"chose_seed":false,"campfire_upgraded":2,"win_rate":0.0,"timestamp":1613951838,"path_taken":["M","?","?","$","M","R","E","?","T","R","E","?","R","M","R","BOSS"],"items_purchased_type":["Card"],"build_version":"2020-12-22","purchased_purges":0,"victory":false,"max_hp_per_floor":[70,70,70,70,70,70,70,70,70,70,70,70,70,70,70,70,70],"relic_stats":{"Gremlin Horn":[3,3],"counters":[7,43],"obtain_stats":[{"SlaversCollar":0,"Anchor":7,"Lantern":9,"Gremlin Horn":11,"The Courier":12,"Ring of the Snake":0},{"SlaversCollar":0,"Anchor":3,"Lantern":3,"Gremlin Horn":4,"The Courier":5,"Ring of the Snake":0},{"SlaversCollar":0,"Anchor":13,"Lantern":13,"Gremlin Horn":21,"The Courier":30,"Ring of the Snake":0}]},"card_choices":[{"not_picked":["Poisoned Stab","Catalyst"],"picked":"Flechettes","floor":1},{"not_picked":["Quick Slash","Deflect"],"picked":"Distraction","floor":5},{"not_picked":["Poisoned Stab","Dagger Throw"],"picked":"Unload","floor":7},{"not_picked":["Tactician","Flying Knee"],"picked":"Outmaneuver","floor":11},{"not_picked":["Heel Hook","Sucker Punch"],"picked":"Caltrops","floor":12},{"not_picked":["Skewer","Poisoned Stab"],"picked":"Terror","floor":14}],"player_experience":432130,"relics_obtained":[{"floor":7,"key":"Anchor"},{"floor":9,"key":"Lantern"},{"floor":11,"key":"Gremlin Horn"},{"floor":12,"key":"The Courier"}],"event_choices":[{"cards_removed":["Strike_G"],"damage_healed":0,"gold_gain":0,"player_choice":"Card Removal","damage_taken":0,"max_hp_gain":0,"max_hp_loss":0,"event_name":"The Cleric","floor":2,"gold_loss":50},{"damage_healed":0,"gold_gain":0,"cards_transformed":["Defend_G"],"player_choice":"Change","damage_taken":0,"max_hp_gain":0,"max_hp_loss":0,"event_name":"Living Wall","floor":3,"gold_loss":0,"cards_obtained":["Storm of Steel"]},{"damage_healed":17,"gold_gain":0,"player_choice":"Healed and dodged fight","damage_taken":0,"max_hp_gain":0,"max_hp_loss":0,"event_name":"Mushrooms","floor":8,"gold_loss":0,"cards_obtained":["Parasite"]},{"damage_healed":0,"gold_gain":0,"player_choice":"Searched \u00271\u0027 times","damage_taken":0,"max_hp_gain":0,"max_hp_loss":0,"event_name":"Dead Adventurer","floor":12,"gold_loss":0}],"is_beta":false,"boss_relics":[],"items_purged_floors":[],"is_endless":false,"potions_floor_spawned":[7,11,12,14],"killed_by":"The Guardian","ascension_level":6}}