{"host":"4eao2pkwlmv012cz","time":1613896497,"event":{"mods":["BaseMod","Bestiary","Bossed Relics","Colored Powertips","Minty Spire (QoL Compilation)","Permanent Neow","Quick Restart","Random Character Button","StSLib"],"gold_per_floor":[114,289,304,379,394,424,424,454,454,454,69,99,99,129,141,253,265,292,219,231,258,20,50,50,80,155,155,5,35,35,35,35,135,135,150,150,150,0,0,30,30,60,60,90,90,90,120,150,150,150],"floor_reached":51,"language":"ENG","playtime":2131,"items_purged":[],"score":1142,"play_id":"09981140-171c-4d28-aaf5-86907e067edc","local_time":"20210221033457","daily_mods":["SealedDeck","Flight","Elite Swarm"],"is_ascension_mode":false,"campfire_choices":[{"data":"Armaments","floor":7.0,"key":"SMITH"},{"data":"Anger","floor":10.0,"key":"SMITH"},{"data":"1","floor":13.0,"key":"LIFT"},{"data":"2","floor":15.0,"key":"LIFT"},{"data":"3","floor":24.0,"key":"LIFT"},{"data":"Barricade","floor":27.0,"key":"SMITH"},{"data":"Body Slam","floor":32.0,"key":"SMITH"},{"data":"Limit Break","floor":41,"key":"SMITH"},{"data":"Limit Break","floor":45,"key":"SMITH"},{"data":"Armaments","floor":49,"key":"SMITH"}],"circlet_count":0,"master_deck":["Body Slam+1","Sever Soul","Entrench","Thunderclap","Pommel Strike","Anger+1","Shrug It Off","True Grit","Armaments+1","Shrug It Off","Cleave","Headbutt","Impervious","Reaper","Fiend Fire","Feel No Pain","Immolate","Immolate","Demon Form","CurseOfTheBell","Flex+1","Metallicize","Barricade+1","Impervious","Demon Form","Offering","Shockwave+1","Fiend Fire","Bandage Up","Armaments+1","Bash","Madness","Madness","Limit Break+1","Demon Form","Limit Break+1","Enlightenment","Sadistic Nature","Offering","Exhume"],"relics":["Burning Blood","FossilizedHelix","Bronze Scales","White Beast Statue","Toolbox","Girya","MawBank","Calling Bell","MealTicket","Letter Opener","Thread and Needle","Orichalcum","Mercury Hourglass","Pear","Juzu Bracelet","Pantograph","Bottled Lightning","Membership Card","HornCleat","Philosopher\u0027s Stone","Red Mask","Eternal Feather","Bag of Preparation","Meat on the Bone","Oddly Smooth Stone","Sundial","Bottled Tornado"],"acts_visited":["Exordium","TheCity","TheBeyond"],"potions_floor_usage":[42,44,50],"damage_taken":[{"damage":0.0,"enemies":"Small Slimes","floor":1.0,"turns":2.0},{"damage":0.0,"enemies":"2 Louse","floor":3.0,"turns":2.0},{"damage":0.0,"enemies":"Cultist","floor":5.0,"turns":2.0},{"damage":8.0,"enemies":"Gremlin Nob","floor":6.0,"turns":3.0},{"damage":0.0,"enemies":"Lagavulin","floor":8.0,"turns":6.0},{"damage":6.0,"enemies":"Gremlin Nob","floor":12.0,"turns":4.0},{"damage":0.0,"enemies":"Lagavulin","floor":14.0,"turns":5.0},{"damage":31.0,"enemies":"The Guardian","floor":16.0,"turns":9.0},{"damage":0.0,"enemies":"Chosen","floor":18.0,"turns":5.0},{"damage":0.0,"enemies":"2 Thieves","floor":21.0,"turns":4.0},{"damage":0.0,"enemies":"Book of Stabbing","floor":23.0,"turns":4.0},{"damage":0.0,"enemies":"Slavers","floor":25.0,"turns":2.0},{"damage":18.0,"enemies":"Gremlin Leader","floor":29.0,"turns":5.0},{"damage":20.0,"enemies":"Collector","floor":33.0,"turns":10.0},{"damage":0.0,"enemies":"3 Darklings","floor":35.0,"turns":3.0},{"damage":37,"enemies":"Reptomancer","floor":40,"turns":6},{"damage":6,"enemies":"Giant Head","floor":42,"turns":8},{"damage":16,"enemies":"Nemesis","floor":44,"turns":3},{"damage":23,"enemies":"Reptomancer","floor":47,"turns":6},{"damage":53,"enemies":"Nemesis","floor":48,"turns":5},{"damage":21,"enemies":"Donu and Deca","floor":50,"turns":7}],"seed_played":"-7397021786818157212","potions_obtained":[{"floor":6.0,"key":"Swift Potion"},{"floor":8.0,"key":"EssenceOfSteel"},{"floor":12.0,"key":"ColorlessPotion"},{"floor":14.0,"key":"Fire Potion"},{"floor":16.0,"key":"SpeedPotion"},{"floor":18.0,"key":"Explosive Potion"},{"floor":21.0,"key":"SteroidPotion"},{"floor":23.0,"key":"ColorlessPotion"},{"floor":25.0,"key":"SteroidPotion"},{"floor":29.0,"key":"Weak Potion"},{"floor":33.0,"key":"Swift Potion"},{"floor":35.0,"key":"BlessingOfTheForge"},{"floor":40,"key":"AttackPotion"},{"floor":42,"key":"SteroidPotion"},{"floor":44,"key":"BloodPotion"},{"floor":48,"key":"PowerPotion"}],"is_trial":false,"path_per_floor":["M","?","M","?","M","E","R","E","T","R","$","E","R","E","R","B",null,"M","?","?","M","$","E","R","E","T","R","$","E","?","?","R","B",null,"M","?","?","?","?","E","R","E","T","E","R","?","E","E","R","B",null],"character_chosen":"IRONCLAD","items_purchased":["Toolbox","Fiend Fire","Feel No Pain","Pear","Membership Card"],"campfire_rested":0,"item_purchase_floors":[11,11,11,22,28],"current_hp_per_floor":[80,80,80,69,75,73,73,79,79,79,79,79,79,80,80,55,80,80,80,80,80,90,90,90,90,90,90,90,78,78,60,60,89,95,95,95,83,83,83,69,87,91,91,81,95,85,78,92,95,95],"gold":150,"neow_bonus":"","is_daily":true,"chose_seed":false,"campfire_upgraded":7,"win_rate":0.0,"timestamp":1613896497,"path_taken":["M","?","M","?","M","E","R","E","T","R","$","E","R","E","R","BOSS","M","?","?","M","$","E","R","E","T","R","$","E","?","?","R","BOSS","M","?","?","?","?","E","R","E","T","E","R","?","E","E","R","BOSS"],"items_purchased_type":["Relic","Card","Card","Relic","Relic"],"build_version":"2020-12-22","purchased_purges":0,"victory":true,"max_hp_per_floor":[80,80,80,80,80,80,80,80,80,80,80,80,80,80,80,80,80,80,80,80,80,90,90,90,90,90,90,90,90,90,95,95,95,95,95,95,95,95,95,95,95,95,95,95,95,95,95,95,95,95],"card_choices":[{"not_picked":["Rampage","Anger","True Grit"],"picked":"SKIP","floor":1.0},{"not_picked":["Infernal Blade","Iron Wave"],"picked":"Cleave","floor":3.0},{"not_picked":["Reckless Charge","Armaments"],"picked":"Headbutt","floor":5.0},{"not_picked":["Corruption","Bludgeon"],"picked":"Impervious","floor":6.0},{"not_picked":["Exhume","Barricade"],"picked":"Reaper","floor":8.0},{"not_picked":["Exhume","Feed"],"picked":"Immolate","floor":12.0},{"not_picked":["Impervious","Exhume"],"picked":"Immolate","floor":14.0},{"not_picked":["Impervious","Reaper"],"picked":"Demon Form","floor":16.0},{"not_picked":["Searing Blow+1","Reckless Charge+1"],"picked":"Flex+1","floor":18.0},{"not_picked":["Twin Strike","Headbutt"],"picked":"Metallicize","floor":21.0},{"not_picked":["Reaper","Brutality"],"picked":"Barricade","floor":23.0},{"not_picked":["Reaper","Barricade"],"picked":"Impervious","floor":25.0},{"not_picked":["Brutality","Barricade"],"picked":"Demon Form","floor":29.0},{"not_picked":["Fiend Fire","Immolate"],"picked":"Offering","floor":33.0},{"not_picked":["Twin Strike+1","Whirlwind"],"picked":"Shockwave+1","floor":35.0},{"not_picked":["Impervious","Double Tap"],"picked":"Limit Break","floor":40},{"not_picked":["Corruption","Feed"],"picked":"Demon Form","floor":42},{"not_picked":["Brutality","Barricade"],"picked":"Limit Break","floor":44},{"not_picked":["Chrysalis","Mind Blast"],"picked":"Enlightenment","floor":46},{"not_picked":["Trip","Dark Shackles"],"picked":"Sadistic Nature","floor":46},{"not_picked":["Barricade","Impervious"],"picked":"Offering","floor":47},{"not_picked":["Feed","Immolate"],"picked":"Exhume","floor":48}],"player_experience":2943575,"relics_obtained":[{"floor":6.0,"key":"FossilizedHelix"},{"floor":8.0,"key":"Bronze Scales"},{"floor":9.0,"key":"White Beast Statue"},{"floor":12.0,"key":"Girya"},{"floor":14.0,"key":"MawBank"},{"floor":17.0,"key":"MealTicket"},{"floor":17.0,"key":"Letter Opener"},{"floor":17.0,"key":"Thread and Needle"},{"floor":23.0,"key":"Juzu Bracelet"},{"floor":25.0,"key":"Pantograph"},{"floor":26.0,"key":"Bottled Lightning"},{"floor":29.0,"key":"HornCleat"},{"floor":40,"key":"Eternal Feather"},{"floor":42,"key":"Bag of Preparation"},{"floor":43,"key":"Meat on the Bone"},{"floor":44,"key":"Oddly Smooth Stone"},{"floor":47,"key":"Sundial"},{"floor":48,"key":"Bottled Tornado"}],"event_choices":[{"damage_healed":0.0,"max_hp_gain":0.0,"max_hp_loss":0.0,"gold_gain":175.0,"event_name":"Liars Game","player_choice":"AGREE","floor":2.0,"gold_loss":0.0,"damage_taken":0.0,"cards_obtained":["Doubt"]},{"damage_healed":0.0,"max_hp_gain":0.0,"max_hp_loss":0.0,"gold_gain":75.0,"event_name":"World of Goop","player_choice":"Gather Gold","floor":4.0,"gold_loss":0.0,"damage_taken":11.0},{"damage_healed":0.0,"max_hp_gain":0.0,"max_hp_loss":0.0,"gold_gain":0.0,"event_name":"Addict","player_choice":"Obtained Relic","floor":19.0,"gold_loss":85.0,"damage_taken":0.0,"relics_obtained":["Orichalcum"]},{"damage_healed":0.0,"max_hp_gain":0.0,"max_hp_loss":0.0,"gold_gain":0.0,"event_name":"The Mausoleum","player_choice":"Opened","floor":20.0,"gold_loss":0.0,"damage_taken":0.0,"relics_obtained":["Mercury Hourglass"],"cards_obtained":["Writhe"]},{"cards_removed":["Writhe"],"damage_healed":0.0,"max_hp_gain":0.0,"max_hp_loss":0.0,"gold_gain":0.0,"event_name":"Back to Basics","player_choice":"Elegance","floor":30.0,"gold_loss":0.0,"damage_taken":0.0},{"damage_healed":0.0,"max_hp_gain":5.0,"max_hp_loss":0.0,"gold_gain":0.0,"event_name":"Forgotten Altar","player_choice":"Shed Blood","floor":31.0,"gold_loss":0.0,"damage_taken":23.0},{"damage_healed":0,"gold_gain":0,"player_choice":"4 cards matched","damage_taken":0,"max_hp_gain":0,"max_hp_loss":0,"event_name":"Match and Keep!","floor":36,"gold_loss":0,"cards_obtained":["Fiend Fire","Bandage Up","Armaments","Bash"]},{"damage_healed":0,"gold_gain":0,"player_choice":"Embrace Madness","damage_taken":12,"max_hp_gain":0,"max_hp_loss":0,"event_name":"Winding Halls","floor":37,"gold_loss":0,"cards_obtained":["Madness","Madness"]},{"damage_healed":0,"gold_gain":0,"player_choice":"Paid","damage_taken":0,"relics_obtained":["Red Mask"],"max_hp_gain":0,"max_hp_loss":0,"event_name":"Tomb of Lord Red Mask","floor":38,"gold_loss":150},{"cards_removed":["Doubt"],"damage_healed":0,"gold_gain":0,"player_choice":"Removed Curses","damage_taken":0,"max_hp_gain":0,"max_hp_loss":0,"event_name":"Fountain of Cleansing","floor":39,"gold_loss":0},{"damage_healed":0,"gold_gain":0,"player_choice":"Memory 3","damage_taken":10,"max_hp_gain":0,"max_hp_loss":0,"event_name":"SensoryStone","floor":46,"gold_loss":0}],"is_beta":false,"boss_relics":[{"not_picked":["Coffee Dripper","Velvet Choker"],"picked":"Calling Bell"},{"not_picked":["SlaversCollar","Tiny House"],"picked":"Philosopher\u0027s Stone"}],"items_purged_floors":[],"is_endless":false,"potions_floor_spawned":[6,8,12,14,16,18,21,23,25,29,33,35,40,42,44,47,48],"ascension_level":0}}