{"host":"gn96mxb33x5p409u","time":1613896804,"event":{"mods":["2.2 Compatiblity","AchievementEnabler","Act Like it!","BaseMod","Colored Powertips","Downfall","Hubris","Infinite Spire","Lobotomy","Minty Spire (QoL Compilation)","Replay The Spire","Ruina","StSLib","The Animator"],"gold_per_floor":[128,38,38,62,62,387,387,387,437,468,468,478,498,498,498,518,518],"floor_reached":16,"language":"ENG","playtime":1680,"items_purged":[],"score":113,"play_id":"a3e56a3e-a83f-4eb6-a82c-8282e60a838b","local_time":"20210221104004","is_ascension_mode":true,"campfire_choices":[{"floor":7,"key":"REST"},{"floor":11,"key":"REST"},{"data":"animator:Shigure","floor":15,"key":"SMITH"}],"circlet_count":0,"master_deck":["animator:Strike_Overlord","animator:Defend_Overlord","animator:Cocytus","animator:Demiurge","animator:Spearman","animator:Strike_FullmetalAlchemist","animator:Strike_OnePunchMan","animator:Strike_Overlord","animator:Defend_Fate","animator:Defend_GATE","animator:Entoma+3","animator:Shiro","animator:Cocytus","animator:GuildGirl","animator:Shigure+1"],"relics":["animator:LivingPicture","animator:TheMissingPiece","FossilizedHelix","ReplayTheSpireMod:Ring of Collecting","Old Coin","Ring of Greed","Smiling Mask","Replay:Wax Seal","Golden Egg"],"acts_visited":["Exordium"],"potions_floor_usage":[16,16],"damage_taken":[{"damage":8,"enemies":"2 Louse","floor":1,"turns":3},{"damage":0,"enemies":"Small Slimes","floor":4,"turns":4},{"damage":28,"enemies":"Lagavulin","floor":6,"turns":6},{"damage":26,"enemies":"3 Sentries","floor":10,"turns":7},{"damage":0,"enemies":"Jaw Worm","floor":12,"turns":3},{"damage":12,"enemies":"Lots of Slimes","floor":13,"turns":4},{"damage":35,"enemies":"Slime Boss","floor":16,"turns":9}],"seed_played":"-2904954314770748428","potions_obtained":[{"floor":1,"key":"Elixir"},{"floor":10,"key":"Languid Potion"}],"is_trial":false,"path_per_floor":["M","?","$","M","?","E","R","?","T","E","R","M","M","?","R","B"],"character_chosen":"THE_ANIMATOR","items_purchased":[],"campfire_rested":2,"item_purchase_floors":[],"current_hp_per_floor":[52,52,52,52,52,24,42,42,42,16,34,36,27,27,27,0,0],"gold":518,"neow_bonus":"ONE_RARE_RELIC","is_daily":false,"chose_seed":false,"campfire_upgraded":1,"win_rate":0.0,"timestamp":1613896804,"path_taken":["M","?","$","M","?","E","R","?","T","E","R","?","M","?","R","BOSS"],"items_purchased_type":[],"build_version":"2020-12-22","purchased_purges":0,"victory":false,"max_hp_per_floor":[60,60,60,60,60,60,60,60,60,60,60,62,65,65,65,67,67],"card_choices":[{"not_picked":["animator:Shigure","animator:Melzalgald"],"picked":"animator:Spearman","floor":1},{"not_picked":["animator:DolaRiku","animator:Melzalgald"],"picked":"animator:Entoma","floor":4},{"not_picked":["animator:Demiurge","animator:Mikaela"],"picked":"animator:Shiro","floor":6},{"not_picked":["animator:Demiurge","animator:Evileye"],"picked":"animator:Cocytus","floor":10},{"not_picked":["animator:CrowleyEusford","animator:Mitsurugi","animator:Yoichi"],"picked":"SKIP","floor":12},{"not_picked":["animator:FielNirvalen","animator:Hans"],"picked":"animator:GuildGirl","floor":13}],"player_experience":552266,"relics_obtained":[{"floor":5,"key":"ReplayTheSpireMod:Ring of Collecting"},{"floor":6,"key":"Old Coin"},{"floor":9,"key":"Ring of Greed"},{"floor":9,"key":"Smiling Mask"},{"floor":9,"key":"Replay:Wax Seal"},{"floor":10,"key":"Golden Egg"}],"event_choices":[{"cards_removed":["animator:Defend_TenSura"],"damage_healed":0,"gold_gain":0,"player_choice":"Card Removal","damage_taken":0,"max_hp_gain":0,"max_hp_loss":0,"event_name":"Wheel of Change","floor":8,"gold_loss":0},{"damage_healed":0,"gold_gain":0,"player_choice":"1 cards matched","damage_taken":0,"max_hp_gain":0,"max_hp_loss":0,"event_name":"Match and Keep!","floor":14,"gold_loss":0,"cards_obtained":["animator:Shigure"]}],"is_beta":false,"boss_relics":[],"items_purged_floors":[],"is_endless":false,"potions_floor_spawned":[1,10],"killed_by":"Slime Boss","ascension_level":1}}