{"host":"ya062ahhhuj9au1o","time":1613949247,"event":{"mods":["BaseMod","Better Third Choice","Downfall","Filter the Spire","Hermit","Minty Spire (QoL Compilation)","Random Character Button","Robot Space Explorer","Somnambulant","StSLib","The Bug Knight","The Cursed","The Marked","The Servant 0.9.4"],"gold_per_floor":[99,110,125,136,286,286,334,334,334,344,50,50,50,62,75,179,179,179,189,214,214,227,227,254,272,272,303,318,352,252,252,264,264,264,264],"floor_reached":33,"language":"ENG","playtime":2954,"items_purged":["downfall:Icky"],"score":477,"play_id":"ee04ef78-1f1c-4c60-800d-f15f921042f3","local_time":"20210221181407","is_ascension_mode":false,"campfire_choices":[{"data":"bronze:Replicate","floor":1.0,"key":"SMITH"},{"data":"bronze:ChosenStrike","floor":6.0,"key":"SMITH"},{"data":"bronze:Goto","floor":9.0,"key":"SMITH"},{"data":"bronze:Branch","floor":13.0,"key":"SMITH"},{"data":"bronze:AlphaBuild","floor":18,"key":"SMITH"},{"data":"bronze:Iterate","floor":23,"key":"SMITH"},{"data":"bronze:BronzeOrb","floor":30,"key":"SMITH"}],"circlet_count":0,"master_deck":["bronze:Strike","bronze:Strike","bronze:Strike","bronze:Defend+1","bronze:Defend+1","bronze:Defend","bronze:Defend","bronze:Replicate+1","bronze:Goto+1","bronze:ChosenStrike+1","bronze:GetLatest","bronze:Branch+1","bronze:Optimize","bronze:Iterate","bronze:Iterate+1","bronze:FineTuning","bronze:AlphaBuild+1","bronze:FineTuning+1","bronze:CutThrough+1","bronze:BronzeOrb+1","bronze:BronzeOrb+1","bronze:Iterate","bronze:Mutator"],"relics":["bronze:BronzeCore","Ancient Tea Set","HollowMod:JonisBlessing","War Paint","Philosopher\u0027s Stone","Red Mask","MutagenicStrength","Vajra","MealTicket","Potion Belt","downfall:HeartBlessingGreen","bronze:BottledCode"],"acts_visited":["Exordium","TheCity"],"potions_floor_usage":[20],"damage_taken":[{"damage":1.0,"enemies":"Jaw Worm","floor":2.0,"turns":3.0},{"damage":1.0,"enemies":"2 Louse","floor":3.0,"turns":4.0},{"damage":0.0,"enemies":"Small Slimes","floor":4.0,"turns":2.0},{"damage":2.0,"enemies":"3 Louse","floor":10.0,"turns":2.0},{"damage":0.0,"enemies":"downfall:FleeingMerchant","floor":11.0,"turns":4.0},{"damage":0.0,"enemies":"Gremlin Gang","floor":14.0,"turns":4.0},{"damage":0.0,"enemies":"Large Slime","floor":15.0,"turns":3.0},{"damage":0.0,"enemies":"WA_ARCHETYPE_RETAIN","floor":16.0,"turns":5.0},{"damage":0,"enemies":"3 Byrds","floor":19,"turns":4},{"damage":0,"enemies":"Masked Bandits","floor":20,"turns":4},{"damage":0,"enemies":"Spheric Guardian","floor":22,"turns":1},{"damage":0,"enemies":"Cultist and Chosen","floor":25,"turns":4},{"damage":0,"enemies":"Slavers","floor":27,"turns":2},{"damage":0,"enemies":"Centurion and Healer","floor":28,"turns":3},{"damage":0,"enemies":"Book of Stabbing","floor":29,"turns":2},{"damage":0,"enemies":"Snecko","floor":32,"turns":1}],"seed_played":"4146694826436841545","potions_obtained":[{"floor":4.0,"key":"DistilledChaos"},{"floor":10.0,"key":"SpeedPotion"},{"floor":14.0,"key":"AttackPotion"},{"floor":15.0,"key":"FairyPotion"},{"floor":20,"key":"SneckoOil"},{"floor":22,"key":"SteroidPotion"},{"floor":29,"key":"LiquidMemories"},{"floor":32,"key":"Swift Potion"}],"is_trial":false,"path_per_floor":["R","M","M","M","?","R","T","?","R","M","$","T","R","M","M","B",null,"R","M","?","?","M","R","T","M","?","E","M","E","R","?","M","B"],"character_chosen":"THE_AUTOMATON","items_purchased":["bronze:Iterate","HollowMod:JonisBlessing"],"campfire_rested":0,"item_purchase_floors":[11,11],"current_hp_per_floor":[77,76,75,75,75,75,75,75,75,73,73,73,73,73,73,73,77,77,77,77,77,77,77,77,77,77,77,77,77,77,67,67,0,0,0],"gold":264,"neow_bonus":"TEN_PERCENT_HP_BONUS","is_daily":false,"chose_seed":false,"campfire_upgraded":7,"win_rate":0.0,"timestamp":1613949247,"path_taken":["R","M","M","M","?","R","T","?","R","M","?","?","R","M","M","BOSS","R","M","?","?","M","R","T","M","?","E","?","E","R","?","M","BOSS"],"items_purchased_type":["Card","Relic"],"build_version":"2020-12-22","purchased_purges":1,"victory":false,"max_hp_per_floor":[77,77,77,77,77,77,77,77,77,77,77,77,77,77,77,77,77,77,77,77,77,77,77,77,77,77,77,77,77,77,67,67,67,67,67],"card_choices":[{"not_picked":["bronze:Branch","bronze:Deprecate"],"picked":"bronze:ChosenStrike","floor":2.0},{"not_picked":["bronze:Boost","bronze:Flail"],"picked":"bronze:GetLatest","floor":3.0},{"not_picked":["bronze:Repair","bronze:WhirlingStrike"],"picked":"bronze:Branch","floor":4.0},{"not_picked":["bronze:Turbo","bronze:Frontload","bronze:WildBeam"],"picked":"SKIP","floor":10.0},{"not_picked":["bronze:Repulsor","bronze:FollowUp"],"picked":"bronze:Optimize","floor":11.0},{"not_picked":["bronze:Overload","bronze:ForLoop"],"picked":"bronze:Iterate","floor":14.0},{"not_picked":["bronze:Invalidate","bronze:Philosophize"],"picked":"bronze:FineTuning","floor":15.0},{"not_picked":["bronze:Break","bronze:FindAndReplace"],"picked":"bronze:AlphaBuild","floor":16.0},{"not_picked":["bronze:BugBarrage","bronze:BuggyMess+1"],"picked":"bronze:FineTuning+1","floor":19},{"not_picked":["bronze:Overheat","bronze:WildBeam"],"picked":"bronze:CutThrough+1","floor":20},{"not_picked":["bronze:ForceShield","bronze:Deprecate+1"],"picked":"bronze:BronzeOrb+1","floor":22},{"not_picked":["bronze:Optimize","bronze:Safeguard","bronze:Repulsor"],"picked":"SKIP","floor":25},{"not_picked":["bronze:Repair+1","bronze:BronzeArmor+1","bronze:BugBarrage"],"picked":"SKIP","floor":27},{"not_picked":["bronze:Overheat","bronze:FineTuning"],"picked":"bronze:Iterate","floor":28},{"not_picked":["bronze:MaxOutput+1","bronze:ForceShield","bronze:DelayedGuard+1"],"picked":"SKIP","floor":29},{"not_picked":["bronze:ClassDefault","bronze:WhirlingStrike"],"picked":"bronze:Mutator","floor":32}],"player_experience":1826782,"relics_obtained":[{"floor":7.0,"key":"Ancient Tea Set"},{"floor":12.0,"key":"War Paint"},{"floor":20,"key":"Red Mask"},{"floor":24,"key":"Vajra"},{"floor":27,"key":"MealTicket"},{"floor":29,"key":"Potion Belt"}],"event_choices":[{"damage_healed":0,"gold_gain":0,"player_choice":"Fought Bandits","damage_taken":0,"max_hp_gain":0,"max_hp_loss":0,"event_name":"Masked Bandits","floor":20,"gold_loss":0},{"damage_healed":0,"gold_gain":0,"player_choice":"Inject Mutagens","damage_taken":0,"relics_obtained":["MutagenicStrength"],"max_hp_gain":0,"max_hp_loss":0,"event_name":"Drug Dealer","floor":21,"gold_loss":0},{"damage_healed":0,"gold_gain":0,"player_choice":"Read","damage_taken":0,"max_hp_gain":0,"max_hp_loss":0,"event_name":"The Library","floor":26,"gold_loss":0,"cards_obtained":["bronze:BronzeOrb"]}],"is_beta":false,"boss_relics":[{"not_picked":["Black Star","bronze:PlatinumCore"],"picked":"Philosopher\u0027s Stone"}],"items_purged_floors":[11],"is_endless":false,"potions_floor_spawned":[4,10,14,15,20,22,27,29,32],"killed_by":"IC_MUSHROOM_ARCHETYPE","ascension_level":0}}