{"host":"Vegetablebread","time":1613870859,"event":{"mods":["BaseMod","Bestiary","Downfall","Minty Spire (QoL Compilation)","Relic Stats","StSLib"],"gold_per_floor":[99,112,112,124,124,143,143,173,173,183,197,197,208,219,229,229,229,229],"floor_reached":16,"language":"ENG","playtime":1520,"items_purged":[],"score":131,"play_id":"abe97085-268a-4cb5-93ff-250ad246ec79","local_time":"20210220172739","is_ascension_mode":false,"campfire_choices":[{"data":"champ:Execute","floor":1.0,"key":"SMITH"},{"data":"champ:CrookedStrike","floor":9.0,"key":"SMITH"},{"data":"champ:FanOfKnives","floor":12.0,"key":"SMITH"}],"circlet_count":0,"master_deck":["champ:Strike","champ:Strike","champ:Strike","champ:Strike","champ:Defend","champ:Defend","champ:Defend","champ:Defend","champ:Execute+1","champ:Taunt","champ:CrookedStrike+1","champ:CheapShot","champ:FanOfKnives+1","champ:CrookedStrike","champ:GutPunch","champ:BringItOn"],"relics":["champ:ChampionCrown","champ:LiftRelic","Matryoshka","CaptainsWheel"],"acts_visited":["Exordium"],"potions_floor_usage":[],"damage_taken":[{"damage":31.0,"enemies":"Jaw Worm","floor":2.0,"turns":4.0},{"damage":10.0,"enemies":"Cultist","floor":4.0,"turns":3.0},{"damage":10.0,"enemies":"Small Slimes","floor":6.0,"turns":2.0},{"damage":40.0,"enemies":"Gremlin Nob","floor":8.0,"turns":2.0},{"damage":37.0,"enemies":"Gremlin Gang","floor":10.0,"turns":5.0},{"damage":20.0,"enemies":"downfall:LooterAlt","floor":11.0,"turns":3.0},{"damage":8,"enemies":"Red Slaver","floor":13,"turns":4},{"damage":15,"enemies":"Blue Slaver","floor":14,"turns":3},{"damage":22,"enemies":"downfall:LooterAlt","floor":15,"turns":3},{"damage":66,"enemies":"WA_ARCHETYPE_RETAIN","floor":16,"turns":7}],"seed_played":"-1853971305934867624","potions_obtained":[{"floor":2.0,"key":"Slimebound:ThreeZeroPotion"},{"floor":8.0,"key":"Guardian:BlockOnCardUsePotion"},{"floor":13,"key":"SmokeBomb"},{"floor":15,"key":"sneckomod:MuddlingPotion"}],"is_trial":false,"path_per_floor":["R","M","?","M","?","M","T","E","R","M","M","R","M","M","M","B"],"character_chosen":"THE_CHAMP","items_purchased":[],"campfire_rested":0,"item_purchase_floors":[],"current_hp_per_floor":[99,88,88,88,73,73,73,73,73,61,56,56,53,53,46,0,0,0],"gold":229,"neow_bonus":"TEN_PERCENT_HP_BONUS","is_daily":false,"chose_seed":false,"campfire_upgraded":3,"win_rate":0.0,"timestamp":1613870859,"path_taken":["R","M","?","M","?","M","T","E","R","?","M","R","M","?","M","BOSS"],"items_purchased_type":[],"build_version":"2020-12-18","purchased_purges":0,"victory":false,"max_hp_per_floor":[99,99,99,99,99,99,99,99,99,99,99,99,99,99,99,99,99,99],"relic_stats":{"counters":[10,36],"obtain_stats":[{"CaptainsWheel":8,"Matryoshka":7,"champ:LiftRelic":3,"champ:ChampionCrown":0},{"CaptainsWheel":4,"Matryoshka":3,"champ:LiftRelic":1,"champ:ChampionCrown":0},{"CaptainsWheel":11,"Matryoshka":9,"champ:LiftRelic":4,"champ:ChampionCrown":0}]},"card_choices":[{"not_picked":["champ:DeathBlow","champ:CrownThrow"],"picked":"champ:CrookedStrike","floor":2.0},{"not_picked":["champ:TornadoPunch","champ:CrownThrow","champ:AdrenalArmor"],"picked":"SKIP","floor":4.0},{"not_picked":["champ:ShieldSlam","champ:BladeFlurry","champ:Encircle"],"picked":"SKIP","floor":6.0},{"not_picked":["champ:FanOfKnives","champ:SkillfulDodge"],"picked":"champ:CheapShot","floor":8.0},{"not_picked":["champ:BerserkersShout","champ:BladeFlurry"],"picked":"champ:FanOfKnives","floor":10.0},{"not_picked":["champ:Duel","champ:CalledShot"],"picked":"champ:CrookedStrike","floor":11.0},{"not_picked":["champ:HeartStrike","champ:PerfectedStrike"],"picked":"champ:GutPunch","floor":13},{"not_picked":["champ:Shatter","champ:CrownThrow"],"picked":"champ:BringItOn","floor":14},{"not_picked":["champ:RisingSlash","champ:PreciseThrust","champ:EnGarde"],"picked":"SKIP","floor":15}],"player_experience":10610756,"relics_obtained":[{"floor":7.0,"key":"Matryoshka"},{"floor":8.0,"key":"CaptainsWheel"}],"event_choices":[],"is_beta":true,"boss_relics":[],"items_purged_floors":[],"is_endless":false,"potions_floor_spawned":[2,8,13,15],"killed_by":"WA_ARCHETYPE_RETAIN","ascension_level":0}}