{"host":"x8s7139x96bc3le0","time":1613917329,"event":{"mods":["AchievementEnabler","BaseMod","Bestiary","Minty Spire (QoL Compilation)","Relic Stats","ojb\u0027s Better Paths Mod","ojb\u0027s Info Mod"],"gold_per_floor":[10,22,39,56,67,98,98,129,153,171,96,126,137,151,151,228,228,241,211,223,223,239,239,239,239],"floor_reached":24,"language":"ENG","playtime":1889,"items_purged":["Strike_G"],"score":350,"play_id":"bfcf1ac8-bf19-4da8-a750-989726ad35ec","local_time":"20210221152209","is_ascension_mode":true,"campfire_choices":[{"data":"Catalyst","floor":15.0,"key":"SMITH"},{"floor":23,"key":"REST"}],"circlet_count":0,"master_deck":["AscendersBane","Strike_G","Strike_G","Defend_G","Defend_G","Defend_G","Defend_G","Defend_G","Survivor","Neutralize","Adrenaline","Bouncing Flask","Catalyst+1","Predator","Dash","Quick Slash","Acrobatics","Poisoned Stab","Noxious Fumes","Endless Agony","Dagger Throw","Burst","Terror","Bullet Time","Poisoned Stab+1"],"relics":["Ring of the Snake","Nunchaku","Anchor","Centennial Puzzle","Odd Mushroom","Black Star"],"acts_visited":["Exordium","TheCity"],"potions_floor_usage":[24],"damage_taken":[{"damage":0.0,"enemies":"Cultist","floor":1.0,"turns":5.0},{"damage":0.0,"enemies":"Small Slimes","floor":2.0,"turns":4.0},{"damage":0.0,"enemies":"Jaw Worm","floor":3.0,"turns":4.0},{"damage":0.0,"enemies":"Large Slime","floor":4.0,"turns":6.0},{"damage":5.0,"enemies":"2 Fungi Beasts","floor":5.0,"turns":4.0},{"damage":5.0,"enemies":"Gremlin Nob","floor":6.0,"turns":3.0},{"damage":20.0,"enemies":"Lagavulin","floor":8.0,"turns":6.0},{"damage":2.0,"enemies":"Lots of Slimes","floor":10.0,"turns":6.0},{"damage":7.0,"enemies":"The Mushroom Lair","floor":12.0,"turns":5.0},{"damage":1.0,"enemies":"Looter","floor":13.0,"turns":3.0},{"damage":6.0,"enemies":"Gremlin Gang","floor":14.0,"turns":5.0},{"damage":6.0,"enemies":"Hexaghost","floor":16.0,"turns":5.0},{"damage":8,"enemies":"Spheric Guardian","floor":18,"turns":3},{"damage":6,"enemies":"3 Byrds","floor":20,"turns":5},{"damage":39,"enemies":"Centurion and Healer","floor":22,"turns":13},{"damage":29,"enemies":"Slavers","floor":24,"turns":3}],"seed_played":"278974060014834565","potions_obtained":[{"floor":1.0,"key":"BlessingOfTheForge"},{"floor":2.0,"key":"Explosive Potion"},{"floor":3.0,"key":"SteroidPotion"},{"floor":6.0,"key":"Dexterity Potion"},{"floor":13.0,"key":"Ancient Potion"},{"floor":18,"key":"Weak Potion"},{"floor":19,"key":"ColorlessPotion"},{"floor":19,"key":"Fire Potion"}],"is_trial":false,"path_per_floor":["M","M","M","M","M","E","?","E","T","M","$","?","M","M","R","B",null,"M","?","M","?","M","R","E"],"character_chosen":"THE_SILENT","items_purchased":[],"campfire_rested":1,"item_purchase_floors":[],"current_hp_per_floor":[63,63,63,63,58,53,53,33,33,31,31,24,23,17,17,11,55,47,47,41,41,2,23,0,0],"gold":239,"neow_bonus":"THREE_RARE_CARDS","is_daily":false,"chose_seed":false,"campfire_upgraded":1,"win_rate":0.0,"timestamp":1613917329,"path_taken":["M","M","?","M","M","E","?","E","T","M","?","?","M","M","R","BOSS","M","?","?","?","?","R","E"],"items_purchased_type":[],"build_version":"2020-12-22","purchased_purges":1,"victory":false,"max_hp_per_floor":[70,70,70,70,70,70,70,70,70,70,70,70,70,70,70,70,70,70,70,70,70,70,70,70,70],"relic_stats":{"Nunchaku":[9],"Centennial Puzzle":[28],"counters":[16,80],"Black Star":0,"obtain_stats":[{"Nunchaku":6,"Anchor":8,"Centennial Puzzle":9,"Black Star":17,"Odd Mushroom":12,"Ring of the Snake":0},{"Nunchaku":6,"Anchor":7,"Centennial Puzzle":7,"Black Star":12,"Odd Mushroom":9,"Ring of the Snake":0},{"Nunchaku":26,"Anchor":32,"Centennial Puzzle":32,"Black Star":56,"Odd Mushroom":43,"Ring of the Snake":0}],"Ring of the Snake":[32]},"card_choices":[{"not_picked":["Burst","Malaise"],"picked":"Adrenaline","floor":0.0},{"not_picked":["Noxious Fumes","Caltrops"],"picked":"Bouncing Flask","floor":1.0},{"not_picked":["Infinite Blades","Flechettes"],"picked":"Catalyst","floor":2.0},{"not_picked":["Bouncing Flask","Deadly Poison"],"picked":"Predator","floor":3.0},{"not_picked":["Prepared","Expertise"],"picked":"Dash","floor":4.0},{"not_picked":["Deflect","Backflip"],"picked":"Quick Slash","floor":5.0},{"not_picked":["Prepared","Footwork","Riddle With Holes"],"picked":"SKIP","floor":6.0},{"not_picked":["Flying Knee","Tools of the Trade"],"picked":"Acrobatics","floor":8.0},{"not_picked":["Prepared","Acrobatics"],"picked":"Poisoned Stab","floor":10.0},{"not_picked":["Slice","Quick Slash"],"picked":"Noxious Fumes","floor":12.0},{"not_picked":["Riddle With Holes","Infinite Blades"],"picked":"Endless Agony","floor":13.0},{"not_picked":["Blade Dance","Acrobatics"],"picked":"Dagger Throw","floor":14.0},{"not_picked":["Envenom","Adrenaline"],"picked":"Burst","floor":16.0},{"not_picked":["Underhanded Strike","Dagger Spray","Flying Knee"],"picked":"SKIP","floor":18},{"not_picked":["Caltrops","Accuracy"],"picked":"Terror","floor":20},{"not_picked":["Flying Knee","Dagger Spray"],"picked":"Poisoned Stab+1","floor":22}],"player_experience":873200,"relics_obtained":[{"floor":6.0,"key":"Nunchaku"},{"floor":8.0,"key":"Anchor"},{"floor":9.0,"key":"Centennial Puzzle"},{"floor":12.0,"key":"Odd Mushroom"}],"event_choices":[{"cards_removed":["Strike_G"],"damage_healed":0.0,"max_hp_gain":0.0,"max_hp_loss":0.0,"gold_gain":0.0,"event_name":"Living Wall","player_choice":"Forget","floor":7.0,"gold_loss":0.0,"damage_taken":0.0},{"damage_healed":0.0,"max_hp_gain":0.0,"max_hp_loss":0.0,"gold_gain":0.0,"event_name":"Mushrooms","player_choice":"Fought Mushrooms","floor":12.0,"gold_loss":0.0,"damage_taken":0.0},{"damage_healed":0,"gold_gain":0,"player_choice":"Bought 2 Potions","damage_taken":0,"max_hp_gain":0,"max_hp_loss":0,"event_name":"The Woman in Blue","floor":19,"gold_loss":0},{"damage_healed":0,"gold_gain":0,"cards_transformed":["Strike_G"],"player_choice":"Transformed","damage_taken":0,"max_hp_gain":0,"max_hp_loss":0,"event_name":"Transmorgrifier","floor":21,"gold_loss":0,"cards_obtained":["Bullet Time"]}],"is_beta":false,"boss_relics":[{"not_picked":["Runic Dome","Coffee Dripper"],"picked":"Black Star"}],"items_purged_floors":[11],"is_endless":false,"potions_floor_spawned":[1,2,3,5,6,13,18],"killed_by":"Slavers","ascension_level":13}}