{"host":"hf83sijwe64ts2lm","time":1613869120,"event":{"mods":["2.2 Compatiblity","BaseMod","Better Altar","Better Match","Better Note","Better Sensory Stone","Better Skull","Better Third Choice","Colored Map","Colored Powertips","Highlight Path","Hubris","Infinite Spire","Minty Spire (QoL Compilation)","Quick Restart","Rare Cards Sparkle","Relic Stats","Reliquary","Replay The Spire","Shop Mod","Spicy Shops","Spire Arcade","StSLib","Thieving Mod"],"gold_per_floor":[110,140,140,41,56,56,83,83,107,123,123,154,154,174,174,271,271,288,213,213,223,223,223,250,250,250,261,32,32,32],"floor_reached":31,"language":"ENG","playtime":674,"items_purged":[],"score":301,"play_id":"437855e0-36c2-4c32-8bd6-9f733136df32","local_time":"20210220195840","is_ascension_mode":true,"campfire_choices":[{"data":"Inflame","floor":6,"key":"SMITH"},{"floor":8,"key":"REST"},{"floor":11,"key":"REST"},{"floor":13,"key":"RECALL"},{"floor":15,"key":"REST"},{"floor":23,"key":"REST"},{"floor":25,"key":"REST"}],"circlet_count":0,"master_deck":["Strike_R+1","Strike_R","Strike_R","Strike_R","Strike_R","Defend_R","Defend_R","Defend_R+1","Defend_R","Bash","Specialist","Cleave","Inflame+1","Rage","Flame Barrier","Run Through","Wild Strike","Immolate","Sickly","Bash","Feed","infinitespire:Oblivion","Metallicize+1","Hemogenesis","Spot Weakness","Evolve"],"relics":["Burning Blood","Tiny Chest","hubris:Teleporter","TungstenRod","Nloth\u0027s Gift","Simple Rune","Shovel","hubris:Towel","Vajra"],"acts_visited":["Exordium","TheCity"],"potions_floor_usage":[2,12,14,16],"damage_taken":[{"damage":0,"enemies":"Small Slimes","floor":1,"turns":3},{"damage":2,"enemies":"Cultist","floor":2,"turns":4},{"damage":7,"enemies":"2 Louse","floor":5,"turns":3},{"damage":40,"enemies":"3 Sentries","floor":7,"turns":8},{"damage":21,"enemies":"Gremlin Gang","floor":10,"turns":3},{"damage":22,"enemies":"Gremlin Nob","floor":12,"turns":5},{"damage":13,"enemies":"2 Fungi Beasts","floor":14,"turns":4},{"damage":48,"enemies":"Fading Forest","floor":16,"turns":11},{"damage":44,"enemies":"Chosen","floor":18,"turns":7},{"damage":26,"enemies":"Shell Parasite","floor":22,"turns":5},{"damage":32,"enemies":"Centurion and Healer","floor":29,"turns":6},{"damage":39,"enemies":"Snake Plant","floor":31,"turns":4}],"seed_played":"-434473349245799634","potions_obtained":[{"floor":1,"key":"ColorlessPotion"},{"floor":10,"key":"Fire Potion"},{"floor":12,"key":"Energy Potion"},{"floor":14,"key":"SteroidPotion"}],"is_trial":false,"path_per_floor":["M","M","?","$","M","R","E","R","T","M","R","E","R","M","R","B",null,"M","?","?","M","R","R","T","T","?","M","$","M"],"character_chosen":"IRONCLAD","items_purchased":["Inflame","Vajra","Evolve"],"campfire_rested":5,"item_purchase_floors":[4,30,30],"current_hp_per_floor":[80,80,80,80,79,79,45,69,69,54,78,62,62,55,79,37,69,31,31,31,11,35,59,59,59,59,33,33,0,0],"gold":32,"neow_bonus":"RANDOM_COLORLESS","is_daily":false,"chose_seed":false,"campfire_upgraded":1,"win_rate":0.0,"timestamp":1613869120,"path_taken":["M","M","?","$","M","R","E","R","T","?","R","E","R","M","R","BOSS","M","?","?","M","R","R","T","?","?","?","$","M"],"items_purchased_type":["Card","Relic","Card"],"build_version":"2020-12-22","purchased_purges":0,"victory":false,"max_hp_per_floor":[80,80,80,80,80,80,80,80,80,80,80,80,80,80,80,80,80,80,80,80,80,80,80,80,80,80,80,80,80,80],"relic_stats":{"Shovel":0,"counters":[12,63],"Tiny Chest":1,"Nloth\u0027s Gift":0,"obtain_stats":[{"hubris:Teleporter":7,"Shovel":27,"Vajra":30,"Tiny Chest":3,"Simple Rune":26,"ReplayTheSpireMod:SealedPack":17,"Nloth\u0027s Gift":20,"hubris:Towel":28,"Burning Blood":0,"TungstenRod":12},{"hubris:Teleporter":4,"Shovel":10,"Vajra":11,"Tiny Chest":2,"Simple Rune":10,"ReplayTheSpireMod:SealedPack":8,"Nloth\u0027s Gift":9,"hubris:Towel":10,"Burning Blood":0,"TungstenRod":6},{"hubris:Teleporter":18,"Shovel":53,"Vajra":59,"Tiny Chest":7,"Simple Rune":53,"ReplayTheSpireMod:SealedPack":41,"Nloth\u0027s Gift":48,"hubris:Towel":53,"Burning Blood":0,"TungstenRod":26}],"Burning Blood":56,"TungstenRod":28},"card_choices":[{"not_picked":["Impatience","Survey Options"],"picked":"Specialist","floor":0},{"not_picked":["Anger","Feel No Pain"],"picked":"Clothesline","floor":1},{"not_picked":["Replay:Undeath\u0027s Touch","Anger"],"picked":"Cleave","floor":2},{"not_picked":["hubris:ReadiedAction","Perfected Strike"],"picked":"Rage","floor":5},{"not_picked":["Dark Embrace","Sentinel","Second Wind"],"picked":"SKIP","floor":7},{"not_picked":["hubris:ReadiedAction","Entrench"],"picked":"Flame Barrier","floor":10},{"not_picked":["hubris:StunningStrike","Rage"],"picked":"Run Through","floor":12},{"not_picked":["Massacre","Replay:Undeath\u0027s Touch"],"picked":"Wild Strike","floor":14},{"not_picked":["Barricade","Corruption"],"picked":"Immolate","floor":16},{"not_picked":["Dualcast","Vigilance"],"picked":"Bash","floor":17},{"not_picked":["Fiend Fire","hubris:StunningStrike"],"picked":"Feed","floor":17},{"not_picked":["hubris:Insight","Deep Breath"],"picked":"Replay:Sssssssssshield","floor":17},{"not_picked":["infinitespire:TheBestDefense","infinitespire:NeuralNetwork"],"picked":"infinitespire:Oblivion","floor":17},{"not_picked":["Sword Boomerang","Flex"],"picked":"Metallicize+1","floor":18},{"not_picked":["Body Slam+1","Iron Wave"],"picked":"Hemogenesis","floor":22},{"not_picked":["hubris:ReadiedAction","Clash+1"],"picked":"Spot Weakness","floor":29}],"player_experience":188455,"relics_obtained":[{"floor":7,"key":"hubris:Teleporter"},{"floor":12,"key":"TungstenRod"},{"floor":26,"key":"Simple Rune"},{"floor":27,"key":"Shovel"}],"event_choices":[{"cards_removed":["Clothesline"],"damage_healed":0,"gold_gain":0,"player_choice":"Gave Card","damage_taken":0,"relics_obtained":["Tiny Chest"],"max_hp_gain":0,"max_hp_loss":0,"event_name":"WeMeetAgain","floor":3,"gold_loss":0},{"cards_removed":["Replay:Sssssssssshield"],"damage_healed":0,"gold_gain":0,"player_choice":"Gave Gold","damage_taken":0,"max_hp_gain":0,"max_hp_loss":0,"event_name":"Beggar","floor":19,"gold_loss":75},{"damage_healed":0,"gold_gain":0,"player_choice":"Traded Relic","damage_taken":0,"relics_obtained":["Nloth\u0027s Gift"],"max_hp_gain":0,"max_hp_loss":0,"event_name":"N\u0027loth","floor":20,"relics_lost":["ReplayTheSpireMod:SealedPack"],"gold_loss":0}],"is_beta":false,"boss_relics":[{"not_picked":["Electric Blood","Replay:Wanted Poster"],"picked":"ReplayTheSpireMod:SealedPack"}],"items_purged_floors":[],"is_endless":false,"potions_floor_spawned":[1,10,12,14],"killed_by":"Snake Plant","ascension_level":5}}