{"host":"x205naxbihvu3p76","time":1613919373,"event":{"mods":["AchievementEnabler","BaseMod","Minty Spire (QoL Compilation)","StSLib","SuperFastMode"],"gold_per_floor":[113,113,188,113,125,155,155,173,226,239,269,287,43,55,55,55,55],"floor_reached":16,"language":"KOR","playtime":226,"items_purged":["Strike_R"],"score":267,"play_id":"ecf68885-a261-492d-868c-3a2607ea861e","local_time":"20210221235613","is_ascension_mode":true,"campfire_choices":[{"data":"Evolve","floor":7,"key":"SMITH"},{"floor":15,"key":"REST"}],"circlet_count":0,"master_deck":["AscendersBane","Strike_R","Strike_R","Strike_R","Strike_R","Defend_R","Defend_R","Defend_R","Bash","Evolve+1","Cleave","Twin Strike","Uppercut","Immolate"],"relics":["Burning Blood","NeowsBlessing","Bag of Marbles","Anchor","Gremlin Horn"],"acts_visited":["Exordium"],"potions_floor_usage":[11,11,16,16,16],"damage_taken":[{"damage":0,"enemies":"Small Slimes","floor":1,"turns":1},{"damage":0,"enemies":"2 Louse","floor":5,"turns":1},{"damage":0,"enemies":"Lagavulin","floor":6,"turns":1},{"damage":12,"enemies":"Jaw Worm","floor":8,"turns":3},{"damage":56,"enemies":"Exordium Thugs","floor":10,"turns":9},{"damage":8,"enemies":"Gremlin Nob","floor":11,"turns":3},{"damage":0,"enemies":"Large Slime","floor":12,"turns":4},{"damage":0,"enemies":"3 Louse","floor":14,"turns":1},{"damage":60,"enemies":"The Guardian","floor":16,"turns":9}],"seed_played":"-5433847312228889162","potions_obtained":[{"floor":8,"key":"Regen Potion"},{"floor":10,"key":"Strength Potion"},{"floor":11,"key":"EntropicBrew"},{"floor":14,"key":"Block Potion"}],"is_trial":false,"path_per_floor":["M","?","?","?","M","E","R","M","T","M","E","M","$","M","R","B"],"character_chosen":"IRONCLAD","items_purchased":["Immolate"],"campfire_rested":1,"item_purchase_floors":[13],"current_hp_per_floor":[74,74,63,63,69,75,75,69,69,19,26,32,32,38,60,0,0],"gold":55,"neow_bonus":"THREE_ENEMY_KILL","is_daily":false,"chose_seed":false,"campfire_upgraded":1,"win_rate":0.0,"timestamp":1613919373,"path_taken":["M","?","?","?","?","E","R","M","T","M","E","M","$","M","R","BOSS"],"items_purchased_type":["Card"],"build_version":"2020-12-22","purchased_purges":1,"victory":false,"max_hp_per_floor":[75,75,75,75,75,75,75,75,75,75,75,75,75,75,75,75,75],"card_choices":[{"not_picked":["Twin Strike","Iron Wave","Warcry"],"picked":"SKIP","floor":1},{"not_picked":["Flex","Havoc"],"picked":"Evolve","floor":5},{"not_picked":["Armaments","Evolve","Sentinel"],"picked":"SKIP","floor":6},{"not_picked":["Twin Strike","Clothesline"],"picked":"Cleave","floor":8},{"not_picked":["Clothesline","Iron Wave"],"picked":"Twin Strike","floor":10},{"not_picked":["Heavy Blade","Burning Pact"],"picked":"Uppercut","floor":11},{"not_picked":["Intimidate","Havoc","Seeing Red"],"picked":"SKIP","floor":12},{"not_picked":["Bludgeon","Thunderclap","Anger"],"picked":"SKIP","floor":14}],"player_experience":1037400,"relics_obtained":[{"floor":6,"key":"Bag of Marbles"},{"floor":9,"key":"Anchor"},{"floor":11,"key":"Gremlin Horn"}],"event_choices":[{"damage_healed":0,"gold_gain":0,"player_choice":"Ignored","damage_taken":0,"max_hp_gain":0,"max_hp_loss":0,"event_name":"Shining Light","floor":2,"gold_loss":0},{"damage_healed":0,"gold_gain":75,"player_choice":"Gather Gold","damage_taken":11,"max_hp_gain":0,"max_hp_loss":0,"event_name":"World of Goop","floor":3,"gold_loss":0},{"cards_removed":["Defend_R"],"damage_healed":0,"gold_gain":0,"player_choice":"Card Removal","damage_taken":0,"max_hp_gain":0,"max_hp_loss":0,"event_name":"The Cleric","floor":4,"gold_loss":75}],"is_beta":false,"boss_relics":[],"items_purged_floors":[13],"is_endless":false,"potions_floor_spawned":[8,10,11,14],"killed_by":"The Guardian","ascension_level":19}}