{"host":"xvy3lvo1k6zw37b4","time":1613946342,"event":{"mods":["Always Whale","BaseMod","Colored Map","Minty Spire (QoL Compilation)","Relic Stats","StSLib","everything is the same but u backflip on backflip"],"gold_per_floor":[113,388,400,8,21,48,48,48,95,128,128,140,169,169,169,248,248,266,31,49,49,49,81,96,96,96,112,112,137,137,171,171,247,247,267,267,70,89,109,141,158,176,203,221,555,566,592,552,552,552,552],"floor_reached":50,"language":"ENG","playtime":3241,"items_purged":["Pain"],"score":1240,"play_id":"065db8a1-48ef-422d-8090-e02309d43586","local_time":"20210221222542","is_ascension_mode":true,"campfire_choices":[{"data":"Apotheosis","floor":7,"key":"SMITH"},{"data":"Heavy Blade","floor":11,"key":"SMITH"},{"data":"Shrug It Off","floor":15,"key":"SMITH"},{"floor":28,"key":"RECALL"},{"data":"J.A.X.","floor":30,"key":"SMITH"},{"data":"Dual Wield","floor":32,"key":"SMITH"},{"data":"True Grit","floor":49,"key":"SMITH"}],"circlet_count":0,"master_deck":["AscendersBane","Strike_R","Strike_R+1","Strike_R","Strike_R","Strike_R+1","Defend_R","Defend_R","Defend_R","Bash","Pummel","Twin Strike","Apotheosis+1","Heavy Blade+1","Dual Wield+1","True Grit+1","Shrug It Off+1","Cleave","Berserk","Anger+1","Dropkick","Panache","Warcry","Ghostly","Ghostly","Ghostly","Ghostly","Ghostly","Sword Boomerang+1","J.A.X.+1","Bludgeon","Demon Form","Perfected Strike+1","Pommel Strike","Spot Weakness","True Grit+1","Intimidate","Inflame","Shrug It Off","Pommel Strike+1","True Grit+1","Sword Boomerang"],"relics":["Burning Blood","Incense Burner","Brimstone","Red Skull","Bag of Marbles","Blue Candle","Lantern","Boot","Velvet Choker","Happy Flower","Ice Cream","Whetstone","Omamori","Runic Cube","Sling","Oddly Smooth Stone","Old Coin","Singing Bowl"],"acts_visited":["Exordium","TheCity","TheBeyond"],"potions_floor_usage":[6,16,33,50],"damage_taken":[{"damage":11,"enemies":"Jaw Worm","floor":1,"turns":4},{"damage":4,"enemies":"Cultist","floor":3,"turns":3},{"damage":16,"enemies":"Small Slimes","floor":5,"turns":3},{"damage":29,"enemies":"3 Sentries","floor":6,"turns":5},{"damage":1,"enemies":"Lagavulin","floor":10,"turns":4},{"damage":0,"enemies":"Exordium Thugs","floor":12,"turns":2},{"damage":20,"enemies":"Gremlin Nob","floor":13,"turns":3},{"damage":22,"enemies":"Slime Boss","floor":16,"turns":5},{"damage":9,"enemies":"2 Thieves","floor":18,"turns":3},{"damage":8,"enemies":"Spheric Guardian","floor":20,"turns":3},{"damage":1,"enemies":"Book of Stabbing","floor":23,"turns":6},{"damage":0,"enemies":"Cultist and Chosen","floor":24,"turns":5},{"damage":1,"enemies":"3 Cultists","floor":27,"turns":2},{"damage":6,"enemies":"Gremlin Leader","floor":29,"turns":4},{"damage":1,"enemies":"Book of Stabbing","floor":31,"turns":3},{"damage":18,"enemies":"Champ","floor":33,"turns":5},{"damage":26,"enemies":"3 Darklings","floor":35,"turns":3},{"damage":0,"enemies":"Orb Walker","floor":38,"turns":1},{"damage":4,"enemies":"Transient","floor":39,"turns":5},{"damage":1,"enemies":"Nemesis","floor":40,"turns":5},{"damage":4,"enemies":"Sphere and 2 Shapes","floor":41,"turns":4},{"damage":3,"enemies":"Writhing Mass","floor":42,"turns":4},{"damage":2,"enemies":"Transient","floor":44,"turns":5},{"damage":1,"enemies":"Giant Head","floor":45,"turns":5},{"damage":13,"enemies":"Sphere and 2 Shapes","floor":46,"turns":5},{"damage":3,"enemies":"Reptomancer","floor":47,"turns":3},{"damage":62,"enemies":"Awakened One","floor":50,"turns":7}],"seed_played":"4365531946898762291","potions_obtained":[{"floor":3,"key":"SkillPotion"},{"floor":12,"key":"Weak Potion"},{"floor":13,"key":"Fire Potion"},{"floor":16,"key":"EssenceOfSteel"},{"floor":18,"key":"DistilledChaos"},{"floor":22,"key":"DuplicationPotion"},{"floor":35,"key":"ColorlessPotion"},{"floor":41,"key":"Ancient Potion"}],"is_trial":false,"path_per_floor":["M","?","M","$","M","E","R","?","T","E","R","M","E","?","R","B",null,"M","$","M","?","?","E","M","?","T","M","R","E","R","E","R","B",null,"M","?","$","M","M","E","M","M","T","M","E","M","E","?","R","B"],"character_chosen":"IRONCLAD","items_purchased":["Apotheosis","Brimstone","Dropkick","Panache","Sling","Pommel Strike"],"campfire_rested":0,"item_purchase_floors":[4,4,19,19,37,37],"current_hp_per_floor":[63,63,65,65,55,32,32,32,32,37,37,43,29,29,29,13,60,57,57,55,37,37,37,37,37,37,37,37,37,37,37,37,25,34,14,14,14,20,22,27,29,32,32,36,37,30,33,33,33,0,0],"gold":552,"neow_bonus":"ONE_RARE_RELIC","is_daily":false,"chose_seed":false,"campfire_upgraded":6,"win_rate":0.0,"timestamp":1613946342,"path_taken":["M","?","M","$","?","E","R","?","T","E","R","M","E","?","R","BOSS","M","$","M","?","?","E","?","?","T","M","R","E","R","E","R","BOSS","M","?","$","M","M","E","M","M","T","M","E","?","E","?","R","BOSS"],"items_purchased_type":["Card","Relic","Card","Card","Relic","Card"],"build_version":"2020-12-22","purchased_purges":1,"victory":false,"max_hp_per_floor":[75,75,75,75,75,75,75,75,75,75,75,75,75,75,75,75,75,75,75,75,37,37,37,37,37,37,37,37,37,37,37,37,37,37,37,37,37,37,37,37,37,37,37,37,37,37,37,37,37,37,37],"relic_stats":{"Happy Flower":[22],"Singing Bowl":0,"counters":[27,107],"Blue Candle":[0],"Whetstone":["Strike_R","Sword Boomerang"],"Boot":[15],"obtain_stats":[{"Ice Cream":26,"Lantern":13,"Happy Flower":23,"Singing Bowl":47,"Blue Candle":10,"Velvet Choker":17,"Oddly Smooth Stone":40,"Incense Burner":0,"Omamori":31,"Whetstone":29,"Boot":14,"Sling":37,"Burning Blood":0,"Old Coin":45,"Brimstone":4,"Bag of Marbles":9,"Red Skull":6,"Runic Cube":34},{"Ice Cream":12,"Lantern":7,"Happy Flower":11,"Singing Bowl":26,"Blue Candle":5,"Velvet Choker":8,"Oddly Smooth Stone":20,"Incense Burner":0,"Omamori":15,"Whetstone":14,"Boot":7,"Sling":17,"Burning Blood":0,"Old Coin":24,"Brimstone":2,"Bag of Marbles":4,"Red Skull":4,"Runic Cube":16},{"Ice Cream":46,"Lantern":24,"Happy Flower":41,"Singing Bowl":100,"Blue Candle":19,"Velvet Choker":29,"Oddly Smooth Stone":74,"Incense Burner":0,"Omamori":55,"Whetstone":52,"Boot":24,"Sling":63,"Burning Blood":0,"Old Coin":92,"Brimstone":7,"Bag of Marbles":15,"Red Skull":15,"Runic Cube":60}],"Burning Blood":131,"Runic Cube":[28]},"card_choices":[{"not_picked":["Seeing Red","Infernal Blade"],"picked":"Pummel","floor":1},{"not_picked":["Warcry","Pummel"],"picked":"Twin Strike","floor":3},{"not_picked":["Clothesline","Searing Blow"],"picked":"Heavy Blade","floor":5},{"not_picked":["Battle Trance","Flame Barrier"],"picked":"Dual Wield","floor":6},{"not_picked":["Ghostly Armor","Headbutt"],"picked":"True Grit","floor":10},{"not_picked":["Armaments","Second Wind"],"picked":"Shrug It Off","floor":12},{"not_picked":["True Grit","Iron Wave"],"picked":"Cleave","floor":13},{"not_picked":["Juggernaut","Brutality"],"picked":"Berserk","floor":16},{"not_picked":["Blood for Blood","Dropkick"],"picked":"Anger+1","floor":18},{"not_picked":["Second Wind","Thunderclap"],"picked":"Warcry","floor":20},{"not_picked":["Clash","Battle Trance","Clothesline"],"picked":"SKIP","floor":23},{"not_picked":["Fire Breathing","Twin Strike"],"picked":"Sword Boomerang","floor":24},{"not_picked":["Warcry","Clothesline","Twin Strike"],"picked":"SKIP","floor":27},{"not_picked":["Blood for Blood","Combust"],"picked":"Bludgeon","floor":29},{"not_picked":["Ghostly Armor","Iron Wave","Rampage"],"picked":"SKIP","floor":31},{"not_picked":["Corruption","Berserk"],"picked":"Demon Form","floor":33},{"not_picked":["Havoc","Warcry"],"picked":"Perfected Strike+1","floor":35},{"not_picked":["Combust+1","Body Slam+1"],"picked":"Spot Weakness","floor":38},{"not_picked":["Rupture+1","Searing Blow"],"picked":"True Grit+1","floor":39},{"not_picked":["True Grit","Hemokinesis"],"picked":"Intimidate","floor":40},{"not_picked":["Sword Boomerang+1","Heavy Blade"],"picked":"Inflame","floor":41},{"not_picked":["Thunderclap","Rampage"],"picked":"Shrug It Off","floor":42},{"not_picked":["Pummel","Iron Wave"],"picked":"Pommel Strike","floor":44},{"not_picked":["Combust","Clothesline","Carnage"],"picked":"SKIP","floor":45},{"not_picked":["Cleave","Berserk"],"picked":"True Grit+1","floor":46},{"not_picked":["Bloodletting","Warcry"],"picked":"Sword Boomerang","floor":47}],"player_experience":2116312,"relics_obtained":[{"floor":6,"key":"Red Skull"},{"floor":9,"key":"Bag of Marbles"},{"floor":10,"key":"Blue Candle"},{"floor":13,"key":"Lantern"},{"floor":23,"key":"Happy Flower"},{"floor":26,"key":"Ice Cream"},{"floor":29,"key":"Whetstone"},{"floor":31,"key":"Omamori"},{"floor":40,"key":"Oddly Smooth Stone"},{"floor":45,"key":"Old Coin"},{"floor":47,"key":"Singing Bowl"}],"event_choices":[{"damage_healed":0,"gold_gain":275,"player_choice":"Desecrate","damage_taken":0,"max_hp_gain":0,"max_hp_loss":0,"event_name":"Golden Shrine","floor":2,"gold_loss":0,"cards_obtained":["Regret"]},{"cards_removed":["Regret"],"damage_healed":0,"gold_gain":0,"player_choice":"Forget","damage_taken":0,"max_hp_gain":0,"max_hp_loss":0,"event_name":"Living Wall","floor":8,"gold_loss":0},{"damage_healed":0,"gold_gain":0,"player_choice":"Gave Potion","damage_taken":0,"relics_obtained":["Boot"],"max_hp_gain":0,"max_hp_loss":0,"event_name":"WeMeetAgain","floor":14,"gold_loss":0},{"damage_healed":0,"gold_gain":0,"player_choice":"Became a Ghost","damage_taken":0,"max_hp_gain":0,"max_hp_loss":38,"event_name":"Ghosts","floor":21,"gold_loss":0,"cards_obtained":["Ghostly","Ghostly","Ghostly","Ghostly","Ghostly"]},{"damage_healed":0,"gold_gain":0,"player_choice":"Got Potions","damage_taken":0,"max_hp_gain":0,"max_hp_loss":0,"event_name":"Lab","floor":22,"gold_loss":0},{"damage_healed":0,"gold_gain":0,"player_choice":"Obtain J.A.X.","damage_taken":0,"max_hp_gain":0,"max_hp_loss":0,"event_name":"Drug Dealer","floor":25,"gold_loss":0,"cards_obtained":["J.A.X."]},{"cards_removed":["Defend_R"],"damage_healed":0,"gold_gain":0,"player_choice":"Purged","damage_taken":0,"max_hp_gain":0,"max_hp_loss":0,"event_name":"Purifier","floor":36,"gold_loss":0},{"damage_healed":0,"gold_gain":0,"player_choice":"Upgraded Two","damage_taken":0,"max_hp_gain":0,"max_hp_loss":0,"event_name":"Designer","floor":48,"gold_loss":40,"cards_upgraded":["Pommel Strike","Strike_R"]}],"is_beta":false,"boss_relics":[{"not_picked":["Pandora\u0027s Box","Philosopher\u0027s Stone"],"picked":"Velvet Choker"},{"not_picked":["Mark of Pain","Snecko Eye"],"picked":"Runic Cube"}],"items_purged_floors":[4],"is_endless":false,"potions_floor_spawned":[3,12,13,16,18,20,23,31,35,38,41,44,46],"killed_by":"Awakened One","ascension_level":14}}