{"host":"y0i0tbisecj7yjyn","time":1613897320,"event":{"mods":["2.2 Compatiblity","AchievementEnabler","AlwaysNeverKeys","BaseMod","Better Third Choice","BetterRewards","Colored Map","Colored Powertips","Curses Come First","Disable Question Mark Monsters","Displayed Cursed Tome","Highlight Path","Keyboard Shortcuts","Minty Spire (QoL Compilation)","Quick Restart","Random Character Button","Rare Cards Sparkle","Relic Stats","Reliquary","Smile Girya","StSLib","SuperFastMode","Transform Curses","Weighted Paths"],"gold_per_floor":[110,124,124,140,160,160,186,197,224,252,217,285,140,173,173,271,271,290,319,166,166,180,208,52,52,52,67,67,67],"floor_reached":28,"language":"ENG","playtime":1295,"items_purged":[],"score":307,"play_id":"01370727-5146-476e-b02f-266adce7c231","local_time":"20210221024840","is_ascension_mode":true,"campfire_choices":[{"data":"White Noise","floor":6.0,"key":"SMITH"},{"floor":15.0,"key":"REST"},{"floor":25,"key":"REST"}],"circlet_count":0,"master_deck":["Strike_B+1","Strike_B","Strike_B+1","Strike_B","Defend_B","Defend_B","Defend_B+1","Defend_B","Zap+1","Dualcast+1","Ball Lightning+1","Conserve Battery","Jack Of All Trades","Zap","White Noise+1","Redo","Cold Snap","Storm","Creative AI","Conserve Battery+1","Melter","Self Repair+1","Thunder Strike","Decay","Heatsinks+1"],"relics":["Cracked Core","reliquary:Buckler","Whetstone","DataDisk","reliquary:Boomerang","War Paint","Cursed Key","Red Mask","HandDrill","reliquary:TatteredRug","Ancient Tea Set","Bottled Lightning","reliquary:Firecrackers"],"acts_visited":["Exordium","TheCity"],"potions_floor_usage":[23,23],"damage_taken":[{"damage":0.0,"enemies":"Small Slimes","floor":1.0,"turns":3.0},{"damage":1.0,"enemies":"Cultist","floor":2.0,"turns":3.0},{"damage":0.0,"enemies":"2 Louse","floor":4.0,"turns":2.0},{"damage":9.0,"enemies":"Large Slime","floor":5.0,"turns":6.0},{"damage":10.0,"enemies":"3 Sentries","floor":7.0,"turns":2.0},{"damage":9.0,"enemies":"2 Fungi Beasts","floor":8.0,"turns":3.0},{"damage":26.0,"enemies":"Gremlin Nob","floor":10.0,"turns":4.0},{"damage":35.0,"enemies":"Lagavulin","floor":14.0,"turns":4.0},{"damage":15.0,"enemies":"Slime Boss","floor":16.0,"turns":6.0},{"damage":2.0,"enemies":"Chosen","floor":18.0,"turns":3.0},{"damage":28.0,"enemies":"Masked Bandits","floor":19.0,"turns":4.0},{"damage":14.0,"enemies":"Shell Parasite","floor":22.0,"turns":5.0},{"damage":16,"enemies":"Gremlin Leader","floor":23,"turns":8},{"damage":18,"enemies":"Snake Plant","floor":27,"turns":4},{"damage":50,"enemies":"Book of Stabbing","floor":28,"turns":4}],"seed_played":"2113709771866616856","potions_obtained":[{"floor":2.0,"key":"AttackPotion"},{"floor":4.0,"key":"PowerPotion"},{"floor":14.0,"key":"Weak Potion"},{"floor":16.0,"key":"DistilledChaos"},{"floor":18.0,"key":"SmokeBomb"},{"floor":19.0,"key":"ColorlessPotion"}],"is_trial":false,"path_per_floor":["M","M","?","M","M","R","E","M","T","E","?","?","$","E","R","B",null,"M","?","$","?","M","E","$","R","T","M","E"],"character_chosen":"DEFECT","items_purchased":["reliquary:Boomerang","HandDrill","Bottled Lightning"],"campfire_rested":2,"item_purchase_floors":[13,20,24],"current_hp_per_floor":[82,81,81,81,72,72,62,53,53,27,47,47,47,12,36,21,82,80,52,52,52,38,32,32,56,56,48,0,0],"gold":67,"neow_bonus":"TEN_PERCENT_HP_BONUS","is_daily":false,"chose_seed":false,"campfire_upgraded":1,"win_rate":0.0,"timestamp":1613897320,"path_taken":["M","M","?","M","M","R","E","?","T","E","?","?","$","E","R","BOSS","M","?","$","?","M","E","$","R","T","M","E"],"items_purchased_type":["Relic","Relic","Relic"],"build_version":"2020-12-22","purchased_purges":0,"victory":false,"max_hp_per_floor":[82,82,82,82,82,82,82,82,82,82,82,82,82,82,82,82,82,82,82,82,82,82,82,82,82,82,82,82,82],"relic_stats":{"counters":[43,192],"HandDrill":[12],"Whetstone":["Strike_B","Gash","Strike_B","Strike_B"],"War Paint":["Zap","Defend_B"],"Cursed Key":1,"obtain_stats":[{"reliquary:Boomerang":13,"Happy Flower":13,"Golden Idol":4,"reliquary:Firecrackers":26,"reliquary:TatteredRug":21,"Bag of Preparation":14,"Whetstone":9,"War Paint":14,"Ancient Tea Set":8,"Cursed Key":17,"reliquary:HotPoker":6,"DataDisk":10,"reliquary:Buckler":7,"reliquary:RoseTintedGlasses":9,"Art of War":7,"reliquary:TuningFork":11,"Red Mask":19,"HandDrill":20,"Bottled Lightning":24,"reliquary:WritOfMandamus":17,"Cracked Core":0,"reliquary:SharkskinSheath":0},{"reliquary:Boomerang":35,"Happy Flower":7,"Golden Idol":21,"reliquary:Firecrackers":41,"reliquary:TatteredRug":39,"Bag of Preparation":8,"Whetstone":24,"War Paint":36,"Ancient Tea Set":24,"Cursed Key":37,"reliquary:HotPoker":23,"DataDisk":35,"reliquary:Buckler":33,"reliquary:RoseTintedGlasses":4,"Art of War":4,"reliquary:TuningFork":6,"Red Mask":39,"HandDrill":39,"Bottled Lightning":41,"reliquary:WritOfMandamus":9,"Cracked Core":0,"reliquary:SharkskinSheath":13},{"reliquary:Boomerang":154,"Happy Flower":27,"Golden Idol":99,"reliquary:Firecrackers":184,"reliquary:TatteredRug":171,"Bag of Preparation":35,"Whetstone":118,"War Paint":158,"Ancient Tea Set":118,"Cursed Key":164,"reliquary:HotPoker":112,"DataDisk":154,"reliquary:Buckler":147,"reliquary:RoseTintedGlasses":15,"Art of War":15,"reliquary:TuningFork":24,"Red Mask":171,"HandDrill":171,"Bottled Lightning":184,"reliquary:WritOfMandamus":48,"Cracked Core":0,"reliquary:SharkskinSheath":68}]},"card_choices":[{"not_picked":["Conserve Battery","Coolheaded"],"picked":"Ball Lightning","floor":1.0},{"not_picked":["Steam","Cold Snap"],"picked":"Conserve Battery","floor":2.0},{"not_picked":["Steam Power","Rebound"],"picked":"White Noise","floor":4.0},{"not_picked":["Steam","Coolheaded"],"picked":"Redo","floor":5.0},{"not_picked":["Compile Driver","Coolheaded"],"picked":"Cold Snap","floor":7.0},{"not_picked":["Glacier","Fission","Streamline"],"picked":"SKIP","floor":8.0},{"not_picked":["Go for the Eyes","Fusion"],"picked":"Storm","floor":10.0},{"not_picked":["Streamline","Reinforced Body","Go for the Eyes"],"picked":"SKIP","floor":14.0},{"not_picked":["Hyperbeam","Rainbow"],"picked":"Creative AI","floor":16.0},{"not_picked":["Hologram","Doom and Gloom+1"],"picked":"Conserve Battery+1","floor":18.0},{"not_picked":["Compile Driver","Beam Cell"],"picked":"Melter","floor":19.0},{"not_picked":["Steam","Compile Driver"],"picked":"Self Repair+1","floor":22.0},{"not_picked":["Multi-Cast","Static Discharge"],"picked":"Thunder Strike","floor":23},{"not_picked":["Chill","Barrage"],"picked":"Heatsinks+1","floor":27}],"player_experience":491951,"relics_obtained":[{"floor":7.0,"key":"reliquary:Buckler"},{"floor":9.0,"key":"Whetstone"},{"floor":10.0,"key":"DataDisk"},{"floor":14.0,"key":"War Paint"},{"floor":19.0,"key":"Red Mask"},{"floor":23,"key":"Ancient Tea Set"},{"floor":26,"key":"reliquary:Firecrackers"}],"event_choices":[{"damage_healed":0.0,"max_hp_gain":0.0,"max_hp_loss":0.0,"gold_gain":0.0,"event_name":"Match and Keep!","player_choice":"2 cards matched","floor":3.0,"gold_loss":0.0,"damage_taken":0.0,"cards_obtained":["Jack Of All Trades","Zap"]},{"damage_healed":20.0,"max_hp_gain":0.0,"max_hp_loss":0.0,"gold_gain":0.0,"event_name":"The Cleric","player_choice":"Healed","floor":11.0,"gold_loss":35.0,"damage_taken":0.0},{"damage_healed":0.0,"max_hp_gain":0.0,"max_hp_loss":0.0,"gold_gain":68.0,"event_name":"Golden Wing","player_choice":"Gained Gold","floor":12.0,"gold_loss":0.0,"damage_taken":0.0},{"damage_healed":0.0,"max_hp_gain":0.0,"max_hp_loss":0.0,"gold_gain":0.0,"event_name":"Masked Bandits","player_choice":"Fought Bandits","floor":19.0,"gold_loss":0.0,"damage_taken":0.0},{"damage_healed":0.0,"max_hp_gain":0.0,"max_hp_loss":0.0,"gold_gain":0.0,"event_name":"The Mausoleum","player_choice":"Opened","floor":21.0,"gold_loss":0.0,"damage_taken":0.0,"relics_obtained":["reliquary:TatteredRug"]}],"is_beta":false,"boss_relics":[{"not_picked":["Tiny House","Velvet Choker"],"picked":"Cursed Key"}],"items_purged_floors":[],"is_endless":false,"potions_floor_spawned":[2,4,14,16,18,19],"killed_by":"Book of Stabbing","ascension_level":4}}