{"host":"w2kjv12xyhtt0cv2","time":1613928519,"event":{"mods":["100% Spire Juice","Act Like it!","BaseMod","Colored Map","Friendly Minions","Gensokyo","GifTheSpireLib","Highlight Path","Hubris","Marisa（F雨　魔理沙）","Minty Spire (QoL Compilation)","Prisma Mod","Quick Restart","Reimu（博丽灵梦）","Relic Stats","Reliquary","Replay The Spire","Robot Space Explorer","RumiaBox-露米娅的神秘盒子","Shop Mod","Spicy Shops","StSLib","The Bug Knight","The Cursed","The Dragon Tamer","The Servant 0.9.4","UnlockEverythingMod","Waifu the Spire","[功能]功能增强和修复MOD","【功能Mod】Neow奖励","【遗物卡牌】REMEMod","没有小屋子和绿帽子啦"],"gold_per_floor":[216,216,216,216,8,46,72,72,97,150,150,191,210,256,256,371,371,396,671,201,201,67,108,108,156,183,1,42,69,110,209,209,335,335,359,387,209,275,275,324,324,389,389,446,468,512,562,583,583,613,613,613,46,103,127],"floor_reached":56,"language":"ZHS","playtime":3496,"items_purged":["HollowMod:NailStrikeStart","HollowMod:NailStrikeStart","HollowMod:FocusHealStart","HollowMod:NailStrikeStart+1"],"score":2098,"play_id":"76e14456-6c30-4474-8f25-0e8ccb0edd3a","local_time":"20210222012839","is_ascension_mode":true,"campfire_choices":[{"data":"PrismaMod:IllyaCarnivalOrbs","floor":8.0,"key":"SMITH"},{"data":"HollowMod:SharpenedShadows","floor":11.0,"key":"SMITH"},{"data":"HollowMod:SharpenedShadows","floor":15.0,"key":"SMITH"},{"data":"HollowMod:VoidDash","floor":32.0,"key":"SMITH"},{"floor":49.0,"key":"RECALL"},{"data":"Bloodletting","floor":52,"key":"SMITH"}],"circlet_count":0,"master_deck":["HollowMod:QuickDashStart","HollowMod:QuickDashStart","HollowMod:QuickDashStart","HollowMod:PogoStrike+1","PrismaMod:IllyaCarnivalOrbs+1","HollowMod:SharpenedShadows+1","HollowMod:SharpenedShadows+1","HollowMod:ShadowDash","HollowMod:NewLittleFool+1","HollowMod:WraithStrike+1","HollowMod:VoidDash+1","HollowMod:CloakDash","HollowMod:CloakDash","Life Link+1","HollowMod:HuntersJournal+1","HollowMod:CloakDash","HollowMod:SiblingsShadow","HollowMod:CloakDash","HollowMod:CloakDash+1","HollowMod:HuntersJournal","Rampage","Bloodletting+1","hubris:ReadiedAction","HollowMod:ShadowDash"],"relics":["HollowMod:VesselMask","REME_ComplimentaryCards","Replay:Bandana","Ancient Tea Set","Bag of Preparation","Omamori","Whetstone","REME_HandOfSuture","AddBug","Whetstone","Membership Card","GodSword4","hubris:DisguiseKit","Oddly Smooth Stone","reliquary:RosewoodLute","GodSword7","Oddly Smooth Stone","Question Card","hubris:BottledHeart","Bottled Tornado","Vajra","reliquary:BrokenClock","Pear","Anchor","MealTicket","Black Star","hubris:CuriousFeather","REME_CardOfGreed","CatCart","hubris:TenFootPole","hubris:FunFungus","Onion Ring","REME_PuzzleBoxRelic","hubris:BundleOfHerbs","Turnip","reliquary:Aerogel","reliquary:SilkGlove","Incense Burner","Strawberry","Guide Book","GodSword3","HandDrill","ReplayFunnel","FossilizedHelix","Nunchaku"],"acts_visited":["Exordium","TheCity","TheBeyond","TheEnding"],"potions_floor_usage":[55],"damage_taken":[{"damage":0.0,"enemies":"2 Louse","floor":1.0,"turns":2.0},{"damage":8.0,"enemies":"Lagavulin","floor":6.0,"turns":7.0},{"damage":7.0,"enemies":"Small Slimes","floor":7.0,"turns":3.0},{"damage":16.0,"enemies":"Gremlin Nob","floor":10.0,"turns":3.0},{"damage":0.0,"enemies":"Lagavulin","floor":12.0,"turns":5.0},{"damage":0.0,"enemies":"Cultist","floor":13.0,"turns":2.0},{"damage":2.0,"enemies":"Gremlin Nob","floor":14.0,"turns":3.0},{"damage":21.0,"enemies":"The Guardian","floor":16.0,"turns":5.0},{"damage":0.0,"enemies":"Chosen","floor":18.0,"turns":3.0},{"damage":0.0,"enemies":"Slavers","floor":23.0,"turns":1.0},{"damage":0.0,"enemies":"Gremlin Leader","floor":25.0,"turns":4.0},{"damage":0.0,"enemies":"Slavers","floor":28.0,"turns":3.0},{"damage":0.0,"enemies":"Spheric Guardian","floor":29.0,"turns":2.0},{"damage":0.0,"enemies":"Book of Stabbing","floor":30.0,"turns":3.0},{"damage":0.0,"enemies":"Collector","floor":33.0,"turns":4.0},{"damage":0.0,"enemies":"Orb Walker","floor":35.0,"turns":1.0},{"damage":0.0,"enemies":"Orin","floor":38.0,"turns":6.0},{"damage":0.0,"enemies":"R_Hoarder","floor":40.0,"turns":5.0},{"damage":0.0,"enemies":"Giant Head","floor":42.0,"turns":4.0},{"damage":0.0,"enemies":"Reptomancer","floor":44.0,"turns":3.0},{"damage":0.0,"enemies":"3 Shapes","floor":45.0,"turns":2.0},{"damage":0.0,"enemies":"R_Hoarder","floor":46.0,"turns":5.0},{"damage":0.0,"enemies":"Nemesis","floor":47.0,"turns":3.0},{"damage":0.0,"enemies":"Maw","floor":48.0,"turns":3.0},{"damage":0,"enemies":"Donu and Deca","floor":50,"turns":5},{"damage":0,"enemies":"Shield and Spear","floor":54,"turns":2},{"damage":0,"enemies":"The Heart","floor":55,"turns":3}],"seed_played":"-7947745243253236885","potions_obtained":[{"floor":7.0,"key":"Strength Potion"},{"floor":12.0,"key":"Adrenaline Potion"},{"floor":13.0,"key":"Fire Potion"},{"floor":16.0,"key":"Doom Potion"},{"floor":25.0,"key":"Explosive Potion"},{"floor":30.0,"key":"Fruit Juice"},{"floor":33.0,"key":"SteroidPotion"},{"floor":35.0,"key":"GrandPatriotsElixir:ReiMu"},{"floor":44.0,"key":"PowerPotion"},{"floor":46.0,"key":"Milkshake"}],"is_trial":false,"path_per_floor":["M","?","?","?","$","E","M","R","T","E","R","E","M","E","R","B",null,"M","?","$","T","$","E","?","E","T","$","E","M","E","?","R","B",null,"M","?","$","?","?","E","?","E","T","E","M","E","E","M","R_BF","B",null,"R","$","E","B",null],"character_chosen":"THE_BUGKNIGHT","items_purchased":["HollowMod:SharpenedShadows","Membership Card","GodSword4","hubris:DisguiseKit","Oddly Smooth Stone","GodSword7","HollowMod:CloakDash","reliquary:BrokenClock","Pear","HollowMod:HuntersJournal","REME_CardOfGreed","Strawberry","Guide Book","GodSword3","HandDrill","ReplayFunnel","EntropicBrew"],"campfire_rested":0,"item_purchase_floors":[5,20,20,20,20,22,22,27,27,27,37,53,53,53,53,53,53],"current_hp_per_floor":[75,68,68,50,50,48,41,41,41,35,35,45,45,49,49,28,75,75,75,75,75,75,75,1,1,1,1,1,1,1,1,1,1,1,1,1,1,1,1,1,1,1,1,1,1,1,1,1,1,1,1,1,1,1,1],"gold":127,"neow_bonus":"HUNDRED_GOLD","is_daily":false,"chose_seed":false,"campfire_upgraded":5,"win_rate":0.0,"timestamp":1613928519,"path_taken":["M","?","?","?","$","E","M","R","T","E","R","E","M","E","R","BOSS","M","?","$","?","$","E","?","E","T","?","E","M","E","?","R","BOSS","M","?","$","?","?","E","?","E","T","E","M","E","E","M","R_BF","BOSS","R","$","E","BOSS"],"items_purchased_type":["Card","Relic","Relic","Relic","Relic","Relic","Card","Relic","Relic","Card","Relic","Relic","Relic","Relic","Relic","Relic","Potion"],"build_version":"2020-12-22","purchased_purges":4,"victory":true,"max_hp_per_floor":[75,75,75,75,75,75,75,75,75,75,75,75,75,75,75,75,75,75,75,75,75,75,75,1,1,1,1,1,1,1,1,1,1,1,1,1,1,1,1,1,1,1,1,1,1,1,1,1,1,1,1,1,1,1,1],"relic_stats":{"Nunchaku":[1],"counters":[27,92],"MealTicket":0,"Turnip":[5],"Bag of Preparation":[48],"Black Star":6,"HandDrill":[0],"Whetstone":["HollowMod:PogoStrike","HollowMod:NailStrikeStart","HollowMod:NewLittleFool","HollowMod:WraithStrike"],"Question Card":16,"obtain_stats":[{"ReplayFunnel":53,"reliquary:SilkGlove":47,"reliquary:Aerogel":46,"Vajra":26,"HollowMod:VesselMask":0,"Bag of Preparation":9,"Incense Burner":47,"Whetstone":12,"Bottled Tornado":25,"Ancient Tea Set":6,"Replay:Bandana":4,"Nunchaku":54,"Strawberry":53,"MealTicket":30,"hubris:CuriousFeather":36,"hubris:FunFungus":40,"HandDrill":53,"hubris:DisguiseKit":20,"Pear":27,"Guide Book":53,"Oddly Smooth Stone":20,"AddBug":17,"Omamori":10,"reliquary:RosewoodLute":21,"Question Card":23,"Anchor":28,"hubris:BottledHeart":24,"Onion Ring":42,"REME_HandOfSuture":14,"GodSword7":22,"hubris:BundleOfHerbs":44,"Turnip":46,"reliquary:BrokenClock":27,"Black Star":34,"hubris:TenFootPole":40,"Membership Card":20,"REME_CardOfGreed":37,"GodSword4":20,"CatCart":38,"REME_PuzzleBoxRelic":42,"GodSword3":53,"FossilizedHelix":54,"REME_ComplimentaryCards":0},{"ReplayFunnel":25,"reliquary:SilkGlove":23,"reliquary:Aerogel":22,"Vajra":11,"HollowMod:VesselMask":0,"Bag of Preparation":3,"Incense Burner":23,"Whetstone":5,"Bottled Tornado":11,"Ancient Tea Set":2,"Replay:Bandana":1,"Nunchaku":26,"Strawberry":25,"MealTicket":14,"hubris:CuriousFeather":16,"hubris:FunFungus":18,"HandDrill":25,"hubris:DisguiseKit":9,"Pear":11,"Guide Book":25,"Oddly Smooth Stone":9,"AddBug":8,"Omamori":4,"reliquary:RosewoodLute":9,"Question Card":10,"Anchor":12,"hubris:BottledHeart":10,"Onion Ring":19,"REME_HandOfSuture":7,"GodSword7":9,"hubris:BundleOfHerbs":20,"Turnip":22,"reliquary:BrokenClock":11,"Black Star":15,"hubris:TenFootPole":18,"Membership Card":9,"REME_CardOfGreed":16,"GodSword4":9,"CatCart":17,"REME_PuzzleBoxRelic":19,"GodSword3":25,"FossilizedHelix":26,"REME_ComplimentaryCards":0},{"ReplayFunnel":87,"reliquary:SilkGlove":79,"reliquary:Aerogel":76,"Vajra":38,"HollowMod:VesselMask":0,"Bag of Preparation":12,"Incense Burner":79,"Whetstone":20,"Bottled Tornado":38,"Ancient Tea Set":9,"Replay:Bandana":2,"Nunchaku":89,"Strawberry":87,"MealTicket":46,"hubris:CuriousFeather":51,"hubris:FunFungus":62,"HandDrill":87,"hubris:DisguiseKit":33,"Pear":38,"Guide Book":87,"Oddly Smooth Stone":33,"AddBug":30,"Omamori":15,"reliquary:RosewoodLute":33,"Question Card":34,"Anchor":41,"hubris:BottledHeart":34,"Onion Ring":66,"REME_HandOfSuture":25,"GodSword7":33,"hubris:BundleOfHerbs":69,"Turnip":76,"reliquary:BrokenClock":38,"Black Star":50,"hubris:TenFootPole":62,"Membership Card":33,"REME_CardOfGreed":51,"GodSword4":33,"CatCart":57,"REME_PuzzleBoxRelic":66,"GodSword3":87,"FossilizedHelix":89,"REME_ComplimentaryCards":0}]},"card_choices":[{"not_picked":["HollowMod:HowlingWraiths","HollowMod:SoulStrike","HollowMod:ShadowDash"],"picked":"SKIP","floor":1.0},{"not_picked":["HollowMod:CoiledNail","HollowMod:PerfectDash","HollowMod:DreamGate"],"picked":"SKIP","floor":6.0},{"not_picked":["HollowMod:MonomonsArchive","HollowMod:MantisMark","HollowMod:NewGlowingWomb"],"picked":"SKIP","floor":7.0},{"not_picked":["HollowMod:PerfectDash","HollowMod:CornifersMapStart"],"picked":"HollowMod:ShadowDash","floor":10.0},{"not_picked":["HollowMod:GrimmsGift","HollowMod:SiblingsSouls","HollowMod:InfectedCysts"],"picked":"SKIP","floor":12.0},{"not_picked":["HollowMod:theNailsmith","HollowMod:VengefulVoid"],"picked":"HollowMod:NewLittleFool","floor":13.0},{"not_picked":["HollowMod:SiblingsSouls","HollowMod:VengefulSpirit"],"picked":"HollowMod:WraithStrike","floor":14.0},{"not_picked":["HollowMod:Weaversong","HollowMod:SoulMaster"],"picked":"HollowMod:VoidDash","floor":16.0},{"not_picked":["HollowMod:CoiledNail","HollowMod:DoubleDash+1"],"picked":"HollowMod:CloakDash","floor":18.0},{"not_picked":["HollowMod:DescendingDark","HollowMod:DoubleDash","HollowMod:NewInfectedGuardian","Perfected Strike"],"picked":"SKIP","floor":23.0},{"not_picked":["HollowMod:CornifersMapStart+1","HollowMod:NewLittleFool","HollowMod:LifebloodCocoon","HollowMod:DescendingDark"],"picked":"Life Link","floor":25.0},{"not_picked":["HollowMod:ShadowDash","HollowMod:WraithStrike","HollowMod:SharpenedNail+1","Evolve"],"picked":"HollowMod:CloakDash","floor":28.0},{"not_picked":["HollowMod:SoulSplash","HollowMod:ShadowDash","HollowMod:WraithStrike","Thunderclap"],"picked":"HollowMod:SiblingsShadow","floor":29.0},{"not_picked":["HollowMod:MonarchWings","HollowMod:SoulSplash","HollowMod:HerrahsAnger","HollowMod:InfectedAttack","REME_FearOfPain"],"picked":"SKIP","floor":30.0},{"not_picked":["HollowMod:SharpenedNail+1","HollowMod:FallenFury+1","HollowMod:ShapeofUnn+1","Wild Strike"],"picked":"HollowMod:CloakDash","floor":35.0},{"not_picked":["HollowMod:TaintedHusks","HollowMod:SharpenedNail","HollowMod:DescendingDark","Abandon"],"picked":"HollowMod:CloakDash+1","floor":36.0},{"not_picked":["HollowMod:MothsMistake+1","HollowMod:CornifersMapStart+1","HollowMod:SoulSplash+1","Heavy Blade"],"picked":"HollowMod:HuntersJournal","floor":38.0},{"not_picked":["HollowMod:NewJinnsSoul+1","HollowMod:DescendingDark","HollowMod:Grubsong+1","HollowMod:GoodIntentions+1","hubris:StunningStrike"],"picked":"SKIP","floor":40.0},{"not_picked":["HollowMod:NewJinnsSoul+1","HollowMod:DescendingDark","HollowMod:Grubsong+1","HollowMod:GoodIntentions+1","hubris:StunningStrike"],"picked":"SKIP","floor":40.0},{"not_picked":["HollowMod:ChannelNail+1","HollowMod:HerrahsAnger","HollowMod:InfectedAttack+1","HollowMod:HowlingWraiths"],"picked":"Rampage","floor":42.0},{"not_picked":["HollowMod:CycloneSlash+1","HollowMod:NewGlowingWomb+1","HollowMod:BaldurShell+1","HollowMod:BrokenVessel+1","Twin Strike"],"picked":"SKIP","floor":44.0},{"not_picked":["HollowMod:DescendingDark+1","HollowMod:SoulSplash+1","HollowMod:TaintedHusks+1","HollowMod:SlysStrikes"],"picked":"Bloodletting","floor":45.0},{"not_picked":["HollowMod:PureNailStrike","HollowMod:VengefulVoid+1","HollowMod:ShadowDash","HollowMod:CloakDash"],"picked":"hubris:ReadiedAction","floor":46.0},{"not_picked":["HollowMod:SharpenedNail","HollowMod:NewGlowingWomb+1","HollowMod:InfectedCysts+1","HollowMod:SoulSplash","ReplayTheSpireMod:Limb From Limb"],"picked":"SKIP","floor":47.0},{"not_picked":["HollowMod:MonomonsArchive+1","HollowMod:FastStrike+1","HollowMod:GreatSlash","HollowMod:DreamGate","Metallicize"],"picked":"SKIP","floor":48.0},{"not_picked":["HollowMod:DungDefenderAura","HollowMod:SoulShaman+1","HollowMod:CloakDash","Replay:Undeath\u0027s Touch"],"picked":"HollowMod:ShadowDash","floor":54}],"player_experience":264246,"relics_obtained":[{"floor":6.0,"key":"Ancient Tea Set"},{"floor":9.0,"key":"Bag of Preparation"},{"floor":10.0,"key":"Omamori"},{"floor":12.0,"key":"Whetstone"},{"floor":14.0,"key":"REME_HandOfSuture"},{"floor":18.0,"key":"Whetstone"},{"floor":21.0,"key":"reliquary:RosewoodLute"},{"floor":23.0,"key":"Oddly Smooth Stone"},{"floor":23.0,"key":"Question Card"},{"floor":25.0,"key":"Bottled Tornado"},{"floor":26.0,"key":"Vajra"},{"floor":28.0,"key":"Anchor"},{"floor":30.0,"key":"MealTicket"},{"floor":36.0,"key":"hubris:CuriousFeather"},{"floor":38.0,"key":"CatCart"},{"floor":40.0,"key":"hubris:TenFootPole"},{"floor":40.0,"key":"hubris:FunFungus"},{"floor":42.0,"key":"Onion Ring"},{"floor":42.0,"key":"REME_PuzzleBoxRelic"},{"floor":44.0,"key":"hubris:BundleOfHerbs"},{"floor":46.0,"key":"Turnip"},{"floor":46.0,"key":"reliquary:Aerogel"},{"floor":47.0,"key":"reliquary:SilkGlove"},{"floor":47.0,"key":"Incense Burner"},{"floor":54,"key":"FossilizedHelix"},{"floor":54,"key":"Nunchaku"}],"event_choices":[{"cards_removed":["HollowMod:NailStrikeStart"],"damage_healed":0.0,"max_hp_gain":0.0,"max_hp_loss":0.0,"gold_gain":0.0,"event_name":"Golden Wing","player_choice":"Card Removal","floor":2.0,"gold_loss":0.0,"damage_taken":7.0},{"damage_healed":0.0,"max_hp_gain":0.0,"max_hp_loss":0.0,"gold_gain":0.0,"event_name":"Scrap Ooze","player_choice":"Success","floor":4.0,"gold_loss":0.0,"damage_taken":18.0,"relics_obtained":["Replay:Bandana"]},{"damage_healed":0.0,"max_hp_gain":0.0,"max_hp_loss":0.0,"gold_gain":275.0,"event_name":"Golden Shrine","player_choice":"Desecrate","floor":19.0,"gold_loss":0.0,"damage_taken":0.0,"cards_obtained":["Regret"]},{"damage_healed":0.0,"max_hp_gain":0.0,"max_hp_loss":0.0,"gold_gain":99.0,"event_name":"Nest","player_choice":"Stole From Cult","floor":31.0,"gold_loss":0.0,"damage_taken":0.0},{"damage_healed":0.0,"max_hp_gain":0.0,"max_hp_loss":0.0,"gold_gain":0.0,"event_name":"OrinTheCat","player_choice":"Fight","floor":38.0,"gold_loss":0.0,"damage_taken":0.0},{"damage_healed":0.0,"max_hp_gain":0.0,"max_hp_loss":0.0,"gold_gain":0.0,"event_name":"Tomb of Lord Red Mask","player_choice":"Ignored","floor":39.0,"gold_loss":0.0,"damage_taken":0.0},{"damage_healed":0.0,"max_hp_gain":0.0,"max_hp_loss":0.0,"gold_gain":0.0,"event_name":"Wheel of Change","player_choice":"Full Heal","floor":41.0,"gold_loss":0.0,"damage_taken":0.0}],"is_beta":false,"boss_relics":[{"not_picked":["Velvet Choker","REME_LowDesire"],"picked":"AddBug"},{"not_picked":["hubris:Stopwatch","REME_DemonsWealth"],"picked":"Black Star"}],"items_purged_floors":[5,20,37,53],"is_endless":false,"potions_floor_spawned":[7,12,13,16,25,30,30,33,33,35,44,46,47,48],"ascension_level":2}}