{"host":"u9h06qdlnp3wgzsw","time":1613877010,"event":{"mods":["Act Like it!","BaseMod","Conspire","Curses Come First","Downfall","Hallownest","Hermit","Hubris","Minty Spire (QoL Compilation)","Quick Restart","Rare Cards Sparkle","Reliquary","Replay The Spire","Shop Mod","StSLib","The Bug Knight","The Disciple","The Servant 0.9.4"],"gold_per_floor":[110,22,22,36,36,65,76,101,101,101,106,106,126,126,126,228,228,242,255,273,287,287,287,287,287],"floor_reached":24,"language":"ENG","playtime":1903,"items_purged":["Normality"],"score":231,"play_id":"05b469a1-f6de-44ec-8770-95928639876d","local_time":"20210220221010","is_ascension_mode":false,"campfire_choices":[{"data":"HollowMod:FocusHealStart","floor":10,"key":"SMITH"},{"data":"HollowMod:MothsMistake","floor":12,"key":"SMITH"},{"floor":15,"key":"DIG"},{"floor":23,"key":"REST"}],"circlet_count":0,"master_deck":["HollowMod:NailStrikeStart","HollowMod:NailStrikeStart","HollowMod:NailStrikeStart","HollowMod:NailStrikeStart","HollowMod:QuickDashStart","HollowMod:QuickDashStart","HollowMod:QuickDashStart","HollowMod:QuickDashStart","HollowMod:FocusHealStart+1","HollowMod:PogoStrike","HollowMod:FallenFury+1","HollowMod:NewLittleFool","HollowMod:MothsMistake+1","HollowMod:NewGlowingWomb","HollowMod:SlysStrikes","HollowMod:CornifersMapStart","HollowMod:VengefulSpirit+1"],"relics":["HollowMod:VesselMask","NeowsBlessing","reliquary:TuningFork","conspire:TopHat","Question Card","ReplayTheSpireMod:CursedCoin","Boot","Cursed Key"],"acts_visited":["Exordium","Hallownest:Greenpath"],"potions_floor_usage":[8,16,16,24,24],"damage_taken":[{"damage":0,"enemies":"2_ Uuma","floor":1,"turns":1},{"damage":0,"enemies":"Hallownest:2_Baldur","floor":4,"turns":1},{"damage":0,"enemies":"Hallownest:eliteMossKnight","floor":6,"turns":1},{"damage":5,"enemies":"Hallownest:monsterHuskWarrior","floor":7,"turns":4},{"damage":13,"enemies":"Hallownest:eliteVengeflyKing","floor":8,"turns":4},{"damage":14,"enemies":"Hallownest:2_Tiktiks_1_Baldur_1_Crawlid","floor":13,"turns":5},{"damage":5,"enemies":"Hallownest:monsterAspidMother","floor":14,"turns":4},{"damage":65,"enemies":"Hallownest:BossFalseKnight","floor":16,"turns":11},{"damage":21,"enemies":"Hallownest:3_Youths","floor":18,"turns":5},{"damage":37,"enemies":"Hallownest:2_Mistakes","floor":19,"turns":8},{"damage":38,"enemies":"Hallownest:monsterMisterMushroom","floor":20,"turns":7},{"damage":8,"enemies":"Hallownest:Warrior_and_Youth","floor":21,"turns":5},{"damage":47,"enemies":"Hallownest:3_Mistakes","floor":24,"turns":5}],"seed_played":"333669191914655098","potions_obtained":[{"floor":6,"key":"SpeedPotion"},{"floor":8,"key":"Ancient Potion"},{"floor":13,"key":"SpeedPotion"},{"floor":20,"key":"LiquidBronze"}],"is_trial":false,"path_per_floor":["M","$","?","M","?","E","M","E","T","R","$","R","M","M","R","B",null,"M","M","M","M","?","R","M"],"character_chosen":"THE_BUGKNIGHT","items_purchased":["HollowMod:FallenFury","PowerPotion","ReplayTheSpireMod:CursedCoin","HollowMod:MothsMistake"],"campfire_rested":1,"item_purchase_floors":[2,2,11,11],"current_hp_per_floor":[75,75,75,75,75,75,75,68,68,68,68,68,60,65,65,12,75,60,35,9,11,11,33,0,0],"gold":287,"neow_bonus":"THREE_ENEMY_KILL","is_daily":false,"chose_seed":false,"campfire_upgraded":2,"win_rate":0.0,"timestamp":1613877010,"path_taken":["M","$","?","M","?","E","M","E","T","R","?","R","?","M","R","BOSS","M","M","M","M","?","R","M"],"items_purchased_type":["Card","Potion","Relic","Card"],"build_version":"2020-12-22","purchased_purges":1,"victory":false,"max_hp_per_floor":[75,75,75,75,75,75,75,75,75,75,75,75,75,75,75,75,75,75,75,75,75,75,75,75,75],"card_choices":[{"not_picked":["HollowMod:LifebloodCocoon","HollowMod:DashSlash","HollowMod:InfectedCysts"],"picked":"SKIP","floor":1},{"not_picked":["HollowMod:LifebloodCore","HollowMod:DashSlash"],"picked":"HollowMod:NewLittleFool","floor":4},{"not_picked":["HollowMod:VengefulVoid","HollowMod:DreamGate","HollowMod:SiblingsShadow"],"picked":"SKIP","floor":6},{"not_picked":["HollowMod:InfectedAttack","HollowMod:CornifersMapStart","HollowMod:HowlingWraiths"],"picked":"SKIP","floor":7},{"not_picked":["HollowMod:TaintedHusks","HollowMod:HowlingWraiths","HollowMod:LifebloodCocoon"],"picked":"SKIP","floor":8},{"not_picked":["HollowMod:LifebloodCocoon","HollowMod:MidwifesHunger","HollowMod:DescendingDark"],"picked":"HollowMod:NewGlowingWomb","floor":13},{"not_picked":["HollowMod:HeavyBlow","HollowMod:ShadowDash","HollowMod:SoulSplash","HollowMod:CornifersMapStart"],"picked":"SKIP","floor":14},{"not_picked":["HollowMod:AwokenDreamNail","HollowMod:Weaversong","HollowMod:Hiveblood"],"picked":"HollowMod:SlysStrikes","floor":16},{"not_picked":["HollowMod:MantisMark","HollowMod:GoodIntentions","HollowMod:SharpenedNail"],"picked":"HollowMod:CornifersMapStart","floor":18},{"not_picked":["HollowMod:DoubleDash+1","HollowMod:GoodIntentions","HollowMod:ShadowDash+1","HollowMod:VengefulSpirit"],"picked":"SKIP","floor":19},{"not_picked":["HollowMod:VengefulVoid+1","HollowMod:ShadowDash+1","HollowMod:ElderbugsWisdom","HollowMod:TaintedHusks"],"picked":"SKIP","floor":20},{"not_picked":["HollowMod:GoodIntentions+1","HollowMod:WraithStrike","HollowMod:ShadowDash"],"picked":"HollowMod:VengefulSpirit+1","floor":21}],"player_experience":1061018,"relics_obtained":[{"floor":6,"key":"reliquary:TuningFork"},{"floor":8,"key":"conspire:TopHat"},{"floor":9,"key":"Question Card"},{"floor":15,"key":"Boot"}],"event_choices":[{"damage_healed":0,"gold_gain":0,"player_choice":"Leave","damage_taken":0,"max_hp_gain":0,"max_hp_loss":0,"event_name":"conspire:Investor","floor":5,"gold_loss":0}],"is_beta":false,"boss_relics":[{"not_picked":["hubris:BlackHole","Honey Jar"],"picked":"Cursed Key"}],"items_purged_floors":[11],"is_endless":false,"potions_floor_spawned":[6,8,13,20],"killed_by":"Hallownest:3_Mistakes","ascension_level":0}}