{"host":"4nqeo0vu1vuav7gg","time":1613936104,"event":{"mods":["AchievementEnabler","BaseMod","Block Reminder","Colored Map","Colored Powertips","Highlight Path","Minty Spire (QoL Compilation)","Quick Restart","Rare Cards Sparkle","Relic Relevance Reorder","StSLib"],"gold_per_floor":[118,138,63,63,63,92,92,92,92,109,125,125,139,165,165,239,239,250,250,167,0,0,34,34,34],"floor_reached":24,"language":"ENG","playtime":797,"items_purged":["Strike_B"],"score":494,"play_id":"36e6f2d1-490b-4af7-b6a0-2380c7aeac38","local_time":"20210221203504","is_ascension_mode":true,"campfire_choices":[{"floor":8.0,"key":"REST"},{"data":"Echo Form","floor":12,"key":"SMITH"},{"data":"Self Repair","floor":15,"key":"SMITH"}],"circlet_count":0,"master_deck":["AscendersBane","Strike_B","Strike_B+1","Defend_B+1","Zap+1","Dualcast","Self Repair+1","Echo Form+1","Ball Lightning","Barrage","BootSequence","Rebound","Fission","Go for the Eyes+1","Barrage+1","Loop"],"relics":["Cracked Core","Shuriken","Orichalcum","CaptainsWheel","StoneCalendar","NeowsBlessing","Astrolabe","Pen Nib"],"acts_visited":["Exordium","TheCity"],"potions_floor_usage":[],"damage_taken":[{"damage":0.0,"enemies":"2 Louse","floor":1.0,"turns":1.0},{"damage":0.0,"enemies":"Small Slimes","floor":2.0,"turns":1.0},{"damage":0.0,"enemies":"Gremlin Nob","floor":6.0,"turns":1.0},{"damage":2.0,"enemies":"Jaw Worm","floor":10.0,"turns":5.0},{"damage":28,"enemies":"Large Slime","floor":11,"turns":5},{"damage":15,"enemies":"Blue Slaver","floor":13,"turns":3},{"damage":4,"enemies":"3 Sentries","floor":14,"turns":5},{"damage":23,"enemies":"Slime Boss","floor":16,"turns":10},{"damage":8,"enemies":"Shell Parasite","floor":18,"turns":4},{"damage":58,"enemies":"Book of Stabbing","floor":23,"turns":7}],"seed_played":"-7090504552793779430","potions_obtained":[{"floor":1.0,"key":"ColorlessPotion"},{"floor":6.0,"key":"SneckoOil"},{"floor":11,"key":"Dexterity Potion"},{"floor":18,"key":"Explosive Potion"}],"is_trial":false,"path_per_floor":["M","M","$","?","?","E","?","R","T","M","M","R","M","E","R","B",null,"M","?","$","?","T","E","?"],"character_chosen":"DEFECT","items_purchased":["Loop"],"campfire_rested":1,"item_purchase_floors":[20],"current_hp_per_floor":[64,64,64,64,57,57,36,57,57,62,48,48,47,57,57,34,62,64,64,64,64,64,16,0,0],"gold":34,"neow_bonus":"THREE_ENEMY_KILL","is_daily":false,"chose_seed":false,"campfire_upgraded":2,"win_rate":0.0,"timestamp":1613936104,"path_taken":["M","M","$","?","?","E","?","R","T","M","M","R","M","E","R","BOSS","M","?","$","?","?","E","?"],"items_purchased_type":["Card"],"build_version":"2020-12-22","purchased_purges":1,"victory":false,"max_hp_per_floor":[71,71,71,71,71,71,71,71,71,71,71,71,71,71,71,71,71,71,71,71,71,71,71,71,71],"card_choices":[{"not_picked":["Melter","Hologram"],"picked":"Self Repair","floor":1.0},{"not_picked":["Reprogram","Redo","Compile Driver"],"picked":"SKIP","floor":2.0},{"not_picked":["Conserve Battery","Sweeping Beam"],"picked":"Echo Form","floor":6.0},{"not_picked":["Turbo","Coolheaded"],"picked":"Ball Lightning","floor":10.0},{"not_picked":["Redo","Beam Cell"],"picked":"Barrage","floor":11},{"not_picked":["Conserve Battery","FTL"],"picked":"BootSequence","floor":13},{"not_picked":["Redo","Gash"],"picked":"Rebound","floor":14},{"not_picked":["Buffer","Meteor Strike"],"picked":"Fission","floor":16},{"not_picked":["Steam","Coolheaded+1","Chaos"],"picked":"SKIP","floor":18},{"not_picked":["Coolheaded","Leap","Rip and Tear"],"picked":"SKIP","floor":23}],"player_experience":1109791,"relics_obtained":[{"floor":6.0,"key":"Orichalcum"},{"floor":9.0,"key":"CaptainsWheel"},{"floor":14,"key":"Shuriken"},{"floor":22,"key":"StoneCalendar"},{"floor":23,"key":"Pen Nib"}],"event_choices":[{"damage_healed":0.0,"max_hp_gain":0.0,"max_hp_loss":0.0,"gold_gain":0.0,"event_name":"Living Wall","player_choice":"Grow","floor":4.0,"gold_loss":0.0,"damage_taken":0.0,"cards_upgraded":["Zap"]},{"cards_removed":["Defend_B"],"damage_healed":0.0,"max_hp_gain":0.0,"max_hp_loss":0.0,"gold_gain":0.0,"event_name":"Golden Wing","player_choice":"Card Removal","floor":5.0,"gold_loss":0.0,"damage_taken":7.0},{"damage_healed":0.0,"max_hp_gain":0.0,"max_hp_loss":0.0,"gold_gain":0.0,"event_name":"Shining Light","player_choice":"Entered Light","floor":7.0,"gold_loss":0.0,"damage_taken":21.0,"cards_upgraded":["Defend_B","Strike_B"]},{"cards_removed":["Heatsinks"],"damage_healed":0,"gold_gain":0,"player_choice":"Elegance","damage_taken":0,"max_hp_gain":0,"max_hp_loss":0,"event_name":"Back to Basics","floor":19,"gold_loss":0},{"damage_healed":0,"gold_gain":0,"player_choice":"Paid Fearfully","damage_taken":0,"max_hp_gain":0,"max_hp_loss":0,"event_name":"Masked Bandits","floor":21,"gold_loss":167}],"is_beta":false,"boss_relics":[{"not_picked":["Velvet Choker","Cursed Key"],"picked":"Astrolabe"}],"items_purged_floors":[3],"is_endless":false,"potions_floor_spawned":[1,6,11,14,18],"ascension_level":20}}