{"host":"hahe3lxotqh08ugn","time":1613887898,"event":{"mods":["AchievementEnabler","BaseMod","Googly Eyes","Hermit","Minty Spire (QoL Compilation)","Quick Restart","StSLib","The Cursed","The Hierophant"],"gold_per_floor":[116,132,150,150,165,165,179,179,179,179,44,44,54,72,72,72,72],"floor_reached":16,"language":"ENG","playtime":719,"items_purged":[],"score":103,"play_id":"5b33a4d1-1652-40af-a529-7c24f39449c0","local_time":"20210221011138","is_ascension_mode":true,"campfire_choices":[{"floor":6,"key":"REST"},{"data":"Flex","floor":8,"key":"SMITH"},{"data":"Barricade","floor":15,"key":"SMITH"}],"circlet_count":0,"master_deck":["Strike_R","Strike_R","Strike_R","Strike_R","Defend_R","Defend_R","Defend_R","Defend_R","Cleave","Iron Wave+1","Flex+1","Feed","Shrug It Off","Barricade+1"],"relics":["Burning Blood","Bottled Lightning"],"acts_visited":["Exordium"],"potions_floor_usage":[16,16],"damage_taken":[{"damage":1,"enemies":"Cultist","floor":1,"turns":3},{"damage":18,"enemies":"Jaw Worm","floor":2,"turns":4},{"damage":0,"enemies":"Small Slimes","floor":3,"turns":3},{"damage":17,"enemies":"Looter","floor":5,"turns":3},{"damage":2,"enemies":"3 Louse","floor":7,"turns":3},{"damage":19,"enemies":"Red Slaver","floor":13,"turns":7},{"damage":0,"enemies":"Lots of Slimes","floor":14,"turns":3},{"damage":74,"enemies":"Hexaghost","floor":16,"turns":18}],"seed_played":"6820295932136334645","potions_obtained":[{"floor":1,"key":"Dexterity Potion"},{"floor":5,"key":"SpeedPotion"},{"floor":13,"key":"CultistPotion"},{"floor":14,"key":"Strength Potion"}],"is_trial":false,"path_per_floor":["M","M","M","?","M","R","M","R","T","?","$","?","M","M","R","B"],"character_chosen":"IRONCLAD","items_purchased":["Feed"],"campfire_rested":1,"item_purchase_floors":[11],"current_hp_per_floor":[80,68,74,74,63,80,80,80,80,73,73,73,63,72,72,0,0],"gold":72,"neow_bonus":"THREE_CARDS","is_daily":false,"chose_seed":false,"campfire_upgraded":2,"win_rate":0.0,"timestamp":1613887898,"path_taken":["M","?","M","?","M","R","M","R","T","?","$","?","M","M","R","BOSS"],"items_purchased_type":["Card"],"build_version":"2020-12-22","purchased_purges":0,"victory":false,"max_hp_per_floor":[80,80,80,80,80,80,80,80,80,80,80,80,83,86,86,86,86],"card_choices":[{"not_picked":["Clash","True Grit"],"picked":"Cleave","floor":0},{"not_picked":["Anger","Clash"],"picked":"Iron Wave","floor":1},{"not_picked":["Thunderclap","Sentinel","Havoc"],"picked":"SKIP","floor":2},{"not_picked":["Power Through","True Grit","Spot Weakness"],"picked":"SKIP","floor":3},{"not_picked":["Seeing Red","Headbutt"],"picked":"Flex","floor":5},{"not_picked":["Evolve","Iron Wave","Perfected Strike"],"picked":"SKIP","floor":7},{"not_picked":["Warcry","Sword Boomerang"],"picked":"Shrug It Off","floor":13},{"not_picked":["Wild Strike","Anger"],"picked":"Barricade","floor":14}],"player_experience":297085,"relics_obtained":[{"floor":9,"key":"Bottled Lightning"}],"event_choices":[{"damage_healed":0,"gold_gain":0,"player_choice":"Grow","damage_taken":0,"max_hp_gain":0,"max_hp_loss":0,"event_name":"Living Wall","floor":4,"gold_loss":0,"cards_upgraded":["Iron Wave"]},{"cards_removed":["Bash"],"damage_healed":0,"gold_gain":0,"player_choice":"Card Removal","damage_taken":7,"max_hp_gain":0,"max_hp_loss":0,"event_name":"Golden Wing","floor":10,"gold_loss":0},{"cards_removed":["Strike_R"],"damage_healed":0,"gold_gain":0,"player_choice":"Offered Basic","damage_taken":0,"max_hp_gain":0,"max_hp_loss":0,"event_name":"Bonfire Elementals","floor":12,"gold_loss":0}],"is_beta":false,"boss_relics":[],"items_purged_floors":[],"is_endless":false,"potions_floor_spawned":[1,5,13,14],"killed_by":"Hexaghost","ascension_level":2}}