{"host":"alk2ftu785mujiir","time":1613925298,"event":{"mods":["BaseMod","Bossed Relics","Colored Map","Downfall","Minty Spire (QoL Compilation)","StSLib"],"gold_per_floor":[0,16,33,52,52,83,109,120,120,140,167,187,187,206,225,328,328,328,345,345,345,365,365,365,380,391,404,404,404,404],"floor_reached":28,"language":"ENG","playtime":1038,"items_purged":[],"score":285,"play_id":"cb4aad2f-31f9-4896-bf7c-1f3351a3f915","local_time":"20210221113458","is_ascension_mode":true,"campfire_choices":[{"data":"bronze:Replicate","floor":1.0,"key":"SMITH"},{"data":"bronze:Invalidate","floor":9.0,"key":"SMITH"},{"floor":13.0,"key":"REST"},{"data":"bronze:Library","floor":18,"key":"SMITH"},{"data":"bronze:Deprecate","floor":23,"key":"SMITH"}],"circlet_count":0,"master_deck":["bronze:Defend","bronze:Defend","bronze:Defend","bronze:Replicate+1","bronze:Goto","bronze:DigitalCarnage+1","bronze:WhirlingStrike","bronze:Separator","bronze:Deprecate+1","bronze:Invalidate+1","bronze:Iterate","bronze:Branch","bronze:Frontload","bronze:Library+1","bronze:Shell","Slimebound:Tackle+1","Slimebound:Tackle+1","Slimebound:Tackle+1","Decay","bronze:Optimize"],"relics":["bronze:BronzeCore","CultistMask","Happy Flower","Whetstone","Darkstone Periapt","Cursed Key","Pear"],"acts_visited":["Exordium","TheCity"],"potions_floor_usage":[16,27,28],"damage_taken":[{"damage":1.0,"enemies":"Cultist","floor":2.0,"turns":4.0},{"damage":0.0,"enemies":"Small Slimes","floor":3.0,"turns":2.0},{"damage":12.0,"enemies":"Jaw Worm","floor":4.0,"turns":2.0},{"damage":13.0,"enemies":"Lagavulin","floor":6.0,"turns":3.0},{"damage":0.0,"enemies":"Blue Slaver","floor":8.0,"turns":2.0},{"damage":0.0,"enemies":"Large Slime","floor":10.0,"turns":1.0},{"damage":24.0,"enemies":"3 Sentries","floor":11.0,"turns":5.0},{"damage":0.0,"enemies":"3 Louse","floor":12.0,"turns":1.0},{"damage":0.0,"enemies":"Exordium Thugs","floor":14.0,"turns":3.0},{"damage":0.0,"enemies":"Large Slime","floor":15.0,"turns":1.0},{"damage":3,"enemies":"IC_STATUS_ARCHETYPE","floor":16,"turns":6},{"damage":7,"enemies":"Shell Parasite","floor":19,"turns":4},{"damage":0,"enemies":"Chosen","floor":22,"turns":3},{"damage":12,"enemies":"3 Cultists","floor":25,"turns":4},{"damage":23,"enemies":"Centurion and Healer","floor":26,"turns":5},{"damage":12,"enemies":"Cultist and Chosen","floor":27,"turns":3},{"damage":45,"enemies":"Book of Stabbing","floor":28,"turns":6}],"seed_played":"-2835062050762302872","potions_obtained":[{"floor":2.0,"key":"Dexterity Potion"},{"floor":6.0,"key":"bronze:FreeFunctionsPotion"},{"floor":11.0,"key":"Energy Potion"},{"floor":15.0,"key":"Slimebound:ThreeZeroPotion"},{"floor":16,"key":"bronze:FreeFunctionsPotion"},{"floor":25,"key":"LiquidMemories"}],"is_trial":false,"path_per_floor":["R","M","M","M","?","E","T","M","R","M","E","M","R","M","M","B",null,"R","M","?","?","M","R","T","M","M","M","E"],"character_chosen":"THE_AUTOMATON","items_purchased":[],"campfire_rested":1,"item_purchase_floors":[],"current_hp_per_floor":[70,69,69,57,57,44,44,44,44,44,20,20,41,41,41,38,70,70,63,63,63,63,63,79,67,44,32,0,0,0],"gold":404,"neow_bonus":"REMOVE_TWO","is_daily":false,"chose_seed":false,"campfire_upgraded":4,"win_rate":0.0,"timestamp":1613925298,"path_taken":["R","M","M","M","?","E","T","M","R","M","E","?","R","M","M","BOSS","R","M","?","?","M","R","T","M","M","M","E"],"items_purchased_type":[],"build_version":"2020-12-22","purchased_purges":0,"victory":false,"max_hp_per_floor":[70,70,70,70,70,70,70,70,70,70,70,70,70,70,70,70,70,70,70,70,70,70,70,86,86,86,86,86,86,86],"card_choices":[{"not_picked":["bronze:DelayedSlice","bronze:Refactor"],"picked":"bronze:DigitalCarnage","floor":2.0},{"not_picked":["bronze:Branch","bronze:Frontload"],"picked":"bronze:WhirlingStrike","floor":3.0},{"not_picked":["bronze:Overload","bronze:CutThrough"],"picked":"bronze:Separator","floor":4.0},{"not_picked":["bronze:Refactor","bronze:ThunderWave"],"picked":"bronze:Deprecate","floor":6.0},{"not_picked":["bronze:DelayedSlice","bronze:Turbo"],"picked":"bronze:Invalidate","floor":8.0},{"not_picked":["bronze:DelayedGuard","bronze:Separator"],"picked":"bronze:Iterate","floor":10.0},{"not_picked":["bronze:BronzeOrb","bronze:FineTuning"],"picked":"bronze:Branch","floor":11.0},{"not_picked":["bronze:Overheat","bronze:Turbo"],"picked":"bronze:Frontload","floor":12.0},{"not_picked":["bronze:ChildClass","bronze:BuggyMess","bronze:ForceShield"],"picked":"SKIP","floor":14.0},{"not_picked":["bronze:BugBarrage","bronze:CutThrough","bronze:Overheat"],"picked":"SKIP","floor":15.0},{"not_picked":["bronze:Virus","bronze:Assembly"],"picked":"bronze:Library","floor":16},{"not_picked":["bronze:Overheat","bronze:CloningBeam"],"picked":"bronze:Shell","floor":19},{"not_picked":["bronze:Branch","bronze:Deprecate","bronze:CloningBeam"],"picked":"SKIP","floor":22},{"not_picked":["bronze:Philosophize","bronze:ItsAFeature","bronze:Shield"],"picked":"SKIP","floor":25},{"not_picked":["bronze:OilSpill","bronze:Branch"],"picked":"bronze:Optimize","floor":26},{"not_picked":["bronze:Separator","bronze:Deprecate","bronze:BitShift"],"picked":"SKIP","floor":27}],"player_experience":1847862,"relics_obtained":[{"floor":6.0,"key":"Happy Flower"},{"floor":7.0,"key":"Whetstone"},{"floor":11.0,"key":"Darkstone Periapt"},{"floor":24,"key":"Pear"}],"event_choices":[{"damage_healed":0.0,"max_hp_gain":0.0,"max_hp_loss":0.0,"gold_gain":0.0,"event_name":"FaceTrader","player_choice":"Trade","floor":5.0,"gold_loss":0.0,"damage_taken":0.0,"relics_obtained":["CultistMask"]}],"is_beta":false,"boss_relics":[{"not_picked":["Sozu","Empty Cage"],"picked":"Cursed Key"}],"items_purged_floors":[],"is_endless":false,"potions_floor_spawned":[2,6,11,12,14,15,16,25],"killed_by":"Book of Stabbing","ascension_level":2}}