{"host":"soyfmymeou4emntr","time":1613878608,"event":{"mods":["BaseMod","Minty Spire (QoL Compilation)","Permanent Neow","Relic Sorter","Relic Stats","StSLib"],"gold_per_floor":[117,133,151,151,126,126,154,154,204,204,231,245,245,256,256,327,327,337,337,337,7,17,17,36,64,111,111,111],"floor_reached":27,"language":"ENG","playtime":3305,"items_purged":["Writhe"],"score":486,"play_id":"75091400-e196-48df-92e8-36c041ed0eb9","local_time":"20210220203648","is_ascension_mode":true,"campfire_choices":[{"data":"Poisoned Stab","floor":6.0,"key":"SMITH"},{"floor":10.0,"key":"REST"},{"floor":13.0,"key":"REST"},{"data":"Noxious Fumes","floor":15.0,"key":"SMITH"},{"floor":23,"key":"REST"}],"circlet_count":0,"master_deck":["AscendersBane","Strike_G","Strike_G+1","Strike_G","Strike_G","Strike_G","Defend_G","Defend_G","Defend_G","Defend_G+1","Defend_G","Survivor","Neutralize","Flying Knee","Poisoned Stab+1","Noxious Fumes+1","Cloak And Dagger","Cloak And Dagger+1","Deadly Poison+1","Acrobatics+1","Blade Dance+1","After Image","Well Laid Plans","Escape Plan+1","Bouncing Flask+1","Dodge and Roll+1","Concentrate+1"],"relics":["Ring of the Snake","Snake Skull","Toxic Egg 2","Boot","Tiny Chest","WristBlade","Kunai","TheAbacus","Bottled Lightning","Dream Catcher"],"acts_visited":["Exordium","TheCity"],"potions_floor_usage":[22,25,27],"damage_taken":[{"damage":0.0,"enemies":"2 Louse","floor":1.0,"turns":3.0},{"damage":4.0,"enemies":"Small Slimes","floor":2.0,"turns":3.0},{"damage":0.0,"enemies":"Cultist","floor":3.0,"turns":3.0},{"damage":10.0,"enemies":"Exordium Thugs","floor":5.0,"turns":4.0},{"damage":8.0,"enemies":"Gremlin Nob","floor":7.0,"turns":3.0},{"damage":12.0,"enemies":"Lagavulin","floor":11.0,"turns":6.0},{"damage":0.0,"enemies":"2 Fungi Beasts","floor":12.0,"turns":3.0},{"damage":11.0,"enemies":"Looter","floor":14.0,"turns":3.0},{"damage":26.0,"enemies":"Slime Boss","floor":16.0,"turns":8.0},{"damage":6.0,"enemies":"Spheric Guardian","floor":18.0,"turns":3.0},{"damage":13,"enemies":"Chosen","floor":22,"turns":4},{"damage":14,"enemies":"Snecko","floor":24,"turns":4},{"damage":18,"enemies":"Gremlin Leader","floor":25,"turns":6},{"damage":21,"enemies":"Slavers","floor":27,"turns":2}],"seed_played":"-1011218990496317330","potions_obtained":[{"floor":3.0,"key":"SteroidPotion"},{"floor":5.0,"key":"CunningPotion"},{"floor":18.0,"key":"AttackPotion"},{"floor":20.0,"key":"Energy Potion"},{"floor":20.0,"key":"BlessingOfTheForge"},{"floor":22,"key":"SteroidPotion"}],"is_trial":false,"path_per_floor":["M","M","M","?","M","R","E","?","T","R","E","M","R","M","R","B",null,"M","?","?","$","M","R","M","E","T","E"],"character_chosen":"THE_SILENT","items_purchased":["TheAbacus","Escape Plan+1"],"campfire_rested":3,"item_purchase_floors":[21,21],"current_hp_per_floor":[59,55,55,55,45,45,37,17,17,36,24,24,43,32,32,6,51,45,45,45,45,32,51,37,19,19,0,0],"gold":111,"neow_bonus":"RANDOM_COMMON_RELIC","is_daily":false,"chose_seed":false,"campfire_upgraded":2,"win_rate":0.0,"timestamp":1613878608,"path_taken":["M","M","M","?","M","R","E","?","T","R","E","M","R","M","R","BOSS","M","?","?","$","M","R","?","E","T","E"],"items_purchased_type":["Relic","Card"],"build_version":"2020-12-22","purchased_purges":1,"victory":false,"max_hp_per_floor":[66,66,66,66,66,66,66,66,66,66,66,66,66,66,66,66,66,66,66,66,66,66,66,66,66,66,66,66],"relic_stats":{"Dream Catcher":0,"TheAbacus":[6],"counters":[14,55],"Tiny Chest":0,"Snake Skull":[59],"Kunai":[10],"Boot":[36],"obtain_stats":[{"Dream Catcher":26,"TheAbacus":21,"WristBlade":17,"Tiny Chest":11,"Snake Skull":0,"Kunai":19,"Bottled Lightning":25,"Toxic Egg 2":7,"Boot":9,"Ring of the Snake":0},{"Dream Catcher":13,"TheAbacus":10,"WristBlade":9,"Tiny Chest":6,"Snake Skull":0,"Kunai":10,"Bottled Lightning":13,"Toxic Egg 2":5,"Boot":5,"Ring of the Snake":0},{"Dream Catcher":53,"TheAbacus":39,"WristBlade":36,"Tiny Chest":22,"Snake Skull":0,"Kunai":39,"Bottled Lightning":53,"Toxic Egg 2":16,"Boot":16,"Ring of the Snake":0}],"Ring of the Snake":[28]},"card_choices":[{"not_picked":["Choke","Terror"],"picked":"Flying Knee","floor":1.0},{"not_picked":["Underhanded Strike","Deflect"],"picked":"Poisoned Stab","floor":2.0},{"not_picked":["Flying Knee","Eviscerate"],"picked":"Noxious Fumes","floor":3.0},{"not_picked":["Bullet Time","Sucker Punch"],"picked":"Cloak And Dagger","floor":5.0},{"not_picked":["Quick Slash","Unload"],"picked":"Cloak And Dagger+1","floor":7.0},{"not_picked":["Bane","Blur+1"],"picked":"Deadly Poison+1","floor":11.0},{"not_picked":["Underhanded Strike","Caltrops"],"picked":"Acrobatics+1","floor":12.0},{"not_picked":["All Out Attack","Expertise+1"],"picked":"Blade Dance+1","floor":14.0},{"not_picked":["Phantasmal Killer+1","Die Die Die"],"picked":"After Image","floor":16.0},{"not_picked":["Underhanded Strike","Dagger Spray"],"picked":"Well Laid Plans","floor":18.0},{"not_picked":["All Out Attack+1","Backflip+1"],"picked":"Bouncing Flask+1","floor":22},{"not_picked":["Quick Slash","Caltrops"],"picked":"Dodge and Roll+1","floor":24},{"not_picked":["Poisoned Stab","Bane"],"picked":"Concentrate+1","floor":25}],"player_experience":3425370,"relics_obtained":[{"floor":7.0,"key":"Toxic Egg 2"},{"floor":9.0,"key":"Boot"},{"floor":11.0,"key":"Tiny Chest"},{"floor":25,"key":"Bottled Lightning"},{"floor":26,"key":"Dream Catcher"}],"event_choices":[{"damage_healed":0.0,"max_hp_gain":0.0,"max_hp_loss":0.0,"gold_gain":0.0,"event_name":"Liars Game","player_choice":"Ignored","floor":4.0,"gold_loss":0.0,"damage_taken":0.0},{"damage_healed":0.0,"max_hp_gain":0.0,"max_hp_loss":0.0,"gold_gain":0.0,"event_name":"Shining Light","player_choice":"Entered Light","floor":8.0,"gold_loss":0.0,"damage_taken":20.0,"cards_upgraded":["Strike_G","Defend_G"]},{"damage_healed":0.0,"max_hp_gain":0.0,"max_hp_loss":0.0,"gold_gain":0.0,"event_name":"The Mausoleum","player_choice":"Opened","floor":19.0,"gold_loss":0.0,"damage_taken":0.0,"relics_obtained":["Kunai"],"cards_obtained":["Writhe"]},{"damage_healed":0.0,"max_hp_gain":0.0,"max_hp_loss":0.0,"gold_gain":0.0,"event_name":"Lab","player_choice":"Got Potions","floor":20.0,"gold_loss":0.0,"damage_taken":0.0}],"is_beta":false,"boss_relics":[{"not_picked":["Snecko Eye","SlaversCollar"],"picked":"WristBlade"}],"items_purged_floors":[21],"is_endless":false,"potions_floor_spawned":[3,5,18,22],"killed_by":"Slavers","ascension_level":20}}