{"host":"m1ntkrf87179kmo6","time":1613934786,"event":{"mods":["BaseMod","Better Third Choice","Minty Spire (QoL Compilation)","Shade Mod","StSLib"],"gold_per_floor":[118,129,25,41,21,55,55,230,230,248,248,258,258,274,274,377,377,392,317,331,331,349,349,363,363,363,381,381,8,28,48,48,144,144,157,207,207,207,218,218,218,218,218,2,22,38,66,86,86,86,86,86,8,38,38,38],"floor_reached":55,"language":"ENG","playtime":5370,"items_purged":[],"score":678,"play_id":"a66b0493-82d8-4e46-98ad-9c395cf7cd09","local_time":"20210221141306","is_ascension_mode":false,"campfire_choices":[{"floor":11,"key":"REST"},{"data":"Shade:TouchOfTheGrave","floor":13,"key":"SMITH"},{"floor":15,"key":"RECALL"},{"floor":23,"key":"REST"},{"data":"Shade:Carnophage","floor":28,"key":"SMITH"},{"floor":32,"key":"REST"},{"data":"Shade:Brains","floor":40,"key":"SMITH"},{"data":"Shade:WallOfFlesh","floor":42,"key":"SMITH"},{"floor":49,"key":"REST"},{"data":"Shade:Defend_Shade","floor":52,"key":"SMITH"}],"circlet_count":0,"master_deck":["Shade:Strike_Shade","Shade:Strike_Shade+1","Shade:Strike_Shade","Shade:Strike_Shade","Shade:Defend_Shade","Shade:Defend_Shade","Shade:Defend_Shade","Shade:Defend_Shade+1","Shade:AnimateDead+1","Shade:CarefulCut","Shade:GreyBargain","Shade:WallOfFlesh+1","Shade:ClawBack+1","Shade:Brains+1","Shade:TouchOfTheGrave+1","Shade:Carnophage+1","Shade:ExtraLimbs","CurseOfTheBell","Shade:GreyBargain","Shade:ExtraLimbs+1","Shade:AncientSpear+1","Shade:FuneraryJewels","Shade:FuneraryArmor+1","Shade:Excise+1","Shade:WallOfFlesh+1","Shade:Tombstone+1","Shade:AblativeArmor+1","Shade:Brains+1","Shade:AblativeArmor+1","Shade:FuneraryArmor+1","Shade:WallOfFlesh+1"],"relics":["Shade:YorickPolishedSkull","The Courier","Question Card","Calling Bell","Blood Vial","Molten Egg 2","TungstenRod","Toxic Egg 2","Membership Card","Du-Vu Doll","Bronze Scales","Strawberry","Pocketwatch","Bird Faced Urn","Shuriken","Pear","Anchor","Whetstone","Bottled Tornado"],"acts_visited":["Exordium","TheCity","TheBeyond","TheEnding"],"potions_floor_usage":[5,6,6,12,16,22,30,33,33,35,39,47,50,50,54],"damage_taken":[{"damage":0,"enemies":"Jaw Worm","floor":1,"turns":4},{"damage":0,"enemies":"Small Slimes","floor":2,"turns":3},{"damage":0,"enemies":"2 Louse","floor":4,"turns":2},{"damage":0,"enemies":"Exordium Thugs","floor":5,"turns":6},{"damage":41,"enemies":"Lagavulin","floor":6,"turns":9},{"damage":5,"enemies":"3 Louse","floor":10,"turns":6},{"damage":0,"enemies":"Large Slime","floor":12,"turns":9},{"damage":0,"enemies":"Blue Slaver","floor":14,"turns":5},{"damage":34,"enemies":"The Guardian","floor":16,"turns":11},{"damage":20,"enemies":"Spheric Guardian","floor":18,"turns":8},{"damage":0,"enemies":"3 Byrds","floor":20,"turns":6},{"damage":16,"enemies":"Snake Plant","floor":22,"turns":5},{"damage":4,"enemies":"Chosen and Byrds","floor":24,"turns":5},{"damage":2,"enemies":"Sentry and Sphere","floor":27,"turns":8},{"damage":4,"enemies":"Shelled Parasite and Fungi","floor":30,"turns":5},{"damage":0,"enemies":"3 Cultists","floor":31,"turns":5},{"damage":42,"enemies":"Automaton","floor":33,"turns":13},{"damage":0,"enemies":"Orb Walker","floor":35,"turns":2},{"damage":10,"enemies":"Mind Bloom Boss Battle","floor":36,"turns":4},{"damage":10,"enemies":"3 Shapes","floor":39,"turns":3},{"damage":3,"enemies":"Transient","floor":45,"turns":5},{"damage":24,"enemies":"4 Shapes","floor":46,"turns":4},{"damage":8,"enemies":"Nemesis","floor":47,"turns":7},{"damage":1,"enemies":"3 Darklings","floor":48,"turns":6},{"damage":62,"enemies":"Donu and Deca","floor":50,"turns":11},{"damage":77,"enemies":"Shield and Spear","floor":54,"turns":11},{"damage":23,"enemies":"The Heart","floor":55,"turns":3}],"seed_played":"4709369235038374203","potions_obtained":[{"floor":2,"key":"EntropicBrew"},{"floor":12,"key":"Fire Potion"},{"floor":16,"key":"SteroidPotion"},{"floor":20,"key":"SkillPotion"},{"floor":24,"key":"SpeedPotion"},{"floor":30,"key":"SteroidPotion"},{"floor":33,"key":"GamblersBrew"},{"floor":35,"key":"EntropicBrew"},{"floor":45,"key":"Fire Potion"},{"floor":47,"key":"DuplicationPotion"}],"is_trial":false,"path_per_floor":["M","M","$","M","M","E","$","?","T","M","R","M","R","M","R","B",null,"M","?","M","?","M","R","M","?","T","M","R","$","M","M","R","B",null,"M","?","?","T","M","R","?","R","T","$","M","M","E","M","R","B",null,"R","$","E","B"],"character_chosen":"SHADE","items_purchased":["Shade:ClawBack","Shade:Brains","Membership Card","Du-Vu Doll","Bronze Scales","Strawberry","Shade:FuneraryArmor+1","Shuriken","Pear","Shade:Brains+1","Whetstone","Shade:WallOfFlesh+1"],"campfire_rested":4,"item_purchase_floors":[3,3,29,29,29,29,29,44,44,44,53,53],"current_hp_per_floor":[65,65,65,65,65,24,24,24,24,19,38,52,52,52,52,18,65,45,45,47,47,33,52,50,50,50,50,50,57,55,57,72,30,72,72,62,72,72,62,62,62,62,62,72,75,57,55,60,82,20,82,82,82,5,0,0],"gold":38,"neow_bonus":"UPGRADE_CARD","is_daily":false,"chose_seed":false,"campfire_upgraded":5,"win_rate":0.0,"timestamp":1613934786,"path_taken":["M","M","$","M","M","E","$","?","T","M","R","M","R","M","R","BOSS","M","?","M","?","?","R","M","?","T","M","R","$","M","M","R","BOSS","M","?","?","?","?","R","?","R","T","$","M","?","E","M","R","BOSS","R","$","E","BOSS"],"items_purchased_type":["Card","Card","Relic","Relic","Relic","Relic","Card","Relic","Relic","Card","Relic","Card"],"build_version":"2020-12-22","purchased_purges":0,"victory":false,"max_hp_per_floor":[65,65,65,65,65,65,65,65,65,65,65,65,65,65,65,65,65,65,65,65,65,65,65,65,65,65,65,65,72,72,72,72,72,72,72,72,72,72,72,72,72,72,72,82,82,82,82,82,82,82,82,82,82,82,82,82],"card_choices":[{"not_picked":["Shade:CommandSoldier","Shade:Premonition"],"picked":"Shade:GreyBargain","floor":1},{"not_picked":["Shade:SanguineRitual","Shade:BoneShards"],"picked":"Shade:WallOfFlesh","floor":2},{"not_picked":["Shade:FuneraryArmor","Shade:ExtraLimbs"],"picked":"Shade:TouchOfTheGrave","floor":4},{"not_picked":["Shade:FreshBones","Shade:Frenzy","Shade:Bonestorm"],"picked":"SKIP","floor":5},{"not_picked":["Shade:TouchOfTheGrave","Shade:FuneraryArmor"],"picked":"Shade:Carnophage","floor":6},{"not_picked":["Shade:RavenousHorde","Shade:CommandSoldier","Shade:TouchOfTheGrave","Shade:SkeletonHug"],"picked":"SKIP","floor":10},{"not_picked":["Shade:SoulPierce","Shade:CallWraith","Shade:BoneShards"],"picked":"Shade:ExtraLimbs","floor":12},{"not_picked":["Shade:BoneShards","Shade:Asphyxiate","Shade:Awaken","Shade:SpontaneousRitual"],"picked":"SKIP","floor":14},{"not_picked":["Shade:StitchTogether","Shade:CoffinDance+1","Shade:Trample+1"],"picked":"Shade:GreyBargain","floor":18},{"not_picked":["Shade:Doomsay+1","Shade:LyeBath","Shade:FleshOffering","Shade:GreyBargain"],"picked":"SKIP","floor":20},{"not_picked":["Shade:GraveStillness","Shade:OpenGraves","Shade:Asphyxiate+1"],"picked":"Shade:AncientSpear+1","floor":22},{"not_picked":["Shade:ExtraLimbs+1","Shade:GreyBargain","Shade:FuneraryArmor"],"picked":"Shade:FuneraryJewels","floor":24},{"not_picked":["Shade:CommandSoldier+1","Shade:Bonestorm+1","Shade:CoffinDance+1","Shade:Consume+1"],"picked":"SKIP","floor":27},{"not_picked":["Shade:CloudOfShrapnel+1","Shade:Patience+1","Shade:GoDigging+1"],"picked":"Shade:Excise+1","floor":30},{"not_picked":["Shade:PotionOfRestlessness","Shade:SanguineRitual+1","Shade:ClawBack+1"],"picked":"Shade:WallOfFlesh+1","floor":31},{"not_picked":["Shade:SelfBurial+1","Shade:Consume+1","Shade:LichForm"],"picked":"Shade:Tombstone+1","floor":33},{"not_picked":["Shade:CoffinDance+1","Shade:FleshOffering+1","Shade:Doomsay+1","Shade:SpontaneousRitual+1"],"picked":"SKIP","floor":35},{"not_picked":["Shade:FeralStrike+1","Shade:SkeletonHug+1","Shade:Trample+1"],"picked":"Shade:AblativeArmor+1","floor":36},{"not_picked":["Shade:SkeletonHug+1","Shade:AncientSpear+1","Shade:Frenzy+1","Shade:ClawBack+1"],"picked":"SKIP","floor":39},{"not_picked":["Shade:CoffinDance+1","Shade:Haruspicy+1","Shade:FeralStrike+1","Shade:SkeletonHug+1"],"picked":"SKIP","floor":45},{"not_picked":["Shade:Trample+1","Shade:MadHubris+1","Shade:FingerOfDeath+1"],"picked":"Shade:AblativeArmor+1","floor":46},{"not_picked":["Shade:Patience+1","Shade:SkeletonArmy+1","Shade:GraveStillness+1"],"picked":"Shade:FuneraryArmor+1","floor":47},{"not_picked":["Shade:AncientSpear+1","Shade:SkeletonArmy+1","Shade:CommandSoldier+1","Shade:DangerousRitual+1"],"picked":"SKIP","floor":48},{"not_picked":["Shade:CoffinDance+1","Shade:ExtraLimbs+1","Shade:OneIsEnough+1","Shade:AncientSpear+1"],"picked":"SKIP","floor":54}],"player_experience":1189701,"relics_obtained":[{"floor":6,"key":"The Courier"},{"floor":9,"key":"Question Card"},{"floor":17,"key":"Blood Vial"},{"floor":17,"key":"Molten Egg 2"},{"floor":17,"key":"TungstenRod"},{"floor":26,"key":"Toxic Egg 2"},{"floor":36,"key":"Pocketwatch"},{"floor":38,"key":"Bird Faced Urn"},{"floor":47,"key":"Anchor"},{"floor":54,"key":"Bottled Tornado"}],"event_choices":[{"damage_healed":0,"gold_gain":175,"player_choice":"AGREE","damage_taken":55,"max_hp_gain":0,"max_hp_loss":0,"event_name":"betterThird:BetterSerpent","floor":8,"gold_loss":0},{"cards_removed":["Doubt"],"damage_healed":0,"gold_gain":0,"player_choice":"Gave Gold","damage_taken":0,"max_hp_gain":0,"max_hp_loss":0,"event_name":"Beggar","floor":19,"gold_loss":75},{"damage_healed":0,"gold_gain":0,"player_choice":"Copied","damage_taken":0,"max_hp_gain":0,"max_hp_loss":0,"event_name":"Duplicator","floor":21,"gold_loss":0,"cards_obtained":["Shade:ExtraLimbs"]},{"damage_healed":0,"gold_gain":0,"player_choice":"Ignored","damage_taken":0,"max_hp_gain":0,"max_hp_loss":0,"event_name":"Cursed Tome","floor":25,"gold_loss":0},{"damage_healed":0,"gold_gain":0,"player_choice":"Fight","damage_taken":0,"max_hp_gain":0,"max_hp_loss":0,"event_name":"MindBloom","floor":36,"gold_loss":0},{"damage_healed":18,"gold_gain":0,"player_choice":"Writhe","damage_taken":0,"max_hp_gain":0,"max_hp_loss":0,"event_name":"Winding Halls","floor":37,"gold_loss":0,"cards_obtained":["Writhe"]},{"cards_removed":["Writhe"],"damage_healed":0,"gold_gain":0,"player_choice":"Purged","damage_taken":0,"max_hp_gain":0,"max_hp_loss":0,"event_name":"Purifier","floor":41,"gold_loss":0}],"is_beta":false,"boss_relics":[{"not_picked":["Pandora\u0027s Box","Fusion Hammer"],"picked":"Calling Bell"},{"not_picked":["Snecko Eye","Empty Cage"],"picked":"Shade:YorickPolishedSkull"}],"items_purged_floors":[],"is_endless":false,"potions_floor_spawned":[2,12,16,20,24,30,33,35,45,47],"killed_by":"The Heart","ascension_level":0}}