{"host":"117k4jqr844m944g","time":1613886049,"event":{"mods":["BaseMod","Downfall","Minty Spire (QoL Compilation)","StSLib","UnlockEverythingMod"],"gold_per_floor":[99,109,129,129,229,129,154,170,170,181,91,117,130,159,177,279,279,179,196,196,17,117,150,202,220,231,256,273,273,273,302,314,413,413,413,433,446,457,72,107,107,138,188,203,127,127,27,42,57,57,57,91,15,15,15,15],"floor_reached":57,"language":"ZHS","playtime":4119,"items_purged":["bronze:Strike","bronze:Strike","bronze:Defend"],"score":1513,"play_id":"41492182-1b9a-4bfa-ab7f-2bf0cb3fdc7e","local_time":"20210221134049","is_ascension_mode":true,"campfire_choices":[{"floor":1.0,"key":"RECALL"},{"floor":6.0,"key":"REST"},{"data":"bronze:FineTuning","floor":9.0,"key":"SMITH"},{"data":"bronze:SpaghettiCode","floor":18.0,"key":"SMITH"},{"data":"bronze:Turbo","floor":30.0,"key":"SMITH"},{"data":"bronze:HardenedForm","floor":35.0,"key":"SMITH"},{"data":"bronze:Mutator","floor":47.0,"key":"SMITH"},{"data":"bronze:Assembly","floor":54.0,"key":"SMITH"}],"circlet_count":0,"master_deck":["bronze:Defend","bronze:Replicate","bronze:Goto+1","bronze:WhirlingStrike","bronze:FineTuning+1","bronze:BronzeOrb","bronze:Virus","bronze:HardenedForm+1","bronze:Branch","bronze:SpaghettiCode+1","bronze:Turbo+1","bronze:Verify","bronze:Safeguard","bronze:Terminator","bronze:MaxOutput","bronze:BuggyMess+1","bronze:Mutator+1","bronze:Assembly+1","bronze:ForLoop+1","bronze:MaxOutput","bronze:HardenedForm"],"relics":["bronze:BronzeCore","Potion Belt","downfall:HeartBlessingRed","Pen Nib","Singing Bowl","CaptainsWheel","Runic Dome","downfall:HeartBlessingGreen","Nilry\u0027s Codex","TheAbacus","Matryoshka","MutagenicStrength","Darkstone Periapt","Dream Catcher","Omamori","Art of War","Meat on the Bone","Empty Cage","bronze:CableSpool","White Beast Statue","Mummified Hand","InkBottle","Ice Cream","downfall:HeartBlessingBlue","Guardian:PocketSentry"],"acts_visited":["TheCity","TheBeyond","TheEnding"],"potions_floor_usage":[56,56,56],"damage_taken":[{"damage":1.0,"enemies":"2 Louse","floor":2.0,"turns":3.0},{"damage":0.0,"enemies":"Small Slimes","floor":3.0,"turns":2.0},{"damage":73.0,"enemies":"downfall:LadyInBlue","floor":5.0,"turns":12.0},{"damage":0.0,"enemies":"Cultist","floor":8.0,"turns":2.0},{"damage":0.0,"enemies":"2 Fungi Beasts","floor":10.0,"turns":2.0},{"damage":5.0,"enemies":"downfall:FleeingMerchant","floor":11.0,"turns":4.0},{"damage":0.0,"enemies":"Lagavulin","floor":12.0,"turns":2.0},{"damage":4.0,"enemies":"downfall:LooterAlt","floor":13.0,"turns":2.0},{"damage":0.0,"enemies":"3 Sentries","floor":14.0,"turns":3.0},{"damage":0.0,"enemies":"Large Slime","floor":15.0,"turns":2.0},{"damage":4.0,"enemies":"SI_SHIV_ARCHETYPE","floor":16.0,"turns":4.0},{"damage":0.0,"enemies":"3 Byrds","floor":19.0,"turns":2.0},{"damage":0.0,"enemies":"downfall:FleeingMerchant","floor":21.0,"turns":4.0},{"damage":6.0,"enemies":"downfall:Augmenter","floor":22.0,"turns":3.0},{"damage":0.0,"enemies":"Gremlin Leader","floor":23.0,"turns":4.0},{"damage":3.0,"enemies":"Chosen","floor":25.0,"turns":3.0},{"damage":0.0,"enemies":"Snecko","floor":26.0,"turns":2.0},{"damage":17.0,"enemies":"Slavers","floor":27.0,"turns":3.0},{"damage":0.0,"enemies":"Centurion and Healer","floor":28.0,"turns":3.0},{"damage":12.0,"enemies":"Book of Stabbing","floor":31.0,"turns":3.0},{"damage":17.0,"enemies":"Snake Plant","floor":32.0,"turns":3.0},{"damage":16.0,"enemies":"IC_MUSHROOM_ARCHETYPE","floor":33.0,"turns":5.0},{"damage":1.0,"enemies":"3 Darklings","floor":36.0,"turns":3.0},{"damage":0.0,"enemies":"Orb Walker","floor":37.0,"turns":3.0},{"damage":0.0,"enemies":"Writhing Mass","floor":38.0,"turns":3.0},{"damage":17.0,"enemies":"Reptomancer","floor":40.0,"turns":5.0},{"damage":0.0,"enemies":"Giant Head","floor":42.0,"turns":6.0},{"damage":0.0,"enemies":"Giant Head","floor":43.0,"turns":3.0},{"damage":0.0,"enemies":"Sphere and 2 Shapes","floor":44.0,"turns":4.0},{"damage":0.0,"enemies":"Transient","floor":48.0,"turns":5.0},{"damage":2.0,"enemies":"4 Shapes","floor":49.0,"turns":1.0},{"damage":20.0,"enemies":"WA_ARCHETYPE_DIVINITY","floor":50.0,"turns":5.0},{"damage":4.0,"enemies":"downfall:CharBossMerchant","floor":52.0,"turns":4.0},{"damage":0.0,"enemies":"downfall:NeowBoss","floor":55.0,"turns":9.0},{"damage":33,"enemies":"downfall:NeowBossFinal","floor":56,"turns":7}],"seed_played":"2907647551664344913","potions_obtained":[{"floor":3.0,"key":"Fire Potion"},{"floor":5.0,"key":"SteroidPotion"},{"floor":5.0,"key":"bronze:BuildAFunctionPotion"},{"floor":5.0,"key":"CultistPotion"},{"floor":5.0,"key":"SteroidPotion"},{"floor":8.0,"key":"ColorlessPotion"},{"floor":14.0,"key":"SkillPotion"},{"floor":16.0,"key":"SteroidPotion"},{"floor":22.0,"key":"ColorlessPotion"},{"floor":23.0,"key":"Explosive Potion"},{"floor":26.0,"key":"Regen Potion"},{"floor":31.0,"key":"Block Potion"},{"floor":33.0,"key":"Energy Potion"},{"floor":36.0,"key":"LiquidBronze"},{"floor":37.0,"key":"GamblersBrew"},{"floor":42.0,"key":"Fruit Juice"},{"floor":43.0,"key":"Regen Potion"},{"floor":44.0,"key":"DistilledChaos"},{"floor":48.0,"key":"Weak Potion"},{"floor":52.0,"key":"Energy Potion"}],"is_trial":false,"path_per_floor":["R","M","M","?","?","R","T","M","R","M","$","E","M","E","M","B",null,"R","M","?","$","?","E","T","M","M","E","M","?","R","E","M","B",null,"R","M","M","M","$","E","T","E","?","M","?","?","R","M","M","B",null,"E","$","R","B","B",null],"character_chosen":"THE_AUTOMATON","items_purchased":["TheAbacus","Matryoshka","bronze:CableSpool","bronze:MaxOutput","bronze:HardenedForm"],"campfire_rested":1,"item_purchase_floors":[21,21,39,45,53],"current_hp_per_floor":[70,69,69,74,1,23,23,23,23,23,18,18,16,16,16,12,77,77,79,63,63,57,59,59,58,60,54,54,54,54,42,39,35,89,89,90,92,94,94,77,77,77,79,81,81,81,91,98,98,78,118,116,116,116,116,97],"gold":15,"neow_bonus":"UPGRADE_CARD","is_daily":false,"chose_seed":false,"campfire_upgraded":6,"win_rate":0.0,"timestamp":1613886049,"path_taken":["R","M","M","?","?","R","T","M","R","?","$","E","M","E","M","BOSS","R","M","?","$","?","E","T","M","M","E","M","?","R","E","M","BOSS","R","M","M","M","$","E","T","E","?","M","?","?","R","?","M","BOSS","E","$","R","BOSS","BOSS"],"items_purchased_type":["Relic","Relic","Relic","Card","Card"],"build_version":"2020-12-22","purchased_purges":3,"victory":true,"max_hp_per_floor":[70,70,70,75,75,75,75,75,75,75,75,75,77,77,77,77,77,77,79,79,79,79,81,81,83,85,87,87,87,87,87,89,89,89,89,91,93,95,95,95,95,95,97,99,99,99,109,116,118,118,118,120,120,120,120,120],"card_choices":[{"not_picked":["bronze:Invalidate","bronze:BuggyMess"],"picked":"bronze:WhirlingStrike","floor":2.0},{"not_picked":["bronze:DigitalCarnage","bronze:Constructor"],"picked":"bronze:FineTuning","floor":3.0},{"not_picked":["bronze:Overheat","bronze:BuggyMess"],"picked":"bronze:BronzeOrb","floor":5.0},{"not_picked":["bronze:FineTuning","bronze:Shield","bronze:Flail"],"picked":"SKIP","floor":8.0},{"not_picked":["bronze:Safeguard","bronze:DarkDash","bronze:Fortify"],"picked":"SKIP","floor":10.0},{"not_picked":["bronze:BugBarrage","bronze:Fortify"],"picked":"bronze:Virus","floor":11.0},{"not_picked":["bronze:Frontload","bronze:Constructor"],"picked":"bronze:Iterate","floor":12.0},{"not_picked":["bronze:Safeguard","bronze:Separator","bronze:WhirlingStrike"],"picked":"Singing Bowl","floor":13.0},{"not_picked":["bronze:Invalidate","bronze:Branch"],"picked":"bronze:HardenedForm","floor":14.0},{"not_picked":["bronze:Separator","bronze:BugBarrage"],"picked":"bronze:Branch","floor":15.0},{"not_picked":["bronze:Virus","bronze:Break"],"picked":"bronze:SpaghettiCode","floor":16.0},{"not_picked":["bronze:ItsAFeature+1","bronze:FineTuning","bronze:Allocate"],"picked":"Singing Bowl","floor":19.0},{"not_picked":["bronze:BugBarrage+1","bronze:ForceShield"],"picked":"bronze:Turbo","floor":21.0},{"not_picked":["bronze:Branch","bronze:NullPointer+1"],"picked":"bronze:Terminator","floor":22.0},{"not_picked":["bronze:Turbo","bronze:Iterate","bronze:FineTuning"],"picked":"Singing Bowl","floor":23.0},{"not_picked":["bronze:HyperBeam","bronze:DelayedGuard","bronze:BugBarrage+1"],"picked":"Singing Bowl","floor":25.0},{"not_picked":["bronze:Deprecate+1","bronze:Repulsor","bronze:FineTuning"],"picked":"Singing Bowl","floor":26.0},{"not_picked":["bronze:Shell","bronze:NullPointer+1","bronze:DarkDash"],"picked":"Singing Bowl","floor":27.0},{"not_picked":["bronze:Branch","bronze:BronzeOrb"],"picked":"bronze:MaxOutput","floor":28.0},{"not_picked":["bronze:Allocate","bronze:Optimize+1"],"picked":"bronze:BuggyMess+1","floor":31.0},{"not_picked":["bronze:Safeguard","bronze:WhirlingStrike","bronze:Optimize"],"picked":"Singing Bowl","floor":32.0},{"not_picked":["bronze:HardenedForm","bronze:Verify"],"picked":"bronze:Mutator","floor":33.0},{"not_picked":["bronze:BuggyMess+1","bronze:Branch+1","bronze:Constructor"],"picked":"Singing Bowl","floor":36.0},{"not_picked":["bronze:Deprecate+1","bronze:Branch+1","bronze:Shield"],"picked":"Singing Bowl","floor":37.0},{"not_picked":["bronze:Shield+1","bronze:BitShift","bronze:WildBeam+1"],"picked":"Singing Bowl","floor":38.0},{"not_picked":["bronze:FineTuning+1","bronze:Overload"],"picked":"bronze:Assembly","floor":40.0},{"not_picked":["bronze:ChosenStrike","bronze:ChildClass"],"picked":"bronze:ForLoop+1","floor":42.0},{"not_picked":["bronze:Constructor+1","bronze:Separator","bronze:BugBarrage"],"picked":"Singing Bowl","floor":43.0},{"not_picked":["bronze:Frontload","bronze:ForLoop","bronze:Fortify"],"picked":"Singing Bowl","floor":44.0},{"not_picked":["bronze:MaxOutput","bronze:ItsAFeature+1","bronze:CutThrough+1"],"picked":"Singing Bowl","floor":48.0},{"not_picked":["bronze:Safeguard+1","bronze:BitShift","bronze:Overload"],"picked":"Singing Bowl","floor":49.0},{"not_picked":["bronze:Overheat+1","bronze:Return+1","bronze:Optimize+1"],"picked":"Singing Bowl","floor":52.0}],"player_experience":95765,"relics_obtained":[{"floor":5.0,"key":"Potion Belt"},{"floor":7.0,"key":"Pen Nib"},{"floor":12.0,"key":"Singing Bowl"},{"floor":14.0,"key":"CaptainsWheel"},{"floor":20.0,"key":"Nilry\u0027s Codex"},{"floor":22.0,"key":"MutagenicStrength"},{"floor":23.0,"key":"Darkstone Periapt"},{"floor":24.0,"key":"Dream Catcher"},{"floor":24.0,"key":"Omamori"},{"floor":27.0,"key":"Art of War"},{"floor":31.0,"key":"Meat on the Bone"},{"floor":40.0,"key":"White Beast Statue"},{"floor":41.0,"key":"Mummified Hand"},{"floor":42.0,"key":"InkBottle"},{"floor":43.0,"key":"Ice Cream"},{"floor":52.0,"key":"Guardian:PocketSentry"}],"event_choices":[{"damage_healed":0.0,"max_hp_gain":5.0,"max_hp_loss":0.0,"gold_gain":0.0,"event_name":"Big Fish","player_choice":"Donut","floor":4.0,"gold_loss":0.0,"damage_taken":0.0},{"cards_removed":["bronze:Iterate"],"damage_healed":0.0,"max_hp_gain":0.0,"max_hp_loss":0.0,"gold_gain":0.0,"event_name":"Falling","player_choice":"Removed Attack","floor":46.0,"gold_loss":0.0,"damage_taken":0.0}],"is_beta":false,"boss_relics":[{"not_picked":["Cursed Key","Coffee Dripper"],"picked":"Runic Dome"},{"not_picked":["Black Star","Snecko Eye"],"picked":"Empty Cage"}],"items_purged_floors":[11,21,39],"is_endless":false,"potions_floor_spawned":[3,5,8,14,16,22,23,26,31,33,36,37,42,43,44,48,49,52],"ascension_level":1}}