{"host":"6vlgvs18q6xl6x95","time":1613919797,"event":{"mods":["BaseMod","Colored Powertips","Downfall","HololiveMod","Lobotomy","LobotomyExtend","Minty Spire (QoL Compilation)","Quick Restart","Replay The Spire","Shop Mod","StSLib","The Animator","WarShipGirlsR/战舰少女R mod","[IsaacMod]以撒尖塔","noobMod"],"gold_per_floor":[113,125,125,147,157,192,207,222,270,270,290,290,316,344,344,384,384,399,399,399],"floor_reached":19,"language":"ZHS","playtime":1453,"items_purged":[],"score":258,"play_id":"b1564290-4bff-48a4-8c98-342d915c4e0b","local_time":"20210221230317","is_ascension_mode":false,"campfire_choices":[{"data":"animator:Pride","floor":10.0,"key":"SMITH"},{"floor":12.0,"key":"RECALL"},{"data":"animator:ElricAlphonse","floor":15.0,"key":"SMITH"}],"circlet_count":0,"master_deck":["animator:Strike_FullmetalAlchemist","animator:Defend_FullmetalAlchemist","animator:Strike","animator:Strike","animator:Strike","animator:Defend","animator:Defend","animator:Defend","animator:ElricEdward","animator:ElricAlphonse+1","animator:ElricEdward","animator:Pride+1","animator:RoyMustang","Freischutz","animator:Witch","animator:ElricAlphonse","animator:WinryRockbell","GalaxyChild","animator:HigakiRinne","animator:Envy"],"relics":["animator:LivingPicture","animator:TheMissingPiece","HushsDoor","ice","CogitoBucket","GuppysHead","LetterFromLob","MealTicket","animator:ShionDessert","Mark of Pain","GuppysHairball","BelialBook"],"acts_visited":["Exordium","TheCity"],"potions_floor_usage":[18,18],"damage_taken":[{"damage":2.0,"enemies":"Jaw Worm","floor":1.0,"turns":3.0},{"damage":0.0,"enemies":"Cultist","floor":2.0,"turns":3.0},{"damage":0.0,"enemies":"2 Louse","floor":4.0,"turns":2.0},{"damage":4.0,"enemies":"Red Slaver","floor":5.0,"turns":3.0},{"damage":26.0,"enemies":"3 Sentries","floor":6.0,"turns":5.0},{"damage":17.0,"enemies":"Exordium Thugs","floor":7.0,"turns":4.0},{"damage":0.0,"enemies":"2 Fungi Beasts","floor":8.0,"turns":3.0},{"damage":0.0,"enemies":"Blue Slaver","floor":11.0,"turns":3.0},{"damage":0.0,"enemies":"Lagavulin","floor":13.0,"turns":4.0},{"damage":0.0,"enemies":"3 Louse","floor":14.0,"turns":3.0},{"damage":0.0,"enemies":"The Guardian","floor":16.0,"turns":8.0},{"damage":49,"enemies":"Chosen","floor":18,"turns":6}],"seed_played":"-3495431151127084621","potions_obtained":[{"floor":1.0,"key":"GamblersBrew"},{"floor":6.0,"key":"champ:CounterPotion"},{"floor":7.0,"key":"Strength Potion"},{"floor":13.0,"key":"Swift Potion"},{"floor":14.0,"key":"SpeedPotion"},{"floor":16.0,"key":"BlessingOfTheForge"}],"is_trial":false,"path_per_floor":["M","M","?","M","M","E","M","M","T","R","M","R","E","M","R","B",null,"M","?"],"character_chosen":"THE_ANIMATOR","items_purchased":["GuppysHairball","BelialBook","animator:Envy"],"campfire_rested":0,"item_purchase_floors":[17,17,17],"current_hp_per_floor":[64,64,64,64,61,35,18,18,18,18,18,18,18,18,18,67,51,2,0,0],"gold":399,"neow_bonus":"","is_daily":false,"chose_seed":false,"campfire_upgraded":2,"win_rate":0.0,"timestamp":1613919797,"path_taken":["M","M","?","M","M","E","M","M","T","R","M","R","E","M","R","BOSS","M","?"],"items_purchased_type":["Relic","Relic","Card"],"build_version":"2020-12-22","purchased_purges":0,"victory":false,"max_hp_per_floor":[66,66,66,66,67,67,67,67,67,67,67,67,67,67,67,75,51,51,51,51],"card_choices":[{"not_picked":["animator:Sebas","animator:Sloth"],"picked":"animator:ElricEdward","floor":1.0},{"not_picked":["animator:SilverFang","animator:Nanami","animator:Togame"],"picked":"SKIP","floor":2.0},{"not_picked":["animator:Caster","animator:Entoma"],"picked":"animator:Pride","floor":4.0},{"not_picked":["animator:MaesHughes","animator:ElricAlphonse"],"picked":"animator:RoyMustang","floor":5.0},{"not_picked":["Yin","Mercenary"],"picked":"Freischutz","floor":5.0},{"not_picked":["animator:TsurugaMeisai","animator:Spearman","animator:Assassin"],"picked":"SKIP","floor":6.0},{"not_picked":["animator:YuiTsuruno","animator:Konayuki"],"picked":"animator:Witch","floor":7.0},{"not_picked":["animator:Rider","animator:DwarfShaman","animator:Nanami"],"picked":"SKIP","floor":8.0},{"not_picked":["animator:ElricEdward","animator:Truth"],"picked":"animator:ElricAlphonse","floor":11.0},{"not_picked":["animator:Alexander","animator:Berserker","animator:RinTohsaka"],"picked":"SKIP","floor":13.0},{"not_picked":["animator:Emonzaemon","animator:Konayuki"],"picked":"animator:WinryRockbell","floor":14.0},{"not_picked":["Funeral","Mercenary"],"picked":"GalaxyChild","floor":14.0},{"not_picked":["animator:SwordMaiden","animator:GoblinSlayer"],"picked":"animator:HigakiRinne","floor":16.0},{"not_picked":["animator:Caster","animator:LizardPriest","animator:Genos"],"picked":"SKIP","floor":18},{"not_picked":["animator:Caster","animator:LizardPriest","animator:Genos"],"picked":"SKIP","floor":18}],"player_experience":112625,"relics_obtained":[{"floor":1.0,"key":"LetterFromLob"},{"floor":6.0,"key":"MealTicket"},{"floor":13.0,"key":"animator:ShionDessert"}],"event_choices":[],"is_beta":false,"boss_relics":[{"not_picked":["Velvet Choker","Painkiller Herb"],"picked":"Mark of Pain"},{"not_picked":[]}],"items_purged_floors":[],"is_endless":false,"potions_floor_spawned":[1,6,7,13,14,16],"ascension_level":0}}