{"host":"mithrandi","time":1613915362,"event":{"mods":["BaseMod","Colored Map","Highlight Path","Minty Spire (QoL Compilation)","SuperFastMode"],"gold_per_floor":[14,14,27,102,115,147,160,160,160,195,41,41,59,90,90,193,193,204,221,231,61,61,88,88,114,167,167,179,198,468,481,481,581,581,592,592,605,605,161,190,206,235,235,267,278,278,0,0,0,0,0,0,0,28,28,28],"floor_reached":55,"language":"ENG","playtime":4366,"items_purged":["Strike_R","Strike_R","Strike_R"],"score":940,"play_id":"712b9534-1220-4715-b463-fa9767228cff","local_time":"20210221154922","is_ascension_mode":false,"campfire_choices":[{"data":"Infernal Blade","floor":12.0,"key":"SMITH"},{"data":"Bash","floor":15.0,"key":"SMITH"},{"data":"Demon Form","floor":27.0,"key":"SMITH"},{"data":"Offering","floor":32.0,"key":"SMITH"},{"data":"Armaments","floor":46.0,"key":"SMITH"},{"floor":49.0,"key":"RECALL"},{"data":"Seeing Red","floor":52.0,"key":"SMITH"}],"circlet_count":0,"master_deck":["Defend_R","Defend_R","Defend_R","Defend_R","Bash+1","Pommel Strike","Infernal Blade+1","Cleave","Iron Wave","Pommel Strike","Flame Barrier","Fire Breathing","Dropkick","Offering+1","CurseOfTheBell","Pummel+1","Clothesline+1","Battle Trance","Feel No Pain","Reaper+1","RitualDagger+1","Demon Form+1","Burning Pact","Berserk","Armaments+1","Panache","Dual Wield+1","Seeing Red+1"],"relics":["Burning Blood","Mango","Matryoshka","Lantern","Bottled Lightning","Strawberry","Toy Ornithopter","Calling Bell","PreservedInsect","Molten Egg 2","Charon\u0027s Ashes","Mercury Hourglass","Ancient Tea Set","Orichalcum","Pen Nib","Runic Pyramid","Bag of Marbles","Omamori","Akabeko","Bottled Tornado","MealTicket","Red Mask","Singing Bowl","Pear"],"acts_visited":["Exordium","TheCity","TheBeyond","TheEnding"],"potions_floor_usage":[55,55],"damage_taken":[{"damage":5.0,"enemies":"Small Slimes","floor":1.0,"turns":4.0},{"damage":3.0,"enemies":"Jaw Worm","floor":3.0,"turns":4.0},{"damage":10.0,"enemies":"Cultist","floor":5.0,"turns":4.0},{"damage":22.0,"enemies":"3 Sentries","floor":6.0,"turns":6.0},{"damage":0.0,"enemies":"3 Louse","floor":7.0,"turns":2.0},{"damage":26.0,"enemies":"Lagavulin","floor":10.0,"turns":5.0},{"damage":0.0,"enemies":"Large Slime","floor":13.0,"turns":2.0},{"damage":22.0,"enemies":"Gremlin Nob","floor":14.0,"turns":4.0},{"damage":0.0,"enemies":"Slime Boss","floor":16.0,"turns":5.0},{"damage":10.0,"enemies":"Spheric Guardian","floor":18.0,"turns":3.0},{"damage":21.0,"enemies":"2 Thieves","floor":19.0,"turns":3.0},{"damage":11.0,"enemies":"Centurion and Healer","floor":20.0,"turns":7.0},{"damage":16.0,"enemies":"Slavers","floor":23.0,"turns":5.0},{"damage":24.0,"enemies":"Gremlin Leader","floor":25.0,"turns":5.0},{"damage":0.0,"enemies":"Shelled Parasite and Fungi","floor":28.0,"turns":2.0},{"damage":25.0,"enemies":"Snake Plant","floor":29.0,"turns":4.0},{"damage":13.0,"enemies":"3 Cultists","floor":31.0,"turns":4.0},{"damage":54.0,"enemies":"Champ","floor":33.0,"turns":14.0},{"damage":16.0,"enemies":"3 Shapes","floor":35.0,"turns":4.0},{"damage":5.0,"enemies":"Orb Walker","floor":37.0,"turns":2.0},{"damage":36.0,"enemies":"Reptomancer","floor":40.0,"turns":4.0},{"damage":34.0,"enemies":"Sphere and 2 Shapes","floor":41.0,"turns":5.0},{"damage":6.0,"enemies":"Nemesis","floor":42.0,"turns":3.0},{"damage":6.0,"enemies":"Reptomancer","floor":44.0,"turns":3.0},{"damage":21.0,"enemies":"3 Darklings","floor":45.0,"turns":3.0},{"damage":103.0,"enemies":"Donu and Deca","floor":50.0,"turns":7.0},{"damage":79.0,"enemies":"Shield and Spear","floor":54.0,"turns":6.0},{"damage":139,"enemies":"The Heart","floor":55,"turns":6}],"seed_played":"-5050770150840502229","potions_obtained":[{"floor":3.0,"key":"BloodPotion"},{"floor":6.0,"key":"Explosive Potion"},{"floor":7.0,"key":"FearPotion"},{"floor":10.0,"key":"Energy Potion"},{"floor":23.0,"key":"SteroidPotion"},{"floor":25.0,"key":"Ancient Potion"},{"floor":28.0,"key":"BlessingOfTheForge"},{"floor":40.0,"key":"LiquidBronze"},{"floor":45.0,"key":"SteroidPotion"},{"floor":54.0,"key":"Strength Potion"}],"is_trial":false,"path_per_floor":["M","?","M","?","M","E","M","?","T","E","$","R","M","E","R","B",null,"M","M","M","$","?","E","?","E","T","R","M","M","?","M","R","B",null,"M","T","M","?","$","E","M","E","T","E","M","R","?","T","R","B",null,"R","$","E","B"],"character_chosen":"IRONCLAD","items_purchased":["Dropkick","Feel No Pain","Panache","Bag of Marbles"],"campfire_rested":0,"item_purchase_floors":[11,21,39,39],"current_hp_per_floor":[94,94,94,83,79,63,69,62,62,49,49,49,55,39,39,50,101,97,82,77,77,77,67,61,68,68,68,89,86,59,76,76,82,101,101,101,101,101,101,71,43,48,48,64,49,49,49,49,49,75,101,101,101,85,0,0],"gold":28,"neow_bonus":"ONE_RARE_RELIC","is_daily":false,"chose_seed":false,"campfire_upgraded":6,"win_rate":0.0,"timestamp":1613915362,"path_taken":["M","?","M","?","M","E","M","?","T","E","$","R","?","E","R","BOSS","M","M","?","$","?","E","?","E","T","R","?","M","?","M","R","BOSS","M","?","?","?","$","E","M","E","T","E","M","R","?","?","R","BOSS","R","$","E","BOSS"],"items_purchased_type":["Card","Card","Card","Relic"],"build_version":"2020-12-18","purchased_purges":3,"victory":false,"max_hp_per_floor":[94,94,94,94,94,94,94,94,94,101,101,101,101,101,101,101,101,101,101,101,101,101,101,101,101,101,101,101,101,101,101,101,101,101,101,101,101,101,101,101,101,101,101,101,101,101,101,101,101,101,101,101,101,113,113,113],"card_choices":[{"not_picked":["Clash","Sword Boomerang"],"picked":"Pommel Strike","floor":1.0},{"not_picked":["Flex","Body Slam"],"picked":"Infernal Blade","floor":3.0},{"not_picked":["Wild Strike","Heavy Blade"],"picked":"Cleave","floor":5.0},{"not_picked":["Pommel Strike","True Grit"],"picked":"Iron Wave","floor":6.0},{"not_picked":["Evolve","Warcry"],"picked":"Pommel Strike","floor":7.0},{"not_picked":["Whirlwind","Thunderclap"],"picked":"Flame Barrier","floor":10.0},{"not_picked":["Burning Pact","Armaments"],"picked":"Fire Breathing","floor":13.0},{"not_picked":["Flex","Armaments"],"picked":"Dropkick","floor":14.0},{"not_picked":["Juggernaut","Exhume"],"picked":"Offering","floor":16.0},{"not_picked":["Flex+1","Body Slam+1"],"picked":"Pummel+1","floor":18.0},{"not_picked":["Clash+1","Cleave+1"],"picked":"Clothesline+1","floor":19.0},{"not_picked":["Anger+1","Limit Break"],"picked":"Battle Trance","floor":20.0},{"not_picked":["Spot Weakness","Clash+1"],"picked":"Reaper+1","floor":23.0},{"not_picked":["Clothesline+1","Blood for Blood+1"],"picked":"Demon Form","floor":25.0},{"not_picked":["Perfected Strike+1","Flame Barrier","Anger+1"],"picked":"SKIP","floor":28.0},{"not_picked":["Cleave+1","Uppercut+1"],"picked":"Burning Pact","floor":29.0},{"not_picked":["Cleave+1","Infernal Blade","Iron Wave+1"],"picked":"SKIP","floor":31.0},{"not_picked":["Barricade","Immolate+1"],"picked":"Berserk","floor":33.0},{"not_picked":["Uppercut+1","Thunderclap+1"],"picked":"Armaments","floor":35.0},{"not_picked":["Iron Wave+1","Sword Boomerang+1","Fire Breathing+1"],"picked":"SKIP","floor":37.0},{"not_picked":["Twin Strike+1","Battle Trance+1"],"picked":"Dual Wield+1","floor":40.0},{"not_picked":["Wild Strike+1","Battle Trance","Burning Pact"],"picked":"SKIP","floor":41.0},{"not_picked":["Rupture","Thunderclap+1"],"picked":"Seeing Red","floor":42.0},{"not_picked":["Blood for Blood+1","Anger+1","Clothesline+1"],"picked":"SKIP","floor":44.0},{"not_picked":["Warcry","Havoc","Ghostly Armor+1"],"picked":"SKIP","floor":45.0},{"not_picked":["Cleave+1","Flex+1","Headbutt+1"],"picked":"Singing Bowl","floor":54.0}],"player_experience":3045630,"relics_obtained":[{"floor":6.0,"key":"Matryoshka"},{"floor":9.0,"key":"Lantern"},{"floor":9.0,"key":"Bottled Lightning"},{"floor":10.0,"key":"Strawberry"},{"floor":14.0,"key":"Toy Ornithopter"},{"floor":17.0,"key":"PreservedInsect"},{"floor":17.0,"key":"Molten Egg 2"},{"floor":17.0,"key":"Charon\u0027s Ashes"},{"floor":23.0,"key":"Mercury Hourglass"},{"floor":25.0,"key":"Ancient Tea Set"},{"floor":26.0,"key":"Orichalcum"},{"floor":26.0,"key":"Pen Nib"},{"floor":40.0,"key":"Omamori"},{"floor":42.0,"key":"Akabeko"},{"floor":43.0,"key":"Bottled Tornado"},{"floor":44.0,"key":"MealTicket"},{"floor":48.0,"key":"Singing Bowl"},{"floor":54.0,"key":"Pear"}],"event_choices":[{"cards_removed":["Strike_R"],"damage_healed":0.0,"max_hp_gain":0.0,"max_hp_loss":0.0,"gold_gain":0.0,"event_name":"Living Wall","player_choice":"Forget","floor":2.0,"gold_loss":0.0,"damage_taken":0.0},{"damage_healed":0.0,"max_hp_gain":0.0,"max_hp_loss":0.0,"gold_gain":75.0,"event_name":"World of Goop","player_choice":"Gather Gold","floor":4.0,"gold_loss":0.0,"damage_taken":11.0},{"cards_removed":["Strike_R"],"damage_healed":0.0,"max_hp_gain":0.0,"max_hp_loss":0.0,"gold_gain":0.0,"event_name":"Golden Wing","player_choice":"Card Removal","floor":8.0,"gold_loss":0.0,"damage_taken":7.0},{"damage_healed":0.0,"max_hp_gain":0.0,"max_hp_loss":0.0,"gold_gain":0.0,"event_name":"Vampires","player_choice":"Ignored","floor":22.0,"gold_loss":0.0,"damage_taken":0.0},{"damage_healed":0.0,"max_hp_gain":0.0,"max_hp_loss":0.0,"gold_gain":0.0,"event_name":"Nest","player_choice":"Joined the Cult","floor":24.0,"gold_loss":0.0,"damage_taken":6.0,"cards_obtained":["RitualDagger"]},{"damage_healed":0.0,"max_hp_gain":0.0,"max_hp_loss":0.0,"gold_gain":270.0,"event_name":"Knowing Skull","player_choice":"GOLD GOLD GOLD ","floor":30.0,"potions_obtained":[],"gold_loss":0.0,"damage_taken":27.0,"cards_obtained":[]},{"cards_removed":["Dropkick"],"damage_healed":0.0,"max_hp_gain":0.0,"max_hp_loss":0.0,"gold_gain":0.0,"event_name":"Falling","player_choice":"Removed Attack","floor":38.0,"gold_loss":0.0,"damage_taken":0.0},{"damage_healed":0.0,"max_hp_gain":0.0,"max_hp_loss":0.0,"gold_gain":0.0,"event_name":"Tomb of Lord Red Mask","player_choice":"Paid","floor":47.0,"gold_loss":278.0,"damage_taken":0.0,"relics_obtained":["Red Mask"]}],"is_beta":true,"boss_relics":[{"not_picked":["Cursed Key","Ectoplasm"],"picked":"Calling Bell"},{"not_picked":["Snecko Eye","Black Blood"],"picked":"Runic Pyramid"}],"items_purged_floors":[11,21,39],"is_endless":false,"potions_floor_spawned":[3,6,7,10,23,25,28,29,37,40,45,54],"killed_by":"The Heart","ascension_level":0}}