{"host":"4i5my69dv6e41930","time":1613878925,"event":{"mods":["AchievementEnabler","BaseMod","Minty Spire (QoL Compilation)","Relic Stats"],"gold_per_floor":[112,128,128,128,34,34,64,75,100,120,130,130,130,55,55,132,132,142,142,67,67,67,67,82,82,82],"floor_reached":25,"language":"ENG","playtime":3225,"items_purged":["Strike_G"],"score":398,"play_id":"d386a5cc-0eb0-490c-b559-0697db75010a","local_time":"20210220224205","is_ascension_mode":true,"campfire_choices":[{"data":"Envenom","floor":6.0,"key":"SMITH"},{"floor":12.0,"key":"REST"},{"data":"Blade Dance","floor":15.0,"key":"SMITH"},{"data":"Crippling Poison","floor":23,"key":"SMITH"}],"circlet_count":0,"master_deck":["AscendersBane","Strike_G+1","Strike_G+1","Defend_G+1","Defend_G+1","Defend_G+1","Defend_G+1","Defend_G+1","Survivor","Neutralize","Envenom+1","Backstab","Bane","Poisoned Stab","Infinite Blades","Blur","PiercingWail","Blade Dance+1","Corpse Explosion","Crippling Poison+1","Footwork","Backstab"],"relics":["Ring of the Snake","Pen Nib","Bag of Preparation","Empty Cage"],"acts_visited":["Exordium","TheCity"],"potions_floor_usage":[24,25],"damage_taken":[{"damage":0.0,"enemies":"Small Slimes","floor":1.0,"turns":7.0},{"damage":0.0,"enemies":"Jaw Worm","floor":2.0,"turns":5.0},{"damage":22.0,"enemies":"Gremlin Nob","floor":7.0,"turns":4.0},{"damage":0.0,"enemies":"Cultist","floor":8.0,"turns":3.0},{"damage":0.0,"enemies":"Looter","floor":10.0,"turns":2.0},{"damage":1.0,"enemies":"Exordium Wildlife","floor":11.0,"turns":5.0},{"damage":9.0,"enemies":"The Guardian","floor":16.0,"turns":10.0},{"damage":35.0,"enemies":"Spheric Guardian","floor":18.0,"turns":6.0},{"damage":9,"enemies":"2 Thieves","floor":24,"turns":3},{"damage":18,"enemies":"Book of Stabbing","floor":25,"turns":5}],"seed_played":"6730549168628467885","potions_obtained":[{"floor":1.0,"key":"Energy Potion"},{"floor":2.0,"key":"Weak Potion"},{"floor":7.0,"key":"Energy Potion"},{"floor":24,"key":"LiquidMemories"}],"is_trial":false,"path_per_floor":["M","M","?","?","$","R","E","M","T","M","M","R","?","$","R","B",null,"M","?","$","?","?","R","M","E"],"character_chosen":"THE_SILENT","items_purchased":["Poisoned Stab","Infinite Blades","Footwork"],"campfire_rested":1,"item_purchase_floors":[5,5,20],"current_hp_per_floor":[44,44,44,35,35,35,13,13,13,13,12,31,36,36,36,27,60,25,25,25,25,25,25,16,0,0],"gold":82,"neow_bonus":"THREE_RARE_CARDS","is_daily":false,"chose_seed":false,"campfire_upgraded":3,"win_rate":0.0,"timestamp":1613878925,"path_taken":["M","M","?","?","$","R","E","M","T","?","M","R","?","?","R","BOSS","M","?","$","?","?","R","M","E"],"items_purchased_type":["Card","Card","Card"],"build_version":"2020-12-22","purchased_purges":1,"victory":false,"max_hp_per_floor":[66,66,66,66,66,66,66,66,66,66,66,66,71,71,71,71,71,71,71,71,71,71,71,71,71,71],"relic_stats":{"counters":[10,50],"Pen Nib":[9],"Bag of Preparation":[12],"obtain_stats":[{"Pen Nib":7,"Bag of Preparation":9,"Empty Cage":17,"Ring of the Snake":0},{"Pen Nib":3,"Bag of Preparation":4,"Empty Cage":7,"Ring of the Snake":0},{"Pen Nib":16,"Bag of Preparation":19,"Empty Cage":36,"Ring of the Snake":0}],"Ring of the Snake":[20]},"card_choices":[{"not_picked":["Grand Finale","Bullet Time"],"picked":"Envenom","floor":0.0},{"not_picked":["Heel Hook","Flechettes"],"picked":"Backstab","floor":1.0},{"not_picked":["Masterful Stab","Dagger Throw"],"picked":"Bane","floor":2.0},{"not_picked":["Eviscerate","Deflect"],"picked":"Blur","floor":7.0},{"not_picked":["Flying Knee","Outmaneuver"],"picked":"PiercingWail","floor":8.0},{"not_picked":["Bane","Acrobatics","Concentrate"],"picked":"SKIP","floor":10.0},{"not_picked":["Acrobatics","Masterful Stab"],"picked":"Blade Dance","floor":11.0},{"not_picked":["Burst","Die Die Die"],"picked":"Corpse Explosion","floor":16.0},{"not_picked":["Bane","Accuracy"],"picked":"Crippling Poison","floor":18.0},{"not_picked":["Dagger Throw+1","Dagger Spray"],"picked":"Backstab","floor":24}],"player_experience":82610,"relics_obtained":[{"floor":7.0,"key":"Pen Nib"},{"floor":9.0,"key":"Bag of Preparation"}],"event_choices":[{"damage_healed":0.0,"max_hp_gain":0.0,"max_hp_loss":0.0,"gold_gain":0.0,"event_name":"Liars Game","player_choice":"Ignored","floor":3.0,"gold_loss":0.0,"damage_taken":0.0},{"damage_healed":0.0,"max_hp_gain":0.0,"max_hp_loss":0.0,"gold_gain":0.0,"event_name":"Wheel of Change","player_choice":"Damaged","floor":4.0,"gold_loss":0.0,"damage_taken":9.0},{"damage_healed":0.0,"max_hp_gain":5.0,"max_hp_loss":0.0,"gold_gain":0.0,"event_name":"Big Fish","player_choice":"Donut","floor":13.0,"gold_loss":0.0,"damage_taken":0.0},{"damage_healed":0.0,"max_hp_gain":0.0,"max_hp_loss":0.0,"gold_gain":0.0,"event_name":"Back to Basics","player_choice":"Simplicity","floor":19.0,"gold_loss":0.0,"damage_taken":0.0,"cards_upgraded":["Strike_G","Strike_G","Defend_G","Defend_G","Defend_G","Defend_G","Defend_G"]},{"damage_healed":0.0,"max_hp_gain":0.0,"max_hp_loss":0.0,"gold_gain":0.0,"event_name":"The Mausoleum","player_choice":"Ignored","floor":21.0,"gold_loss":0.0,"damage_taken":0.0}],"is_beta":false,"boss_relics":[{"not_picked":["Calling Bell","Tiny House"],"picked":"Empty Cage"}],"items_purged_floors":[14],"is_endless":false,"potions_floor_spawned":[1,2,7,24],"killed_by":"Book of Stabbing","ascension_level":20}}