{"host":"as7albp2mcgkylj3","time":1613921084,"event":{"mods":["2.2 Compatiblity","AchievementEnabler","BaseMod","Colored Map","DeckTracker","Googly Eyes","Highlight Path","Minty Spire (QoL Compilation)","StSLib","SuperFastMode"],"gold_per_floor":[119,132,147,165,192,192,206,131,131,31,49,49,73,93,93,93,93],"floor_reached":16,"language":"ITA","playtime":290,"items_purged":["Vigilance","Eruption"],"score":94,"play_id":"002a1733-a0f9-44ac-a947-b6f79079e550","local_time":"20210221162444","is_ascension_mode":false,"campfire_choices":[{"data":"PathToVictory","floor":6,"key":"SMITH"},{"floor":12,"key":"REST"},{"floor":15,"key":"REST"}],"circlet_count":0,"master_deck":["Strike_P","Strike_P","Strike_P","Strike_P","Defend_P","Defend_P","Defend_P","Defend_P","PathToVictory+1"],"relics":["PureWater"],"acts_visited":["Exordium"],"potions_floor_usage":[16],"damage_taken":[{"damage":0,"enemies":"Cultist","floor":1,"turns":2},{"damage":12,"enemies":"Jaw Worm","floor":2,"turns":5},{"damage":0,"enemies":"Small Slimes","floor":3,"turns":3},{"damage":16,"enemies":"3 Louse","floor":4,"turns":4},{"damage":0,"enemies":"Looter","floor":7,"turns":5},{"damage":19,"enemies":"Gremlin Gang","floor":11,"turns":5},{"damage":19,"enemies":"Large Slime","floor":14,"turns":7},{"damage":65,"enemies":"Hexaghost","floor":16,"turns":10}],"seed_played":"6342178218028228216","potions_obtained":[{"floor":1,"key":"SteroidPotion"},{"floor":3,"key":"Dexterity Potion"},{"floor":14,"key":"FearPotion"}],"is_trial":false,"path_per_floor":["M","M","M","M","T","R","M","$","T","$","M","R","T","M","R","B"],"character_chosen":"WATCHER","items_purchased":[],"campfire_rested":2,"item_purchase_floors":[],"current_hp_per_floor":[79,67,67,51,51,51,51,51,51,51,32,55,55,36,59,0,0],"gold":93,"neow_bonus":"TEN_PERCENT_HP_BONUS","is_daily":false,"chose_seed":false,"campfire_upgraded":1,"win_rate":0.0,"timestamp":1613921084,"path_taken":["M","M","?","M","?","R","?","$","T","$","M","R","?","M","R","BOSS"],"items_purchased_type":[],"build_version":"2020-12-22","purchased_purges":2,"victory":false,"max_hp_per_floor":[79,79,79,79,79,79,79,79,79,79,79,79,79,79,79,79,79],"card_choices":[{"not_picked":["WheelKick","Crescendo","InnerPeace"],"picked":"SKIP","floor":1},{"not_picked":["Prostrate","Consecrate"],"picked":"PathToVictory","floor":2},{"not_picked":["Prostrate","Meditate","Wallop"],"picked":"SKIP","floor":3},{"not_picked":["EmptyBody","DeceiveReality","Halt"],"picked":"SKIP","floor":4},{"not_picked":["CrushJoints","EmptyBody","EmptyFist"],"picked":"SKIP","floor":7},{"not_picked":["EmptyFist","Blasphemy","CrushJoints"],"picked":"SKIP","floor":11},{"not_picked":["Protect","Adaptation","Evaluate"],"picked":"SKIP","floor":14}],"player_experience":484164,"relics_obtained":[],"event_choices":[],"is_beta":false,"boss_relics":[],"items_purged_floors":[8,10],"is_endless":false,"potions_floor_spawned":[1,3,14],"killed_by":"Hexaghost","ascension_level":0}}