{"host":"qnonbmyem8gan59d","time":1613879174,"event":{"mods":["BaseMod","Colored Powertips","Downfall","Hermit","Minty Spire (QoL Compilation)","Replay The Spire","StSLib"],"gold_per_floor":[113,123,177,196,196,196,221,221,246,272,307,333,281,307,307,435,435,466,494,544,580,505,505,556,556,611,611,611,611,611,650,650,775,875,908,908,941,941,982,982,1020,675,702,734,585,585,622,694,694,712,712,712,513,569,581,581],"floor_reached":55,"language":"ENG","playtime":6697,"items_purged":["hermit:EternalForm","Parasite"],"score":772,"play_id":"cc009fac-0bf1-4a5b-8eee-dadcb3a8bbd4","local_time":"20210220214614","is_ascension_mode":false,"campfire_choices":[{"floor":6.0,"key":"RECALL"},{"floor":8.0,"key":"REST"},{"floor":15.0,"key":"REST"},{"data":"hermit:BigShot","floor":23.0,"key":"SMITH"},{"floor":25.0,"key":"REST"},{"data":"hermit:BigShot","floor":27.0,"key":"SMITH"},{"data":"hermit:CalledShot","floor":29.0,"key":"SMITH"},{"floor":32.0,"key":"DIG"},{"floor":40.0,"key":"REST"},{"floor":46.0,"key":"REST"},{"data":"hermit:BigShot","floor":49.0,"key":"SMITH"},{"data":"hermit:TakeAim","floor":52.0,"key":"SMITH"}],"circlet_count":0,"master_deck":["hermit:Strike_Hermit","hermit:Strike_Hermit","hermit:Strike_Hermit","hermit:Strike_Hermit","hermit:Defend_Hermit","hermit:Defend_Hermit","hermit:Defend_Hermit","hermit:Defend_Hermit","hermit:Snapshot","hermit:Covet","hermit:CalledShot+1","hermit:Headshot","hermit:Enervate","hermit:BigShot+1","hermit:GoldenBullet","hermit:BigShot+1","hermit:Vantage","hermit:Combo+1","hermit:Ricochet","hermit:Vantage","hermit:Deadeye","hermit:Ricochet","hermit:HoleUp+1","hermit:Glare","hermit:TakeAim+1","hermit:BigShot+1","hermit:BigShot+1","hermit:Vantage+1","hermit:Headshot+1"],"relics":["Honey Jar","Replay:Bandana","Replay:Bottled Flurry","ChewingGum","InkBottle","Oddly Smooth Stone","Centennial Puzzle","Replay:Wanted Poster","HornCleat","Smiling Mask","Replay:Rubber Ducky","hermit:PetGhost","Replay:Accelerometer"],"acts_visited":["Exordium","TheCity","TheBeyond","TheEnding"],"potions_floor_usage":[55,55],"damage_taken":[{"damage":0.0,"enemies":"2 Louse","floor":1.0,"turns":2.0},{"damage":0.0,"enemies":"Cultist","floor":2.0,"turns":2.0},{"damage":6.0,"enemies":"Jaw Worm","floor":4.0,"turns":2.0},{"damage":25.0,"enemies":"3 Sentries","floor":7.0,"turns":10.0},{"damage":3.0,"enemies":"Red Slaver","floor":10.0,"turns":2.0},{"damage":19.0,"enemies":"Replay:BlueRogue","floor":11.0,"turns":7.0},{"damage":13.0,"enemies":"2 Fungi Beasts","floor":12.0,"turns":3.0},{"damage":5.0,"enemies":"Blue Slaver","floor":14.0,"turns":2.0},{"damage":22.0,"enemies":"Fading Forest","floor":16.0,"turns":11.0},{"damage":0.0,"enemies":"Spheric Guardian","floor":18.0,"turns":2.0},{"damage":0.0,"enemies":"Shell Parasite","floor":19.0,"turns":6.0},{"damage":8.0,"enemies":"Snake Plant","floor":21.0,"turns":4.0},{"damage":21.0,"enemies":"Slavers","floor":24.0,"turns":5.0},{"damage":2.0,"enemies":"Cultist and Chosen","floor":31.0,"turns":3.0},{"damage":33.0,"enemies":"Automaton","floor":33.0,"turns":7.0},{"damage":0.0,"enemies":"Orb Walker","floor":35.0,"turns":2.0},{"damage":9.0,"enemies":"3 Shapes","floor":37.0,"turns":2.0},{"damage":16.0,"enemies":"Writhing Mass","floor":39.0,"turns":6.0},{"damage":20.0,"enemies":"4 Shapes","floor":41.0,"turns":4.0},{"damage":0.0,"enemies":"Spire Growth","floor":44.0,"turns":4.0},{"damage":8.0,"enemies":"Jaw Worm Horde","floor":47.0,"turns":4.0},{"damage":0.0,"enemies":"Mind Bloom Boss Battle","floor":48.0,"turns":5.0},{"damage":0.0,"enemies":"Donu and Deca","floor":50.0,"turns":6.0},{"damage":0.0,"enemies":"Shield and Spear","floor":54.0,"turns":6.0},{"damage":100097,"enemies":"The Heart","floor":55,"turns":6}],"seed_played":"6973768803072457297","potions_obtained":[{"floor":4.0,"key":"hermit:BlackBile"},{"floor":7.0,"key":"BlessingOfTheForge"},{"floor":10.0,"key":"sneckomod:MuddlingPotion"},{"floor":12.0,"key":"Elixir"},{"floor":14.0,"key":"hermit:BlackBile"},{"floor":19.0,"key":"ColorlessPotion"},{"floor":31.0,"key":"sneckomod:MuddlingPotion"},{"floor":37.0,"key":"SkillPotion"},{"floor":44.0,"key":"sneckomod:MuddlingPotion"},{"floor":47.0,"key":"EssenceOfSteel"},{"floor":48.0,"key":"SpeedPotion"}],"is_trial":false,"path_per_floor":["M","M","?","M","?","R","E","R","T","M","E","M","$","M","R","B",null,"M","M","?","M","$","R","E","R","T","R","?","R","?","M","R","B",null,"M","?","M","?","M","R","M","$","T","M","$","R","M","?","R","B",null,"R","$","E","B"],"character_chosen":"HERMIT","items_purchased":["hermit:Combo+1","HornCleat","Replay:Rubber Ducky","ColorlessPotion","hermit:PetGhost"],"campfire_rested":5,"item_purchase_floors":[13,42,45,53,53],"current_hp_per_floor":[75,75,75,69,69,69,44,66,66,63,44,31,31,26,48,36,75,75,75,75,67,67,67,46,68,68,68,68,68,68,66,66,33,75,75,75,66,66,50,72,52,52,52,52,52,72,64,64,64,64,72,72,72,72,0,0],"gold":581,"neow_bonus":"BOSS_RELIC","is_daily":false,"chose_seed":false,"campfire_upgraded":5,"win_rate":0.0,"timestamp":1613879174,"path_taken":["M","M","?","M","?","R","E","R","T","M","E","?","$","M","R","BOSS","M","M","?","?","$","R","E","R","T","R","?","R","?","M","R","BOSS","M","?","M","?","?","R","M","$","T","M","?","R","M","?","R","BOSS","R","$","E","BOSS"],"items_purchased_type":["Card","Relic","Relic","Potion","Relic"],"build_version":"2020-12-22","purchased_purges":2,"victory":false,"max_hp_per_floor":[75,75,75,75,75,75,75,75,75,75,75,75,75,75,75,75,75,75,75,75,75,75,75,75,75,75,75,75,75,75,75,75,75,75,75,75,75,75,75,75,75,72,72,72,72,72,72,72,72,72,72,72,72,72,72,72],"card_choices":[{"not_picked":["hermit:BigShot","hermit:GoldenBullet","hermit:TrackingShot"],"picked":"hermit:CalledShot","floor":1.0},{"not_picked":["hermit:DeadMansHand","hermit:EyeOfTheStorm","hermit:Enervate"],"picked":"hermit:Headshot","floor":2.0},{"not_picked":["hermit:Ricochet","hermit:Maintenance","hermit:TakeCover"],"picked":"hermit:Enervate","floor":4.0},{"not_picked":["hermit:Headshot","hermit:Midnight","hermit:Feint"],"picked":"hermit:BigShot","floor":7.0},{"not_picked":["hermit:Dive","hermit:Horror","hermit:Headshot"],"picked":"hermit:GoldenBullet","floor":10.0},{"not_picked":["hermit:Desperado","hermit:WideOpen","hermit:Grudge"],"picked":"hermit:BigShot","floor":11.0},{"not_picked":["hermit:BodyArmor","hermit:Grudge","hermit:Adapt"],"picked":"hermit:Vantage","floor":12.0},{"not_picked":["hermit:Malice","hermit:Virtue","hermit:CalledShot"],"picked":"hermit:Ricochet","floor":14.0},{"not_picked":["hermit:FromBeyond","hermit:FinalCanter","hermit:BlackWind"],"picked":"hermit:EternalForm","floor":16.0},{"not_picked":["hermit:Manifest","hermit:BodyArmor+1","hermit:SprayPray"],"picked":"hermit:Vantage","floor":18.0},{"not_picked":["hermit:Brawl","hermit:Coalescence+1","hermit:NoHoldsBarred"],"picked":"hermit:Deadeye","floor":19.0},{"not_picked":["hermit:SprayPray","hermit:WideOpen","hermit:GhostlyPresence+1"],"picked":"hermit:Ricochet","floor":21.0},{"not_picked":["hermit:Manifest","hermit:WideOpen","hermit:FullyLoaded"],"picked":"hermit:HoleUp+1","floor":24.0},{"not_picked":["hermit:WideOpen","hermit:BlackWind","hermit:Quickdraw"],"picked":"hermit:Glare","floor":31.0},{"not_picked":["hermit:Coalescence","hermit:Quickdraw+1","hermit:Gestalt+1"],"picked":"hermit:TakeAim","floor":35.0},{"not_picked":["hermit:LowProfile","hermit:Glare+1","hermit:Quickdraw"],"picked":"hermit:BigShot","floor":37.0},{"not_picked":["hermit:Feint","hermit:BodyArmor+1","hermit:Showdown"],"picked":"hermit:Vantage+1","floor":39.0},{"not_picked":["hermit:FromBeyond","hermit:LuckOfTheDraw","hermit:HighCaliber","hermit:BodyArmor"],"picked":"SKIP","floor":41.0},{"not_picked":["hermit:Quickdraw","hermit:HighCaliber+1","hermit:Vantage","hermit:BodyArmor+1"],"picked":"SKIP","floor":44.0},{"not_picked":["hermit:TakeCover+1","hermit:Vantage","hermit:CalledShot"],"picked":"hermit:Headshot+1","floor":47.0},{"not_picked":["hermit:ShadowCloak+1","hermit:BlackWind","hermit:DeadMansHand+1","hermit:TakeAim+1"],"picked":"SKIP","floor":54.0}],"player_experience":102147,"relics_obtained":[{"floor":7.0,"key":"Replay:Bandana"},{"floor":11.0,"key":"Replay:Bottled Flurry"},{"floor":24.0,"key":"InkBottle"},{"floor":26.0,"key":"Oddly Smooth Stone"},{"floor":32.0,"key":"Centennial Puzzle"},{"floor":43.0,"key":"Smiling Mask"},{"floor":54.0,"key":"Replay:Accelerometer"}],"event_choices":[{"damage_healed":0.0,"max_hp_gain":0.0,"max_hp_loss":0.0,"gold_gain":54.0,"event_name":"Golden Wing","player_choice":"Gained Gold","floor":3.0,"gold_loss":0.0,"damage_taken":0.0},{"damage_healed":0.0,"max_hp_gain":0.0,"max_hp_loss":0.0,"gold_gain":0.0,"event_name":"Purifier","player_choice":"Ignored","floor":5.0,"gold_loss":0.0,"damage_taken":0.0},{"damage_healed":0.0,"max_hp_gain":0.0,"max_hp_loss":0.0,"gold_gain":100.0,"event_name":"The Joust","player_choice":"Bet on Murderer","floor":20.0,"gold_loss":50.0,"damage_taken":0.0},{"damage_healed":0.0,"max_hp_gain":0.0,"max_hp_loss":0.0,"gold_gain":0.0,"event_name":"Vampires","player_choice":"Ignored","floor":30.0,"gold_loss":0.0,"damage_taken":0.0},{"damage_healed":0.0,"max_hp_gain":0.0,"max_hp_loss":0.0,"gold_gain":0.0,"event_name":"Mysterious Sphere","player_choice":"Ignored","floor":36.0,"gold_loss":0.0,"damage_taken":0.0},{"damage_healed":0.0,"max_hp_gain":0.0,"max_hp_loss":0.0,"gold_gain":0.0,"event_name":"Duplicator","player_choice":"Copied","floor":38.0,"gold_loss":0.0,"damage_taken":0.0,"cards_obtained":["hermit:BigShot"]},{"damage_healed":0.0,"max_hp_gain":0.0,"max_hp_loss":0.0,"gold_gain":0.0,"event_name":"MindBloom","player_choice":"Fight","floor":48.0,"gold_loss":0.0,"damage_taken":0.0}],"is_beta":false,"boss_relics":[{"not_picked":["Replay:Grab Bag","Snecko Eye"],"picked":"ChewingGum"},{"not_picked":["SacredBark","Velvet Choker"],"picked":"Replay:Wanted Poster"}],"items_purged_floors":[22,42],"is_endless":false,"potions_floor_spawned":[4,7,10,12,14,19,31,37,44,47,48],"killed_by":"The Heart","ascension_level":0}}