{"host":"p0hktren06injwdf","time":1613882130,"event":{"mods":["AchievementEnabler","BaseMod","Colored Map","DeckTracker","Minty Spire (QoL Compilation)","Permanent Neow","StSLib","SuperFastMode"],"gold_per_floor":[115,133,133,146,146,175,175,242,287,287,29,29,29],"floor_reached":12,"language":"KOR","playtime":192,"items_purged":[],"score":156,"play_id":"785d11af-d0f1-4c86-91bf-fb1aeb77d58e","local_time":"20210221133530","is_ascension_mode":true,"campfire_choices":[{"floor":7.0,"key":"REST"},{"data":"Blade Dance","floor":10.0,"key":"SMITH"}],"circlet_count":0,"master_deck":["AscendersBane","Strike_G","Strike_G","Strike_G","Strike_G","Defend_G","Defend_G","Defend_G","Defend_G","Survivor","Neutralize","Footwork","Backflip","Blade Dance+1","All Out Attack","Calculated Gamble","Infinite Blades"],"relics":["Empty Cage","SsserpentHead","Ninja Scroll","Potion Belt","Eternal Feather"],"acts_visited":["Exordium"],"potions_floor_usage":[],"damage_taken":[{"damage":7.0,"enemies":"Small Slimes","floor":1.0,"turns":5.0},{"damage":0.0,"enemies":"Cultist","floor":2.0,"turns":4.0},{"damage":18.0,"enemies":"Jaw Worm","floor":4.0,"turns":9.0},{"damage":29.0,"enemies":"Gremlin Nob","floor":6.0,"turns":4.0},{"damage":0.0,"enemies":"Blue Slaver","floor":8.0,"turns":3.0},{"damage":29,"enemies":"Lagavulin","floor":12,"turns":8}],"seed_played":"7482950843643889981","potions_obtained":[{"floor":2.0,"key":"BlessingOfTheForge"},{"floor":6.0,"key":"DistilledChaos"}],"is_trial":false,"path_per_floor":["M","M","?","M","?","E","R","M","T","R","$","E"],"character_chosen":"THE_SILENT","items_purchased":["Eternal Feather","Infinite Blades"],"campfire_rested":1,"item_purchase_floors":[11,11],"current_hp_per_floor":[52,52,57,39,39,10,31,31,31,31,31,2,2],"gold":29,"neow_bonus":"BOSS_RELIC","is_daily":false,"chose_seed":false,"campfire_upgraded":1,"win_rate":0.0,"timestamp":1613882130,"path_taken":["M","M","?","M","?","E","R","?","T","R","?","E"],"items_purchased_type":["Relic","Card"],"build_version":"2020-12-22","purchased_purges":0,"victory":false,"max_hp_per_floor":[66,66,71,71,71,71,71,71,71,71,71,71,71],"card_choices":[{"not_picked":["Underhanded Strike","Flechettes"],"picked":"Footwork","floor":1.0},{"not_picked":["Acrobatics","Well Laid Plans"],"picked":"Backflip","floor":2.0},{"not_picked":["Deadly Poison","Sucker Punch"],"picked":"Blade Dance","floor":4.0},{"not_picked":["Cloak And Dagger","Acrobatics"],"picked":"All Out Attack","floor":6.0},{"not_picked":["Backflip","Reflex"],"picked":"Calculated Gamble","floor":8.0}],"player_experience":1100713,"relics_obtained":[{"floor":6.0,"key":"Ninja Scroll"},{"floor":9.0,"key":"Potion Belt"}],"event_choices":[{"damage_healed":0.0,"max_hp_gain":5.0,"max_hp_loss":0.0,"gold_gain":0.0,"event_name":"Big Fish","player_choice":"Donut","floor":3.0,"gold_loss":0.0,"damage_taken":0.0},{"damage_healed":0.0,"max_hp_gain":0.0,"max_hp_loss":0.0,"gold_gain":0.0,"event_name":"FaceTrader","player_choice":"Trade","floor":5.0,"gold_loss":0.0,"damage_taken":0.0,"relics_obtained":["SsserpentHead"]}],"is_beta":false,"boss_relics":[],"items_purged_floors":[],"is_endless":false,"potions_floor_spawned":[2,6],"killed_by":"Lagavulin","ascension_level":20}}