{"host":"h5acbxt0wmjo1kpm","time":1613900229,"event":{"mods":["2.2 Compatiblity","Act Like it!","AlwaysNeverKeys","Aspiration","Bard","Bartender","BaseMod","Better Third Choice","Colored Map","Elementarium","Gensokyo","GifTheSpireLib","Hallownest","Marisa????????","Menagerie","Minty Spire (QoL Compilation)","Permanent Neow","Potionbrewer","Quick Restart","Relic Filter","Reliquary","Robot Space Explorer","Ruina","RumiaBox-????????","Shade Mod","Spicy Shops","StSLib","Strawberry Spire","The Blackbeard","The Dragon Tamer","The Gatherer","The Hayseed","The Problem Sleuth","The Servant 0.9.4","Wandering Minibosses","Wide Potions"],"gold_per_floor":[128,162,162,5,52,133,258,372,372,343,343,381,381,443,443,643,643,711,223,223,278,355,355,355,355,355,396,486,486,527,593,593,740,740,799,839,839,937,442,442,541,80,104,182,182,385,385,385,385,409,409,409,9,108,108,108],"floor_reached":55,"language":"ENG","playtime":5742,"items_purged":["Pain","Pride","WitchOfGreed"],"score":874,"play_id":"ffa91e78-2071-44a8-be63-83476c61348b","local_time":"20210221013709","is_ascension_mode":false,"campfire_choices":[{"data":"MilkyWay","floor":11.0,"key":"SMITH"},{"data":"MilkyWay","floor":13,"key":"SMITH"},{"data":"OpenUniverse","floor":15,"key":"SMITH"},{"data":"MysteriousBeam","floor":23,"key":"SMITH"},{"data":"UpSweep","floor":25,"key":"SMITH"},{"floor":29,"key":"REST"},{"data":"PropBag","floor":32,"key":"SMITH"},{"data":"BinaryStars","floor":40,"key":"SMITH"},{"floor":45,"key":"RECALL"},{"data":"EnergyFlow","floor":47,"key":"SMITH"},{"data":"OortCloud","floor":49,"key":"SMITH"},{"data":"DoubleSpark","floor":52,"key":"SMITH"}],"circlet_count":0,"master_deck":["Strike_MRS","Defend_MRS","Defend_MRS","Defend_MRS","Defend_MRS","MasterSpark","UpSweep+1","MilkyWay+1","MilkyWay+1","Robbery+1","DoubleSpark+1","MysteriousBeam+1","OpenUniverse+1","MillisecondPulsars","MilkyWay+1","DarkMatter+1","OrrerysSun+1","SatelliteIllusion","PropBag+1","BinaryStars+1","MagicAbsorber+1","Gensokyo:PrivateSquare","ChargeUpSpray+1","OortCloud+1","EnergyFlow+1","EnergyFlow+1","CollectingQuirk+1","EventHorizon"],"relics":["BewitchedHakkero","WarpedTongs","Mango","strawberrySpire:TinySteamboat","reliquary:TatteredRug","strawberrySpire:GlyphStone","Medical Kit","Tiny House","Gensokyo:DirgeOfMelancholy","Choco_Feather","Ginger","SacredBark","HandmadeGrimoire","reliquary:Aerogel","strawberrySpire:DirtyLipstick","SimpleLauncher","Nunchaku","reliquary:BoilingFlask","Regal Pillow","strawberrySpire:CharschorBlot","Ornamental Fan"],"acts_visited":["Exordium","Gensokyo:Gensokyoer","Gensokyo:Gensokyoest","TheEnding"],"potions_floor_usage":[16,16,21,22,27,28,30,31,31,36,38,38,41,44,46,46,46,54,55,55],"damage_taken":[{"damage":0.0,"enemies":"2 Louse","floor":1.0,"turns":3.0},{"damage":5.0,"enemies":"Cultist","floor":2.0,"turns":4.0},{"damage":1.0,"enemies":"Jaw Worm","floor":5.0,"turns":4.0},{"damage":40.0,"enemies":"Gremlin Nob","floor":6.0,"turns":6.0},{"damage":7.0,"enemies":"Blue Slaver","floor":7.0,"turns":6.0},{"damage":7.0,"enemies":"3 Louse","floor":8.0,"turns":5.0},{"damage":0.0,"enemies":"Looter","floor":12.0,"turns":2.0},{"damage":0,"enemies":"Large Slime","floor":14,"turns":3},{"damage":26,"enemies":"The Guardian","floor":16,"turns":10},{"damage":24,"enemies":"Gensokyo:Chomper","floor":18,"turns":5},{"damage":0,"enemies":"Gensokyo:3_Dogs","floor":21,"turns":5},{"damage":4,"enemies":"Gensokyo:Slime_Group","floor":22,"turns":4},{"damage":0,"enemies":"Gensokyo:Swordslinger","floor":27,"turns":4},{"damage":30,"enemies":"Gensokyo:3_Gloops","floor":28,"turns":8},{"damage":0,"enemies":"Gensokyo:Wraith","floor":30,"turns":4},{"damage":0,"enemies":"Gensokyo:Koishi","floor":31,"turns":7},{"damage":0,"enemies":"Gensokyo:Eternal_Rivals","floor":33,"turns":9},{"damage":4,"enemies":"Gensokyo:3_Bats","floor":35,"turns":5},{"damage":0,"enemies":"Gensokyo:AncientGuardian","floor":36,"turns":2},{"damage":26,"enemies":"Gensokyo:Dusk_and_Dawn","floor":38,"turns":6},{"damage":21,"enemies":"Gensokyo:Kasen","floor":41,"turns":7},{"damage":14,"enemies":"Gensokyo:Marisa","floor":44,"turns":8},{"damage":0,"enemies":"Gensokyo:Sharpion","floor":46,"turns":6},{"damage":27,"enemies":"Gensokyo:Scarlet_Devils","floor":50,"turns":10},{"damage":2,"enemies":"Shield and Spear","floor":54,"turns":6},{"damage":94,"enemies":"The Heart","floor":55,"turns":9}],"seed_played":"-6787900164658019791","potions_obtained":[{"floor":2.0,"key":"Regen Potion"},{"floor":5.0,"key":"potionbrewer:CleansingPotion"},{"floor":6.0,"key":"potionbrewer:SplittingPotion"},{"floor":7.0,"key":"potionbrewer:NoxiousPotion"},{"floor":7.0,"key":"FairyPotion"},{"floor":7.0,"key":"Dexterity Potion"},{"floor":8.0,"key":"potionbrewer:MidasPotion"},{"floor":12.0,"key":"BlessingOfTheForge"},{"floor":14,"key":"potionbrewer:NoxiousPotion"},{"floor":18,"key":"SkillPotion"},{"floor":18,"key":"Fire Potion"},{"floor":21,"key":"potionbrewer:DiscountPotion"},{"floor":22,"key":"AttackPotion"},{"floor":28,"key":"potionbrewer:BarricadePotion"},{"floor":30,"key":"potionbrewer:EndurancePotion"},{"floor":30,"key":"potionbrewer:StunPotion"},{"floor":31,"key":"FearPotion"},{"floor":33,"key":"ColorlessPotion"},{"floor":36,"key":"Regen Potion"},{"floor":38,"key":"CultistPotion"},{"floor":38,"key":"SpeedPotion"},{"floor":41,"key":"TheSimpletonMod:MoonshinePotion"},{"floor":44,"key":"Dexterity Potion"},{"floor":46,"key":"potionbrewer:BlacksmithPotion"}],"is_trial":false,"path_per_floor":["M","M","?","$","M","E","M","M","T","$","R","M","R","M","R","B",null,"M","$","?","M","M","R","?","R","T","M","M","R","M","E","R","B",null,"M","M","?","M","$","R","E","$","T","E","R","M","R","?","R","B",null,"R","$","E","B"],"character_chosen":"MARISA","items_purchased":["WitchOfGreed","reliquary:TatteredRug","strawberrySpire:GlyphStone","Medical Kit","Tiny House","HandmadeGrimoire","reliquary:Aerogel","SimpleLauncher","Nunchaku","ColorlessPotion","Ancient Potion","potionbrewer:InfectionPotion"],"campfire_rested":1,"item_purchase_floors":[4,10,19,19,19,39,39,42,42,53,53,53],"current_hp_per_floor":[75,70,70,70,69,57,50,43,43,43,43,43,43,43,43,17,89,65,70,70,70,66,66,66,66,66,66,36,64,64,64,64,64,94,90,90,90,94,94,94,73,73,73,59,59,59,59,59,59,32,94,94,94,94,0,0],"gold":108,"neow_bonus":"TRANSFORM_CARD","is_daily":false,"chose_seed":false,"campfire_upgraded":10,"win_rate":0.0,"timestamp":1613900229,"path_taken":["M","M","?","$","M","E","M","M","T","$","R","M","R","M","R","BOSS","M","$","?","M","M","R","?","R","T","M","M","R","M","E","R","BOSS","M","M","?","M","$","R","E","$","T","E","R","M","R","?","R","BOSS","R","$","E","BOSS"],"items_purchased_type":["Card","Relic","Relic","Relic","Relic","Relic","Relic","Relic","Relic","Potion","Potion","Potion"],"build_version":"2020-12-22","purchased_purges":3,"victory":false,"max_hp_per_floor":[75,75,75,75,75,89,89,89,89,89,89,89,89,89,89,89,89,89,94,94,94,94,94,94,94,94,94,94,94,94,94,94,94,94,94,94,94,94,94,94,94,94,94,94,94,94,94,94,94,94,94,94,94,96,96,96],"card_choices":[{"not_picked":["DC","6A"],"picked":"MilkyWay","floor":1.0},{"not_picked":["UnstableBomb","LuminesStrike"],"picked":"MilkyWay","floor":2.0},{"not_picked":["SuperPerseids","EnergyRecoil"],"picked":"Robbery","floor":5.0},{"not_picked":["WitchLeyline","SporeBomb"],"picked":"DoubleSpark","floor":6.0},{"not_picked":["NonDirectionalLaser","UnstableBomb"],"picked":"MysteriousBeam","floor":7.0},{"not_picked":["MysteriousBeam","FairyDestructionRay","UnstableBomb"],"picked":"SKIP","floor":8.0},{"not_picked":["AsteroidBelt","WitchLeyline","AlicesGift"],"picked":"SKIP","floor":12.0},{"not_picked":["WitchLeyline","DoubleSpark"],"picked":"OpenUniverse","floor":14},{"not_picked":["SuperNova","MaximisePower"],"picked":"MillisecondPulsars","floor":16},{"not_picked":["LuminesStrike","WitchOfGreed","GrandCross"],"picked":"SKIP","floor":18},{"not_picked":["MilkyWay","DoubleSpark","WitchLeyline"],"picked":"SKIP","floor":21},{"not_picked":["GrandCross","PowerUp+1"],"picked":"OrrerysSun","floor":22},{"not_picked":["EnergyRecoil","DoubleSpark+1","ShootingEcho"],"picked":"SKIP","floor":27},{"not_picked":["GrandCross","SuperPerseids","GravityBeat+1"],"picked":"SKIP","floor":28},{"not_picked":["LuminesStrike","IllusionStar"],"picked":"SatelliteIllusion","floor":30},{"not_picked":["WitchOfGreed","PowerUp"],"picked":"PropBag","floor":31},{"not_picked":["ManaRampage","CasketOfStar"],"picked":"BinaryStars","floor":33},{"not_picked":["PowerUp","DeepEcoloBomb","LuminesStrike"],"picked":"SKIP","floor":35},{"not_picked":["WitchOfGreed+1","WitchLeyline"],"picked":"MagicAbsorber+1","floor":36},{"not_picked":["UnstableBomb","IllusionStar"],"picked":"ChargeUpSpray+1","floor":38},{"not_picked":["EscapeVelocity","CollectingQuirk"],"picked":"OortCloud","floor":41},{"not_picked":["Orbital+1","ShootingEcho"],"picked":"EnergyFlow","floor":44},{"not_picked":["DarkMatter","MysteriousBeam"],"picked":"EnergyFlow","floor":46},{"not_picked":["OpenUniverse","AlicesGift"],"picked":"EventHorizon","floor":54}],"player_experience":2290290,"relics_obtained":[{"floor":6.0,"key":"Mango"},{"floor":9.0,"key":"strawberrySpire:TinySteamboat"},{"floor":26,"key":"Choco_Feather"},{"floor":31,"key":"Ginger"},{"floor":41,"key":"strawberrySpire:DirtyLipstick"},{"floor":44,"key":"reliquary:BoilingFlask"},{"floor":54,"key":"strawberrySpire:CharschorBlot"}],"event_choices":[{"damage_healed":0.0,"max_hp_gain":0.0,"max_hp_loss":0.0,"gold_gain":0.0,"event_name":"Accursed Blacksmith","player_choice":"Rummage","floor":3.0,"gold_loss":0.0,"damage_taken":0.0,"relics_obtained":["WarpedTongs"],"cards_obtained":["Pain"]}],"is_beta":false,"boss_relics":[{"not_picked":["aspiration:ServantSkillbook","reliquary:KinkedSpring"],"picked":"BewitchedHakkero"},{"not_picked":["aspiration:WatcherSkillbook","SoulBox"],"picked":"SacredBark"}],"items_purged_floors":[4,39,53],"is_endless":false,"potions_floor_spawned":[2,5,7,8,21,22,31,33,38,44],"killed_by":"The Heart","ascension_level":0}}