{"host":"larixs0aq140idw7","time":1613915631,"event":{"mods":["BaseMod","Colored Powertips","Downfall","Infinite Spire","Minty Spire (QoL Compilation)","Reliquary","StSLib"],"gold_per_floor":[99,114,114,114,114,114,114,138,186,217,245,279,279,298,323,333,333,333],"floor_reached":16,"language":"ENG","playtime":565,"items_purged":[],"score":94,"play_id":"86ec582d-60db-4b69-b0cc-fc51534b1a32","local_time":"20210221145351","is_ascension_mode":false,"campfire_choices":[{"data":"Guardian:TwinSlam","floor":1,"key":"SMITH"},{"floor":6,"key":"RECALL"},{"data":"Guardian:WalkerClaw","floor":13,"key":"SMITH"}],"circlet_count":0,"master_deck":["Guardian:Strike_Guardian+1","Guardian:Strike_Guardian+1","Guardian:Defend_Guardian","Guardian:Defend_Guardian","Guardian:Defend_Guardian","Guardian:CurlUp","Guardian:TwinSlam+1","Pain","Guardian:WalkerClaw+1","Guardian:ChargeCore","Guardian:AncientConstruct"],"relics":["Velvet Choker","infinitespire:Midas Blood","reliquary:WeakTea"],"acts_visited":["Exordium"],"potions_floor_usage":[],"damage_taken":[{"damage":0,"enemies":"2 Louse","floor":2,"turns":2},{"damage":7,"enemies":"Jaw Worm","floor":8,"turns":3},{"damage":12,"enemies":"Small Slimes","floor":10,"turns":3},{"damage":13,"enemies":"Exordium Wildlife","floor":11,"turns":3},{"damage":11,"enemies":"Gremlin Gang","floor":12,"turns":4},{"damage":5,"enemies":"Blue Slaver","floor":14,"turns":2},{"damage":4,"enemies":"Large Slime","floor":15,"turns":3},{"damage":28,"enemies":"DF_ARCHETYPE_STREAMLINE","floor":16,"turns":4}],"seed_played":"-8305459290253213745","potions_obtained":[{"floor":11,"key":"LiquidMemories"},{"floor":12,"key":"FearPotion"},{"floor":14,"key":"ColorlessPotion"}],"is_trial":false,"path_per_floor":["R","M","?","?","?","R","T","M","T","M","M","M","R","M","M","B"],"character_chosen":"GUARDIAN","items_purchased":[],"campfire_rested":0,"item_purchase_floors":[],"current_hp_per_floor":[80,80,80,80,80,80,80,73,73,61,48,37,37,32,28,0,0,0],"gold":333,"neow_bonus":"BOSS_RELIC","is_daily":false,"chose_seed":false,"campfire_upgraded":2,"win_rate":0.0,"timestamp":1613915631,"path_taken":["R","M","?","?","?","R","T","?","?","M","M","?","R","M","M","BOSS"],"items_purchased_type":[],"build_version":"2020-12-22","purchased_purges":0,"victory":false,"max_hp_per_floor":[80,80,80,80,80,80,80,80,80,80,80,80,80,80,80,80,80,80],"card_choices":[{"not_picked":["Guardian:VentSteam","Guardian:TimeBomb"],"picked":"Guardian:Gem_Red","floor":2},{"not_picked":["Guardian:Gem_Yellow","Guardian:DecasProtection"],"picked":"Guardian:WalkerClaw","floor":8},{"not_picked":["Guardian:Recover","Guardian:Emergency"],"picked":"Guardian:ChargeCore","floor":10},{"not_picked":["Guardian:BodySlam","Guardian:Suspension","Guardian:PolyBeam"],"picked":"SKIP","floor":11},{"not_picked":["Guardian:GuardianWhirl","Guardian:Suspension"],"picked":"Guardian:Gem_Crimson","floor":12},{"not_picked":["Guardian:Gem_Green","Guardian:WalkerClaw"],"picked":"Guardian:AncientConstruct","floor":14},{"not_picked":["Guardian:VentSteam","Guardian:ShieldCharger","Guardian:PrimingBeam"],"picked":"SKIP","floor":15}],"player_experience":10219,"relics_obtained":[{"floor":7,"key":"infinitespire:Midas Blood"},{"floor":9,"key":"reliquary:WeakTea"}],"event_choices":[{"cards_removed":["downfall:Malfunctioning"],"damage_healed":0,"gold_gain":0,"player_choice":"Card Removal","damage_taken":0,"max_hp_gain":0,"max_hp_loss":0,"event_name":"The Cleric","floor":4,"gold_loss":0}],"is_beta":false,"boss_relics":[],"items_purged_floors":[],"is_endless":false,"potions_floor_spawned":[11,12,14],"killed_by":"DF_ARCHETYPE_STREAMLINE","ascension_level":0}}