{"host":"f8krwbl1oysf3v6f","time":1613887282,"event":{"mods":["AchievementEnabler","BaseMod","Colored Map","DeckTracker","Minty Spire (QoL Compilation)","Permanent Neow","READ ME - Snecko Mod","StSLib","SuperFastMode","Td1madao Mod"],"gold_per_floor":[109,184,195,2,15,15,15,15,41,55,73,73,73,87,87,87,87],"floor_reached":16,"language":"KOR","playtime":7037,"items_purged":["Strike_R"],"score":92,"play_id":"3ed72c6c-a309-4754-a055-1318b82c683a","local_time":"20210221150122","is_ascension_mode":false,"campfire_choices":[{"data":"Shrug It Off","floor":6,"key":"SMITH"},{"data":"Barricade","floor":8,"key":"SMITH"},{"data":"Bash","floor":13,"key":"SMITH"},{"data":"Seeing Red","floor":15,"key":"SMITH"}],"circlet_count":0,"master_deck":["Strike_R","Strike_R","Strike_R","Strike_R","Defend_R","Defend_R","Defend_R","Defend_R","Bash+1","Barricade+1","Shrug It Off+1","Sword Boomerang","Seeing Red+1"],"relics":["Burning Blood","Membership Card","Golden Idol"],"acts_visited":["Exordium"],"potions_floor_usage":[16],"damage_taken":[{"damage":11,"enemies":"Jaw Worm","floor":1,"turns":5},{"damage":1,"enemies":"2 Louse","floor":3,"turns":4},{"damage":1,"enemies":"Cultist","floor":5,"turns":4},{"damage":5,"enemies":"Blue Slaver","floor":10,"turns":6},{"damage":13,"enemies":"3 Louse","floor":11,"turns":5},{"damage":11,"enemies":"2 Fungi Beasts","floor":14,"turns":4},{"damage":42,"enemies":"Slime Boss","floor":16,"turns":10}],"seed_played":"-237597351433508197","potions_obtained":[{"floor":14,"key":"Fire Potion"}],"is_trial":false,"path_per_floor":["M","?","M","$","M","R","$","R","T","M","M","?","R","M","R","B"],"character_chosen":"IRONCLAD","items_purchased":["Membership Card"],"campfire_rested":0,"item_purchase_floors":[4],"current_hp_per_floor":[75,64,69,69,74,74,74,74,74,75,68,48,48,43,43,1,1],"gold":87,"neow_bonus":"ONE_RANDOM_RARE_CARD","is_daily":false,"chose_seed":false,"campfire_upgraded":4,"win_rate":0.0,"timestamp":1613887282,"path_taken":["M","?","M","$","M","R","$","R","T","M","M","?","R","M","R","BOSS"],"items_purchased_type":["Relic"],"build_version":"2020-12-22","purchased_purges":1,"victory":false,"max_hp_per_floor":[80,80,80,80,80,80,80,80,80,80,80,80,80,80,80,80,80],"card_choices":[{"not_picked":["Intimidate","Hemokinesis"],"picked":"Shrug It Off","floor":1},{"not_picked":["Wild Strike","Armaments","True Grit"],"picked":"SKIP","floor":3},{"not_picked":["Perfected Strike","Havoc"],"picked":"Sword Boomerang","floor":5},{"not_picked":["Feel No Pain","Clash","Warcry"],"picked":"SKIP","floor":10},{"not_picked":["Searing Blow","Ghostly Armor","Twin Strike"],"picked":"SKIP","floor":11},{"not_picked":["Clash","Dual Wield"],"picked":"Seeing Red","floor":14}],"player_experience":241048,"relics_obtained":[],"event_choices":[{"damage_healed":0,"gold_gain":75,"player_choice":"Gather Gold","damage_taken":11,"max_hp_gain":0,"max_hp_loss":0,"event_name":"World of Goop","floor":2,"gold_loss":0},{"damage_healed":0,"gold_gain":0,"player_choice":"Take Damage","damage_taken":20,"relics_obtained":["Golden Idol"],"max_hp_gain":0,"max_hp_loss":0,"event_name":"Golden Idol","floor":12,"gold_loss":0}],"is_beta":false,"boss_relics":[],"items_purged_floors":[4],"is_endless":false,"potions_floor_spawned":[14],"killed_by":"Slime Boss","ascension_level":0}}