{"host":"or8fr2mp0k3eluj8","time":1613907024,"event":{"mods":["AchievementEnabler","BaseMod","Colored Map","DeckTracker","Keyboard Shortcuts","Minty Spire (QoL Compilation)","StSLib","SuperFastMode","everything is the same but u backflip on backflip"],"gold_per_floor":[116,116,116,1,1,1,37,37,64,64,80,98,129,152,152,282,282,300,250,221,296,123,123,166,182,209,209,209,229,249,290,290,290,290],"floor_reached":33,"language":"KOR","playtime":7391,"items_purged":["Doubt","Strike_R"],"score":366,"play_id":"3b7906de-129e-45ea-9858-826529382dda","local_time":"20210221203024","is_ascension_mode":true,"campfire_choices":[{"data":"Bash","floor":6,"key":"SMITH"},{"floor":8,"key":"REST"},{"data":"Power Through","floor":10,"key":"SMITH"},{"floor":15,"key":"REST"},{"data":"Impervious","floor":23,"key":"SMITH"},{"data":"Body Slam","floor":27,"key":"SMITH"},{"data":"Seeing Red","floor":32,"key":"SMITH"}],"circlet_count":0,"master_deck":["Strike_R","Strike_R+1","Strike_R","Defend_R","Defend_R","Defend_R+1","Defend_R","Bash+1","Ghostly Armor","Power Through+1","Clash","Carnage","Seeing Red+1","Body Slam+1","Pommel Strike+1","Evolve","Impervious+1","Second Wind+1","Body Slam+1","Sentinel"],"relics":["Burning Blood","Calipers","Golden Idol","Vajra","Bronze Scales","PreservedInsect","SlaversCollar","Art of War","Orichalcum","Nunchaku"],"acts_visited":["Exordium","TheCity"],"potions_floor_usage":[16,24],"damage_taken":[{"damage":9,"enemies":"Jaw Worm","floor":1,"turns":6},{"damage":31,"enemies":"3 Sentries","floor":7,"turns":14},{"damage":0,"enemies":"Small Slimes","floor":11,"turns":3},{"damage":0,"enemies":"Cultist","floor":12,"turns":3},{"damage":25,"enemies":"Lagavulin","floor":13,"turns":4},{"damage":3,"enemies":"3 Louse","floor":14,"turns":4},{"damage":21,"enemies":"Hexaghost","floor":16,"turns":9},{"damage":4,"enemies":"3 Byrds","floor":18,"turns":4},{"damage":12,"enemies":"2 Thieves","floor":20,"turns":5},{"damage":19,"enemies":"Slavers","floor":24,"turns":7},{"damage":40,"enemies":"Centurion and Healer","floor":25,"turns":6},{"damage":24,"enemies":"Sentry and Sphere","floor":29,"turns":5},{"damage":9,"enemies":"Snake Plant","floor":30,"turns":3},{"damage":8,"enemies":"Gremlin Leader","floor":31,"turns":5},{"damage":42,"enemies":"Collector","floor":33,"turns":6}],"seed_played":"2505798938141115696","potions_obtained":[{"floor":7,"key":"FairyPotion"},{"floor":11,"key":"EssenceOfSteel"},{"floor":24,"key":"Fruit Juice"},{"floor":29,"key":"AttackPotion"},{"floor":31,"key":"SteroidPotion"}],"is_trial":false,"path_per_floor":["M","?","?","$","?","R","E","R","T","R","M","M","E","M","R","B",null,"M","?","M","?","$","R","E","M","T","R","T","M","M","E","R","B"],"character_chosen":"IRONCLAD","items_purchased":["Power Through","Impervious"],"campfire_rested":2,"item_purchase_floors":[4,22],"current_hp_per_floor":[77,57,41,41,34,34,9,33,33,33,39,45,26,29,53,38,70,72,72,66,58,58,58,50,16,16,16,16,31,28,26,26,0,0],"gold":290,"neow_bonus":"ONE_RARE_RELIC","is_daily":false,"chose_seed":false,"campfire_upgraded":5,"win_rate":0.0,"timestamp":1613907024,"path_taken":["M","?","?","$","?","R","E","R","T","R","M","?","E","M","R","BOSS","M","?","?","?","?","R","E","M","T","R","?","M","?","E","R","BOSS"],"items_purchased_type":["Card","Card"],"build_version":"2020-12-22","purchased_purges":2,"victory":false,"max_hp_per_floor":[80,80,80,80,80,80,80,80,80,80,80,80,80,80,80,80,80,80,80,80,80,80,80,85,85,85,85,85,85,85,85,85,85,85],"card_choices":[{"not_picked":["Havoc","Intimidate"],"picked":"Ghostly Armor","floor":1},{"not_picked":["Heavy Blade","Wild Strike"],"picked":"Clash","floor":7},{"not_picked":["Clash","Rampage"],"picked":"Carnage","floor":11},{"not_picked":["Heavy Blade","Bloodletting"],"picked":"Seeing Red","floor":12},{"not_picked":["Iron Wave","Pommel Strike","Dropkick"],"picked":"SKIP","floor":13},{"not_picked":["Wild Strike","Dual Wield"],"picked":"Body Slam","floor":14},{"not_picked":["Clothesline","Sever Soul+1"],"picked":"Pommel Strike+1","floor":18},{"not_picked":["Shockwave","Dark Embrace"],"picked":"Evolve","floor":20},{"not_picked":["Burning Pact","Thunderclap","Pommel Strike"],"picked":"SKIP","floor":24},{"not_picked":["Reckless Charge","Headbutt"],"picked":"Second Wind+1","floor":25},{"not_picked":["Demon Form","Flex","Reckless Charge"],"picked":"SKIP","floor":29},{"not_picked":["Twin Strike","Pommel Strike"],"picked":"Body Slam+1","floor":30},{"not_picked":["Ghostly Armor","Uppercut+1"],"picked":"Sentinel","floor":31}],"player_experience":414986,"relics_obtained":[{"floor":7,"key":"Vajra"},{"floor":9,"key":"Bronze Scales"},{"floor":13,"key":"PreservedInsect"},{"floor":24,"key":"Art of War"},{"floor":26,"key":"Orichalcum"},{"floor":31,"key":"Nunchaku"}],"event_choices":[{"damage_healed":0,"gold_gain":0,"player_choice":"Take Damage","damage_taken":20,"relics_obtained":["Golden Idol"],"max_hp_gain":0,"max_hp_loss":0,"event_name":"Golden Idol","floor":2,"gold_loss":0},{"damage_healed":0,"gold_gain":0,"player_choice":"Entered Light","damage_taken":16,"max_hp_gain":0,"max_hp_loss":0,"event_name":"Shining Light","floor":3,"gold_loss":0,"cards_upgraded":["Strike_R","Defend_R"]},{"cards_removed":["Strike_R"],"damage_healed":0,"gold_gain":0,"player_choice":"Card Removal","damage_taken":7,"max_hp_gain":0,"max_hp_loss":0,"event_name":"Golden Wing","floor":5,"gold_loss":0},{"damage_healed":0,"gold_gain":0,"player_choice":"Bet on Owner","damage_taken":0,"max_hp_gain":0,"max_hp_loss":0,"event_name":"The Joust","floor":19,"gold_loss":50},{"damage_healed":0,"gold_gain":75,"player_choice":"Touch","damage_taken":8,"max_hp_gain":0,"max_hp_loss":0,"event_name":"FaceTrader","floor":21,"gold_loss":0}],"is_beta":false,"boss_relics":[{"not_picked":["Pandora\u0027s Box","Philosopher\u0027s Stone"],"picked":"SlaversCollar"}],"items_purged_floors":[4,22],"is_endless":false,"potions_floor_spawned":[7,11,24,29,31],"killed_by":"Collector","ascension_level":5}}