{"host":"is2s59edl8twrhoj","time":1613948541,"event":{"mods":["BaseMod","Colored Map","Colored Powertips","DeckTracker","Downfall","Minty Spire (QoL Compilation)","StSLib"],"gold_per_floor":[115,129,25,41,59,59,94,94,94,129,148,180,180,199,199,273,273,273,273,173,173,173,173,173,173,173,173,173,173,173,173,173,173,173],"floor_reached":33,"language":"ENG","playtime":1487,"items_purged":["Decay","Strike_R"],"score":556,"play_id":"38aa789b-7f9c-4938-8d83-f4cbda3bc878","local_time":"20210221230221","is_ascension_mode":true,"campfire_choices":[{"data":"Bludgeon","floor":6.0,"key":"SMITH"},{"data":"Cleave","floor":8.0,"key":"SMITH"},{"data":"Bash","floor":15.0,"key":"SMITH"},{"data":"Clothesline","floor":23.0,"key":"SMITH"},{"floor":32,"key":"REST"}],"circlet_count":0,"master_deck":["AscendersBane","Strike_R","Strike_R","Strike_R","Defend_R","Defend_R","Defend_R","Defend_R","Bash+1","Sadistic Nature","Clothesline+1","Warcry","Shrug It Off","Bludgeon+1","Cleave+1","Dropkick","Metallicize","Shrug It Off","Cleave+1"],"relics":["Burning Blood","FossilizedHelix","Ornamental Fan","Shuriken","Bottled Flame","Ectoplasm","Ancient Tea Set","Sundial","GremlinMask","Lantern"],"acts_visited":["Exordium","TheCity"],"potions_floor_usage":[30,31,33],"damage_taken":[{"damage":3.0,"enemies":"Small Slimes","floor":1.0,"turns":3.0},{"damage":1.0,"enemies":"Cultist","floor":2.0,"turns":3.0},{"damage":12.0,"enemies":"2 Louse","floor":4.0,"turns":3.0},{"damage":15.0,"enemies":"Large Slime","floor":5.0,"turns":8.0},{"damage":12.0,"enemies":"Gremlin Nob","floor":7.0,"turns":3.0},{"damage":15.0,"enemies":"Lagavulin","floor":10.0,"turns":5.0},{"damage":0.0,"enemies":"Exordium Thugs","floor":11.0,"turns":3.0},{"damage":12.0,"enemies":"Gremlin Nob","floor":12.0,"turns":4.0},{"damage":1.0,"enemies":"3 Louse","floor":14.0,"turns":3.0},{"damage":46.0,"enemies":"The Guardian","floor":16.0,"turns":10.0},{"damage":0.0,"enemies":"Chosen","floor":18.0,"turns":3.0},{"damage":3.0,"enemies":"3 Byrds","floor":19.0,"turns":4.0},{"damage":4.0,"enemies":"Cultist and Chosen","floor":21.0,"turns":4.0},{"damage":4.0,"enemies":"Centurion and Healer","floor":22.0,"turns":4.0},{"damage":29.0,"enemies":"Book of Stabbing","floor":24.0,"turns":6.0},{"damage":11.0,"enemies":"Snecko","floor":29.0,"turns":6.0},{"damage":44,"enemies":"Gremlin Leader","floor":30,"turns":6},{"damage":5,"enemies":"Shelled Parasite and Fungi","floor":31,"turns":6},{"damage":53,"enemies":"Champ","floor":33,"turns":6}],"seed_played":"1214113105090976020","potions_obtained":[{"floor":2.0,"key":"Regen Potion"},{"floor":11.0,"key":"Regen Potion"},{"floor":16.0,"key":"LiquidBronze"},{"floor":19.0,"key":"SkillPotion"},{"floor":22.0,"key":"Weak Potion"},{"floor":24.0,"key":"SkillPotion"},{"floor":30,"key":"SpeedPotion"},{"floor":31,"key":"ColorlessPotion"}],"is_trial":false,"path_per_floor":["M","M","$","M","M","R","E","R","T","E","M","E","?","M","R","B",null,"M","M","$","M","M","R","E","?","T","?","?","M","E","M","R","B"],"character_chosen":"IRONCLAD","items_purchased":["Shrug It Off"],"campfire_rested":1,"item_purchase_floors":[3],"current_hp_per_floor":[71,75,75,69,60,60,54,54,54,45,51,45,45,50,50,25,63,69,72,72,74,75,75,52,52,52,52,52,47,9,25,47,0,0],"gold":173,"neow_bonus":"RANDOM_COLORLESS_2","is_daily":false,"chose_seed":false,"campfire_upgraded":4,"win_rate":0.0,"timestamp":1613948541,"path_taken":["M","M","$","M","M","R","E","R","T","E","M","E","?","?","R","BOSS","M","M","$","M","M","R","E","?","T","?","?","M","E","M","R","BOSS"],"items_purchased_type":["Card"],"build_version":"2020-12-22","purchased_purges":2,"victory":false,"max_hp_per_floor":[75,75,75,75,75,75,75,75,75,75,75,75,75,75,75,75,75,75,75,75,75,75,75,75,75,75,75,75,75,75,75,75,75,75],"card_choices":[{"not_picked":["Magnetism","The Bomb"],"picked":"Sadistic Nature","floor":0.0},{"not_picked":["True Grit","Dual Wield"],"picked":"Clothesline","floor":1.0},{"not_picked":["Anger","Clash"],"picked":"Warcry","floor":2.0},{"not_picked":["Thunderclap","Cleave"],"picked":"Bludgeon","floor":4.0},{"not_picked":["Twin Strike","Second Wind","Carnage"],"picked":"SKIP","floor":5.0},{"not_picked":["Heavy Blade","Sword Boomerang"],"picked":"Cleave","floor":7.0},{"not_picked":["Sword Boomerang","Wild Strike","Sentinel"],"picked":"SKIP","floor":10.0},{"not_picked":["Sword Boomerang","Fire Breathing","Cleave"],"picked":"SKIP","floor":11.0},{"not_picked":["Perfected Strike","Clothesline"],"picked":"Dropkick","floor":12.0},{"not_picked":["Heavy Blade","Searing Blow","Inflame"],"picked":"SKIP","floor":14.0},{"not_picked":["Perfected Strike","Ghostly Armor","Pummel"],"picked":"SKIP","floor":18.0},{"not_picked":["Wild Strike","Havoc","Hemokinesis"],"picked":"SKIP","floor":19.0},{"not_picked":["Rage","Armaments"],"picked":"Shrug It Off","floor":21.0},{"not_picked":["Iron Wave","Rampage"],"picked":"Cleave+1","floor":22.0},{"not_picked":["Demon Form","Dark Embrace","Second Wind"],"picked":"SKIP","floor":24.0},{"not_picked":["Perfected Strike","Seeing Red","True Grit"],"picked":"SKIP","floor":29.0},{"not_picked":["Hemokinesis","Dual Wield","Rage+1"],"picked":"SKIP","floor":30},{"not_picked":["Twin Strike","Blood for Blood","Headbutt"],"picked":"SKIP","floor":31}],"player_experience":700907,"relics_obtained":[{"floor":7.0,"key":"FossilizedHelix"},{"floor":9.0,"key":"Ornamental Fan"},{"floor":10.0,"key":"Shuriken"},{"floor":12.0,"key":"Bottled Flame"},{"floor":24.0,"key":"Ancient Tea Set"},{"floor":26.0,"key":"Sundial"},{"floor":30,"key":"Lantern"}],"event_choices":[{"damage_healed":0.0,"max_hp_gain":0.0,"max_hp_loss":0.0,"gold_gain":0.0,"cards_transformed":["Strike_R"],"event_name":"Transmorgrifier","player_choice":"Transformed","floor":13.0,"gold_loss":0.0,"damage_taken":0.0,"cards_obtained":["Metallicize"]},{"damage_healed":0.0,"max_hp_gain":0.0,"max_hp_loss":0.0,"gold_gain":0.0,"event_name":"The Mausoleum","player_choice":"Ignored","floor":25.0,"gold_loss":0.0,"damage_taken":0.0},{"damage_healed":0.0,"max_hp_gain":0.0,"max_hp_loss":0.0,"gold_gain":0.0,"event_name":"Ghosts","player_choice":"Ignored","floor":27.0,"gold_loss":0.0,"damage_taken":0.0},{"damage_healed":0.0,"max_hp_gain":0.0,"max_hp_loss":0.0,"gold_gain":0.0,"event_name":"FaceTrader","player_choice":"Trade","floor":28.0,"gold_loss":0.0,"damage_taken":0.0,"relics_obtained":["GremlinMask"]}],"is_beta":false,"boss_relics":[{"not_picked":["Busted Crown","Runic Pyramid"],"picked":"Ectoplasm"}],"items_purged_floors":[3,20],"is_endless":false,"potions_floor_spawned":[2,11,12,14,16,19,22,24,30,31],"killed_by":"Champ","ascension_level":16}}