{"host":"pifa3o3uv2a0m12r","time":1613946491,"event":{"mods":["AchievementEnabler","BaseMod","Colored Map","Minty Spire (QoL Compilation)","StSLib","SuperFastMode"],"gold_per_floor":[112,131,148,162,162,188,188,204,204,538,538,554,339,354,354,458,508,524,540,372,386,324,337,337,355,406,84,84,84],"floor_reached":28,"language":"FRA","playtime":1119,"items_purged":[],"score":259,"play_id":"a00b8877-fb41-42d4-ac9d-fe262001487c","local_time":"20210221122811","is_ascension_mode":false,"campfire_choices":[{"floor":7,"key":"REST"},{"data":"Heavy Blade","floor":11,"key":"SMITH"},{"floor":15,"key":"REST"},{"floor":24,"key":"REST"}],"circlet_count":0,"master_deck":["Strike_R","Strike_R","Strike_R","Strike_R","Strike_R","Defend_R","Defend_R","Defend_R","Defend_R","Bash","Warcry","Seeing Red","Heavy Blade+1","Second Wind+1","Metallicize+1","Thunderclap","Spot Weakness","Battle Trance","Double Tap","Rupture","Hemokinesis","Demon Form","Flex","Flex","Flex+1","Inflame","Good Instincts","Armaments+1","Barricade","Bloodletting","Flex"],"relics":["Burning Blood","PreservedInsect","TungstenRod","Old Coin","Oddly Smooth Stone","Tiny House","Charon\u0027s Ashes","Smiling Mask","Nunchaku"],"acts_visited":["Exordium","TheCity"],"potions_floor_usage":[21,23,23,27,28],"damage_taken":[{"damage":10,"enemies":"Jaw Worm","floor":1,"turns":4},{"damage":3,"enemies":"Cultist","floor":2,"turns":5},{"damage":1,"enemies":"Small Slimes","floor":3,"turns":4},{"damage":10,"enemies":"Looter","floor":4,"turns":4},{"damage":34,"enemies":"Lagavulin","floor":6,"turns":9},{"damage":3,"enemies":"2 Fungi Beasts","floor":8,"turns":4},{"damage":28,"enemies":"Gremlin Nob","floor":10,"turns":4},{"damage":10,"enemies":"3 Louse","floor":12,"turns":5},{"damage":5,"enemies":"Blue Slaver","floor":14,"turns":4},{"damage":26,"enemies":"The Guardian","floor":16,"turns":10},{"damage":20,"enemies":"Shell Parasite","floor":18,"turns":5},{"damage":11,"enemies":"Chosen","floor":19,"turns":6},{"damage":22,"enemies":"Sentry and Sphere","floor":21,"turns":6},{"damage":41,"enemies":"Snecko","floor":23,"turns":8},{"damage":25,"enemies":"Snake Plant","floor":25,"turns":4},{"damage":43,"enemies":"Centurion and Healer","floor":28,"turns":7}],"seed_played":"-5508035507525667480","potions_obtained":[{"floor":1,"key":"ColorlessPotion"},{"floor":2,"key":"Fire Potion"},{"floor":8,"key":"Block Potion"},{"floor":21,"key":"BloodPotion"},{"floor":25,"key":"SteroidPotion"}],"is_trial":false,"path_per_floor":["M","M","M","M","?","E","R","M","T","E","R","M","$","M","R","B",null,"M","M","$","M","?","M","R","M","T","$","M"],"character_chosen":"IRONCLAD","items_purchased":["Rupture","Oddly Smooth Stone","Inflame","Good Instincts","Flex","Fruit Juice","Fire Potion","Nunchaku"],"campfire_rested":3,"item_purchase_floors":[13,13,20,20,27,27,27,27],"current_hp_per_floor":[76,79,80,76,76,48,72,75,75,53,53,49,49,50,74,54,85,71,66,66,50,50,32,57,38,38,43,0,0],"gold":84,"neow_bonus":"THREE_CARDS","is_daily":false,"chose_seed":false,"campfire_upgraded":1,"win_rate":0.0,"timestamp":1613946491,"path_taken":["M","M","M","M","?","E","R","?","T","E","R","M","?","M","R","BOSS","M","M","$","M","?","?","R","M","T","$","M"],"items_purchased_type":["Card","Relic","Card","Card","Card","Potion","Potion","Relic"],"build_version":"2020-12-22","purchased_purges":0,"victory":false,"max_hp_per_floor":[80,80,80,80,80,80,80,80,80,80,80,80,80,80,80,80,85,85,85,85,85,85,85,85,85,85,90,90,90],"card_choices":[{"not_picked":["Pommel Strike","Wild Strike"],"picked":"Warcry","floor":0},{"not_picked":["Disarm","Clash"],"picked":"Seeing Red","floor":1},{"not_picked":["Warcry","Twin Strike"],"picked":"Heavy Blade","floor":2},{"not_picked":["Dropkick","Reckless Charge"],"picked":"Second Wind","floor":3},{"not_picked":["Dropkick","Clash"],"picked":"Metallicize","floor":4},{"not_picked":["Shrug It Off","Blood for Blood"],"picked":"Thunderclap","floor":6},{"not_picked":["Heavy Blade","Dropkick"],"picked":"Spot Weakness","floor":8},{"not_picked":["Second Wind","Evolve"],"picked":"Battle Trance","floor":10},{"not_picked":["Thunderclap","Metallicize"],"picked":"Double Tap","floor":12},{"not_picked":["Pummel","Anger"],"picked":"Hemokinesis","floor":14},{"not_picked":["Barricade","Feed"],"picked":"Demon Form","floor":16},{"not_picked":["Clash","Cleave"],"picked":"Flex","floor":17},{"not_picked":["Sword Boomerang","Second Wind"],"picked":"Flex","floor":18},{"not_picked":["Iron Wave","Sever Soul"],"picked":"Flex+1","floor":19},{"not_picked":["Intimidate","Battle Trance+1"],"picked":"Armaments+1","floor":21},{"not_picked":["Blood for Blood+1","Thunderclap+1"],"picked":"Barricade","floor":23},{"not_picked":["Dropkick","Sword Boomerang"],"picked":"Bloodletting","floor":25}],"player_experience":134969,"relics_obtained":[{"floor":6,"key":"PreservedInsect"},{"floor":9,"key":"TungstenRod"},{"floor":10,"key":"Old Coin"},{"floor":26,"key":"Smiling Mask"}],"event_choices":[{"damage_healed":0,"gold_gain":0,"player_choice":"Forge","damage_taken":0,"max_hp_gain":0,"max_hp_loss":0,"event_name":"Accursed Blacksmith","floor":5,"gold_loss":0,"cards_upgraded":["Metallicize"]},{"damage_healed":0,"gold_gain":0,"player_choice":"Paid Gold","damage_taken":0,"relics_obtained":["Charon\u0027s Ashes"],"max_hp_gain":0,"max_hp_loss":0,"event_name":"WeMeetAgain","floor":22,"gold_loss":62}],"is_beta":false,"boss_relics":[{"not_picked":["Pandora\u0027s Box","Fusion Hammer"],"picked":"Tiny House"}],"items_purged_floors":[],"is_endless":false,"potions_floor_spawned":[1,2,8,16,19,21,25],"killed_by":"Centurion and Healer","ascension_level":0}}