{"host":"jt67skv49snb75sm","time":1613920472,"event":{"mods":["BaseMod","Bestiary","Minty Spire (QoL Compilation)","Relic Stats"],"gold_per_floor":[114,6,23,23,23,23,54,77,77,93,134,155,176,196,196,294,294,319,319,319,336,355,355,387,387,411,440,440,472,472,80,80,80,80],"floor_reached":33,"language":"ENG","playtime":1604,"items_purged":["Strike_G"],"score":680,"play_id":"dc1483f0-baa9-48b6-beac-23b071616cac","local_time":"20210221161432","is_ascension_mode":true,"campfire_choices":[{"data":"Quick Slash","floor":6.0,"key":"SMITH"},{"data":"Finisher","floor":15.0,"key":"SMITH"},{"data":"Accuracy","floor":23,"key":"SMITH"},{"data":"Storm of Steel","floor":28,"key":"SMITH"},{"data":"Choke","floor":30,"key":"SMITH"},{"data":"Cloak And Dagger","floor":32,"key":"SMITH"}],"circlet_count":0,"master_deck":["AscendersBane","Strike_G","Strike_G","Strike_G+1","Defend_G","Defend_G","Defend_G","Defend_G","Defend_G","Survivor","Neutralize","Blade Dance","Quick Slash+1","Sucker Punch","Flying Knee+1","Accuracy+1","All Out Attack","Finisher+1","Backflip","Storm of Steel+1","Heel Hook+1","Cloak And Dagger+1","PiercingWail","Cloak And Dagger","RitualDagger","Slice","Choke+1"],"relics":["Ring of the Snake","NeowsBlessing","Turnip","Bloody Idol","Meat on the Bone","Gremlin Horn","Darkstone Periapt","Runic Pyramid","Matryoshka","The Courier","Bronze Scales","Smiling Mask","StrikeDummy","Orichalcum","Ninja Scroll","Whetstone"],"acts_visited":["Exordium","TheCity"],"potions_floor_usage":[22,29,33],"damage_taken":[{"damage":0.0,"enemies":"2 Louse","floor":1.0,"turns":1.0},{"damage":0.0,"enemies":"Cultist","floor":3.0,"turns":1.0},{"damage":0.0,"enemies":"3 Sentries","floor":7.0,"turns":1.0},{"damage":0.0,"enemies":"Small Slimes","floor":8.0,"turns":2.0},{"damage":22.0,"enemies":"Exordium Thugs","floor":10.0,"turns":6.0},{"damage":32.0,"enemies":"Lagavulin","floor":11.0,"turns":8.0},{"damage":0.0,"enemies":"Large Slime","floor":12.0,"turns":4.0},{"damage":0.0,"enemies":"3 Louse","floor":13.0,"turns":1.0},{"damage":0.0,"enemies":"2 Fungi Beasts","floor":14.0,"turns":1.0},{"damage":30.0,"enemies":"Hexaghost","floor":16.0,"turns":8.0},{"damage":11.0,"enemies":"Spheric Guardian","floor":18.0,"turns":3.0},{"damage":17,"enemies":"2 Thieves","floor":21,"turns":3},{"damage":5,"enemies":"Snecko","floor":22,"turns":4},{"damage":4,"enemies":"Gremlin Leader","floor":24,"turns":4},{"damage":23,"enemies":"Book of Stabbing","floor":27,"turns":5},{"damage":7,"enemies":"Gremlin Leader","floor":29,"turns":7},{"damage":21,"enemies":"Champ","floor":33,"turns":10}],"seed_played":"6344512622551609634","potions_obtained":[{"floor":10.0,"key":"FairyPotion"},{"floor":11.0,"key":"SpeedPotion"},{"floor":12.0,"key":"BlessingOfTheForge"},{"floor":16.0,"key":"CunningPotion"},{"floor":18.0,"key":"FearPotion"},{"floor":27,"key":"SpeedPotion"},{"floor":29,"key":"BlessingOfTheForge"}],"is_trial":false,"path_per_floor":["M","?","M","?","?","R","E","M","T","M","E","M","M","M","R","B",null,"M","?","T","M","M","R","E","?","T","E","R","E","R","$","R","B"],"character_chosen":"THE_SILENT","items_purchased":["Ninja Scroll","Whetstone"],"campfire_rested":0,"item_purchase_floors":[31,31],"current_hp_per_floor":[59,59,59,36,29,29,29,41,41,31,31,43,43,43,43,25,56,45,45,45,50,50,50,51,45,50,44,44,42,42,42,42,21,21],"gold":80,"neow_bonus":"THREE_ENEMY_KILL","is_daily":false,"chose_seed":false,"campfire_upgraded":6,"win_rate":0.0,"timestamp":1613920472,"path_taken":["M","?","?","?","?","R","E","M","T","M","E","M","M","M","R","BOSS","M","?","?","M","M","R","E","?","T","E","R","E","R","$","R","BOSS"],"items_purchased_type":["Relic","Relic"],"build_version":"2020-12-22","purchased_purges":1,"victory":false,"max_hp_per_floor":[66,66,66,66,66,66,66,66,66,66,66,66,66,66,66,66,66,66,66,66,66,66,66,66,66,66,66,66,66,66,66,66,66,66],"relic_stats":{"Darkstone Periapt":0,"Gremlin Horn":[14,14],"counters":[17,69],"Bloody Idol":35,"Bronze Scales":[60],"Turnip":[14],"Whetstone":["Flying Knee","Strike_G"],"Orichalcum":[30],"Smiling Mask":10,"obtain_stats":[{"Darkstone Periapt":11,"NeowsBlessing":0,"Gremlin Horn":9,"Golden Idol":4,"The Courier":24,"Whetstone":31,"Orichalcum":29,"Smiling Mask":26,"Matryoshka":20,"Ninja Scroll":31,"Bloody Idol":19,"Bronze Scales":26,"Turnip":2,"StrikeDummy":27,"Ring of the Snake":0,"Meat on the Bone":7,"Runic Pyramid":17},{"Darkstone Periapt":6,"NeowsBlessing":0,"Gremlin Horn":4,"Golden Idol":2,"The Courier":14,"Whetstone":16,"Orichalcum":16,"Smiling Mask":14,"Matryoshka":11,"Ninja Scroll":16,"Bloody Idol":11,"Bronze Scales":14,"Turnip":1,"StrikeDummy":15,"Ring of the Snake":0,"Meat on the Bone":3,"Runic Pyramid":10},{"Darkstone Periapt":19,"NeowsBlessing":0,"Gremlin Horn":5,"Golden Idol":2,"The Courier":47,"Whetstone":59,"Orichalcum":59,"Smiling Mask":47,"Matryoshka":36,"Ninja Scroll":59,"Bloody Idol":36,"Bronze Scales":47,"Turnip":1,"StrikeDummy":52,"Ring of the Snake":0,"Meat on the Bone":3,"Runic Pyramid":33}],"Ring of the Snake":[34],"Meat on the Bone":84},"card_choices":[{"not_picked":["Sucker Punch","Dagger Throw"],"picked":"Blade Dance","floor":1.0},{"not_picked":["Slice","Prepared"],"picked":"Quick Slash","floor":3.0},{"not_picked":["Outmaneuver","PiercingWail"],"picked":"Sucker Punch","floor":7.0},{"not_picked":["Prepared","Outmaneuver"],"picked":"Flying Knee","floor":8.0},{"not_picked":["Prepared","Quick Slash"],"picked":"Accuracy","floor":10.0},{"not_picked":["Storm of Steel","Prepared"],"picked":"All Out Attack","floor":11.0},{"not_picked":["Backflip","Dagger Spray"],"picked":"Finisher","floor":12.0},{"not_picked":["All Out Attack","Expertise"],"picked":"Backflip","floor":13.0},{"not_picked":["Bane","Deadly Poison","Concentrate"],"picked":"SKIP","floor":14.0},{"not_picked":["Corpse Explosion","Grand Finale"],"picked":"Storm of Steel","floor":16.0},{"not_picked":["Prepared","Poisoned Stab"],"picked":"Heel Hook+1","floor":18.0},{"not_picked":["Reflex","Deflect"],"picked":"Cloak And Dagger","floor":21},{"not_picked":["Acrobatics","Catalyst"],"picked":"PiercingWail","floor":22},{"not_picked":["Dagger Throw","Tools of the Trade"],"picked":"Cloak And Dagger","floor":24},{"not_picked":["Dash+1","Blade Dance"],"picked":"Slice","floor":27},{"not_picked":["Quick Slash","PiercingWail"],"picked":"Choke","floor":29}],"player_experience":847760,"relics_obtained":[{"floor":7.0,"key":"Meat on the Bone"},{"floor":9.0,"key":"Gremlin Horn"},{"floor":11.0,"key":"Darkstone Periapt"},{"floor":20.0,"key":"Matryoshka"},{"floor":24,"key":"The Courier"},{"floor":26,"key":"Bronze Scales"},{"floor":26,"key":"Smiling Mask"},{"floor":27,"key":"StrikeDummy"},{"floor":29,"key":"Orichalcum"}],"event_choices":[{"damage_healed":0.0,"max_hp_gain":0.0,"max_hp_loss":0.0,"gold_gain":0.0,"event_name":"WeMeetAgain","player_choice":"Paid Gold","floor":2.0,"gold_loss":108.0,"damage_taken":0.0,"relics_obtained":["Turnip"]},{"damage_healed":0.0,"max_hp_gain":0.0,"max_hp_loss":0.0,"gold_gain":0.0,"event_name":"Golden Idol","player_choice":"Take Damage","floor":4.0,"gold_loss":0.0,"damage_taken":23.0,"relics_obtained":["Golden Idol"]},{"cards_removed":["Strike_G"],"damage_healed":0.0,"max_hp_gain":0.0,"max_hp_loss":0.0,"gold_gain":0.0,"event_name":"Golden Wing","player_choice":"Card Removal","floor":5.0,"gold_loss":0.0,"damage_taken":7.0},{"damage_healed":0.0,"max_hp_gain":0.0,"max_hp_loss":0.0,"gold_gain":0.0,"event_name":"Forgotten Altar","player_choice":"Gave Idol","floor":19.0,"relics_lost":["Golden Idol"],"gold_loss":0.0,"damage_taken":0.0,"relics_obtained":["Bloody Idol"]},{"damage_healed":0,"gold_gain":0,"player_choice":"Joined the Cult","damage_taken":6,"max_hp_gain":0,"max_hp_loss":0,"event_name":"Nest","floor":25,"gold_loss":0,"cards_obtained":["RitualDagger"]}],"is_beta":false,"boss_relics":[{"not_picked":["Black Star","Ectoplasm"],"picked":"Runic Pyramid"}],"items_purged_floors":[31],"is_endless":false,"potions_floor_spawned":[10,11,12,13,16,18,27,29],"killed_by":"Champ","ascension_level":20}}