{"host":"rm0ctv8qd8mnbkg1","time":1613920408,"event":{"mods":["Aspiration","BaseMod","Beaked The Cultist","BetterRewards","Colored Map","DNKmod","Dark Map","Defuse TimeMaze Blight","Downfall","Friendly Minions","Hubris","Marisa????????","Minty Spire (QoL Compilation)","MostiFishMod","Permanent Neow","Rare Cards Sparkle","Relic Sorter","Reliquary","Replay The Spire","RumiaBox-????????","Shade Mod","Shop Mod","Spicy Shops","Spire Arcade","StSLib","The Construct","The Servant 0.9.4","TheVacant","Wandering Minibosses","[IsaacMod]????","??????REMEMod"],"gold_per_floor":[10000,10012,10030,10049,9273,9299,9299,8726,8749,7883,7898,7898,7898,7898,7924,8120,8120,8120,8212,8228,8235,8235,8335,8389,8389,8427,8427,8557,8030,8030,8030,8083,8283,8283,8283,9228,9245,9245,9286,8882,8935,8974,9010,9070,8970,8970,8970,9003,9106,9106,9106,9106],"floor_reached":50,"language":"ENG","playtime":1402,"items_purged":["Normality","downfall:Malfunctioning"],"score":878,"play_id":"91cc9fb1-4f49-4eb1-bfd7-d1a27a055872","local_time":"20210221151328","is_ascension_mode":true,"campfire_choices":[{"data":"champ:Taunt","floor":1,"key":"SMITH"},{"data":"champ:Lariat","floor":13,"key":"SMITH"},{"data":"champ:SwordThrow","floor":18,"key":"SMITH"},{"data":"Replay:SS_forest_2","floor":25,"key":"SMITH"},{"data":"champ:ShieldSigil","floor":30,"key":"SMITH"},{"data":"champ:HoldFirm","floor":35,"key":"SMITH"},{"data":"champ:SteelEdge","floor":45,"key":"SMITH"},{"data":"champ:RapidStrikes","floor":47,"key":"SMITH"}],"circlet_count":0,"master_deck":["champ:Strike","champ:Strike","champ:Strike","champ:Strike+1","champ:Defend","champ:Defend","champ:Defend","champ:Defend","champ:Execute","champ:Taunt+1","beaked:DesperateSwing+1","champ:FanOfKnives","champ:FaceSlap","champ:DeathBlow","champ:RapidStrikes+1","champ:EndlessRage","champ:ShieldWall","champ:AdrenalArmor","champ:ViciousMockery","champ:ShieldSigil+1","champ:EnchantCrown","champ:DefensiveStyle+1","Replay:SS_forest_2+1","champ:EndlessRage","champ:Haymaker+1","champ:Lariat+1","champ:Encircle","champ:HeavySlash","champ:SwordThrow+1","champ:FanOfKnives","champ:ArenaPreparation+1","champ:ShieldWall+1","champ:EnragedBash+1","champ:ShieldWall","champ:HoldFirm+1","champ:RecklessLeap","champ:AdrenalArmor+1","champ:IronFortress","champ:SteelEdge+1","EnergyFlow+1","OortCloud"],"relics":["champ:ChampionCrown","REME_ComplimentaryCards","DaveBox","HushsDoor","SalivaCoin","Brimstone","ReplayTheSpireMod:Ninjato","Medical Kit","beaked:ShinyBauble","aspiration:StickyExplosives_weak","hexamod:BolsterEngine","Thread and Needle","Habit","Gremlin Food","Whetstone","TheAbacus","Replay:Baseball","Philosopher\u0027s Stone","aspiration:RitualStick","Pet Ghost","SSSystem","GuppysPaw","Ring of Chaos","wanderingMiniBosses:MasterThiefsPresence","champ:FightingForDummies","Chaos","aspiration:MarisaSkillbook","downfall:HeartBlessingBlue"],"acts_visited":["Exordium","TheCity","TheBeyond"],"potions_floor_usage":[26,26,42],"damage_taken":[{"damage":0,"enemies":"2 Louse","floor":2,"turns":2},{"damage":10,"enemies":"Jaw Worm","floor":3,"turns":1},{"damage":0,"enemies":"Small Slimes","floor":4,"turns":1},{"damage":25,"enemies":"downfall:FleeingMerchant","floor":5,"turns":4},{"damage":10,"enemies":"2 Fungi Beasts","floor":6,"turns":1},{"damage":15,"enemies":"downfall:FleeingMerchant","floor":8,"turns":3},{"damage":10,"enemies":"downfall:LooterAlt","floor":9,"turns":1},{"damage":0,"enemies":"Red Slaver","floor":11,"turns":3},{"damage":10,"enemies":"3 Louse","floor":15,"turns":1},{"damage":70,"enemies":"DF_ARCHETYPE_STREAMLINE","floor":16,"turns":3},{"damage":55,"enemies":"Chosen","floor":19,"turns":2},{"damage":0,"enemies":"Spheric Guardian","floor":20,"turns":2},{"damage":20,"enemies":"Centurion and Healer","floor":26,"turns":3},{"damage":68,"enemies":"Gremlin Leader","floor":28,"turns":2},{"damage":20,"enemies":"Snake Plant","floor":32,"turns":2},{"damage":84,"enemies":"SI_MIRROR_ARCHETYPE","floor":33,"turns":3},{"damage":96,"enemies":"3 Shapes","floor":36,"turns":3},{"damage":5,"enemies":"Orb Walker","floor":37,"turns":1},{"damage":20,"enemies":"4 Shapes","floor":39,"turns":1},{"damage":12,"enemies":"Reptomancer","floor":42,"turns":2},{"damage":15,"enemies":"3 Darklings","floor":43,"turns":1},{"damage":25,"enemies":"Giant Head","floor":44,"turns":2},{"damage":15,"enemies":"Maw","floor":48,"turns":2},{"damage":70,"enemies":"Transient","floor":49,"turns":3},{"damage":0,"enemies":"WA_ARCHETYPE_DIVINITY","floor":50,"turns":1}],"seed_played":"-6447246556264863190","potions_obtained":[{"floor":4,"key":"Fire Potion"},{"floor":15,"key":"Explosive Potion"},{"floor":20,"key":"Explosive Potion"},{"floor":37,"key":"bronze:BurnAndBuffPotion"},{"floor":39,"key":"champ:OpenerPotion"}],"is_trial":false,"path_per_floor":["R","M","M","M","$","M","T","$","M","$","M","?","R","?","M","B",null,"R","M","M","?","?","?","T","R","M","?","E","$","R","?","M","B",null,"R","M","M","?","M","$","T","E","M","E","R","$","R","M","M","B"],"character_chosen":"THE_CHAMP","items_purchased":["champ:ShieldWall","champ:AdrenalArmor","ReplayTheSpireMod:Ninjato","Medical Kit","beaked:ShinyBauble","hexamod:BolsterEngine","Thread and Needle","Habit","champ:EnchantCrown","champ:DefensiveStyle","Replay:SS_forest_2","Gremlin Food","champ:EndlessRage","champ:Haymaker","Whetstone","champ:Lariat","TheAbacus","FairyPotion","Replay:Baseball","champ:SwordThrow","SSSystem","champ:ShieldWall","GuppysPaw","champ:FightingForDummies","Chaos"],"campfire_rested":0,"item_purchase_floors":[5,5,5,5,5,8,8,8,8,8,8,10,10,10,10,10,10,10,10,17,29,29,29,40,40],"current_hp_per_floor":[1000,1000,1000,1000,995,995,995,1000,1000,1000,1000,1000,1000,1000,1000,1000,996,996,996,996,797,797,797,797,797,797,797,789,789,789,789,794,785,996,996,990,990,990,990,990,990,990,990,990,1000,1000,1000,1000,1000,1000,1000,1000],"gold":9106,"neow_bonus":"THREE_CARDS","is_daily":false,"chose_seed":false,"campfire_upgraded":8,"win_rate":0.0,"timestamp":1613920408,"path_taken":["R","M","M","M","$","M","T","$","M","$","M","?","R","?","M","BOSS","R","M","?","?","?","?","T","R","M","?","E","$","R","?","M","BOSS","R","M","M","?","?","$","T","E","M","E","R","$","R","M","M","BOSS"],"items_purchased_type":["Card","Card","Relic","Relic","Relic","Relic","Relic","Relic","Card","Card","Card","Relic","Card","Card","Relic","Card","Relic","Potion","Relic","Card","Relic","Card","Relic","Relic","Card"],"build_version":"2020-12-22","purchased_purges":2,"victory":false,"max_hp_per_floor":[1000,1000,1000,1000,1000,1000,1000,1000,1000,1000,1000,1000,1000,1000,1000,1000,996,996,996,996,996,996,996,996,996,996,996,996,996,996,996,996,996,996,996,996,996,996,996,996,996,996,996,996,1006,1006,1006,1006,1006,1006,1006,1006],"card_choices":[{"not_picked":["champ:BladeFlurry","champ:Haymaker"],"picked":"champ:FanOfKnives","floor":0},{"not_picked":["champ:BladeFlurry","champ:Circumvent"],"picked":"champ:FaceSlap","floor":2},{"not_picked":["champ:SkillfulDodge","champ:Backstep"],"picked":"champ:DeathBlow","floor":3},{"not_picked":["champ:TornadoPunch","champ:BladeFlurry"],"picked":"champ:RapidStrikes","floor":4},{"not_picked":["champ:ShieldSigil","champ:DefensiveShout"],"picked":"champ:EndlessRage","floor":5},{"not_picked":["champ:Circumvent","champ:CrownThrow"],"picked":"champ:ViciousMockery","floor":6},{"not_picked":["champ:AdrenalArmor","champ:Circumvent"],"picked":"champ:ShieldSigil","floor":8},{"not_picked":["champ:PreemptiveStrike","champ:ShieldSlam"],"picked":"champ:LastStand","floor":9},{"not_picked":["champ:HeartStrike","champ:PerfectedStrike","champ:Haymaker"],"picked":"SKIP","floor":11},{"not_picked":["champ:Circumvent","champ:ShieldSigil"],"picked":"champ:Encircle","floor":15},{"not_picked":["champ:LastStand","champ:EnchantShield"],"picked":"champ:HeavySlash","floor":16},{"not_picked":["champ:CrookedStrike","champ:BladeFlurry+1"],"picked":"champ:FanOfKnives","floor":19},{"not_picked":["champ:SetATrap+1","champ:EnGarde"],"picked":"champ:ArenaPreparation+1","floor":20},{"not_picked":["champ:PreciseThrust","champ:HeartStrike"],"picked":"champ:ShieldWall+1","floor":26},{"not_picked":["champ:BerserkersShout","champ:ArenaPreparation"],"picked":"champ:EnragedBash+1","floor":28},{"not_picked":["champ:Haymaker","champ:DefensiveShout","champ:GutPunch"],"picked":"SKIP","floor":32},{"not_picked":["champ:HeavySlash","champ:SwordThrow"],"picked":"champ:HoldFirm","floor":33},{"not_picked":["champ:Backstep+1","champ:FancyFootwork"],"picked":"champ:RecklessLeap","floor":36},{"not_picked":["champ:FancyFootwork+1","champ:Haymaker"],"picked":"champ:AdrenalArmor+1","floor":37},{"not_picked":["champ:IgnorePain","champ:PerfectedStrike"],"picked":"champ:IronFortress","floor":39},{"not_picked":["champ:FlashCut+1","champ:DefensiveShout"],"picked":"champ:SteelEdge","floor":42},{"not_picked":["MeteoricShower","champ:Endure+1","6A"],"picked":"EnergyFlow+1","floor":43},{"not_picked":["champ:Haymaker+1","champ:FalseCounter","OpenUniverse","Singularity"],"picked":"SKIP","floor":44},{"not_picked":["OneTimeOff","champ:Shatter+1","MilkyWay","champ:ShieldSigil"],"picked":"SKIP","floor":48},{"not_picked":["ChargingUp","champ:GutPunch","LuminesStrike"],"picked":"OortCloud","floor":49}],"player_experience":393764,"relics_obtained":[{"floor":7,"key":"aspiration:StickyExplosives_weak"},{"floor":24,"key":"Pet Ghost"},{"floor":36,"key":"wanderingMiniBosses:MasterThiefsPresence"},{"floor":42,"key":"aspiration:MarisaSkillbook"}],"event_choices":[{"cards_removed":["champ:LastStand"],"damage_healed":0,"gold_gain":0,"player_choice":"Removed Power","damage_taken":0,"max_hp_gain":0,"max_hp_loss":0,"event_name":"Falling","floor":38,"gold_loss":0}],"is_beta":false,"boss_relics":[{"not_picked":["champ:PowerArmor","xbg"],"picked":"Philosopher\u0027s Stone"},{"not_picked":[]},{"not_picked":["Snecko Heart","Runic Pyramid"],"picked":"Ring of Chaos"},{"not_picked":[]}],"items_purged_floors":[8,40],"is_endless":false,"potions_floor_spawned":[4,9,15,20,32,33,37,39,44],"killed_by":"WA_ARCHETYPE_DIVINITY","ascension_level":2}}