{"host":"ul3z8ex5o8l5j7mh","time":1613924449,"event":{"mods":["2.2 Compatiblity","AchievementEnabler","BaseMod","Bestiary","Colored Map","Colored Powertips","Curses Come First","DeckTracker","Highlight Path","Keyboard Shortcuts","Minty Spire (QoL Compilation)","Relic Sorter","Relic Stats","StSLib","SuperFastMode"],"gold_per_floor":[114,114,114,128,53,79,79,91,144,144,144,159,170,170,170,266,266,282,293,293,293,111,111,136,149,226,226,258,292,292,319,319,415,415,426,0,11,22,38,72,72,105,105,115,17,29,29,29,29,29,29,29,11,45,45,45],"floor_reached":55,"language":"ENG","playtime":2886,"items_purged":["Defend_G","Strike_G+1"],"score":941,"play_id":"e261a0f8-fb7a-4c01-a390-e7086571f33d","local_time":"20210221172049","is_ascension_mode":true,"campfire_choices":[{"data":"Blade Dance","floor":7.0,"key":"SMITH"},{"data":"Finisher","floor":11.0,"key":"SMITH"},{"data":"Accuracy","floor":15.0,"key":"SMITH"},{"data":"Storm of Steel","floor":23.0,"key":"SMITH"},{"floor":27.0,"key":"RECALL"},{"data":"Infinite Blades","floor":32.0,"key":"SMITH"},{"data":"Phantasmal Killer","floor":41,"key":"SMITH"},{"floor":47,"key":"REST"},{"data":"Infinite Blades","floor":49,"key":"SMITH"},{"data":"After Image","floor":52,"key":"SMITH"}],"circlet_count":0,"master_deck":["Strike_G+1","Strike_G+1","Strike_G+1","Defend_G+1","Defend_G+1","Defend_G+1","Survivor+1","Neutralize","Blade Dance+1","Finisher+1","Cloak And Dagger","Accuracy+1","Cloak And Dagger+1","Storm of Steel+1","Backstab","Accuracy","Infinite Blades+1","Expertise","After Image+1","Accuracy","Accuracy","Cloak And Dagger+1","Backstab","Phantasmal Killer+1","Blade Dance+1","Blade Dance+1","Infinite Blades+1","Writhe","Accuracy"],"relics":["Ring of the Serpent","NeowsBlessing","Orichalcum","WristBlade","Akabeko","Happy Flower","Shuriken","Red Mask","Question Card","Vajra","Membership Card","Pen Nib","Bag of Preparation","Eternal Feather","Dream Catcher","Toxic Egg 2","Medical Kit","War Paint"],"acts_visited":["Exordium","TheCity","TheBeyond","TheEnding"],"potions_floor_usage":[50,50],"damage_taken":[{"damage":0.0,"enemies":"Jaw Worm","floor":1.0,"turns":1.0},{"damage":0.0,"enemies":"Small Slimes","floor":4.0,"turns":1.0},{"damage":0.0,"enemies":"3 Sentries","floor":6.0,"turns":1.0},{"damage":2.0,"enemies":"2 Louse","floor":8.0,"turns":2.0},{"damage":0.0,"enemies":"Gremlin Gang","floor":12.0,"turns":3.0},{"damage":0.0,"enemies":"Looter","floor":13.0,"turns":1.0},{"damage":16.0,"enemies":"Slime Boss","floor":16.0,"turns":8.0},{"damage":1.0,"enemies":"Shell Parasite","floor":18.0,"turns":2.0},{"damage":0.0,"enemies":"Spheric Guardian","floor":19.0,"turns":2.0},{"damage":0.0,"enemies":"Slavers","floor":24.0,"turns":5.0},{"damage":0.0,"enemies":"Snecko","floor":25.0,"turns":2.0},{"damage":0.0,"enemies":"Masked Bandits","floor":28.0,"turns":2.0},{"damage":0.0,"enemies":"Book of Stabbing","floor":29.0,"turns":3.0},{"damage":6.0,"enemies":"Gremlin Leader","floor":31.0,"turns":3.0},{"damage":21.0,"enemies":"Champ","floor":33.0,"turns":5.0},{"damage":5.0,"enemies":"3 Darklings","floor":35.0,"turns":3.0},{"damage":16.0,"enemies":"3 Shapes","floor":37.0,"turns":3.0},{"damage":0.0,"enemies":"Jaw Worm Horde","floor":38.0,"turns":2.0},{"damage":0.0,"enemies":"Maw","floor":39.0,"turns":4.0},{"damage":4,"enemies":"Nemesis","floor":40,"turns":3},{"damage":10,"enemies":"Giant Head","floor":42,"turns":3},{"damage":22,"enemies":"4 Shapes","floor":44,"turns":3},{"damage":0,"enemies":"Jaw Worm Horde","floor":46,"turns":2},{"damage":56,"enemies":"Time Eater","floor":50,"turns":7},{"damage":0,"enemies":"Shield and Spear","floor":54,"turns":3},{"damage":99,"enemies":"The Heart","floor":55,"turns":5}],"seed_played":"-7096543799450783446","potions_obtained":[{"floor":1.0,"key":"ColorlessPotion"},{"floor":13.0,"key":"Regen Potion"},{"floor":16.0,"key":"Weak Potion"},{"floor":18.0,"key":"PowerPotion"},{"floor":19.0,"key":"FearPotion"},{"floor":28.0,"key":"Poison Potion"},{"floor":29.0,"key":"DuplicationPotion"},{"floor":31.0,"key":"Swift Potion"},{"floor":37.0,"key":"PowerPotion"},{"floor":38.0,"key":"CunningPotion"},{"floor":44,"key":"Dexterity Potion"},{"floor":46,"key":"DuplicationPotion"}],"is_trial":false,"path_per_floor":["M","?","?","M","$","E","R","M","T","?","R","M","M","?","R","B",null,"M","M","?","?","$","R","E","M","T","R","?","E","?","E","R","B",null,"M","$","M","M","M","E","R","E","T","M","$","M","R","?","R","B",null,"R","$","E","B"],"character_chosen":"THE_SILENT","items_purchased":["Accuracy","Akabeko","Membership Card","Accuracy","Cloak And Dagger","Pen Nib","Bag of Preparation","Energy Potion","Blade Dance+1","Medical Kit","Accuracy"],"campfire_rested":1,"item_purchase_floors":[22,22,36,36,36,36,36,36,45,45,53],"current_hp_per_floor":[70,56,49,49,49,49,49,47,47,47,47,47,47,70,70,54,70,69,69,69,69,69,69,69,69,69,69,69,69,69,63,63,54,70,65,65,49,49,49,45,60,50,50,28,28,28,64,70,70,14,70,70,70,70,0,0],"gold":45,"neow_bonus":"THREE_ENEMY_KILL","is_daily":false,"chose_seed":false,"campfire_upgraded":8,"win_rate":0.0,"timestamp":1613924449,"path_taken":["M","?","?","M","$","E","R","M","T","?","R","M","?","?","R","BOSS","M","M","?","?","$","R","E","M","T","R","?","E","?","E","R","BOSS","M","$","M","M","M","E","R","E","T","?","$","M","R","?","R","BOSS","R","$","E","BOSS"],"items_purchased_type":["Card","Relic","Relic","Card","Card","Relic","Relic","Potion","Card","Relic","Card"],"build_version":"2020-12-22","purchased_purges":2,"victory":false,"max_hp_per_floor":[70,70,70,70,70,70,70,70,70,70,70,70,70,70,70,70,70,70,70,70,70,70,70,70,70,70,70,70,70,70,70,70,70,70,70,70,70,70,70,70,70,70,70,70,70,70,70,70,70,70,70,70,70,70,70,70],"relic_stats":{"Dream Catcher":1,"Happy Flower":[17],"counters":[26,79],"Shuriken":[57],"Eternal Feather":30,"Pen Nib":[16],"Bag of Preparation":[20],"Orichalcum":[90],"War Paint":["Cloak And Dagger","Cloak And Dagger"],"Question Card":12,"Medical Kit":[1],"obtain_stats":[{"NeowsBlessing":0,"Happy Flower":24,"Vajra":31,"Eternal Feather":40,"Pen Nib":36,"Bag of Preparation":36,"Orichalcum":6,"War Paint":54,"Question Card":29,"Medical Kit":45,"Akabeko":22,"Dream Catcher":42,"WristBlade":17,"Shuriken":26,"Red Mask":28,"Membership Card":36,"Toxic Egg 2":43,"Ring of the Serpent":34,"Ring of the Snake":0},{"NeowsBlessing":0,"Happy Flower":10,"Vajra":14,"Eternal Feather":20,"Pen Nib":16,"Bag of Preparation":16,"Orichalcum":3,"War Paint":25,"Question Card":13,"Medical Kit":22,"Akabeko":9,"Dream Catcher":21,"WristBlade":7,"Shuriken":11,"Red Mask":12,"Membership Card":16,"Toxic Egg 2":21,"Ring of the Serpent":15,"Ring of the Snake":0},{"NeowsBlessing":0,"Happy Flower":26,"Vajra":36,"Eternal Feather":56,"Pen Nib":44,"Bag of Preparation":44,"Orichalcum":3,"War Paint":74,"Question Card":33,"Medical Kit":62,"Akabeko":21,"Dream Catcher":59,"WristBlade":17,"Shuriken":28,"Red Mask":30,"Membership Card":44,"Toxic Egg 2":59,"Ring of the Serpent":41,"Ring of the Snake":0}]},"card_choices":[{"not_picked":["Flechettes","Bane"],"picked":"Blade Dance","floor":1.0},{"not_picked":["Underhanded Strike","Prepared"],"picked":"Finisher","floor":4.0},{"not_picked":["Poisoned Stab","Deflect"],"picked":"Cloak And Dagger","floor":6.0},{"not_picked":["Finisher","Skewer"],"picked":"Accuracy","floor":8.0},{"not_picked":["Backflip","Quick Slash"],"picked":"Cloak And Dagger","floor":12.0},{"not_picked":["Wraith Form v2","Deadly Poison","Caltrops"],"picked":"SKIP","floor":13.0},{"not_picked":["Unload","Tools of the Trade"],"picked":"Storm of Steel","floor":16.0},{"not_picked":["Acrobatics","Heel Hook"],"picked":"Backstab","floor":18.0},{"not_picked":["Deflect","Sucker Punch","Outmaneuver+1"],"picked":"SKIP","floor":19.0},{"not_picked":["Terror","Flying Knee"],"picked":"Infinite Blades","floor":24.0},{"not_picked":["PiercingWail","Escape Plan","Bane"],"picked":"SKIP","floor":25.0},{"not_picked":["Dagger Throw+1","Deadly Poison","Dodge and Roll"],"picked":"SKIP","floor":29.0},{"not_picked":["Dodge and Roll+1","Doppelganger","PiercingWail","Sucker Punch+1"],"picked":"SKIP","floor":31.0},{"not_picked":["Tools of the Trade","Venomology","Grand Finale"],"picked":"After Image","floor":33.0},{"not_picked":["Calculated Gamble","Terror","Dagger Throw"],"picked":"Accuracy","floor":35.0},{"not_picked":["Acrobatics","Dodge and Roll","Sucker Punch","Riddle With Holes+1"],"picked":"SKIP","floor":37.0},{"not_picked":["Masterful Stab+1","Dagger Spray","Flechettes+1"],"picked":"Backstab","floor":38.0},{"not_picked":["Outmaneuver+1","Deflect","Prepared"],"picked":"Phantasmal Killer","floor":39.0},{"not_picked":["Backflip","Setup+1","Skewer"],"picked":"Blade Dance+1","floor":40},{"not_picked":["Reflex","Footwork","Heel Hook","Dagger Spray+1"],"picked":"SKIP","floor":42},{"not_picked":["Poisoned Stab+1","Bane+1","Corpse Explosion+1","Dagger Spray+1"],"picked":"SKIP","floor":44},{"not_picked":["Poisoned Stab+1","Deflect+1","Escape Plan+1"],"picked":"Infinite Blades","floor":46},{"not_picked":["Crippling Poison+1","Endless Agony","Dodge and Roll+1","Outmaneuver+1"],"picked":"SKIP","floor":54}],"player_experience":417668,"relics_obtained":[{"floor":6.0,"key":"Orichalcum"},{"floor":24.0,"key":"Happy Flower"},{"floor":26.0,"key":"Shuriken"},{"floor":28.0,"key":"Red Mask"},{"floor":29.0,"key":"Question Card"},{"floor":31.0,"key":"Vajra"},{"floor":40,"key":"Eternal Feather"},{"floor":42,"key":"Dream Catcher"},{"floor":43,"key":"Toxic Egg 2"},{"floor":54,"key":"War Paint"}],"event_choices":[{"damage_healed":0.0,"max_hp_gain":0.0,"max_hp_loss":0.0,"gold_gain":0.0,"event_name":"Shining Light","player_choice":"Entered Light","floor":2.0,"gold_loss":0.0,"damage_taken":14.0,"cards_upgraded":["Survivor","Defend_G"]},{"cards_removed":["Defend_G"],"damage_healed":0.0,"max_hp_gain":0.0,"max_hp_loss":0.0,"gold_gain":0.0,"event_name":"Golden Wing","player_choice":"Card Removal","floor":3.0,"gold_loss":0.0,"damage_taken":7.0},{"damage_healed":0.0,"max_hp_gain":0.0,"max_hp_loss":0.0,"gold_gain":0.0,"event_name":"Golden Idol","player_choice":"Ignored","floor":10.0,"gold_loss":0.0,"damage_taken":0.0},{"damage_healed":23.0,"max_hp_gain":0.0,"max_hp_loss":0.0,"gold_gain":0.0,"event_name":"Big Fish","player_choice":"Banana","floor":14.0,"gold_loss":0.0,"damage_taken":0.0},{"damage_healed":0.0,"max_hp_gain":0.0,"max_hp_loss":0.0,"gold_gain":0.0,"event_name":"Back to Basics","player_choice":"Simplicity","floor":20.0,"gold_loss":0.0,"damage_taken":0.0,"cards_upgraded":["Strike_G","Strike_G","Strike_G","Strike_G","Strike_G","Defend_G","Defend_G"]},{"damage_healed":0.0,"max_hp_gain":0.0,"max_hp_loss":0.0,"gold_gain":0.0,"event_name":"Beggar","player_choice":"Ignored","floor":21.0,"gold_loss":0.0,"damage_taken":0.0},{"damage_healed":0.0,"max_hp_gain":0.0,"max_hp_loss":0.0,"gold_gain":0.0,"event_name":"Masked Bandits","player_choice":"Fought Bandits","floor":28.0,"gold_loss":0.0,"damage_taken":0.0},{"damage_healed":0.0,"max_hp_gain":0.0,"max_hp_loss":0.0,"gold_gain":0.0,"cards_transformed":["Strike_G"],"event_name":"Transmorgrifier","player_choice":"Transformed","floor":30.0,"gold_loss":0.0,"damage_taken":0.0,"cards_obtained":["Expertise"]},{"damage_healed":18,"gold_gain":0,"player_choice":"Writhe","damage_taken":0,"max_hp_gain":0,"max_hp_loss":0,"event_name":"Winding Halls","floor":48,"gold_loss":0,"cards_obtained":["Writhe"]}],"is_beta":false,"boss_relics":[{"not_picked":["Busted Crown","Fusion Hammer"],"picked":"WristBlade"},{"not_picked":["Runic Pyramid","Velvet Choker"],"picked":"Ring of the Serpent"}],"items_purged_floors":[5,36],"is_endless":false,"potions_floor_spawned":[1,13,16,18,19,28,29,31,37,38,44,46],"killed_by":"The Heart","ascension_level":2}}