{"host":"2se5dq1do2gp0x9k","time":1613892842,"event":{"mods":["AchievementEnabler","BaseMod","Block Reminder","Colored Map","Colored Powertips","Minty Spire (QoL Compilation)","Relic Stats","StSLib","SuperFastMode"],"gold_per_floor":[110,123,138,63,83,117,127,127,127,127,158,102,117,82,82,82,82],"floor_reached":16,"language":"ENG","playtime":488,"items_purged":["Strike_G"],"score":224,"play_id":"3a923769-7804-494a-acc3-0bed5a36acff","local_time":"20210220233402","is_ascension_mode":true,"campfire_choices":[{"floor":8,"key":"REST"},{"data":"Neutralize","floor":10,"key":"SMITH"},{"data":"Sucker Punch","floor":15,"key":"SMITH"}],"circlet_count":0,"master_deck":["AscendersBane","Strike_G","Strike_G","Strike_G","Strike_G","Defend_G","Defend_G","Defend_G","Defend_G","Defend_G","Survivor","Neutralize+1","Blade Dance","Heel Hook","Sucker Punch+1","Blade Dance","Cloak And Dagger+1","Bouncing Flask+1","Dagger Spray+1","Malaise+1"],"relics":["Ring of the Snake","NeowsBlessing","Toxic Egg 2","Singing Bowl","Molten Egg 2"],"acts_visited":["Exordium"],"potions_floor_usage":[7,13,16],"damage_taken":[{"damage":0.0,"enemies":"2 Louse","floor":1.0,"turns":1.0},{"damage":0.0,"enemies":"Cultist","floor":2.0,"turns":1.0},{"damage":0,"enemies":"Small Slimes","floor":3,"turns":1},{"damage":21,"enemies":"Gremlin Gang","floor":5,"turns":7},{"damage":31,"enemies":"3 Sentries","floor":6,"turns":12},{"damage":0,"enemies":"Red Slaver","floor":7,"turns":2},{"damage":7,"enemies":"Lagavulin","floor":11,"turns":6},{"damage":6,"enemies":"Large Slime","floor":13,"turns":5},{"damage":30,"enemies":"Slime Boss","floor":16,"turns":7}],"seed_played":"737383930238233386","potions_obtained":[{"floor":2,"key":"Weak Potion"},{"floor":6,"key":"SteroidPotion"},{"floor":7,"key":"Poison Potion"}],"is_trial":false,"path_per_floor":["M","M","M","$","M","E","M","R","T","R","E","?","M","?","R","B"],"character_chosen":"THE_SILENT","items_purchased":[],"campfire_rested":1,"item_purchase_floors":[],"current_hp_per_floor":[59,59,59,59,38,7,7,26,26,26,19,19,13,29,29,0,0],"gold":82,"neow_bonus":"THREE_ENEMY_KILL","is_daily":false,"chose_seed":false,"campfire_upgraded":2,"win_rate":0.0,"timestamp":1613892842,"path_taken":["M","M","M","$","M","E","M","R","T","R","E","?","M","?","R","BOSS"],"items_purchased_type":[],"build_version":"2020-12-22","purchased_purges":1,"victory":false,"max_hp_per_floor":[66,66,66,66,66,66,66,66,66,66,66,66,66,66,66,66,66],"relic_stats":{"Singing Bowl":0,"counters":[9,42],"obtain_stats":[{"NeowsBlessing":0,"Singing Bowl":9,"Molten Egg 2":11,"Toxic Egg 2":6,"Ring of the Snake":0},{"NeowsBlessing":0,"Singing Bowl":6,"Molten Egg 2":7,"Toxic Egg 2":5,"Ring of the Snake":0},{"NeowsBlessing":0,"Singing Bowl":24,"Molten Egg 2":30,"Toxic Egg 2":22,"Ring of the Snake":0}],"Ring of the Snake":[18]},"card_choices":[{"not_picked":["Acrobatics","Deflect"],"picked":"Blade Dance","floor":1.0},{"not_picked":["Dagger Throw","Flechettes"],"picked":"Heel Hook","floor":2},{"not_picked":["Quick Slash","Terror"],"picked":"Sucker Punch","floor":3},{"not_picked":["Bouncing Flask","Bane"],"picked":"Blade Dance","floor":5},{"not_picked":["Escape Plan+1","Prepared+1"],"picked":"Cloak And Dagger+1","floor":6},{"not_picked":["Flying Knee","Masterful Stab"],"picked":"Bouncing Flask+1","floor":7},{"not_picked":["Blur+1","Bane+1"],"picked":"Dagger Spray+1","floor":11},{"not_picked":["Flying Knee+1","Reflex+1"],"picked":"Malaise+1","floor":13}],"player_experience":4094440,"relics_obtained":[{"floor":6,"key":"Toxic Egg 2"},{"floor":9,"key":"Singing Bowl"},{"floor":11,"key":"Molten Egg 2"}],"event_choices":[{"damage_healed":0,"gold_gain":0,"player_choice":"Left Gold","damage_taken":0,"max_hp_gain":0,"max_hp_loss":0,"event_name":"World of Goop","floor":12,"gold_loss":56},{"damage_healed":16,"gold_gain":0,"player_choice":"Healed","damage_taken":0,"max_hp_gain":0,"max_hp_loss":0,"event_name":"The Cleric","floor":14,"gold_loss":35}],"is_beta":false,"boss_relics":[],"items_purged_floors":[4],"is_endless":false,"potions_floor_spawned":[2,6,7],"killed_by":"Slime Boss","ascension_level":20}}