{"host":"kh6fvhxn285ncg0o","time":1613948949,"event":{"mods":["Act Like it!","BaseMod","Colored Map","Friendly Minions","Keyboard Shortcuts","Minty Spire (QoL Compilation)","Quick Restart","Relic Stats","StSLib","SuperFastMode","UnlockEverythingMod"],"gold_per_floor":[115,165,178,190,190,190,202,48,123,123,151,151,176,194,194,272,272,284,24,24,43,61,86,98,126,152,177,195,195,207,227,227,306,306,320,320,334,334,353,383,115,115,142,142,195,229,229,261,261,261,261,261,261,44,78,78],"floor_reached":57,"language":"KOR","playtime":2083,"items_purged":["Strike_R","Strike_R","Bash+1"],"score":3070,"play_id":"183210d6-ed4e-4d0f-8c4d-962b23d4f736","local_time":"20210222080909","is_ascension_mode":true,"campfire_choices":[{"data":"Bash","floor":6.0,"key":"SMITH"},{"data":"Immolate","floor":10.0,"key":"SMITH"},{"data":"Disarm","floor":12.0,"key":"SMITH"},{"data":"Strike_R","floor":15.0,"key":"PURGE"},{"data":"Body Slam","floor":32.0,"key":"SMITH"},{"data":"Shrug It Off","floor":42,"key":"SMITH"},{"floor":49,"key":"RECALL"},{"data":"Finesse","floor":53,"key":"SMITH"}],"circlet_count":0,"master_deck":["AscendersBane","Defend_R+1","Defend_R","Defend_R","Defend_R","Ghostly Armor","Metallicize","Immolate+1","Disarm+1","Berserk","Impervious","Burning Pact+1","Body Slam+1","Warcry","Sentinel","Dark Embrace","Second Wind","Offering","Exhume","Shrug It Off+1","Madness","Madness","Exhume","Finesse+1","Purity+1","Dark Shackles","Madness"],"relics":["Burning Blood","NeowsBlessing","Ice Cream","Self Forming Clay","Oddly Smooth Stone","Peace Pipe","Runic Pyramid","Art of War","Juzu Bracelet","Eternal Feather","Happy Flower","Ornamental Fan","Matryoshka","Sozu","Frozen Egg 2","OrangePellets","PreservedInsect","Charon\u0027s Ashes","Bronze Scales","War Paint","Nunchaku"],"acts_visited":["Exordium","TheCity","TheBeyond","TheEnding"],"potions_floor_usage":[39],"damage_taken":[{"damage":0.0,"enemies":"Jaw Worm","floor":1.0,"turns":1.0},{"damage":0.0,"enemies":"Cultist","floor":3.0,"turns":1.0},{"damage":0.0,"enemies":"2 Louse","floor":4.0,"turns":1.0},{"damage":0.0,"enemies":"Blue Slaver","floor":7.0,"turns":5.0},{"damage":17.0,"enemies":"Gremlin Nob","floor":11.0,"turns":4.0},{"damage":4.0,"enemies":"3 Sentries","floor":13.0,"turns":4.0},{"damage":0.0,"enemies":"2 Fungi Beasts","floor":14.0,"turns":3.0},{"damage":10.0,"enemies":"Hexaghost","floor":16.0,"turns":10.0},{"damage":4.0,"enemies":"Chosen","floor":18.0,"turns":5.0},{"damage":9.0,"enemies":"3 Byrds","floor":21.0,"turns":5.0},{"damage":0.0,"enemies":"Snake Plant","floor":22.0,"turns":4.0},{"damage":1.0,"enemies":"Gremlin Leader","floor":23.0,"turns":6.0},{"damage":0.0,"enemies":"3 Cultists","floor":24.0,"turns":4.0},{"damage":17.0,"enemies":"Book of Stabbing","floor":25.0,"turns":5.0},{"damage":0.0,"enemies":"Slavers","floor":27.0,"turns":5.0},{"damage":0.0,"enemies":"Sentry and Sphere","floor":28.0,"turns":4.0},{"damage":0.0,"enemies":"Cultist and Chosen","floor":30.0,"turns":4.0},{"damage":0.0,"enemies":"3 Cultists","floor":31.0,"turns":3.0},{"damage":12.0,"enemies":"Collector","floor":33.0,"turns":4.0},{"damage":14.0,"enemies":"3 Shapes","floor":35.0,"turns":3.0},{"damage":12,"enemies":"3 Darklings","floor":37,"turns":3},{"damage":15,"enemies":"Transient","floor":39,"turns":6},{"damage":0,"enemies":"Giant Head","floor":40,"turns":3},{"damage":7,"enemies":"2 Orb Walkers","floor":45,"turns":6},{"damage":0,"enemies":"Reptomancer","floor":46,"turns":3},{"damage":0,"enemies":"Giant Head","floor":48,"turns":6},{"damage":13,"enemies":"Awakened One","floor":50,"turns":6},{"damage":13,"enemies":"Time Eater","floor":51,"turns":6},{"damage":36,"enemies":"Shield and Spear","floor":55,"turns":4},{"damage":33,"enemies":"The Heart","floor":56,"turns":8}],"seed_played":"-2965996827891933124","potions_obtained":[{"floor":1.0,"key":"Energy Potion"},{"floor":3.0,"key":"HeartOfIron"},{"floor":7.0,"key":"SkillPotion"},{"floor":21.0,"key":"LiquidMemories"},{"floor":22.0,"key":"ColorlessPotion"},{"floor":31.0,"key":"SmokeBomb"},{"floor":33.0,"key":"Weak Potion"}],"is_trial":false,"path_per_floor":["M","?","M","M","T","R","M","$","T","R","E","R","E","M","R","B",null,"M","$","?","M","M","E","M","E","T","E","M","?","M","M","R","B",null,"M","?","M","?","M","E","$","R","T","?","?","E","?","E","R","B","B",null,"R","$","E","B",null],"character_chosen":"IRONCLAD","items_purchased":["Immolate","Body Slam","Art of War","OrangePellets","Madness"],"campfire_rested":0,"item_purchase_floors":[8,19,19,41,54],"current_hp_per_floor":[74,67,73,75,75,75,75,75,75,75,64,64,66,72,72,68,73,75,75,75,72,75,75,75,64,64,70,75,75,75,75,75,69,74,66,66,60,60,51,57,57,69,69,55,54,60,50,56,71,64,57,71,75,75,45,18],"gold":78,"neow_bonus":"THREE_ENEMY_KILL","is_daily":false,"chose_seed":false,"campfire_upgraded":6,"win_rate":0.0,"timestamp":1613948949,"path_taken":["M","?","M","?","?","R","M","$","T","R","E","R","E","M","R","BOSS","M","$","?","M","?","E","M","E","T","E","M","?","M","M","R","BOSS","M","?","M","?","M","E","$","R","T","?","?","E","?","E","R","BOSS","BOSS","R","$","E","BOSS"],"items_purchased_type":["Card","Card","Relic","Relic","Card"],"build_version":"2020-12-22","purchased_purges":3,"victory":true,"max_hp_per_floor":[75,75,75,75,75,75,75,75,75,75,75,75,75,75,75,75,75,75,75,75,75,75,75,75,75,75,75,75,75,75,75,75,75,75,75,75,75,75,75,75,75,75,75,75,75,75,75,75,75,75,75,75,75,75,75,75],"relic_stats":{"Happy Flower":[24],"counters":[30,132],"Self Forming Clay":[105],"Eternal Feather":31,"PreservedInsect":269,"Charon\u0027s Ashes":[534],"Juzu Bracelet":1,"War Paint":["Purity","Defend_R"],"Burning Blood":143,"Peace Pipe":1,"Sozu":3,"OrangePellets":[10],"Nunchaku":[1],"Ornamental Fan":[80],"Bronze Scales":[181],"Art of War":[33],"obtain_stats":[{"Ice Cream":5,"NeowsBlessing":0,"Happy Flower":26,"Self Forming Clay":9,"Oddly Smooth Stone":11,"Eternal Feather":25,"PreservedInsect":43,"Charon\u0027s Ashes":45,"Juzu Bracelet":23,"Frozen Egg 2":40,"War Paint":48,"Burning Blood":0,"Peace Pipe":13,"Sozu":34,"OrangePellets":41,"Nunchaku":55,"Matryoshka":29,"Ornamental Fan":27,"Bronze Scales":46,"Art of War":19,"Runic Pyramid":17},{"Ice Cream":3,"NeowsBlessing":0,"Happy Flower":14,"Self Forming Clay":4,"Oddly Smooth Stone":5,"Eternal Feather":14,"PreservedInsect":23,"Charon\u0027s Ashes":24,"Juzu Bracelet":12,"Frozen Egg 2":23,"War Paint":26,"Burning Blood":0,"Peace Pipe":6,"Sozu":19,"OrangePellets":23,"Nunchaku":29,"Matryoshka":16,"Ornamental Fan":15,"Bronze Scales":25,"Art of War":9,"Runic Pyramid":8},{"Ice Cream":3,"NeowsBlessing":0,"Happy Flower":58,"Self Forming Clay":8,"Oddly Smooth Stone":12,"Eternal Feather":58,"PreservedInsect":93,"Charon\u0027s Ashes":99,"Juzu Bracelet":49,"Frozen Egg 2":93,"War Paint":108,"Burning Blood":0,"Peace Pipe":16,"Sozu":78,"OrangePellets":93,"Nunchaku":124,"Matryoshka":67,"Ornamental Fan":63,"Bronze Scales":102,"Art of War":34,"Runic Pyramid":29}]},"card_choices":[{"not_picked":["Dual Wield","Iron Wave","Anger"],"picked":"SKIP","floor":1.0},{"not_picked":["Flex","Iron Wave"],"picked":"Ghostly Armor","floor":3.0},{"not_picked":["Exhume","Anger"],"picked":"Metallicize","floor":4.0},{"not_picked":["Flex","Sentinel","Perfected Strike"],"picked":"SKIP","floor":7.0},{"not_picked":["Reckless Charge","True Grit"],"picked":"Disarm","floor":11.0},{"not_picked":["Ghostly Armor","Clash"],"picked":"Berserk","floor":13.0},{"not_picked":["Thunderclap","Bloodletting","Perfected Strike"],"picked":"SKIP","floor":14.0},{"not_picked":["Bludgeon","Corruption"],"picked":"Impervious","floor":16.0},{"not_picked":["Perfected Strike+1","Searing Blow"],"picked":"Burning Pact+1","floor":18.0},{"not_picked":["Flex","Pommel Strike","Evolve"],"picked":"SKIP","floor":21.0},{"not_picked":["Twin Strike","Burning Pact","Pummel"],"picked":"SKIP","floor":22.0},{"not_picked":["Sword Boomerang","Reaper"],"picked":"Sentinel","floor":23.0},{"not_picked":["Heavy Blade","Headbutt"],"picked":"Dark Embrace","floor":24.0},{"not_picked":["Iron Wave","Seeing Red+1"],"picked":"Second Wind","floor":25.0},{"not_picked":["Havoc","Thunderclap","Cleave"],"picked":"SKIP","floor":27.0},{"not_picked":["Heavy Blade","Ghostly Armor","Wild Strike"],"picked":"SKIP","floor":28.0},{"not_picked":["Thunderclap","Pommel Strike","Flex"],"picked":"SKIP","floor":30.0},{"not_picked":["Iron Wave+1","Inflame"],"picked":"Offering","floor":31.0},{"not_picked":["Impervious","Immolate"],"picked":"Exhume","floor":33.0},{"not_picked":["Iron Wave","Heavy Blade"],"picked":"Shrug It Off","floor":35.0},{"not_picked":["Perfected Strike","Second Wind","Heavy Blade"],"picked":"SKIP","floor":37},{"not_picked":["Thunderclap","Bloodletting+1","Shrug It Off+1"],"picked":"SKIP","floor":39},{"not_picked":["Burning Pact","Warcry+1","Shrug It Off"],"picked":"SKIP","floor":40},{"not_picked":["Armaments","Pommel Strike"],"picked":"Exhume","floor":46},{"not_picked":["Mind Blast","PanicButton"],"picked":"Finesse","floor":47},{"not_picked":["Forethought","Good Instincts"],"picked":"Purity","floor":47},{"not_picked":["Chrysalis","Violence"],"picked":"Dark Shackles","floor":47},{"not_picked":["Body Slam","Cleave","Pummel+1"],"picked":"SKIP","floor":48},{"not_picked":["Flex","Perfected Strike","Body Slam+1"],"picked":"SKIP","floor":55}],"player_experience":1491382,"relics_obtained":[{"floor":5.0,"key":"Ice Cream"},{"floor":9.0,"key":"Self Forming Clay"},{"floor":11.0,"key":"Oddly Smooth Stone"},{"floor":13.0,"key":"Peace Pipe"},{"floor":23.0,"key":"Juzu Bracelet"},{"floor":25.0,"key":"Eternal Feather"},{"floor":26.0,"key":"Happy Flower"},{"floor":27.0,"key":"Ornamental Fan"},{"floor":40,"key":"Frozen Egg 2"},{"floor":43,"key":"PreservedInsect"},{"floor":45,"key":"Charon\u0027s Ashes"},{"floor":46,"key":"Bronze Scales"},{"floor":48,"key":"War Paint"},{"floor":55,"key":"Nunchaku"}],"event_choices":[{"damage_healed":0.0,"max_hp_gain":0.0,"max_hp_loss":0.0,"gold_gain":50.0,"event_name":"FaceTrader","player_choice":"Touch","floor":2.0,"gold_loss":0.0,"damage_taken":7.0},{"damage_healed":0.0,"max_hp_gain":0.0,"max_hp_loss":0.0,"gold_gain":0.0,"cards_transformed":["Strike_R"],"event_name":"Transmorgrifier","player_choice":"Transformed","floor":20.0,"gold_loss":0.0,"damage_taken":0.0,"cards_obtained":["Warcry"]},{"damage_healed":0.0,"max_hp_gain":0.0,"max_hp_loss":0.0,"gold_gain":0.0,"event_name":"WeMeetAgain","player_choice":"Gave Potion","floor":29.0,"gold_loss":0.0,"damage_taken":0.0,"relics_obtained":["Matryoshka"]},{"damage_healed":0.0,"max_hp_gain":0.0,"max_hp_loss":0.0,"gold_gain":0.0,"event_name":"Tomb of Lord Red Mask","player_choice":"Ignored","floor":36.0,"gold_loss":0.0,"damage_taken":0.0},{"cards_removed":["Strike_R"],"damage_healed":0,"gold_gain":0,"player_choice":"Removed Attack","damage_taken":0,"max_hp_gain":0,"max_hp_loss":0,"event_name":"Falling","floor":38,"gold_loss":0},{"damage_healed":0,"gold_gain":0,"player_choice":"Embrace Madness","damage_taken":14,"max_hp_gain":0,"max_hp_loss":0,"event_name":"Winding Halls","floor":44,"gold_loss":0,"cards_obtained":["Madness","Madness"]},{"damage_healed":0,"gold_gain":0,"player_choice":"Fight","damage_taken":0,"max_hp_gain":0,"max_hp_loss":0,"event_name":"Mysterious Sphere","floor":45,"gold_loss":0},{"damage_healed":0,"gold_gain":0,"player_choice":"Memory 3","damage_taken":10,"max_hp_gain":0,"max_hp_loss":0,"event_name":"SensoryStone","floor":47,"gold_loss":0}],"is_beta":false,"boss_relics":[{"not_picked":["Mark of Pain","Velvet Choker"],"picked":"Runic Pyramid"},{"not_picked":["SacredBark","Busted Crown"],"picked":"Sozu"}],"items_purged_floors":[19,41,54],"is_endless":false,"potions_floor_spawned":[1,3,7,21,22,25,31,33,37,45,55],"ascension_level":20}}