{"host":"d73an99q9oevilk5","time":1613901659,"event":{"mods":["2.2 Compatiblity","AchievementEnabler","Act Like it!","Aspiration","BaseMod","Beaked The Cultist","Better Third Choice","BetterRewards","Colored Map","Colored Powertips","Conspire","Downfall","GifTheSpireLib","Halation","Hubris","Infinite Spire","Marisa????????","Mimic Mod","Minty Spire (QoL Compilation)","MostiFishMod","Quick Restart","Relic Sorter","Reliquary","Replay The Spire","Shop Mod","Spikes Relics","StSLib","Stuff the Spire","The Cursed","The Jungle","The Necromancer","The Saiyan","Waifu the Spire","egg","slay the spire mod where everything is the same but ironclad has a cowboy hat"],"gold_per_floor":[110,110,124,143,153,185,185,60,99,130,146,73,93,26,26,121,121,137,137,156,156,169,169,203,217,217,249,266,22,35,51,51,156,156,180,207,207,239,239,290,324,324,348,348,308,52,84,107,107,107],"floor_reached":51,"language":"ENG","playtime":2257,"items_purged":["Strike_G","Pain"],"score":1311,"play_id":"75fc967e-89bd-49b2-81c4-3018ca8d0653","local_time":"20210221030059","is_ascension_mode":false,"campfire_choices":[{"data":"Backstab","floor":7,"key":"SMITH"},{"data":"Noxious Fumes","floor":15,"key":"SMITH"},{"data":"Noxious Fumes","floor":23,"key":"SMITH"},{"data":"Noxious Fumes","floor":32,"key":"SMITH"},{"data":"MostiFishMod:Neurotoxin","floor":42,"key":"SMITH"},{"data":"Enlightenment","floor":49,"key":"SMITH"}],"circlet_count":0,"master_deck":["Defend_G","Defend_G+1","Defend_G","Defend_G","Defend_G","Survivor","Neutralize","Backstab+1","Poisoned Stab+1","Dodge and Roll","Poisoned Stab","Poisoned Stab","Noxious Fumes+1","Poisoned Stab","Leg Sweep","Crippling Poison","Noxious Fumes+1","Footwork","Noxious Fumes+1","MostiFishMod:Neurotoxin+1","Flying Knee+1","Malaise+1","InfectiousVector+1","Neutralize","Enlightenment+1","Fluid Movement+1","ReplayTheSpireMod:Exploit Weakness+1","Deadly Poison","Deadly Poison","Night Terror+1","ReplayTheSpireMod:From All Sides+1","Crippling Poison+1"],"relics":["Ring of the Snake","DaveBox","White Beast Statue","reliquary:RadioactivePellet","ZombieTooth","EGODaCapo","SynthV:TestCard","Replay:Ringing Soul","conspire:DeflatedDodgeball","reliquary:Stiletto","Astrolabe","reliquary:RoseTintedGlasses","Golden Egg","StuffTheSpire:Experiment12","conspire:TreasureMap","infinitespire:EvilPickle","Sandwich","hubris:Potato","Replay:Bottled Flurry","reliquary:Aerogel","conspire:Dentures","Bottled Tornado"],"acts_visited":["Exordium","TheCity","TheBeyond"],"potions_floor_usage":[16,16,30,50,50,50],"damage_taken":[{"damage":0,"enemies":"Cultist","floor":1,"turns":3},{"damage":0,"enemies":"Jaw Worm","floor":3,"turns":2},{"damage":0,"enemies":"2 Louse","floor":4,"turns":3},{"damage":1,"enemies":"Lots of Slimes","floor":5,"turns":5},{"damage":3,"enemies":"Replay:BlueRogue","floor":6,"turns":5},{"damage":0,"enemies":"3 Louse","floor":9,"turns":6},{"damage":0,"enemies":"Lagavulin","floor":10,"turns":6},{"damage":0,"enemies":"3 Louse","floor":11,"turns":2},{"damage":0,"enemies":"Exordium Thugs","floor":13,"turns":3},{"damage":0,"enemies":"The Guardian","floor":16,"turns":7},{"damage":1,"enemies":"3 Byrds","floor":18,"turns":5},{"damage":2,"enemies":"Shell Parasite","floor":20,"turns":5},{"damage":4,"enemies":"Snake Plant","floor":22,"turns":5},{"damage":3,"enemies":"Gremlin Leader","floor":24,"turns":6},{"damage":11,"enemies":"Centurion and Healer","floor":25,"turns":5},{"damage":5,"enemies":"Replay:Snechameleon","floor":27,"turns":7},{"damage":3,"enemies":"Snecko","floor":28,"turns":5},{"damage":0,"enemies":"Cultist and Chosen","floor":30,"turns":5},{"damage":0,"enemies":"Chosen and Byrds","floor":31,"turns":6},{"damage":8,"enemies":"Pondfish","floor":33,"turns":8},{"damage":0,"enemies":"3 Darklings","floor":35,"turns":4},{"damage":0,"enemies":"3 Shapes","floor":36,"turns":3},{"damage":0,"enemies":"Writhing Mass","floor":38,"turns":5},{"damage":9,"enemies":"Reptomancer","floor":40,"turns":7},{"damage":1,"enemies":"Maw","floor":41,"turns":7},{"damage":0,"enemies":"Nemesis","floor":47,"turns":7},{"damage":16,"enemies":"Spire Growth","floor":48,"turns":4},{"damage":0,"enemies":"Awakened One","floor":50,"turns":10}],"seed_played":"5007103733312453913","potions_obtained":[{"floor":1,"key":"Regen Potion"},{"floor":3,"key":"BlessingOfTheForge"},{"floor":4,"key":"champ:CounterPotion"},{"floor":13,"key":"Flashbang"},{"floor":16,"key":"LiquidBronze"},{"floor":18,"key":"Ancient Potion"},{"floor":24,"key":"BlessingOfTheForge"},{"floor":30,"key":"ColorlessPotion"},{"floor":33,"key":"LifebloodPotion"},{"floor":38,"key":"Weak Potion"},{"floor":40,"key":"infinitespire:BlackPotion"},{"floor":47,"key":"DuplicationPotion"}],"is_trial":false,"path_per_floor":["M","?","M","M","M","E","R","$","MIM","E","M","$","M","$","R","B",null,"M","?","M","?","M","R","E","M","T","E","M","$","M","M","R","B",null,"M","M","?","M","?","E","M","R","T","?","?","$","E","M","R_BF","B",null],"character_chosen":"THE_SILENT","items_purchased":["reliquary:RadioactivePellet","Backstab","Poisoned Stab","Footwork","Noxious Fumes","conspire:TreasureMap","conspire:Dentures"],"campfire_rested":0,"item_purchase_floors":[0,0,8,12,14,29,46],"current_hp_per_floor":[65,65,65,65,64,64,64,67,70,73,76,79,79,82,82,85,92,91,94,92,92,88,88,88,80,80,78,75,75,78,81,81,76,113,113,113,113,113,113,104,103,103,103,103,103,103,106,90,90,90],"gold":107,"neow_bonus":"","is_daily":false,"chose_seed":false,"campfire_upgraded":6,"win_rate":0.0,"timestamp":1613901659,"path_taken":["M","?","M","?","M","E","R","$","MIM","E","M","$","?","?","R","BOSS","M","?","?","?","M","R","E","M","T","E","M","$","?","?","R","BOSS","M","M","?","M","?","E","?","R","T","?","?","$","E","M","R_BF","BOSS"],"items_purchased_type":["Relic","Card","Card","Card","Card","Relic","Relic"],"build_version":"2020-12-22","purchased_purges":2,"victory":true,"max_hp_per_floor":[65,65,65,65,65,68,68,71,74,77,80,83,83,86,86,89,92,92,95,95,95,95,95,98,101,101,104,104,104,107,110,110,113,113,113,113,113,113,113,113,113,113,113,113,113,113,116,116,116,116],"card_choices":[{"not_picked":["StuffTheSpire:Fury","Backflip"],"picked":"Poisoned Stab","floor":1},{"not_picked":["Sucker Punch","Bane","Predator","ReplayTheSpireMod:Speed Training"],"picked":"Dodge and Roll","floor":3},{"not_picked":["Deflect","Cloak And Dagger","MostiFishMod:PerfectParry","MostiFishMod:PreservedThorns"],"picked":"Poisoned Stab","floor":4},{"not_picked":["MostiFishMod:PerfectParry","Dagger Spray","Finisher","Blur"],"picked":"Poisoned Stab","floor":5},{"not_picked":["MostiFishMod:WinterMarkForm","MostiFishMod:PreservedThorns","Endless Agony","Predator"],"picked":"Noxious Fumes","floor":6},{"not_picked":["StuffTheSpire:BumpUp","Infinite Blades","hubris:SlightOfHand","Prepared"],"picked":"Leg Sweep","floor":9},{"not_picked":["Well Laid Plans","Prepared","Skewer","StuffTheSpire:ClusterCrunch"],"picked":"Crippling Poison","floor":10},{"not_picked":["StuffTheSpire:Repulse","Backflip","ShadowRift","StuffTheSpire:BrimstoneBlast"],"picked":"Noxious Fumes","floor":11},{"not_picked":["Toxin Wave","Dagger Throw","Blade Dance","Pace","MostiFishMod:PreservedThorns"],"picked":"SKIP","floor":13},{"not_picked":["MostiFishMod:Dislodge","Tools of the Trade","ReplayTheSpireMod:From All Sides","Phantasmal Killer"],"picked":"MostiFishMod:Neurotoxin","floor":16},{"not_picked":["Flying Knee","Poisoned Stab+1","Infinite Blades+1","StuffTheSpire:BumpUp+1","ReplayTheSpireMod:Shiv Toss"],"picked":"SKIP","floor":18},{"not_picked":["InfectiousVector","hubris:SlightOfHand","ReplayTheSpireMod:Tripwire","MostiFishMod:PerfectParry+1","ReplayTheSpireMod:The Works"],"picked":"SKIP","floor":20},{"not_picked":["Acrobatics","aspiration:Lunge","StuffTheSpire:BumpUp","hubris:SlightOfHand","Dagger Spray"],"picked":"SKIP","floor":22},{"not_picked":["Blur","Outmaneuver","Dodge and Roll","StuffTheSpire:Injection+1"],"picked":"Fluid Movement+1","floor":24},{"not_picked":["Prepared","StuffTheSpire:Incursion+1","Cloak And Dagger","Blade Dance"],"picked":"ReplayTheSpireMod:Exploit Weakness+1","floor":25},{"not_picked":["Terror+1","Toxin Wave","Escape Plan","hubris:Sniper"],"picked":"Deadly Poison","floor":27},{"not_picked":["Tactician+1","StuffTheSpire:ClusterCrunch+1","Toxin Wave","Accuracy","Flechettes"],"picked":"SKIP","floor":28},{"not_picked":["hubris:TrickCloak","Blur","Sucker Punch+1","Underhanded Strike"],"picked":"Deadly Poison","floor":30},{"not_picked":["Underhanded Strike","Well Laid Plans","InfectiousVector+1","Setup"],"picked":"Night Terror","floor":31},{"not_picked":["MostiFishMod:Listen","Envenom","Atom Bomb","MostiFishMod:AdrenalineArouse"],"picked":"ReplayTheSpireMod:From All Sides","floor":33},{"not_picked":["StuffTheSpire:ClusterCrunch+1","ReplayTheSpireMod:Exploit Weakness","Backflip+1","Sucker Punch","StuffTheSpire:Shiver"],"picked":"SKIP","floor":35},{"not_picked":["Acrobatics","Underhanded Strike+1","Blade Dance","StuffTheSpire:BumpUp+1","Deadly Poison+1"],"picked":"SKIP","floor":36},{"not_picked":["StuffTheSpire:Injection+1","Dagger Spray+1","Dodge and Roll+1","Deflect+1","Sucker Punch+1"],"picked":"SKIP","floor":38},{"not_picked":["Caltrops","hubris:Sniper","StuffTheSpire:Shiver","Heel Hook+1","MostiFishMod:PerfectParry+1"],"picked":"SKIP","floor":40},{"not_picked":["Caltrops","hubris:Sniper","StuffTheSpire:Shiver","Heel Hook+1","MostiFishMod:PerfectParry+1"],"picked":"SKIP","floor":40},{"not_picked":["Dodge and Roll","MostiFishMod:PerfectParry+1","Deflect+1","PiercingWail+1","Dagger Throw"],"picked":"SKIP","floor":41},{"not_picked":["Dagger Spray","Infinite Blades+1","Escape Plan+1","MostiFishMod:PreservedThorns+1"],"picked":"Crippling Poison+1","floor":47},{"not_picked":["Escape Plan","Acrobatics+1","ReplayTheSpireMod:Tripwire","Blade Dance+1","Bane"],"picked":"SKIP","floor":48}],"player_experience":1956040,"relics_obtained":[{"floor":1,"key":"SynthV:TestCard"},{"floor":6,"key":"Replay:Ringing Soul"},{"floor":9,"key":"conspire:DeflatedDodgeball"},{"floor":10,"key":"reliquary:Stiletto"},{"floor":24,"key":"reliquary:RoseTintedGlasses"},{"floor":26,"key":"Golden Egg"},{"floor":27,"key":"StuffTheSpire:Experiment12"},{"floor":40,"key":"Replay:Bottled Flurry"},{"floor":43,"key":"reliquary:Aerogel"},{"floor":47,"key":"Bottled Tornado"}],"event_choices":[{"cards_removed":["Strike_G"],"damage_healed":0,"gold_gain":0,"player_choice":"Card Removal","damage_taken":0,"max_hp_gain":0,"max_hp_loss":0,"event_name":"Wheel of Change","floor":2,"gold_loss":0},{"damage_healed":0,"gold_gain":0,"player_choice":"3 cards matched","damage_taken":0,"max_hp_gain":0,"max_hp_loss":0,"event_name":"Match and Keep!","floor":19,"gold_loss":0,"cards_obtained":["Neutralize","Pain","Enlightenment"]},{"damage_healed":0,"gold_gain":0,"player_choice":"Bought 0 Potions","damage_taken":0,"max_hp_gain":0,"max_hp_loss":0,"event_name":"The Woman in Blue","floor":21,"gold_loss":0},{"damage_healed":0,"gold_gain":0,"player_choice":"Leave","damage_taken":0,"max_hp_gain":0,"max_hp_loss":0,"event_name":"conspire:Investor","floor":37,"gold_loss":0},{"damage_healed":0,"gold_gain":0,"player_choice":"Gave Potion","damage_taken":0,"relics_obtained":["hubris:Potato"],"max_hp_gain":0,"max_hp_loss":0,"event_name":"WeMeetAgain","floor":39,"gold_loss":0},{"damage_healed":0,"gold_gain":0,"player_choice":"Ignored","damage_taken":0,"max_hp_gain":0,"max_hp_loss":0,"event_name":"Tomb of Lord Red Mask","floor":44,"gold_loss":0},{"damage_healed":0,"gold_gain":0,"player_choice":"Upgraded Two","damage_taken":0,"max_hp_gain":0,"max_hp_loss":0,"event_name":"Designer","floor":45,"gold_loss":40,"cards_upgraded":["Poisoned Stab","Defend_G"]}],"is_beta":false,"boss_relics":[{"not_picked":["hubris:ScarierMask","conspire:SeveredTorchhead"],"picked":"Astrolabe"},{"not_picked":["reliquary:WritOfMandamus","Honey Jar"],"picked":"Sandwich"}],"items_purged_floors":[8,29],"is_endless":false,"potions_floor_spawned":[1,3,4,5,6,9,10,11,13,16,18,20,22,24,25,27,28,30,31,33,35,36,38,40,41,47,48],"ascension_level":0}}