{"host":"23qk1co0p3p8qz56","time":1613883939,"event":{"mods":["100% Spire Juice","AchievementEnabler","Act Like it!","Arknights","BaseMod","Better Note","Better Third Choice","BetterRewards","CapriCore","Chen","Colored Map","DNKmod","Downfall","Friendly Minions","Gensokyo","Gold Saver","Halation","HololiveMod","KinomotoSakuraMod(木之本?)","Koishi","KomeijiMod","Lobotomy","LobotomyExtend","Mari Mod (Legacy)","Mari\u0027s V1 Patch","Marisa（霧雨　魔理沙）","Minty Spire (QoL Compilation)","MostiFishMod","Prisma Mod","Railgun Mod","Reimu（博??梦）","Remilia（蕾米莉?）","RumiaBox-露米?的神秘盒子","StSLib","The Administrix","The Alterego","The Animator","The Immortal","The Senshi","Waifu the Spire","WarShipGirlsR/??少女R mod","Yakumo Yukari mod","Yohane!","Yuyuko"],"gold_per_floor":[10018,10018,9481,9501,9514,9546,9566,9566,9590,9590,9602,9602,9612,9625,9625,9730,9730,9730,9700,9082,9102,9121,9151,9151,9151,9151,8530,8541,8541,8541,8393,8393,8489,8489,8506,8520,7723,7733,7751,7784,7784,7813,7813,7813,7554,7573,7598,7598,7598,7598,7598,7598,7443,7473,7473],"floor_reached":56,"language":"ENG","playtime":2929,"items_purged":[],"score":1450,"play_id":"cf46ef5c-0f6b-4065-879e-7dc239c06324","local_time":"20210220220539","is_ascension_mode":false,"campfire_choices":[{"data":"MostiFishMod:StarOceanP","floor":8,"key":"SMITH"},{"data":"MostiFishMod:FlowState","floor":10,"key":"SMITH"},{"floor":15,"key":"RECALL"},{"data":"LessonLearned","floor":24,"key":"SMITH"},{"data":"ClearTheMind","floor":30,"key":"SMITH"},{"data":"Vigilance","floor":32,"key":"SMITH"},{"data":"MostiFishMod:KamiSmash","floor":41,"key":"SMITH"},{"data":"MostiFishMod:StarWish","floor":41,"key":"SMITH"},{"data":"Brilliance","floor":44,"key":"SMITH"},{"data":"Crescendo","floor":44,"key":"SMITH"},{"data":"CutThroughFate","floor":49,"key":"SMITH"},{"data":"ThirdEye","floor":49,"key":"SMITH"},{"data":"Defend_P","floor":52,"key":"SMITH"},{"data":"Defend_P","floor":52,"key":"SMITH"}],"circlet_count":0,"master_deck":["Strike_P","Strike_P+1","Strike_P+1","Strike_P","Defend_P+1","Defend_P+1","Defend_P+1","Defend_P","Eruption+1","Vigilance+1","Nirvana+1","Adaptation+1","Perseverance+1","MostiFishMod:Nomercy+1","MostiFishMod:FlowState+1","MostiFishMod:StarOceanP+1","ThirdEye+1","CutThroughFate+1","LikeWater+1","MostiFishMod:Speedup+1","MasterReality+1","MostiFishMod:Speedup+1","Tantrum+1","Pray+1","LessonLearned+1","Study+1","ClearTheMind+1","MostiFishMod:Pointsdynamics+1","MostiFishMod:PathToVictory+1","MostiFishMod:StarWish+1","MostiFishMod:ScryFuture+1","MostiFishMod:KamiSmash+1","Crescendo+1","SandsOfTime+1","Brilliance+1","MostiFishMod:LegendTransform+1","MostiFishMod:LegendTransform+1","MostiFishMod:Unraveling"],"relics":["PureWater","Darkstone Periapt","Frozen Egg 2","HornCleat","DaveBox","DianPoetry","SynthV:TestCard","LetterFromLob","halation:TwoAmDonut","Frozen Eye","GodSword3","Lantern","VioletLotus","Unceasing Top","Ancient Tea Set","Bottled Lightning","CrazyTorch:ReiMu","Vajra","MostiFishMod:AdaptiveDefenses","SSSystem","SacredBark","MoreBug","SynthV:C4","SynthV","halation:PenCase","GodSword4","Bottled Tornado","Question Card","Regal Pillow","ClockworkSouvenir","Anchor"],"acts_visited":["Exordium","TheCity","TheBeyond","TheEnding"],"potions_floor_usage":[1,1,1,11,11,23,23,42,50,50,50],"damage_taken":[{"damage":0,"enemies":"Jaw Worm","floor":1,"turns":1},{"damage":0,"enemies":"2 Louse","floor":4,"turns":2},{"damage":0,"enemies":"Small Slimes","floor":5,"turns":3},{"damage":0,"enemies":"Lagavulin","floor":6,"turns":4},{"damage":0,"enemies":"Exordium Wildlife","floor":7,"turns":2},{"damage":0,"enemies":"Red Slaver","floor":11,"turns":1},{"damage":14,"enemies":"Blue Slaver","floor":13,"turns":2},{"damage":12,"enemies":"Lots of Slimes","floor":14,"turns":2},{"damage":22,"enemies":"The Guardian","floor":16,"turns":6},{"damage":0,"enemies":"Spheric Guardian","floor":21,"turns":3},{"damage":7,"enemies":"2 Thieves","floor":22,"turns":3},{"damage":55,"enemies":"Slavers","floor":23,"turns":5},{"damage":16,"enemies":"Shelled Parasite and Fungi","floor":28,"turns":3},{"damage":7,"enemies":"Champ","floor":33,"turns":5},{"damage":0,"enemies":"3 Darklings","floor":35,"turns":3},{"damage":15,"enemies":"Orb Walker","floor":36,"turns":3},{"damage":0,"enemies":"Maw","floor":38,"turns":3},{"damage":0,"enemies":"Writhing Mass","floor":39,"turns":1},{"damage":0,"enemies":"Nemesis","floor":40,"turns":1},{"damage":0,"enemies":"Giant Head","floor":42,"turns":1},{"damage":0,"enemies":"Spire Growth","floor":46,"turns":2},{"damage":17,"enemies":"Time Eater","floor":50,"turns":4},{"damage":1,"enemies":"Shield and Spear","floor":54,"turns":3},{"damage":45,"enemies":"The Heart","floor":55,"turns":4}],"seed_played":"-7221586758195787416","potions_obtained":[{"floor":0,"key":"SneckoOil"},{"floor":0,"key":"Dexterity Potion"},{"floor":0,"key":"Strength Potion"},{"floor":1,"key":"bronze:BurnAndBuffPotion"},{"floor":4,"key":"FearPotion"},{"floor":6,"key":"ZuzhouPotion:ReiMu"},{"floor":13,"key":"SpeedPotion"},{"floor":16,"key":"sneckomod:MuddlingPotion"},{"floor":19,"key":"ColorlessPotion"},{"floor":19,"key":"AttackPotion"},{"floor":28,"key":"BottledMiracle"},{"floor":33,"key":"CalmPotion"},{"floor":35,"key":"GrandPatriotsElixir:ReiMu"},{"floor":38,"key":"hexamod:SoulburnPotion"},{"floor":42,"key":"hexamod:SoulburnPotion"},{"floor":54,"key":"BottledMiracle"}],"is_trial":false,"path_per_floor":["M","?","$","M","M","E","M","R","T","R","M","?","M","M","R","B",null,"M","?","$","M","M","E","R","?","T","$","M","?","R","$","R","B",null,"M","M","$","M","M","E","R","E","T","R","$","M","T","?","R","B",null,"R","$","E","B",null],"character_chosen":"WATCHER","items_purchased":["Adaptation+1","Perseverance","halation:TwoAmDonut","Frozen Eye","MostiFishMod:Speedup+1","Tantrum","Unceasing Top","Ancient Tea Set","Study+1","CrazyTorch:ReiMu","Vajra","MostiFishMod:AdaptiveDefenses","SSSystem","MostiFishMod:ScryFuture+1","MostiFishMod:KamiSmash","MoreBug","SynthV:C4","SynthV","Question Card","ClockworkSouvenir"],"campfire_rested":0,"item_purchase_floors":[3,3,3,3,20,20,20,20,27,27,27,27,31,37,37,37,37,37,45,53],"current_hp_per_floor":[500,400,400,400,400,400,400,400,400,400,400,400,386,374,374,352,500,500,500,500,500,493,438,438,432,432,432,416,416,416,416,416,409,500,500,485,485,485,485,485,485,485,485,485,485,485,485,485,485,488,500,500,500,500,460],"gold":7473,"neow_bonus":"THREE_SMALL_POTIONS","is_daily":false,"chose_seed":false,"campfire_upgraded":13,"win_rate":0.0,"timestamp":1613883939,"path_taken":["M","?","$","M","M","E","M","R","T","R","M","?","M","M","R","BOSS","M","?","$","M","M","E","R","?","T","$","M","?","R","$","R","BOSS","M","M","$","M","M","E","R","E","T","R","$","M","?","?","R","BOSS","R","$","E","BOSS"],"items_purchased_type":["Card","Card","Relic","Relic","Card","Card","Relic","Relic","Card","Relic","Relic","Relic","Relic","Card","Card","Relic","Relic","Relic","Relic","Relic"],"build_version":"2020-12-22","purchased_purges":0,"victory":true,"max_hp_per_floor":[500,500,500,500,500,500,500,500,500,500,500,500,500,500,500,500,500,500,500,500,500,500,500,500,500,500,500,500,500,500,500,500,500,500,500,500,500,500,500,500,500,500,500,500,500,500,500,500,500,500,500,500,500,500,500],"card_choices":[{"not_picked":["CutThroughFate","Swivel"],"picked":"Nirvana+1","floor":1},{"not_picked":["CutThroughFate","EmptyFist","Worship","Protect"],"picked":"MostiFishMod:Nomercy+1","floor":4},{"not_picked":["Consecrate","EmptyFist","CrushJoints","Evaluate"],"picked":"MostiFishMod:FlowState","floor":5},{"not_picked":["PathToVictory","Worship","Halt","Vengeance"],"picked":"MostiFishMod:StarOceanP","floor":6},{"not_picked":["PathToVictory","BowlingBash","FlyingSleeves","Collect"],"picked":"ThirdEye","floor":7},{"not_picked":["Conclude","FlyingSleeves","Evaluate","JustLucky"],"picked":"CutThroughFate","floor":11},{"not_picked":["Meditate","InnerPeace","SignatureMove","ConjureBlade"],"picked":"LikeWater+1","floor":13},{"not_picked":["Halt","CutThroughFate","Evaluate","WheelKick"],"picked":"MostiFishMod:Speedup+1","floor":14},{"not_picked":["MostiFishMod:StarLaLaLa","Scrawl","MostiFishMod:Moonprays","Ragnarok"],"picked":"MasterReality+1","floor":16},{"not_picked":["Swivel","FlurryOfBlows","CutThroughFate","JustLucky+1"],"picked":"Pray+1","floor":21},{"not_picked":["WaveOfTheHand","Halt+1","ThirdEye+1","MostiFishMod:Speedup+1","Indignation"],"picked":"SKIP","floor":22},{"not_picked":["BowlingBash","ThirdEye","Perseverance+1","MostiFishMod:Speedup+1"],"picked":"LessonLearned","floor":23},{"not_picked":["LikeWater+1","EmptyBody+1","Evaluate+1","Protect"],"picked":"ClearTheMind","floor":28},{"not_picked":["Judgement","MostiFishMod:KamiSmash","Omniscience","MostiFishMod:StarWish"],"picked":"MostiFishMod:Pointsdynamics+1","floor":33},{"not_picked":["Tantrum+1","JustLucky","Crescendo","CutThroughFate+1"],"picked":"MostiFishMod:PathToVictory+1","floor":35},{"not_picked":["CrushJoints","SandsOfTime","WaveOfTheHand+1","Protect+1"],"picked":"MostiFishMod:StarWish","floor":36},{"not_picked":["FollowUp","DeceiveReality","MostiFishMod:FlowState","ThirdEye"],"picked":"Crescendo","floor":38},{"not_picked":["Evaluate","ClearTheMind+1","Crescendo","FollowUp+1"],"picked":"SandsOfTime+1","floor":39},{"not_picked":["Sanctity+1","Evaluate","EmptyBody","SashWhip+1"],"picked":"Brilliance","floor":40},{"not_picked":["Protect+1","SandsOfTime+1","Adaptation+1","EmptyMind+1","FlyingSleeves"],"picked":"SKIP","floor":42},{"not_picked":["EmptyBody+1","EmptyFist","JustLucky+1","FlurryOfBlows","Evaluate"],"picked":"MostiFishMod:LegendTransform+1","floor":46},{"not_picked":["Evaluate","CutThroughFate","Worship+1","JustLucky+1","Sanctity+1"],"picked":"MostiFishMod:Unraveling","floor":54}],"player_experience":226224,"relics_obtained":[{"floor":1,"key":"SynthV:TestCard"},{"floor":1,"key":"LetterFromLob"},{"floor":6,"key":"GodSword3"},{"floor":9,"key":"Lantern"},{"floor":23,"key":"Bottled Lightning"},{"floor":40,"key":"halation:PenCase"},{"floor":42,"key":"GodSword4"},{"floor":43,"key":"Bottled Tornado"},{"floor":47,"key":"Regal Pillow"},{"floor":54,"key":"Anchor"}],"event_choices":[{"damage_healed":500,"gold_gain":0,"player_choice":"Upgrade","damage_taken":100,"max_hp_gain":0,"max_hp_loss":500,"event_name":"betterThird:BetterShining","floor":2,"gold_loss":0,"cards_upgraded":["Strike_P","Strike_P"]},{"damage_healed":0,"gold_gain":0,"player_choice":"Ignored","damage_taken":0,"max_hp_gain":0,"max_hp_loss":0,"event_name":"Golden Wing","floor":12,"gold_loss":0},{"damage_healed":0,"gold_gain":0,"player_choice":"Bought 2 Potions","damage_taken":0,"max_hp_gain":0,"max_hp_loss":0,"event_name":"The Woman in Blue","floor":19,"gold_loss":0},{"damage_healed":0,"gold_gain":0,"player_choice":"","damage_taken":6,"max_hp_gain":0,"max_hp_loss":0,"event_name":"Knowing Skull","floor":25,"potions_obtained":[],"gold_loss":0,"cards_obtained":[]},{"damage_healed":0,"gold_gain":0,"player_choice":"Ignored","damage_taken":0,"max_hp_gain":0,"max_hp_loss":0,"event_name":"betterNote:BetterNote","floor":29,"gold_loss":0,"cards_obtained":["animator:Wiz"]},{"damage_healed":0,"gold_gain":0,"player_choice":"1 cards matched","damage_taken":0,"max_hp_gain":0,"max_hp_loss":0,"event_name":"Match and Keep!","floor":48,"gold_loss":0,"cards_obtained":["MostiFishMod:LegendTransform"]}],"is_beta":false,"boss_relics":[{"not_picked":["Empty Cage","GuanYuAspect"],"picked":"VioletLotus"},{"not_picked":["Hololive_ChaosS","halation:MonkeysPaw"],"picked":"SacredBark"}],"items_purged_floors":[],"is_endless":false,"potions_floor_spawned":[1,4,6,13,16,28,33,35,38,39,42,54],"ascension_level":0}}