{"host":"skr63qsdfgeey3it","time":1613870685,"event":{"mods":["BaseMod","Colored Map","Hubris","Minty Spire (QoL Compilation)","Monster B Gone","Reliquary","Replay The Spire","Spicy Shops","StSLib"],"gold_per_floor":[116,116,132,145,158,158,185,185,209,572,633,633,633,649,649,720,820,834,707,757,769,769,794,794,794,794],"floor_reached":25,"language":"ENG","playtime":1179,"items_purged":[],"score":383,"play_id":"cdcbe9a6-3532-4979-9b81-79d3f4adb131","local_time":"20210220192445","is_ascension_mode":true,"campfire_choices":[{"data":"Echo Form","floor":6,"key":"SMITH"},{"data":"Crystallizer","floor":8,"key":"SMITH"},{"floor":15,"key":"REST"},{"data":"Enlightenment","floor":24,"key":"SMITH"}],"circlet_count":0,"master_deck":["AscendersBane","Strike_B","Strike_B","Strike_B","Strike_B","Defend_B+1","Defend_B+1","Defend_B+1","Defend_B+1","Zap","Dualcast","CurseOfTheBell","Beam Cell","Undo","Echo Form+1","Go for the Eyes","Crystallizer+1","Machine Learning","Doom and Gloom","Steam","Conserve Battery","Panic Button","hubris:SpecializedCircuitry","Cold Snap","Apotheosis","Deep Breath","Enlightenment+1","Ball Lightning","Stack"],"relics":["Calling Bell","hubris:SlimyHat","Iron Hammer","Lizard Tail","hubris:Reverence","Blood Vial","hubris:ToyBattleship","Old Coin","Bottled Flame","Blue Candle","Replay:Grab Bag","reliquary:RedPaperclip","Replay:Wanted Poster","Ring of Chaos","ReplayTheSpireMod:ShopPack","Replay:Bottled Eggs"],"acts_visited":["Exordium","TheCity"],"potions_floor_usage":[7,16,21,21,23,23],"damage_taken":[{"damage":1,"enemies":"2 Louse","floor":1,"turns":3},{"damage":0,"enemies":"Cultist","floor":3,"turns":4},{"damage":1,"enemies":"Small Slimes","floor":4,"turns":3},{"damage":0,"enemies":"2 Fungi Beasts","floor":5,"turns":3},{"damage":2,"enemies":"Lagavulin","floor":7,"turns":7},{"damage":30,"enemies":"Lagavulin Event","floor":10,"turns":8},{"damage":0,"enemies":"Large Slime","floor":14,"turns":6},{"damage":18,"enemies":"Slime Boss","floor":16,"turns":9},{"damage":17,"enemies":"3 Byrds","floor":18,"turns":8},{"damage":10,"enemies":"Shell Parasite","floor":21,"turns":3},{"damage":44,"enemies":"Book of Stabbing","floor":23,"turns":7},{"damage":40,"enemies":"Slavers","floor":25,"turns":7}],"seed_played":"-5893824968632810774","potions_obtained":[{"floor":1,"key":"Milkshake"},{"floor":3,"key":"Weak Potion"},{"floor":5,"key":"Toxic Potion"},{"floor":16,"key":"ColorlessPotion"},{"floor":18,"key":"LiquidMemories"}],"is_trial":false,"path_per_floor":["M","?","M","M","M","R","E","R","T","?","?","?","T","M","R","B",null,"M","$","?","M","?","E","R","E"],"character_chosen":"DEFECT","items_purchased":["ReplayTheSpireMod:ShopPack"],"campfire_rested":1,"item_purchase_floors":[19],"current_hp_per_floor":[63,63,63,62,62,62,60,60,60,32,32,25,25,27,48,32,61,46,46,46,38,38,35,35,0,0],"gold":794,"neow_bonus":"BOSS_RELIC","is_daily":false,"chose_seed":false,"campfire_upgraded":3,"win_rate":0.0,"timestamp":1613870685,"path_taken":["M","?","?","M","M","R","E","R","T","?","?","?","?","?","R","BOSS","M","$","?","M","?","E","R","E"],"items_purchased_type":["Relic"],"build_version":"2020-12-22","purchased_purges":0,"victory":false,"max_hp_per_floor":[71,71,71,71,71,71,71,71,71,71,71,71,71,71,71,71,71,71,71,71,71,71,71,71,71,71],"card_choices":[{"not_picked":["Streamline","BasicCrystalCard"],"picked":"Beam Cell","floor":1},{"not_picked":["Beam Cell","Leap"],"picked":"Undo","floor":3},{"not_picked":["Cold Snap","Barrage"],"picked":"Echo Form","floor":4},{"not_picked":["Redo","Stack"],"picked":"Go for the Eyes","floor":5},{"not_picked":["Compile Driver","Turbo"],"picked":"Crystallizer","floor":7},{"not_picked":["Leap","Cold Snap"],"picked":"Machine Learning","floor":10},{"not_picked":["Recycle","Redo"],"picked":"Doom and Gloom","floor":11},{"not_picked":["Redo","Undo"],"picked":"Steam","floor":11},{"not_picked":["Sweeping Beam","Coolheaded"],"picked":"Conserve Battery","floor":11},{"not_picked":["Steam","ReplayTheSpireMod:Repulse"],"picked":"Panic Button","floor":14},{"not_picked":["hubris:DoWhile","Mirror Shield"],"picked":"hubris:SpecializedCircuitry","floor":16},{"not_picked":["Leap","Gash+1"],"picked":"Cold Snap","floor":18},{"not_picked":["ReplayTheSpireMod:Necrogeddon","Metamorphosis"],"picked":"Apotheosis","floor":19},{"not_picked":["Apotheosis","Replay:BasicMightCard"],"picked":"Deep Breath","floor":19},{"not_picked":["Finesse","hubris:Ssssneak"],"picked":"Enlightenment","floor":19},{"not_picked":["Turbo","FIFO Queue"],"picked":"Ball Lightning","floor":21},{"not_picked":["Melter","Coolheaded"],"picked":"Stack","floor":23}],"player_experience":987444,"relics_obtained":[{"floor":0,"key":"hubris:SlimyHat"},{"floor":0,"key":"Iron Hammer"},{"floor":0,"key":"Lizard Tail"},{"floor":7,"key":"Matryoshka"},{"floor":9,"key":"Blood Vial"},{"floor":9,"key":"hubris:ToyBattleship"},{"floor":10,"key":"Old Coin"},{"floor":11,"key":"Bottled Flame"},{"floor":11,"key":"Blue Candle"},{"floor":13,"key":"Kunai"},{"floor":23,"key":"Replay:Bottled Eggs"}],"event_choices":[{"damage_healed":0,"gold_gain":0,"player_choice":"Gave Potion","damage_taken":0,"relics_obtained":["hubris:Reverence"],"max_hp_gain":0,"max_hp_loss":0,"event_name":"WeMeetAgain","floor":2,"gold_loss":0},{"damage_healed":0,"gold_gain":0,"player_choice":"Searched \u00271\u0027 times","damage_taken":0,"max_hp_gain":0,"max_hp_loss":0,"event_name":"Dead Adventurer","floor":10,"gold_loss":0},{"cards_removed":["Pain"],"damage_healed":0,"gold_gain":0,"player_choice":"Card Removal","damage_taken":7,"max_hp_gain":0,"max_hp_loss":0,"event_name":"Golden Wing","floor":12,"gold_loss":0},{"damage_healed":0,"gold_gain":50,"player_choice":"Stole From Cult","damage_taken":0,"max_hp_gain":0,"max_hp_loss":0,"event_name":"Nest","floor":20,"gold_loss":0}],"is_beta":false,"boss_relics":[{"not_picked":["Ectoplasm","hubris:CrackedHourglass"],"picked":"Replay:Grab Bag"},{"not_picked":["reliquary:Ember","Sozu"],"picked":"reliquary:RedPaperclip"},{"not_picked":["Velvet Choker","reliquary:KinkedSpring"],"picked":"Replay:Wanted Poster"},{"not_picked":["Astrolabe","Inserter"],"picked":"Ring of Chaos"}],"items_purged_floors":[],"is_endless":false,"potions_floor_spawned":[1,3,5,16,18],"killed_by":"Slavers","ascension_level":15}}