{"host":"dxw0slwvk2p0izr3","time":1613882001,"event":{"mods":["BaseMod","Downfall","Minty Spire (QoL Compilation)","Replay The Spire","Shop Mod","StSLib"],"gold_per_floor":[99,99,99,549,549,549,603,603,148,148,248,268,285,317,337,337,337,337],"floor_reached":16,"language":"ZHS","playtime":668,"items_purged":["downfall:Icky"],"score":106,"play_id":"b03474db-b7e6-41e9-bb6d-a58c7ad7fd71","local_time":"20210221123321","is_ascension_mode":true,"campfire_choices":[{"data":"bronze:Defend","floor":1.0,"key":"PURGE"},{"data":"bronze:Goto","floor":6.0,"key":"SMITH"},{"data":"bronze:RecursiveStrike","floor":10.0,"key":"SMITH"}],"circlet_count":0,"master_deck":["bronze:Strike","bronze:Strike","bronze:Strike","bronze:Defend","bronze:Defend","bronze:Replicate","bronze:Goto+1","downfall:Icky","bronze:RecursiveStrike+1","bronze:Boost+1","bronze:Invalidate","bronze:AlphaBuild"],"relics":["bronze:BronzeCore","downfall:HeartsMalice","Pet Ghost","Juzu Bracelet","Potion Belt"],"acts_visited":["Exordium"],"potions_floor_usage":[16],"damage_taken":[{"damage":0.0,"enemies":"Jaw Worm","floor":2.0,"turns":1.0},{"damage":0.0,"enemies":"2 Louse","floor":5.0,"turns":1.0},{"damage":0.0,"enemies":"downfall:FleeingMerchant","floor":9.0,"turns":1.0},{"damage":28.0,"enemies":"downfall:Heads","floor":11.0,"turns":5.0},{"damage":0.0,"enemies":"Small Slimes","floor":12.0,"turns":2.0},{"damage":11.0,"enemies":"Exordium Thugs","floor":13.0,"turns":3.0},{"damage":9.0,"enemies":"3 Sentries","floor":14.0,"turns":6.0},{"damage":8.0,"enemies":"Blue Slaver","floor":15.0,"turns":2.0},{"damage":44,"enemies":"IC_STATUS_ARCHETYPE","floor":16,"turns":4}],"seed_played":"-8697094114742105708","potions_obtained":[{"floor":11.0,"key":"champ:CounterPotion"},{"floor":12.0,"key":"LifebloodPotion"},{"floor":13.0,"key":"Regen Potion"},{"floor":14.0,"key":"Weak Potion"}],"is_trial":false,"path_per_floor":["R","M","?","?","M","R","T","?","$","R","?","M","M","E","M","B"],"character_chosen":"THE_AUTOMATON","items_purchased":["bronze:RecursiveStrike","Juzu Bracelet","bronze:Boost"],"campfire_rested":0,"item_purchase_floors":[9,9,9],"current_hp_per_floor":[70,70,70,70,70,70,70,70,70,70,42,42,31,37,29,0,0,0],"gold":337,"neow_bonus":"THREE_ENEMY_KILL","is_daily":false,"chose_seed":false,"campfire_upgraded":2,"win_rate":0.0,"timestamp":1613882001,"path_taken":["R","M","?","?","M","R","T","?","$","R","?","M","M","E","M","BOSS"],"items_purchased_type":["Card","Relic","Card"],"build_version":"2020-12-22","purchased_purges":1,"victory":false,"max_hp_per_floor":[70,70,70,70,70,70,70,70,70,70,70,70,70,70,70,70,70,70],"card_choices":[{"not_picked":["bronze:Turbo","bronze:DelayedGuard","bronze:Overload"],"picked":"SKIP","floor":2.0},{"not_picked":["bronze:Safeguard","bronze:Allocate","bronze:Optimize"],"picked":"SKIP","floor":5.0},{"not_picked":["bronze:Shell","bronze:BuggyMess","bronze:Safeguard"],"picked":"SKIP","floor":9.0},{"not_picked":["bronze:Frontload","bronze:Allocate","bronze:DigitalCarnage"],"picked":"SKIP","floor":12.0},{"not_picked":["bronze:DelayedSlice","bronze:BugBarrage","bronze:ForceShield"],"picked":"SKIP","floor":13.0},{"not_picked":["bronze:Overheat","bronze:Turbo"],"picked":"bronze:AlphaBuild","floor":14.0},{"not_picked":["bronze:BitShift","bronze:Separator","bronze:Frontload"],"picked":"SKIP","floor":15.0}],"player_experience":115368,"relics_obtained":[{"floor":7.0,"key":"Pet Ghost"},{"floor":14.0,"key":"Potion Belt"}],"event_choices":[],"is_beta":false,"boss_relics":[],"items_purged_floors":[9],"is_endless":false,"potions_floor_spawned":[11,12,13,14],"killed_by":"IC_STATUS_ARCHETYPE","ascension_level":2}}