{"host":"czzthkrvfe6r7fjf","time":1613927021,"event":{"mods":["ATMod(∞¢Ë™Mod)","Act Like it!","BaseMod","Downfall","Gensokyo","GungeonMod","Marisa£®ÏF”Í°°ƒß¿Ì…≥£©","Minty Spire (QoL Compilation)","Quick Restart","StSLib","The Servant 0.9.4","Waifu the Spire","°æπ¶ƒ‹Mod°øªÏ„Á÷Æª∑–ﬁ∏¥≤π∂°"],"gold_per_floor":[109,109,59,71,88,121,121,178,202,202,237,306,306,431,431],"floor_reached":14,"language":"ZHS","playtime":713,"items_purged":[],"score":148,"play_id":"cab4d025-38b9-44d6-915a-572dc2ce7de4","local_time":"20210222010341","is_ascension_mode":true,"campfire_choices":[{"data":"AT_KingSlayer","floor":7,"key":"SMITH"},{"data":"BlazeAway","floor":10,"key":"SMITH"}],"circlet_count":0,"master_deck":["AscendersBane","Strike_MRS","Strike_MRS","Strike_MRS","Strike_MRS","Defend_MRS","Defend_MRS","Defend_MRS","Defend_MRS","MasterSpark","UpSweep","AT_KingSlayer+1","Master of Strategy","GravityBeat","PowerUp","Parasite","Parasite","BlazeAway+1"],"relics":["MiniHakkero","AT_ATBox","Blood Vial","AT_MibuBalloonWealth","ShroomBag","DemoMod:PoisonVial","Gensokyo:PortableGap"],"acts_visited":["Gensokyo:Gensokyo"],"potions_floor_usage":[14],"damage_taken":[{"damage":3,"enemies":"Gensokyo:3_Fairies","floor":1,"turns":4},{"damage":5,"enemies":"Gensokyo:2_Kodama","floor":4,"turns":4},{"damage":9,"enemies":"Gensokyo:Gryphon","floor":5,"turns":4},{"damage":24,"enemies":"Gensokyo:Aya","floor":6,"turns":4},{"damage":15,"enemies":"Gensokyo:Mamizou","floor":8,"turns":7},{"damage":0,"enemies":"Gensokyo:VengefulSpirit","floor":11,"turns":2},{"damage":1,"enemies":"Gensokyo:2_Rabbits","floor":12,"turns":3},{"damage":8,"enemies":"Gensokyo:Cirno","floor":14,"turns":5}],"seed_played":"-1128659736641195677","potions_obtained":[{"floor":4,"key":"DemoMod:LeadSkinPotion"},{"floor":5,"key":"PowerPotion"},{"floor":8,"key":"DemoMod:BlankPotion"}],"is_trial":false,"path_per_floor":["M","?","COS","M","M","E","R","E","T","R","M","M","?","E"],"character_chosen":"MARISA","items_purchased":[],"campfire_rested":0,"item_purchase_floors":[],"current_hp_per_floor":[65,65,65,60,51,27,27,14,14,14,18,23,23,21,21],"gold":431,"neow_bonus":"RANDOM_COLORLESS_2","is_daily":false,"chose_seed":false,"campfire_upgraded":2,"win_rate":0.0,"timestamp":1613927021,"path_taken":["M","?","COS","M","M","E","R","E","T","R","?","M","?","E"],"items_purchased_type":[],"build_version":"2020-12-22","purchased_purges":0,"victory":false,"max_hp_per_floor":[68,68,68,68,68,68,68,68,68,68,68,68,62,62,62],"card_choices":[{"not_picked":["Violence","Magnetism"],"picked":"Master of Strategy","floor":0.0},{"not_picked":["PowerUp","Singularity"],"picked":"GravityBeat","floor":1},{"not_picked":["DoubleSpark","GravityBeat"],"picked":"PowerUp","floor":2},{"not_picked":["DoubleSpark","StarlightTyphoon","BinaryStars"],"picked":"SKIP","floor":4},{"not_picked":["RefractionSpark","6A","PowerUp"],"picked":"SKIP","floor":5},{"not_picked":["EventHorizon","IllusionStar","WitchLeyline"],"picked":"SKIP","floor":6},{"not_picked":["DC","ShootingEcho"],"picked":"BlazeAway","floor":8},{"not_picked":["PowerUp","SporeBomb","ShootTheMoon"],"picked":"SKIP","floor":11},{"not_picked":["WitchOfGreed","GalacticHalo","GrandCross"],"picked":"SKIP","floor":12}],"player_experience":148581,"relics_obtained":[{"floor":6,"key":"AT_MibuBalloonWealth"},{"floor":8,"key":"ShroomBag"},{"floor":9,"key":"DemoMod:PoisonVial"}],"event_choices":[],"is_beta":false,"boss_relics":[],"items_purged_floors":[],"is_endless":false,"potions_floor_spawned":[4,5,6,8],"killed_by":"Gensokyo:Cirno","ascension_level":12}}