{"host":"928gv66myv2vlnsd","time":1613923079,"event":{"mods":["BaseMod","Highlight Path","Minty Spire (QoL Compilation)","StSLib"],"gold_per_floor":[366,366,35,135,147,147,176,176,176,209,236,269,33,51,51,128,128,145,162,212,227,227,227,255,255,255,271,271,298,318,128,128,128,128],"floor_reached":33,"language":"ENG","playtime":2097,"items_purged":["Strike_R","Perfected Strike"],"score":586,"play_id":"8f85a5f9-b633-4a40-916e-b76631191be8","local_time":"20210221105759","is_ascension_mode":true,"campfire_choices":[{"floor":6,"key":"REST"},{"floor":8,"key":"REST"},{"data":"Armaments","floor":15,"key":"SMITH"},{"floor":23,"key":"REST"},{"data":"Spot Weakness","floor":25,"key":"SMITH"},{"data":"Bash","floor":28,"key":"SMITH"},{"floor":32,"key":"REST"}],"circlet_count":0,"master_deck":["AscendersBane","Strike_R","Strike_R","Strike_R+1","Strike_R","Defend_R","Defend_R","Defend_R","Defend_R+1","Bash+1","Shrug It Off","Armaments+1","Reaper","Clothesline","Pommel Strike","Shrug It Off","Reaper","Spot Weakness+1","Offering","Offering+1","Dark Shackles+1"],"relics":["Burning Blood","Mercury Hourglass","Omamori","Lantern","Juzu Bracelet","Odd Mushroom","DollysMirror","Velvet Choker","Toxic Egg 2","Pear"],"acts_visited":["Exordium","TheCity"],"potions_floor_usage":[12,24,30],"damage_taken":[{"damage":11,"enemies":"Cultist","floor":1,"turns":4},{"damage":0,"enemies":"Jaw Worm","floor":5,"turns":3},{"damage":38,"enemies":"Lagavulin","floor":7,"turns":7},{"damage":32,"enemies":"Gremlin Nob","floor":10,"turns":4},{"damage":6,"enemies":"The Mushroom Lair","floor":11,"turns":4},{"damage":1,"enemies":"Small Slimes","floor":12,"turns":2},{"damage":10,"enemies":"Gremlin Gang","floor":14,"turns":3},{"damage":30,"enemies":"The Guardian","floor":16,"turns":15},{"damage":13,"enemies":"Spheric Guardian","floor":18,"turns":4},{"damage":26,"enemies":"Shell Parasite","floor":19,"turns":7},{"damage":22,"enemies":"Snake Plant","floor":21,"turns":4},{"damage":39,"enemies":"Gremlin Leader","floor":24,"turns":7},{"damage":31,"enemies":"Shelled Parasite and Fungi","floor":27,"turns":8},{"damage":62,"enemies":"Book of Stabbing","floor":29,"turns":6},{"damage":14,"enemies":"Cultist and Chosen","floor":30,"turns":5},{"damage":85,"enemies":"Automaton","floor":33,"turns":8}],"seed_played":"-3709712122445970448","potions_obtained":[{"floor":10,"key":"Weak Potion"},{"floor":11,"key":"ColorlessPotion"},{"floor":18,"key":"AttackPotion"},{"floor":21,"key":"FairyPotion"},{"floor":27,"key":"FearPotion"}],"is_trial":false,"path_per_floor":["M","?","$","?","M","R","E","R","T","E","?","M","$","M","R","B",null,"M","M","?","M","?","R","E","R","T","M","R","E","M","$","R","B"],"character_chosen":"IRONCLAD","items_purchased":["Mercury Hourglass","Shrug It Off","DollysMirror","Dark Shackles+1"],"campfire_rested":4,"item_purchase_floors":[3,3,13,31],"current_hp_per_floor":[45,22,22,22,28,50,18,40,40,20,24,39,39,54,54,48,68,61,41,41,34,13,37,53,53,53,56,56,40,42,42,69,0,0],"gold":128,"neow_bonus":"TWO_FIFTY_GOLD","is_daily":false,"chose_seed":false,"campfire_upgraded":3,"win_rate":0.0,"timestamp":1613923079,"path_taken":["M","?","$","?","M","R","E","R","T","E","?","M","$","M","R","BOSS","M","M","?","M","?","R","E","R","T","M","R","E","M","$","R","BOSS"],"items_purchased_type":["Relic","Card","Relic","Card"],"build_version":"2020-12-22","purchased_purges":2,"victory":false,"max_hp_per_floor":[75,75,75,75,75,75,75,75,75,75,75,75,75,75,75,75,75,75,75,75,75,80,80,80,80,80,80,80,90,90,90,90,90,90],"card_choices":[{"not_picked":["Shrug It Off","Combust"],"picked":"Perfected Strike","floor":1},{"not_picked":["Iron Wave","Wild Strike"],"picked":"Armaments","floor":5},{"not_picked":["Limit Break","Second Wind"],"picked":"Reaper","floor":7},{"not_picked":["Infernal Blade","Barricade"],"picked":"Clothesline","floor":10},{"not_picked":["Shrug It Off","Infernal Blade"],"picked":"Pommel Strike","floor":11},{"not_picked":["Twin Strike","Clash"],"picked":"Shrug It Off","floor":12},{"not_picked":["Clothesline","Twin Strike"],"picked":"Spot Weakness","floor":14},{"not_picked":["Reaper","Exhume"],"picked":"Offering","floor":16},{"not_picked":["Anger","Blood for Blood","Second Wind"],"picked":"SKIP","floor":18},{"not_picked":["Thunderclap","Iron Wave","Fire Breathing"],"picked":"SKIP","floor":19},{"not_picked":["Heavy Blade","Thunderclap","Fire Breathing+1"],"picked":"SKIP","floor":21},{"not_picked":["Spot Weakness+1","Clothesline"],"picked":"Offering+1","floor":24},{"not_picked":["Wild Strike","Inflame","Iron Wave"],"picked":"SKIP","floor":27},{"not_picked":["Wild Strike","Reaper","Brutality"],"picked":"SKIP","floor":29},{"not_picked":["Warcry+1","Armaments+1","Thunderclap"],"picked":"SKIP","floor":30}],"player_experience":1473792,"relics_obtained":[{"floor":7,"key":"Omamori"},{"floor":9,"key":"Lantern"},{"floor":10,"key":"Juzu Bracelet"},{"floor":11,"key":"Odd Mushroom"},{"floor":24,"key":"Toxic Egg 2"},{"floor":29,"key":"Pear"}],"event_choices":[{"damage_healed":0,"gold_gain":0,"player_choice":"Entered Light","damage_taken":23,"max_hp_gain":0,"max_hp_loss":0,"event_name":"Shining Light","floor":2,"gold_loss":0,"cards_upgraded":["Strike_R","Defend_R"]},{"damage_healed":0,"gold_gain":100,"player_choice":"Gold","damage_taken":0,"max_hp_gain":0,"max_hp_loss":0,"event_name":"Wheel of Change","floor":4,"gold_loss":0},{"damage_healed":0,"gold_gain":0,"player_choice":"Fought Mushrooms","damage_taken":0,"max_hp_gain":0,"max_hp_loss":0,"event_name":"Mushrooms","floor":11,"gold_loss":0},{"damage_healed":0,"gold_gain":50,"player_choice":"Pray","damage_taken":0,"max_hp_gain":0,"max_hp_loss":0,"event_name":"Golden Shrine","floor":20,"gold_loss":0},{"damage_healed":0,"gold_gain":0,"player_choice":"Shed Blood","damage_taken":26,"max_hp_gain":5,"max_hp_loss":0,"event_name":"Forgotten Altar","floor":22,"gold_loss":0}],"is_beta":false,"boss_relics":[{"not_picked":["Philosopher\u0027s Stone","Busted Crown"],"picked":"Velvet Choker"}],"items_purged_floors":[13,31],"is_endless":false,"potions_floor_spawned":[10,11,18,21,27],"killed_by":"Automaton","ascension_level":20}}