{"host":"8d3fefv2347kqkpz","time":1613942116,"event":{"mods":["AchievementEnabler","BaseMod","Better Vampires","BetterRewards","Colored Map","Colored Powertips","Downfall","Emptier Cage","Highlight Path","Marked Mod","Minty Spire (QoL Compilation)","Permanent Neow","Quick Restart","Rare Cards Sparkle","Relic Stats","Say the Spire","Spicy Shops","StSLib","Waifu the Spire"],"gold_per_floor":[113,125,142,153,171,204,204,220,220,220,231,231,249,249,249,352,352,362,377,377,377],"floor_reached":20,"language":"ZHS","playtime":891,"items_purged":[],"score":180,"play_id":"404d174a-13af-4531-bce7-014bab8cf96c","local_time":"20210222051516","is_ascension_mode":false,"campfire_choices":[{"floor":12.0,"key":"REST"},{"floor":15,"key":"REST"}],"circlet_count":0,"master_deck":["Strike_B","Strike_B","Strike_B","Defend_B","Defend_B","Defend_B","Defend_B","Zap","Dualcast","Reinforced Body","Recycle+1","Consume","Defragment","BootSequence","Conserve Battery","Meteor Strike","Reprogram+1"],"relics":["Cracked Core","Pear","Frozen Egg 2","SlaversCollar"],"acts_visited":["Exordium","TheCity"],"potions_floor_usage":[16],"damage_taken":[{"damage":0.0,"enemies":"Jaw Worm","floor":1.0,"turns":3.0},{"damage":5.0,"enemies":"2 Louse","floor":2.0,"turns":3.0},{"damage":1.0,"enemies":"Cultist","floor":3.0,"turns":3.0},{"damage":5.0,"enemies":"Looter","floor":4.0,"turns":5.0},{"damage":7.0,"enemies":"3 Louse","floor":5.0,"turns":5.0},{"damage":55.0,"enemies":"3 Sentries","floor":6.0,"turns":11.0},{"damage":0.0,"enemies":"Large Slime","floor":8.0,"turns":6.0},{"damage":8.0,"enemies":"2 Fungi Beasts","floor":11.0,"turns":6.0},{"damage":12,"enemies":"Exordium Thugs","floor":13,"turns":5},{"damage":41,"enemies":"The Guardian","floor":16,"turns":16},{"damage":24,"enemies":"Chosen","floor":18,"turns":9},{"damage":12,"enemies":"Shell Parasite","floor":19,"turns":13},{"damage":61,"enemies":"Cultist and Chosen","floor":20,"turns":6}],"seed_played":"-6877752802722398927","potions_obtained":[{"floor":3.0,"key":"Strength Potion"},{"floor":5.0,"key":"SkillPotion"},{"floor":6.0,"key":"FocusPotion"},{"floor":8.0,"key":"BlessingOfTheForge"},{"floor":14,"key":"Dexterity Potion"},{"floor":16,"key":"Energy Potion"}],"is_trial":false,"path_per_floor":["M","M","M","M","M","E","?","M","T","?","M","R","M","?","R","B",null,"M","M","M"],"character_chosen":"DEFECT","items_purchased":[],"campfire_rested":2,"item_purchase_floors":[],"current_hp_per_floor":[75,70,69,64,57,12,12,12,12,12,4,29,17,17,42,1,85,61,49,0,0],"gold":377,"neow_bonus":"TRANSFORM_CARD","is_daily":false,"chose_seed":false,"campfire_upgraded":0,"win_rate":0.0,"timestamp":1613942116,"path_taken":["M","M","M","M","M","E","?","M","T","?","M","R","M","?","R","BOSS","M","M","M"],"items_purchased_type":[],"build_version":"2020-12-22","purchased_purges":0,"victory":false,"max_hp_per_floor":[75,75,75,75,75,85,85,85,85,85,85,85,85,85,85,85,85,85,85,85,85],"relic_stats":{"counters":[13,91],"obtain_stats":[{"SlaversCollar":17,"Pear":6,"Frozen Egg 2":9,"Cracked Core":0},{"SlaversCollar":10,"Pear":6,"Frozen Egg 2":7,"Cracked Core":0},{"SlaversCollar":63,"Pear":30,"Frozen Egg 2":36,"Cracked Core":0}]},"card_choices":[{"not_picked":["Streamline","Capacitor"],"picked":"Recycle","floor":1.0},{"not_picked":["Coolheaded","Turbo","Rebound"],"picked":"SKIP","floor":2.0},{"not_picked":["Redo","Reinforced Body"],"picked":"Consume","floor":3.0},{"not_picked":["Scrape","FTL","Barrage"],"picked":"SKIP","floor":4.0},{"not_picked":["Redo","Leap"],"picked":"Defragment","floor":5.0},{"not_picked":["Go for the Eyes","All For One"],"picked":"BootSequence","floor":6.0},{"not_picked":["Genetic Algorithm","Gash"],"picked":"Conserve Battery","floor":8.0},{"not_picked":["Gash","Barrage","Beam Cell"],"picked":"SKIP","floor":11.0},{"not_picked":["Beam Cell","Reinforced Body","Go for the Eyes"],"picked":"SKIP","floor":13},{"not_picked":["Hyperbeam","Rainbow"],"picked":"Meteor Strike","floor":16},{"not_picked":["Reinforced Body","Beam Cell"],"picked":"Reprogram+1","floor":18},{"not_picked":["Barrage","Go for the Eyes","Ball Lightning"],"picked":"SKIP","floor":19}],"player_experience":504445,"relics_obtained":[{"floor":6.0,"key":"Pear"},{"floor":9.0,"key":"Frozen Egg 2"}],"event_choices":[{"damage_healed":0.0,"max_hp_gain":0.0,"max_hp_loss":0.0,"gold_gain":0.0,"event_name":"Living Wall","player_choice":"Grow","floor":7.0,"gold_loss":0.0,"damage_taken":0.0,"cards_upgraded":["Recycle"]},{"damage_healed":0.0,"max_hp_gain":0.0,"max_hp_loss":0.0,"gold_gain":0.0,"event_name":"Golden Idol","player_choice":"Ignored","floor":10.0,"gold_loss":0.0,"damage_taken":0.0},{"damage_healed":0,"gold_gain":0,"player_choice":"Got Potions","damage_taken":0,"max_hp_gain":0,"max_hp_loss":0,"event_name":"Lab","floor":14,"gold_loss":0}],"is_beta":false,"boss_relics":[{"not_picked":["Coffee Dripper","Runic Dome"],"picked":"SlaversCollar"}],"items_purged_floors":[],"is_endless":false,"potions_floor_spawned":[3,5,6,8,11,16,18],"killed_by":"Cultist and Chosen","ascension_level":0}}