{"host":"g53g9qlo34vrqi92","time":1613874571,"event":{"mods":["Aspiration","Bard","BaseMod","Beaked The Cultist","BetterRewards","Colored Map","Conspire","Energized Spire","Fiend Mod","GifTheSpireLib","Googly Eyes","Gremlin Skip","Halation","Hermit","Hubris","Infinite Spire","Jedi Mod","Minty Spire (QoL Compilation)","Permanent Neow","Quick Restart","Relic Filter","Replay The Spire","Spikes Relics","StSLib","Stuff the Spire","Synergy Search","The Bladedancer","The Bug Knight","The Construct","The Cursed","The Forsaken","The Jungle","The Necromancer","The Spell Scribe","The Trickster","Trackpad","slay the spire mod where everything is the same but ironclad has a cowboy hat"],"gold_per_floor":[118,133,146,166,177,206,218,244,256,268,294,323,353,379,391,503,515,543,555,567,493,512,512,546,546,546,546,573,573,600,620,620,717,717,732,243,259,259,277,277,305,305,351,351,251,251,251,267,267,267,267,267,44,76,76],"floor_reached":56,"language":"ENG","playtime":3696,"items_purged":["Defend_W","Strike_W"],"score":1489,"play_id":"5f116b89-27af-4708-a29c-3cd2421f067e","local_time":"20210220182931","is_ascension_mode":false,"campfire_choices":[{"floor":7.0,"key":"REST"},{"data":"ReplayTheSpireMod:Brewmster","floor":15.0,"key":"SMITH"},{"data":"Summon_Death_Knight","floor":23,"key":"SMITH"},{"floor":25,"key":"RECALL"},{"data":"Requiem","floor":27,"key":"SMITH"},{"data":"Negative_Energy_Arrows","floor":32,"key":"SMITH"},{"data":"Summon_Undead","floor":40,"key":"SMITH"},{"data":"Summon_Undead","floor":42,"key":"SMITH"},{"data":"Toxic_Smoke_Screen","floor":49,"key":"SMITH"},{"data":"Toxic_Smoke_Screen","floor":52,"key":"SMITH"}],"circlet_count":0,"master_deck":["Strike_W","Strike_W","Strike_W","Defend_W","Defend_W","Defend_W","Negative_Energy_Arrows+1","Bone_Wall","BlessedFruit","BlessedFruit","Spectral_Armor","ReplayTheSpireMod:Brewmster+1","Toxic_Smoke_Screen+1","Summon_Undead+1","Siphon_Strength","Siphon_Strength","Summon_Death_Knight+1","Corrupt","Scare","Stop_Heart","Cloudkill","AbeCurse","Siphon_Strength","Plague_Bolt","Requiem+1","Blood_Curse+1","Hellfire","Toxic_Smoke_Screen+1","Summon_Undead+1","Toxic_Smoke_Screen+1","Bone_Prison","Summon_Death_Knight"],"relics":["Vampire_Amulet","jedi:crownofsimplicity","HeavenlyBonsai","Eternal Feather","Abe\u0027s Treasure","Nloth\u0027s Gift","Blood Vial","aspiration:Stabinomicon","HandDrill","jedi:cryingmask","hubris:Backtick","m_ByrdBlood","infinitespire:BottledMercury","HandDrill","hubris:Icosahedron","Blue Doll","trackpad:AdjectivePendant","MealTicket","hubris:Towel","Happy Flower","SpikesRelics:ToyHorsey"],"acts_visited":["Exordium","TheCity","TheBeyond","TheEnding"],"potions_floor_usage":[18,22,24,33,33,33,33,37,37,39,39,41,41,50,50,50,54,54,55,55,55,55,55,55],"damage_taken":[{"damage":0.0,"enemies":"Jaw Worm","floor":1.0,"turns":6.0},{"damage":0.0,"enemies":"Cultist","floor":2.0,"turns":3.0},{"damage":1.0,"enemies":"2 Louse","floor":3.0,"turns":4.0},{"damage":4.0,"enemies":"Large Slime","floor":4.0,"turns":8.0},{"damage":26.0,"enemies":"Exordium Wildlife","floor":5.0,"turns":10.0},{"damage":25.0,"enemies":"Gremlin Nob","floor":6.0,"turns":6.0},{"damage":10.0,"enemies":"Looter","floor":8.0,"turns":4.0},{"damage":1.0,"enemies":"Red Slaver","floor":11.0,"turns":5.0},{"damage":11.0,"enemies":"3 Louse","floor":12.0,"turns":3.0},{"damage":7.0,"enemies":"Large Slime","floor":13.0,"turns":8.0},{"damage":0.0,"enemies":"Red Slaver","floor":14.0,"turns":4.0},{"damage":13.0,"enemies":"Fading Forest","floor":16.0,"turns":11.0},{"damage":0,"enemies":"Shell Parasite","floor":18,"turns":4},{"damage":12,"enemies":"2 Thieves","floor":22,"turns":5},{"damage":10,"enemies":"Gremlin Leader","floor":24,"turns":6},{"damage":1,"enemies":"Book of Stabbing","floor":28,"turns":7},{"damage":47,"enemies":"Gremlin Leader","floor":30,"turns":8},{"damage":15,"enemies":"Snake Plant","floor":31,"turns":4},{"damage":71,"enemies":"Collector","floor":33,"turns":7},{"damage":3,"enemies":"3 Shapes","floor":35,"turns":5},{"damage":35,"enemies":"3 Darklings","floor":37,"turns":6},{"damage":58,"enemies":"Jaw Worm Horde","floor":39,"turns":5},{"damage":80,"enemies":"Reptomancer","floor":41,"turns":8},{"damage":23,"enemies":"Writhing Mass","floor":48,"turns":5},{"damage":55,"enemies":"Donu and Deca","floor":50,"turns":12},{"damage":33,"enemies":"Shield and Spear","floor":54,"turns":7},{"damage":95,"enemies":"The Heart","floor":55,"turns":9}],"seed_played":"3063671158183709163","potions_obtained":[{"floor":2.0,"key":"BlessingOfTheForge"},{"floor":11.0,"key":"Energy Potion"},{"floor":12.0,"key":"Languid Potion"},{"floor":28,"key":"Doom Potion"},{"floor":31,"key":"jedi:tentaclejuice"},{"floor":48,"key":"SkillPotion"}],"is_trial":false,"path_per_floor":["M","M","M","M","M","E","R","M","T","$","M","M","M","M","R","B",null,"M","?","?","$","M","R","E","R","T","R","E","AVR","E","M","R","B",null,"M","$","M","?","M","R","E","R","T","T","$","?","?","M","R","B",null,"R","$","E","B",null],"character_chosen":"NECROMANCER","items_purchased":["jedi:crownofsimplicity","HeavenlyBonsai","Spectral_Armor","ReplayTheSpireMod:Brewmster","Toxic_Smoke_Screen","Plague_Bolt","infinitespire:BottledMercury","HandDrill","Bone_Prison","Happy Flower"],"campfire_rested":1,"item_purchase_floors":[0,0,0,0,0,21,36,36,53,53],"current_hp_per_floor":[45,49,54,68,48,27,53,47,47,47,49,44,55,58,70,88,95,96,96,96,96,88,98,92,100,100,100,102,102,65,56,71,18,107,109,109,93,93,80,98,63,81,81,81,96,96,96,94,108,110,110,110,110,105,50],"gold":76,"neow_bonus":"","is_daily":false,"chose_seed":false,"campfire_upgraded":8,"win_rate":0.0,"timestamp":1613874571,"path_taken":["M","M","M","M","M","E","R","M","T","$","M","M","M","M","R","BOSS","M","?","?","$","M","R","E","R","T","R","E","AVR","E","?","R","BOSS","M","$","M","?","M","R","E","R","T","?","$","?","?","?","R","BOSS","R","$","E","BOSS"],"items_purchased_type":["Relic","Relic","Card","Card","Card","Card","Relic","Relic","Card","Relic"],"build_version":"2020-12-22","purchased_purges":2,"victory":true,"max_hp_per_floor":[77,79,81,83,85,87,87,89,89,89,90,90,92,93,93,95,95,96,96,96,96,98,98,100,100,100,100,102,102,104,106,106,107,107,109,109,111,111,111,111,113,113,113,113,113,113,107,108,108,110,110,110,110,112,113],"card_choices":[{"not_picked":["Blood_Curse","Blood_for_Blood"],"picked":"Summon_Undead","floor":1.0},{"not_picked":["Death_March_Dance","Shackles_Of_Pain","Vampiric_Strike"],"picked":"SKIP","floor":2.0},{"not_picked":["Negative_Energy_Sphere","Necromantic_Selection","Negative_Energy_Javelin"],"picked":"SKIP","floor":3.0},{"not_picked":["Life_Drain","Blood_Whip","Negative_Energy_Sphere"],"picked":"SKIP","floor":4.0},{"not_picked":["Bone_Prison","Blood_Whip"],"picked":"Siphon_Strength","floor":5.0},{"not_picked":["Death_Knell","Chill_Blood"],"picked":"Siphon_Strength","floor":6.0},{"not_picked":["Spectral_Armor","Blood_Curse"],"picked":"Summon_Death_Knight","floor":8.0},{"not_picked":["Death_March_Dance","Toxic_Smoke_Screen","Finger_Of_Death"],"picked":"SKIP","floor":11.0},{"not_picked":["Shackles_Of_Pain","Death_Coil"],"picked":"Corrupt","floor":12.0},{"not_picked":["Negative_Energy_Javelin","Bone_Shift"],"picked":"Scare","floor":13.0},{"not_picked":["Shackles_Of_Pain","Thousand_Bone_Knives"],"picked":"Stop_Heart","floor":14.0},{"not_picked":["Reap_The_Weak","Negative_Energy_Bomb"],"picked":"Cloudkill","floor":16.0},{"not_picked":["Death_March_Dance+1","Bones_to_Steel","Death_Coil+1"],"picked":"SKIP","floor":18},{"not_picked":["Negative_Energy_Sphere","Chill_Blood","Bone_Spikes+1"],"picked":"SKIP","floor":22},{"not_picked":["Plague_Bolt","Death_Coil"],"picked":"Requiem","floor":24},{"not_picked":["Detonate_Bones","Vampiric_Strike","Bone_Shift"],"picked":"SKIP","floor":28},{"not_picked":["Grasp_Heart","Deaths_Shadow","Shackles_Of_Pain"],"picked":"SKIP","floor":30},{"not_picked":["Bone_Bullets","Bones_to_Steel+1"],"picked":"Blood_Curse+1","floor":31},{"not_picked":["Negative_Energy_Bomb","Requiem"],"picked":"Hellfire","floor":33},{"not_picked":["Bone_Bullets+1","Strike_from_Beyond+1"],"picked":"Toxic_Smoke_Screen","floor":35},{"not_picked":["Chill_Blood","Bone_Shift"],"picked":"Summon_Undead","floor":37},{"not_picked":["Bone_Armor","Bone_Spikes+1"],"picked":"Toxic_Smoke_Screen+1","floor":39},{"not_picked":["Chill_Blood+1","Negative_Energy_Bomb","Finger_Of_Death"],"picked":"SKIP","floor":41},{"not_picked":["Finger_Of_Death+1","Summon_Lich","Bones_to_Steel+1"],"picked":"SKIP","floor":48},{"not_picked":["Slay_Living","Blood_Whip"],"picked":"Summon_Death_Knight","floor":54}],"player_experience":1228421,"relics_obtained":[{"floor":6.0,"key":"MawBank"},{"floor":9.0,"key":"Eternal Feather"},{"floor":24,"key":"Blood Vial"},{"floor":28,"key":"aspiration:Stabinomicon"},{"floor":30,"key":"jedi:cryingmask"},{"floor":41,"key":"Blue Doll"},{"floor":43,"key":"trackpad:AdjectivePendant"},{"floor":44,"key":"MealTicket"},{"floor":54,"key":"SpikesRelics:ToyHorsey"}],"event_choices":[{"damage_healed":0,"gold_gain":0,"player_choice":"Read","damage_taken":0,"max_hp_gain":0,"max_hp_loss":0,"event_name":"The Library","floor":19,"gold_loss":0,"cards_obtained":["Siphon_Strength"]},{"damage_healed":0,"gold_gain":0,"player_choice":"Traded Relic","damage_taken":0,"relics_obtained":["Nloth\u0027s Gift"],"max_hp_gain":0,"max_hp_loss":0,"event_name":"N\u0027loth","floor":20,"relics_lost":["MawBank"],"gold_loss":0},{"damage_healed":0,"gold_gain":0,"player_choice":"Max HP","damage_taken":0,"max_hp_gain":0,"max_hp_loss":6,"event_name":"Winding Halls","floor":47,"gold_loss":0}],"is_beta":false,"boss_relics":[{"not_picked":["Philosopher\u0027s Stone","ReplayTheSpireMod:SealedPack"],"picked":"Abe\u0027s Treasure"},{"not_picked":["Replay:Fungal Core","Fusion Hammer"],"picked":"hubris:Backtick"}],"items_purged_floors":[36,45],"is_endless":false,"potions_floor_spawned":[2,8,11,12,13,28,31,33,37,41,48,54],"ascension_level":0}}