{"host":"oigynbtg272c19pw","time":1613932607,"event":{"mods":["BaseMod","Colored Map","Minty Spire (QoL Compilation)","Relic Stats","Slay the Relics Exporter","StSLib"],"gold_per_floor":[111,131,131,146,157,191,211,211,211,211,224,224,242,267,267,345,345,356,180,200,200,217,244,244,274,346,346,346,346],"floor_reached":28,"playtime":1101,"items_purged":["Strike_R"],"score":590,"play_id":"83b3ef79-39b4-4503-9360-27b9e363ccde","local_time":"20210221193647","is_ascension_mode":true,"campfire_choices":[{"data":"Searing Blow","floor":8.0,"key":"SMITH"},{"data":"Searing Blow+1","floor":12.0,"key":"SMITH"},{"data":"Searing Blow+2","floor":15.0,"key":"SMITH"},{"data":"Searing Blow+3","floor":24.0,"key":"SMITH"},{"data":"Searing Blow+4","floor":27,"key":"SMITH"}],"circlet_count":0,"master_deck":["AscendersBane","Strike_R","Strike_R","Strike_R","Strike_R","Defend_R","Defend_R+1","Defend_R","Defend_R","Bash","Apotheosis+1","Searing Blow+5","Anger+1","Clash","Shrug It Off","True Grit","Dark Embrace","Battle Trance","Corruption+1","Flex+1","Power Through","Shrug It Off","True Grit","Disarm","Impervious"],"relics":["Burning Blood","Bronze Scales","Gremlin Horn","Frozen Egg 2","Coffee Dripper","Ancient Tea Set","Omamori","Matryoshka"],"acts_visited":["Exordium","TheCity"],"potions_floor_usage":[25],"damage_taken":[{"damage":6.0,"enemies":"Cultist","floor":1.0,"turns":3.0},{"damage":0.0,"enemies":"2 Louse","floor":2.0,"turns":2.0},{"damage":0.0,"enemies":"Small Slimes","floor":4.0,"turns":4.0},{"damage":8.0,"enemies":"Blue Slaver","floor":5.0,"turns":2.0},{"damage":27.0,"enemies":"3 Sentries","floor":6.0,"turns":8.0},{"damage":3.0,"enemies":"2 Fungi Beasts","floor":7.0,"turns":4.0},{"damage":3.0,"enemies":"3 Louse","floor":11.0,"turns":3.0},{"damage":0.0,"enemies":"Large Slime","floor":13.0,"turns":3.0},{"damage":20.0,"enemies":"Lagavulin","floor":14.0,"turns":6.0},{"damage":18.0,"enemies":"Hexaghost","floor":16.0,"turns":9.0},{"damage":15.0,"enemies":"Shell Parasite","floor":18.0,"turns":4.0},{"damage":16.0,"enemies":"Spheric Guardian","floor":20.0,"turns":4.0},{"damage":1.0,"enemies":"Snake Plant","floor":22.0,"turns":3.0},{"damage":52.0,"enemies":"Slavers","floor":23.0,"turns":7.0},{"damage":0,"enemies":"Gremlin Leader","floor":25,"turns":5},{"damage":14,"enemies":"Book of Stabbing","floor":28,"turns":2}],"seed_played":"9067355419889807731","potions_obtained":[{"floor":1.0,"key":"AttackPotion"},{"floor":4.0,"key":"Strength Potion"},{"floor":6.0,"key":"BlessingOfTheForge"},{"floor":11.0,"key":"BloodPotion"},{"floor":20.0,"key":"DistilledChaos"},{"floor":22.0,"key":"DuplicationPotion"},{"floor":23.0,"key":"CultistPotion"}],"is_trial":false,"path_per_floor":["M","M","?","M","M","E","M","R","T","?","M","R","M","E","R","B",null,"M","$","M","?","M","E","R","E","T","R","E"],"character_chosen":"IRONCLAD","items_purchased":["Power Through","Shrug It Off"],"campfire_rested":0,"item_purchase_floors":[19,19],"current_hp_per_floor":[68,68,68,68,66,45,48,48,48,28,31,31,37,23,23,11,54,45,45,35,35,40,7,7,13,13,13,0,0],"gold":346,"neow_bonus":"RANDOM_COLORLESS_2","is_daily":false,"chose_seed":false,"campfire_upgraded":5,"win_rate":0.0,"timestamp":1613932607,"path_taken":["M","?","?","M","M","E","M","R","T","?","M","R","M","E","R","BOSS","M","$","M","?","M","E","R","E","T","R","E"],"items_purchased_type":["Card","Card"],"build_version":"2020-12-13","purchased_purges":1,"victory":false,"max_hp_per_floor":[68,68,68,68,68,68,68,68,68,68,68,68,68,68,68,68,68,68,68,68,68,68,68,68,68,68,68,68,68],"relic_stats":{"Gremlin Horn":[8,9],"counters":[16,69],"Bronze Scales":[141],"obtain_stats":[{"Matryoshka":26,"Gremlin Horn":9,"Bronze Scales":6,"Coffee Dripper":17,"Omamori":25,"Frozen Egg 2":14,"Ancient Tea Set":23,"Burning Blood":0},{"Matryoshka":15,"Gremlin Horn":6,"Bronze Scales":5,"Coffee Dripper":10,"Omamori":15,"Frozen Egg 2":9,"Ancient Tea Set":14,"Burning Blood":0},{"Matryoshka":67,"Gremlin Horn":23,"Bronze Scales":19,"Coffee Dripper":44,"Omamori":67,"Frozen Egg 2":35,"Ancient Tea Set":62,"Burning Blood":0}],"Burning Blood":78},"card_choices":[{"not_picked":["Magnetism","Metamorphosis"],"picked":"Apotheosis","floor":0.0},{"not_picked":["Sword Boomerang","Thunderclap"],"picked":"Searing Blow","floor":1.0},{"not_picked":["Carnage","Thunderclap"],"picked":"Anger","floor":2.0},{"not_picked":["Inflame","Havoc"],"picked":"Clash","floor":4.0},{"not_picked":["Heavy Blade","Warcry"],"picked":"Shrug It Off","floor":5.0},{"not_picked":["Bloodletting","Shrug It Off","Heavy Blade"],"picked":"SKIP","floor":6.0},{"not_picked":["Dual Wield","Twin Strike","Uppercut"],"picked":"SKIP","floor":7.0},{"not_picked":["Sword Boomerang","Sever Soul"],"picked":"True Grit","floor":11.0},{"not_picked":["Cleave","Evolve"],"picked":"Dark Embrace","floor":13.0},{"not_picked":["Clash","Carnage"],"picked":"Battle Trance","floor":14.0},{"not_picked":["Juggernaut+1","Double Tap"],"picked":"Corruption+1","floor":16.0},{"not_picked":["Perfected Strike","Thunderclap+1"],"picked":"Flex+1","floor":18.0},{"not_picked":["Sword Boomerang","Heavy Blade+1"],"picked":"True Grit","floor":20.0},{"not_picked":["Body Slam+1","Perfected Strike+1"],"picked":"Impervious","floor":22.0},{"not_picked":["Havoc","Anger","Uppercut"],"picked":"SKIP","floor":23.0},{"not_picked":["Iron Wave","True Grit","Carnage"],"picked":"SKIP","floor":25}],"player_experience":1645968,"relics_obtained":[{"floor":6.0,"key":"Bronze Scales"},{"floor":9.0,"key":"Gremlin Horn"},{"floor":14.0,"key":"Frozen Egg 2"},{"floor":23.0,"key":"Ancient Tea Set"},{"floor":25,"key":"Omamori"},{"floor":26,"key":"Matryoshka"}],"event_choices":[{"damage_healed":0.0,"max_hp_gain":0.0,"max_hp_loss":0.0,"gold_gain":0.0,"event_name":"Living Wall","player_choice":"Grow","floor":3.0,"gold_loss":0.0,"damage_taken":0.0,"cards_upgraded":["Apotheosis"]},{"damage_healed":0.0,"max_hp_gain":0.0,"max_hp_loss":0.0,"gold_gain":0.0,"event_name":"Shining Light","player_choice":"Entered Light","floor":10.0,"gold_loss":0.0,"damage_taken":20.0,"cards_upgraded":["Anger","Defend_R"]},{"damage_healed":0.0,"max_hp_gain":0.0,"max_hp_loss":0.0,"gold_gain":0.0,"event_name":"The Library","player_choice":"Read","floor":21.0,"gold_loss":0.0,"damage_taken":0.0,"cards_obtained":["Disarm"]}],"is_beta":false,"boss_relics":[{"not_picked":["Black Blood","Velvet Choker"],"picked":"Coffee Dripper"}],"items_purged_floors":[19],"is_endless":false,"potions_floor_spawned":[1,4,6,7,11,16,20,22,23],"killed_by":"Book of Stabbing","ascension_level":20}}