{"host":"t0bo9kmlst92gdfh","time":1613871118,"event":{"mods":["BaseMod","Block Reminder","Colored Powertips","DeckTracker","Jorbs\u0027s Wanderer Trilogy","Minty Spire (QoL Compilation)","Relic Stats","StSLib"],"gold_per_floor":[109,136,136,136,65,65,84,153,153,181,194,194,194],"floor_reached":12,"language":"ENG","playtime":1065,"items_purged":[],"score":78,"play_id":"78fe869e-f346-426a-b10c-8e7c943f57e0","local_time":"20210220173158","is_ascension_mode":false,"campfire_choices":[{"data":"stsjorbsmod:MagicMirror","floor":6,"key":"SMITH"}],"circlet_count":0,"master_deck":["stsjorbsmod:ForbiddenGrimoire+1","stsjorbsmod:Strike_Wanderer","stsjorbsmod:Strike_Wanderer","stsjorbsmod:Strike_Wanderer","stsjorbsmod:Strike_Wanderer","stsjorbsmod:Defend_Wanderer","stsjorbsmod:Defend_Wanderer+1","stsjorbsmod:Defend_Wanderer","stsjorbsmod:Defend_Wanderer","stsjorbsmod:FreshAdventure","stsjorbsmod:EyeOfTheStorm","stsjorbsmod:Prestidigitation","stsjorbsmod:ChainLightning","stsjorbsmod:MagicMirror+1","stsjorbsmod:Aid","stsjorbsmod:Prestidigitation","stsjorbsmod:Materialize"],"relics":["stsjorbsmod:GrimoireRelic","Bottled Tornado","Juzu Bracelet"],"acts_visited":["Exordium"],"potions_floor_usage":[11,12],"damage_taken":[{"damage":0,"enemies":"2 Louse","floor":1,"turns":2},{"damage":6,"enemies":"Jaw Worm","floor":2,"turns":3},{"damage":1,"enemies":"Cultist","floor":7,"turns":4},{"damage":43,"enemies":"3 Sentries","floor":10,"turns":8},{"damage":10,"enemies":"Exordium Wildlife","floor":11,"turns":7},{"damage":25,"enemies":"Gremlin Nob","floor":12,"turns":3}],"seed_played":"-4630101950674707464","potions_obtained":[{"floor":1,"key":"SteroidPotion"},{"floor":2,"key":"stsjorbsmod:DimensionDoorPotion"},{"floor":10,"key":"Block Potion"}],"is_trial":false,"path_per_floor":["M","M","?","?","$","R","M","?","T","E","M","E"],"character_chosen":"WANDERER","items_purchased":["stsjorbsmod:MagicMirror"],"campfire_rested":0,"item_purchase_floors":[5],"current_hp_per_floor":[74,70,70,70,70,70,70,70,70,27,22,0,0],"gold":194,"neow_bonus":"TEN_PERCENT_HP_BONUS","is_daily":false,"chose_seed":false,"campfire_upgraded":1,"win_rate":0.0,"timestamp":1613871118,"path_taken":["M","M","?","?","$","R","?","?","T","E","M","E"],"items_purchased_type":["Card"],"build_version":"2020-12-22","purchased_purges":0,"victory":false,"max_hp_per_floor":[74,74,74,74,74,74,74,74,74,74,76,76,76],"relic_stats":{"counters":[6,27],"Juzu Bracelet":0,"obtain_stats":[{"stsjorbsmod:GrimoireRelic":0,"Juzu Bracelet":10,"Bottled Tornado":9},{"stsjorbsmod:GrimoireRelic":0,"Juzu Bracelet":4,"Bottled Tornado":3},{"stsjorbsmod:GrimoireRelic":0,"Juzu Bracelet":17,"Bottled Tornado":9}]},"card_choices":[{"not_picked":["stsjorbsmod:OldPocket","stsjorbsmod:Index"],"picked":"stsjorbsmod:Prestidigitation","floor":1},{"not_picked":["stsjorbsmod:Prepare","stsjorbsmod:ChatteringStrike"],"picked":"stsjorbsmod:ChainLightning","floor":2},{"not_picked":["stsjorbsmod:Hurt","stsjorbsmod:WeightOfMemory"],"picked":"stsjorbsmod:Aid","floor":7},{"not_picked":["stsjorbsmod:DoubleCheck","stsjorbsmod:Determination"],"picked":"stsjorbsmod:Prestidigitation","floor":10},{"not_picked":["stsjorbsmod:MageArmor","stsjorbsmod:BurningFlask"],"picked":"stsjorbsmod:Materialize","floor":11}],"player_experience":51888,"relics_obtained":[{"floor":9,"key":"Bottled Tornado"},{"floor":10,"key":"Juzu Bracelet"}],"event_choices":[{"damage_healed":0,"gold_gain":0,"player_choice":"Ignored","damage_taken":0,"max_hp_gain":0,"max_hp_loss":0,"event_name":"Liars Game","floor":3,"gold_loss":0},{"damage_healed":0,"gold_gain":0,"player_choice":"Ignored","damage_taken":0,"max_hp_gain":0,"max_hp_loss":0,"event_name":"NoteForYourself","floor":4,"gold_loss":0},{"damage_healed":0,"gold_gain":69,"player_choice":"Gained Gold","damage_taken":0,"max_hp_gain":0,"max_hp_loss":0,"event_name":"Golden Wing","floor":8,"gold_loss":0}],"is_beta":false,"boss_relics":[],"items_purged_floors":[],"is_endless":false,"potions_floor_spawned":[1,2,10],"killed_by":"Gremlin Nob","ascension_level":0}}