{"host":"raaimkojny05jekw","time":1613909833,"event":{"mods":["AchievementEnabler","BaseMod","Colored Map","Colored Powertips","DeckTracker","Minty Spire (QoL Compilation)","Quick Restart","Rare Cards Sparkle","everything is the same but u backflip on backflip"],"gold_per_floor":[359,359,377,552,147,147,177,188,213,213,213,213,62,81,81,185,185,185,185,38,38,38,38,38,38,38,38,38,38,38,38,38,38,38,38,0,0,0,0,0,0,0],"floor_reached":41,"language":"KOR","playtime":1053,"items_purged":["Doubt","Strike_R"],"score":644,"play_id":"1e9aac5d-33ef-484b-b487-662b2e584b51","local_time":"20210221211713","is_ascension_mode":true,"campfire_choices":[{"data":"Carnage","floor":6,"key":"SMITH"},{"data":"Bash","floor":11,"key":"SMITH"},{"data":"Metallicize","floor":15,"key":"SMITH"},{"data":"Heavy Blade","floor":24,"key":"SMITH"},{"data":"Immolate","floor":30,"key":"SMITH"},{"floor":32,"key":"REST"},{"data":"Limit Break","floor":40,"key":"SMITH"}],"circlet_count":0,"master_deck":["AscendersBane","Defend_R","Defend_R","Defend_R","Defend_R","Bash+1","Shockwave","Carnage+1","Battle Trance","Spot Weakness+1","Metallicize+1","Immolate+1","Heavy Blade+1","Rage","Bite","Bite","Bite","Bite","Bite","Pummel","Metallicize","Limit Break+1","Blind","Purity","Impervious"],"relics":["Burning Blood","Question Card","Strawberry","Juzu Bracelet","Centennial Puzzle","Sling","Ectoplasm","Ancient Tea Set","Smiling Mask","Art of War","Coffee Dripper","Red Mask"],"acts_visited":["Exordium","TheCity","TheBeyond"],"potions_floor_usage":[16,16,18,33,39,39,39],"damage_taken":[{"damage":1,"enemies":"Cultist","floor":1,"turns":4},{"damage":8,"enemies":"2 Louse","floor":3,"turns":3},{"damage":45,"enemies":"Lagavulin","floor":7,"turns":6},{"damage":7,"enemies":"Small Slimes","floor":8,"turns":3},{"damage":12,"enemies":"Looter","floor":14,"turns":3},{"damage":10,"enemies":"Hexaghost","floor":16,"turns":8},{"damage":33,"enemies":"3 Byrds","floor":18,"turns":4},{"damage":8,"enemies":"Chosen","floor":23,"turns":3},{"damage":15,"enemies":"Shelled Parasite and Fungi","floor":28,"turns":4},{"damage":9,"enemies":"Centurion and Healer","floor":29,"turns":6},{"damage":23,"enemies":"Collector","floor":33,"turns":7},{"damage":7,"enemies":"Orb Walker","floor":35,"turns":3},{"damage":23,"enemies":"3 Shapes","floor":38,"turns":6},{"damage":65,"enemies":"Spire Growth","floor":39,"turns":6},{"damage":52,"enemies":"Writhing Mass","floor":41,"turns":2}],"seed_played":"8667149574813719388","potions_obtained":[{"floor":1,"key":"Dexterity Potion"},{"floor":8,"key":"BlessingOfTheForge"},{"floor":16,"key":"Swift Potion"},{"floor":23,"key":"ElixirPotion"},{"floor":28,"key":"AttackPotion"},{"floor":38,"key":"EntropicBrew"}],"is_trial":false,"path_per_floor":["M","?","M","?","$","R","E","M","T","?","R","?","$","M","R","B",null,"M","?","$","?","T","M","R","?","T","?","M","M","R","$","R","B",null,"M","?","?","M","M","R","M"],"character_chosen":"IRONCLAD","items_purchased":["Question Card","Carnage","Sling","Heavy Blade"],"campfire_rested":1,"item_purchase_floors":[5,5,13,20],"current_hp_per_floor":[72,65,63,63,63,63,31,30,30,18,18,18,18,12,12,8,61,34,34,34,34,34,32,32,32,32,23,20,33,33,33,51,48,57,60,60,55,52,15,15,0,0],"gold":0,"neow_bonus":"TWO_FIFTY_GOLD","is_daily":false,"chose_seed":false,"campfire_upgraded":6,"win_rate":0.0,"timestamp":1613909833,"path_taken":["M","?","M","?","$","R","E","M","T","?","R","?","?","M","R","BOSS","M","?","$","?","?","M","R","?","T","?","M","M","R","$","R","BOSS","M","?","?","M","M","R","M"],"items_purchased_type":["Relic","Card","Relic","Card"],"build_version":"2020-12-22","purchased_purges":2,"victory":false,"max_hp_per_floor":[72,72,72,72,72,72,79,79,79,79,79,79,79,79,79,79,79,79,79,79,79,79,79,79,55,55,60,60,60,60,60,60,60,60,60,60,60,60,60,60,60,60],"card_choices":[{"not_picked":["Dual Wield","Infernal Blade"],"picked":"Shockwave","floor":1},{"not_picked":["Searing Blow","Uppercut","Second Wind"],"picked":"SKIP","floor":3},{"not_picked":["Second Wind","Twin Strike","Rampage"],"picked":"Battle Trance","floor":7},{"not_picked":["Sentinel","Dropkick","Burning Pact"],"picked":"Spot Weakness","floor":8},{"not_picked":["Pommel Strike","Thunderclap","Warcry"],"picked":"Metallicize","floor":14},{"not_picked":["Demon Form","Feed","Fiend Fire"],"picked":"Immolate","floor":16},{"not_picked":["Dark Embrace","Sentinel","Warcry","Clothesline"],"picked":"SKIP","floor":18},{"not_picked":["Headbutt","Wild Strike","Perfected Strike"],"picked":"Rage","floor":23},{"not_picked":["Sword Boomerang","Body Slam","Heavy Blade","Pummel"],"picked":"SKIP","floor":28},{"not_picked":["Sword Boomerang","Body Slam","Heavy Blade"],"picked":"Pummel","floor":28},{"not_picked":["Sever Soul","Iron Wave","Wild Strike+1"],"picked":"Metallicize","floor":29},{"not_picked":["Reaper","Exhume","Double Tap"],"picked":"Limit Break","floor":33},{"not_picked":["Headbutt","Warcry","Cleave","Wild Strike"],"picked":"SKIP","floor":35},{"not_picked":["HandOfGreed","Dark Shackles","Thinking Ahead"],"picked":"Blind","floor":37},{"not_picked":["PanicButton","Discovery","Mind Blast"],"picked":"Purity","floor":37},{"not_picked":["Sword Boomerang+1","Thunderclap","Cleave","Pommel Strike"],"picked":"SKIP","floor":38},{"not_picked":["True Grit","Flex","Dual Wield"],"picked":"Impervious","floor":39}],"player_experience":781494,"relics_obtained":[{"floor":7,"key":"Strawberry"},{"floor":9,"key":"Juzu Bracelet"},{"floor":22,"key":"Smiling Mask"},{"floor":26,"key":"Art of War"}],"event_choices":[{"cards_removed":["Strike_R"],"damage_healed":0,"gold_gain":0,"player_choice":"Card Removal","damage_taken":7,"max_hp_gain":0,"max_hp_loss":0,"event_name":"Golden Wing","floor":2,"gold_loss":0},{"damage_healed":0,"gold_gain":175,"player_choice":"AGREE","damage_taken":0,"max_hp_gain":0,"max_hp_loss":0,"event_name":"Liars Game","floor":4,"gold_loss":0,"cards_obtained":["Doubt"]},{"damage_healed":0,"gold_gain":0,"player_choice":"Success","damage_taken":12,"relics_obtained":["Centennial Puzzle"],"max_hp_gain":0,"max_hp_loss":0,"event_name":"Scrap Ooze","floor":10,"gold_loss":0},{"damage_healed":0,"gold_gain":0,"player_choice":"Grow","damage_taken":0,"max_hp_gain":0,"max_hp_loss":0,"event_name":"Living Wall","floor":12,"gold_loss":0,"cards_upgraded":["Spot Weakness"]},{"damage_healed":0,"gold_gain":0,"player_choice":"Ignored","damage_taken":0,"max_hp_gain":0,"max_hp_loss":0,"event_name":"Ghosts","floor":19,"gold_loss":0},{"damage_healed":0,"gold_gain":0,"player_choice":"Opened","damage_taken":0,"relics_obtained":["Ancient Tea Set"],"max_hp_gain":0,"max_hp_loss":0,"event_name":"The Mausoleum","floor":21,"gold_loss":0},{"damage_healed":0,"gold_gain":0,"player_choice":"Became a vampire","damage_taken":0,"max_hp_gain":0,"max_hp_loss":24,"event_name":"Vampires","floor":25,"gold_loss":0,"cards_obtained":["Bite","Bite","Bite","Bite","Bite"]},{"damage_healed":0,"gold_gain":0,"player_choice":"Shed Blood","damage_taken":14,"max_hp_gain":5,"max_hp_loss":0,"event_name":"Forgotten Altar","floor":27,"gold_loss":0},{"damage_healed":0,"gold_gain":0,"player_choice":"Paid","damage_taken":0,"relics_obtained":["Red Mask"],"max_hp_gain":0,"max_hp_loss":0,"event_name":"Tomb of Lord Red Mask","floor":36,"gold_loss":38},{"damage_healed":0,"gold_gain":0,"player_choice":"Memory 2","damage_taken":5,"max_hp_gain":0,"max_hp_loss":0,"event_name":"SensoryStone","floor":37,"gold_loss":0}],"is_beta":false,"boss_relics":[{"not_picked":["Runic Cube","Runic Pyramid"],"picked":"Ectoplasm"},{"not_picked":["SlaversCollar","Black Blood"],"picked":"Coffee Dripper"}],"items_purged_floors":[5,20],"is_endless":false,"potions_floor_spawned":[1,8,14,16,23,28,38],"killed_by":"Writhing Mass","ascension_level":12}}