{"host":"2m6tiise24ys9klz","time":1613889068,"event":{"mods":["BaseMod","Better Third Choice","Colored Map","Downfall","Highlight Path","Minty Spire (QoL Compilation)","StSLib"],"gold_per_floor":[99,115,129,187,337,353,353,387,387,287,315,315,329,364,382,477,477,377,391,401,411,411,444,514,546,560,560,591,591,603,703,718,819,819,819,836,836,584,584,594,617,651,661,686,704,704,252,264,278,278],"floor_reached":51,"language":"ENG","playtime":3746,"items_purged":[],"score":929,"play_id":"78f7eeb2-951c-43bd-a24e-104466291af7","local_time":"20210220223108","is_ascension_mode":true,"campfire_choices":[{"data":"Guardian:BaubleBeam","floor":1.0,"key":"SMITH"},{"floor":10.0,"key":"REST"},{"floor":12.0,"key":"REST"},{"data":"Guardian:AncientConstruct","floor":18.0,"key":"SMITH"},{"floor":27.0,"key":"REST"},{"floor":29.0,"key":"REST"},{"data":"Guardian:HyperBeam_Guardian","floor":35.0,"key":"SMITH"}],"circlet_count":0,"master_deck":["Guardian:Strike_Guardian","Guardian:Strike_Guardian","Guardian:Strike_Guardian","Guardian:Strike_Guardian","Guardian:Defend_Guardian","Guardian:Defend_Guardian","Guardian:Defend_Guardian","Guardian:Defend_Guardian","Guardian:CurlUp","Guardian:TwinSlam","Guardian:BaubleBeam+1","Guardian:ShieldSpikes","Guardian:FloatingOrbs","Guardian:CrystalBeam","Guardian:PrimingBeam","Guardian:AncientConstruct+1","Guardian:PrismaticBarrier","Guardian:DecasProtection+1","Guardian:FloatingOrbs","Guardian:TimeBomb+1","Guardian:PiercingHide","Guardian:RollAttack+1","Guardian:ChargeCore","Guardian:Preprogram","Guardian:HyperBeam_Guardian","Panacea","Guardian:HyperBeam_Guardian+1","Guardian:Gem_Lightblue","Guardian:RevengeProtocol","Guardian:CrystalBeam","Guardian:EvasiveProtocol","Guardian:Orbwalk","Sadistic Nature","Guardian:DecasProtection","Guardian:ShieldSpikes+1","Guardian:Orbwalk+1","Guardian:Gem_White","Guardian:BodySlam","Guardian:BronzeOrb","Guardian:EvasiveProtocol+1","Guardian:MultiBeam","Guardian:BronzeArmor","Guardian:BodySlam+1"],"relics":["Guardian:ModeShifter","Ornamental Fan","Omamori","downfall:HeartBlessingBlue","Ginger","Tiny Chest","Black Star","downfall:HeartBlessingGreen","Regal Pillow","hexamod:Sixitude","Pantograph","Bird Faced Urn","StoneCalendar","Matryoshka","Calipers","downfall:GremlinSack","SlaversCollar","Frozen Egg 2","HornCleat","Ancient Tea Set","Guardian:PickAxe","Strawberry","Unceasing Top","Toy Ornithopter","Bag of Preparation","Pocketwatch","Letter Opener"],"acts_visited":["Exordium","TheCity","TheBeyond"],"potions_floor_usage":[50,50,50],"damage_taken":[{"damage":5.0,"enemies":"Small Slimes","floor":2.0,"turns":3.0},{"damage":5.0,"enemies":"Jaw Worm","floor":3.0,"turns":4.0},{"damage":36.0,"enemies":"3 Sentries","floor":4.0,"turns":14.0},{"damage":6.0,"enemies":"2 Louse","floor":6.0,"turns":4.0},{"damage":3.0,"enemies":"3 Sentries","floor":8.0,"turns":12.0},{"damage":14.0,"enemies":"Lagavulin","floor":11.0,"turns":8.0},{"damage":2.0,"enemies":"Red Slaver","floor":13.0,"turns":4.0},{"damage":12.0,"enemies":"Gremlin Nob","floor":14.0,"turns":5.0},{"damage":0.0,"enemies":"Large Slime","floor":15.0,"turns":5.0},{"damage":4.0,"enemies":"SI_SHIV_ARCHETYPE","floor":16.0,"turns":6.0},{"damage":3.0,"enemies":"Shell Parasite","floor":19.0,"turns":6.0},{"damage":10.0,"enemies":"Chosen","floor":20.0,"turns":5.0},{"damage":22.0,"enemies":"Snake Plant","floor":21.0,"turns":6.0},{"damage":23.0,"enemies":"Slavers","floor":23.0,"turns":6.0},{"damage":12.0,"enemies":"Book of Stabbing","floor":25.0,"turns":5.0},{"damage":9.0,"enemies":"Centurion and Healer","floor":26.0,"turns":7.0},{"damage":37.0,"enemies":"Slavers","floor":28.0,"turns":7.0},{"damage":5.0,"enemies":"Shelled Parasite and Fungi","floor":30.0,"turns":7.0},{"damage":23.0,"enemies":"Shelled Parasite and Fungi","floor":31.0,"turns":4.0},{"damage":6.0,"enemies":"Cultist and Chosen","floor":32.0,"turns":5.0},{"damage":32.0,"enemies":"WA_ARCHETYPE_CALM","floor":33.0,"turns":9.0},{"damage":5.0,"enemies":"3 Shapes","floor":36.0,"turns":2.0},{"damage":0.0,"enemies":"3 Darklings","floor":37.0,"turns":1.0},{"damage":0.0,"enemies":"downfall:FleeingMerchant","floor":38.0,"turns":4.0},{"damage":22.0,"enemies":"Writhing Mass","floor":40.0,"turns":5.0},{"damage":36.0,"enemies":"Reptomancer","floor":42.0,"turns":7.0},{"damage":5.0,"enemies":"Maw","floor":43.0,"turns":8.0},{"damage":35.0,"enemies":"Giant Head","floor":44.0,"turns":9.0},{"damage":14.0,"enemies":"Jaw Worm Horde","floor":45.0,"turns":5.0},{"damage":0.0,"enemies":"downfall:FleeingMerchant","floor":47.0,"turns":4.0},{"damage":6,"enemies":"Spire Growth","floor":48,"turns":5},{"damage":0,"enemies":"Maw","floor":49,"turns":7},{"damage":19,"enemies":"IC_BLOCK_ARCHETYPE","floor":50,"turns":7}],"seed_played":"-2821047170479155168","potions_obtained":[{"floor":4.0,"key":"Swift Potion"},{"floor":8.0,"key":"Guardian:StasisDiscoveryPotion"},{"floor":15.0,"key":"SteroidPotion"},{"floor":19.0,"key":"PowerPotion"},{"floor":25.0,"key":"SpeedPotion"},{"floor":28.0,"key":"bronze:BurnAndBuffPotion"},{"floor":31.0,"key":"champ:CounterPotion"},{"floor":33.0,"key":"SkillPotion"},{"floor":36.0,"key":"SmokeBomb"},{"floor":40.0,"key":"bronze:BurnAndBuffPotion"}],"is_trial":false,"path_per_floor":["R","M","M","?","?","M","T","E","?","R","E","R","M","E","M","B",null,"R","M","M","M","?","E","T","E","M","R","E","R","M","?","M","B",null,"R","M","M","$","T","M","T","E","M","E","M","T","$","M","M","B",null],"character_chosen":"GUARDIAN","items_purchased":["Guardian:Orbwalk","Sadistic Nature","Letter Opener","Guardian:EvasiveProtocol+1","Guardian:MultiBeam","Guardian:BronzeArmor"],"campfire_rested":4,"item_purchase_floors":[38,38,47,47,47,47],"current_hp_per_floor":[80,75,70,34,34,28,28,25,25,62,48,75,73,61,61,57,90,90,87,77,55,55,32,32,20,17,59,26,68,71,52,52,53,90,90,85,85,89,89,74,74,61,66,45,39,39,49,55,69,84],"gold":278,"neow_bonus":"ONE_RANDOM_RARE_CARD","is_daily":false,"chose_seed":false,"campfire_upgraded":3,"win_rate":0.0,"timestamp":1613889068,"path_taken":["R","M","M","?","?","?","T","E","?","R","E","R","M","E","M","BOSS","R","M","M","M","?","E","T","E","?","R","E","R","M","?","M","BOSS","R","M","M","$","?","M","T","E","M","E","?","?","$","M","M","BOSS"],"items_purchased_type":["Card","Card","Relic","Card","Card","Card"],"build_version":"2020-12-22","purchased_purges":0,"victory":true,"max_hp_per_floor":[80,80,80,80,80,80,80,80,80,90,90,90,90,90,90,90,90,90,90,90,90,90,90,90,90,90,90,90,90,90,90,90,90,90,90,90,90,90,90,90,90,97,97,97,97,97,97,97,97,97],"card_choices":[{"not_picked":["Guardian:PiercingHide","Guardian:RollAttack"],"picked":"Guardian:Gem_Crimson","floor":2.0},{"not_picked":["Guardian:PiercingHide","Guardian:Gem_Red"],"picked":"Guardian:ShieldSpikes","floor":3.0},{"not_picked":["Guardian:WalkerClaw","Guardian:GuardianWhirl"],"picked":"Guardian:Gem_White","floor":4.0},{"not_picked":["Guardian:EvasiveProtocol","Guardian:Gem_Crimson"],"picked":"Guardian:FloatingOrbs","floor":6.0},{"not_picked":["Guardian:Gem_Red","Guardian:SentryBeam"],"picked":"Guardian:CrystalBeam","floor":8.0},{"not_picked":["Guardian:CrystalBeam","Guardian:Suspension"],"picked":"Guardian:Gem_White","floor":11.0},{"not_picked":["Guardian:CrystalBeam","Guardian:ShieldCharger"],"picked":"Guardian:PrimingBeam","floor":13.0},{"not_picked":["Guardian:ShieldSpikes","Guardian:Planning"],"picked":"Guardian:Gem_Orange","floor":14.0},{"not_picked":["Guardian:Gem_Cyan","Guardian:Harden"],"picked":"Guardian:Gem_Fragmented","floor":15.0},{"not_picked":["Guardian:TimeSifter","Guardian:StasisEngine"],"picked":"Guardian:AncientConstruct","floor":16.0},{"not_picked":["Guardian:Reroute","Guardian:WalkerClaw"],"picked":"Guardian:PrismaticBarrier","floor":19.0},{"not_picked":["Guardian:WalkerClaw","Guardian:ShieldCharger"],"picked":"Guardian:Gem_Cyan","floor":20.0},{"not_picked":["Guardian:Reroute","Guardian:Incinerate"],"picked":"Guardian:DecasProtection+1","floor":21.0},{"not_picked":["Guardian:Planning+1","Guardian:Clone"],"picked":"Guardian:TimeBomb+1","floor":23.0},{"not_picked":["Guardian:Incinerate","Guardian:RollAttack"],"picked":"Guardian:PiercingHide","floor":25.0},{"not_picked":["Guardian:Harden","Guardian:Gem_Red"],"picked":"Guardian:RollAttack+1","floor":26.0},{"not_picked":["Guardian:GuardianWhirl","Guardian:WalkerClaw"],"picked":"Guardian:ChargeCore","floor":28.0},{"not_picked":["Guardian:Gem_Crimson","Guardian:ChargeCore"],"picked":"Guardian:Gem_Blue","floor":30.0},{"not_picked":["Guardian:CrystalBeam+1","Guardian:Suspension"],"picked":"Guardian:HyperBeam_Guardian","floor":31.0},{"not_picked":["Guardian:Suspension","Guardian:TemporalShield"],"picked":"Guardian:Gem_Lightblue","floor":32.0},{"not_picked":["Guardian:StasisStrike","Guardian:GemFire"],"picked":"Guardian:RevengeProtocol","floor":33.0},{"not_picked":["Guardian:Gem_Blue","Guardian:Gem_Cyan"],"picked":"Guardian:CrystalBeam","floor":36.0},{"not_picked":["Guardian:Gem_Cyan","Guardian:Reroute"],"picked":"Guardian:EvasiveProtocol","floor":38.0},{"not_picked":["Guardian:TemporalStrike","Guardian:Planning+1"],"picked":"Guardian:DecasProtection","floor":40.0},{"not_picked":["Guardian:Gem_Crimson","Guardian:Incinerate+1"],"picked":"Guardian:ShieldSpikes+1","floor":42.0},{"not_picked":["Guardian:Planning","Guardian:BodySlam+1"],"picked":"Guardian:Orbwalk+1","floor":43.0},{"not_picked":["Guardian:Gem_Cyan","Guardian:DecasProtection"],"picked":"Guardian:Gem_White","floor":44.0},{"not_picked":["Guardian:AncientConstruct+1","Guardian:Reroute+1"],"picked":"Guardian:BodySlam","floor":45.0},{"not_picked":["Guardian:WalkerClaw","Guardian:TemporalShield"],"picked":"Guardian:BronzeOrb","floor":47},{"not_picked":["Guardian:TemporalStrike","Guardian:PrimingBeam","Guardian:Recover"],"picked":"SKIP","floor":48},{"not_picked":["Guardian:Gem_Purple","Guardian:VentSteam+1"],"picked":"Guardian:BodySlam+1","floor":49}],"player_experience":831550,"relics_obtained":[{"floor":4.0,"key":"Ornamental Fan"},{"floor":8.0,"key":"Omamori"},{"floor":11.0,"key":"Ginger"},{"floor":14.0,"key":"Tiny Chest"},{"floor":23.0,"key":"Regal Pillow"},{"floor":23.0,"key":"hexamod:Sixitude"},{"floor":24.0,"key":"Pantograph"},{"floor":25.0,"key":"Bird Faced Urn"},{"floor":25.0,"key":"StoneCalendar"},{"floor":28.0,"key":"Matryoshka"},{"floor":28.0,"key":"Calipers"},{"floor":31.0,"key":"downfall:GremlinSack"},{"floor":39.0,"key":"Frozen Egg 2"},{"floor":39.0,"key":"HornCleat"},{"floor":41.0,"key":"Ancient Tea Set"},{"floor":41.0,"key":"Guardian:PickAxe"},{"floor":42.0,"key":"Strawberry"},{"floor":42.0,"key":"Unceasing Top"},{"floor":44.0,"key":"Toy Ornithopter"},{"floor":44.0,"key":"Bag of Preparation"},{"floor":46.0,"key":"Pocketwatch"}],"event_choices":[],"is_beta":false,"boss_relics":[{"not_picked":["expansioncontent:StudyCardRelic","Runic Dome"],"picked":"Black Star"},{"not_picked":["Guardian:ModeShifterPlus","SacredBark"],"picked":"SlaversCollar"}],"items_purged_floors":[],"is_endless":false,"potions_floor_spawned":[4,8,15,19,25,28,31,33,36,37,40,45,48],"ascension_level":1}}