{"host":"zxkjcgzis4pm3za5","time":1613913388,"event":{"mods":["2.2 Compatiblity","AchievementEnabler","BaseMod","Colored Map","Colored Powertips","Minty Spire (QoL Compilation)","Quick Restart","Random Character Button","Relic Filter Mod","Relic Sorter","Relic Stats","StSLib"],"gold_per_floor":[118,43,43,43,63,107,107,140,215,238,238,289,337,366,366,473,473,498,528,528,93,102,102,147,172,199,232,277,304,304,338,338,436,436,458,483,501,519,519,519,555,555,578,630,695,726,759,759,759,759,759,759],"floor_reached":51,"language":"ENG","playtime":2488,"items_purged":["Strike_G"],"score":1782,"play_id":"37d90ae0-c119-4cc9-b057-96613e732e64","local_time":"20210221184628","is_ascension_mode":true,"campfire_choices":[{"data":"Footwork","floor":11.0,"key":"SMITH"},{"data":"Burst","floor":15.0,"key":"SMITH"},{"data":"Envenom","floor":23.0,"key":"SMITH"},{"data":"Wraith Form v2","floor":30.0,"key":"SMITH"},{"data":"Adrenaline","floor":32.0,"key":"SMITH"},{"floor":40.0,"key":"RECALL"},{"data":"Adrenaline","floor":42.0,"key":"SMITH"},{"data":"Concentrate","floor":49.0,"key":"SMITH"}],"circlet_count":0,"master_deck":["AscendersBane","Defend_G","Defend_G","Defend_G","Survivor","Neutralize","Flying Knee","Predator","Blade Dance","Footwork+1","Blade Dance","Backflip","Burst+1","Envenom+1","Cloak And Dagger+1","Outmaneuver+1","Adrenaline+1","Adrenaline+1","Wraith Form v2+1","Bite+1","Bite+1","Bite+1","Bite+1","Bite+1","Quick Slash+1","Terror","Venomology","Acrobatics+1","Madness","Madness","Footwork+1","Escape Plan","Concentrate+1"],"relics":["Ring of the Snake","NeowsBlessing","Golden Idol","Toy Ornithopter","Happy Flower","Du-Vu Doll","Matryoshka","Omamori","CeramicFish","CaptainsWheel","Calling Bell","Vajra","Sundial","Gambling Chip","Membership Card","Oddly Smooth Stone","Art of War","Molten Egg 2","Letter Opener","Nunchaku","Smiling Mask","Runic Pyramid","Akabeko","Orichalcum","Peace Pipe","Bag of Preparation","Lizard Tail"],"acts_visited":["Exordium","TheCity","TheBeyond"],"potions_floor_usage":[51,51,51],"damage_taken":[{"damage":0.0,"enemies":"2 Louse","floor":1.0,"turns":1.0},{"damage":0.0,"enemies":"Jaw Worm","floor":5.0,"turns":1.0},{"damage":0.0,"enemies":"Lagavulin","floor":6.0,"turns":1.0},{"damage":14.0,"enemies":"3 Sentries","floor":8.0,"turns":7.0},{"damage":0.0,"enemies":"Cultist","floor":10.0,"turns":2.0},{"damage":8.0,"enemies":"Gremlin Nob","floor":13.0,"turns":3.0},{"damage":0.0,"enemies":"Blue Slaver","floor":14.0,"turns":2.0},{"damage":27.0,"enemies":"The Guardian","floor":16.0,"turns":15.0},{"damage":1.0,"enemies":"Spheric Guardian","floor":18.0,"turns":3.0},{"damage":5.0,"enemies":"Shell Parasite","floor":19.0,"turns":5.0},{"damage":3.0,"enemies":"Gremlin Leader","floor":24.0,"turns":5.0},{"damage":2.0,"enemies":"Centurion and Healer","floor":25.0,"turns":5.0},{"damage":12.0,"enemies":"Book of Stabbing","floor":27.0,"turns":4.0},{"damage":0.0,"enemies":"Snecko","floor":29.0,"turns":3.0},{"damage":0.0,"enemies":"Chosen and Byrds","floor":31.0,"turns":2.0},{"damage":3.0,"enemies":"Collector","floor":33.0,"turns":8.0},{"damage":8.0,"enemies":"3 Darklings","floor":35.0,"turns":4.0},{"damage":0.0,"enemies":"3 Shapes","floor":36.0,"turns":3.0},{"damage":6.0,"enemies":"Writhing Mass","floor":38.0,"turns":5.0},{"damage":14.0,"enemies":"Nemesis","floor":41.0,"turns":5.0},{"damage":0.0,"enemies":"Giant Head","floor":44.0,"turns":5.0},{"damage":4.0,"enemies":"2 Orb Walkers","floor":45.0,"turns":4.0},{"damage":0.0,"enemies":"Nemesis","floor":46.0,"turns":3.0},{"damage":9.0,"enemies":"Spire Growth","floor":47.0,"turns":3.0},{"damage":27.0,"enemies":"Donu and Deca","floor":50.0,"turns":8.0},{"damage":120,"enemies":"Awakened One","floor":51,"turns":11}],"seed_played":"6403662826758802213","potions_obtained":[{"floor":6.0,"key":"DuplicationPotion"},{"floor":8.0,"key":"Explosive Potion"},{"floor":13.0,"key":"SkillPotion"},{"floor":18.0,"key":"FearPotion"},{"floor":19.0,"key":"Energy Potion"},{"floor":31.0,"key":"Strength Potion"},{"floor":33.0,"key":"Explosive Potion"},{"floor":41.0,"key":"DuplicationPotion"}],"is_trial":false,"path_per_floor":["M","?","?","$","M","E","T","E","T","M","R","T","E","M","R","B",null,"M","M","?","$","?","R","E","M","T","E","?","M","R","M","R","B",null,"M","M","?","M","?","R","E","R","T","E","?","E","M","T","R","B","B"],"character_chosen":"THE_SILENT","items_purchased":["Membership Card","Adrenaline","Oddly Smooth Stone","Art of War"],"campfire_rested":0,"item_purchase_floors":[21,21,21,21],"current_hp_per_floor":[59,59,59,59,59,59,59,48,48,48,48,48,40,45,45,23,51,50,45,45,45,45,45,47,45,45,38,38,42,42,42,42,42,42,42,42,34,42,42,42,38,38,38,42,42,42,36,36,36,42,0,0],"gold":759,"neow_bonus":"THREE_ENEMY_KILL","is_daily":false,"chose_seed":false,"campfire_upgraded":7,"win_rate":0.0,"timestamp":1613913388,"path_taken":["M","?","?","?","M","E","?","E","T","M","R","?","E","M","R","BOSS","M","?","?","$","?","R","E","M","T","E","?","M","R","M","R","BOSS","M","M","?","M","?","R","E","R","T","E","?","E","M","?","R","BOSS","BOSS"],"items_purchased_type":["Relic","Card","Relic","Relic"],"build_version":"2020-12-22","purchased_purges":1,"victory":false,"max_hp_per_floor":[66,66,60,60,60,60,60,60,60,60,60,60,60,60,60,60,60,60,60,60,60,60,60,60,60,60,60,42,42,42,42,42,42,42,42,42,42,42,42,42,42,42,42,42,42,42,42,42,42,42,42,42],"relic_stats":{"Happy Flower":[38],"counters":[26,118],"Golden Idol":179,"CeramicFish":198,"Bag of Preparation":[6],"Letter Opener":[434],"Orichalcum":[24],"Smiling Mask":0,"Peace Pipe":0,"Nunchaku":[32],"Lizard Tail":21,"Sundial":[12],"Gambling Chip":[45],"Art of War":[3],"obtain_stats":[{"CeramicFish":12,"Vajra":17,"Bag of Preparation":46,"Smiling Mask":27,"Nunchaku":26,"Lizard Tail":48,"Matryoshka":9,"Sundial":17,"Gambling Chip":17,"Ring of the Snake":0,"Runic Pyramid":34,"NeowsBlessing":0,"Happy Flower":7,"Golden Idol":3,"Oddly Smooth Stone":21,"Omamori":12,"Letter Opener":26,"Orichalcum":44,"Akabeko":41,"Du-Vu Doll":8,"Calling Bell":17,"Peace Pipe":45,"CaptainsWheel":13,"Molten Egg 2":24,"Art of War":21,"Membership Card":21,"Toy Ornithopter":6},{"CeramicFish":5,"Vajra":8,"Bag of Preparation":23,"Smiling Mask":13,"Nunchaku":12,"Lizard Tail":24,"Matryoshka":4,"Sundial":8,"Gambling Chip":8,"Ring of the Snake":0,"Runic Pyramid":16,"NeowsBlessing":0,"Happy Flower":3,"Golden Idol":1,"Oddly Smooth Stone":10,"Omamori":5,"Letter Opener":12,"Orichalcum":21,"Akabeko":20,"Du-Vu Doll":4,"Calling Bell":8,"Peace Pipe":22,"CaptainsWheel":6,"Molten Egg 2":11,"Art of War":10,"Membership Card":10,"Toy Ornithopter":3},{"CeramicFish":12,"Vajra":32,"Bag of Preparation":96,"Smiling Mask":54,"Nunchaku":50,"Lizard Tail":99,"Matryoshka":10,"Sundial":32,"Gambling Chip":32,"Ring of the Snake":0,"Runic Pyramid":67,"NeowsBlessing":0,"Happy Flower":3,"Golden Idol":1,"Oddly Smooth Stone":40,"Omamori":12,"Letter Opener":50,"Orichalcum":89,"Akabeko":84,"Du-Vu Doll":10,"Calling Bell":32,"Peace Pipe":93,"CaptainsWheel":15,"Molten Egg 2":45,"Art of War":40,"Membership Card":40,"Toy Ornithopter":3}],"Toy Ornithopter":51,"Ring of the Snake":[52]},"card_choices":[{"not_picked":["Outmaneuver","Eviscerate"],"picked":"Flying Knee","floor":1.0},{"not_picked":["Sucker Punch","Eviscerate"],"picked":"Predator","floor":5.0},{"not_picked":["Endless Agony","Deflect"],"picked":"Blade Dance","floor":6.0},{"not_picked":["Distraction","Concentrate"],"picked":"Footwork","floor":8.0},{"not_picked":["Accuracy","Reflex"],"picked":"Blade Dance","floor":10.0},{"not_picked":["Backflip","Caltrops","Bane"],"picked":"SKIP","floor":13.0},{"not_picked":["Caltrops","Bane"],"picked":"Backflip","floor":13.0},{"not_picked":["Endless Agony","Backflip"],"picked":"Burst","floor":14.0},{"not_picked":["Grand Finale","Tools of the Trade"],"picked":"Envenom","floor":16.0},{"not_picked":["Predator","Acrobatics"],"picked":"Cloak And Dagger+1","floor":18.0},{"not_picked":["Escape Plan","Slice"],"picked":"Outmaneuver+1","floor":19.0},{"not_picked":["Blur+1","Eviscerate+1"],"picked":"Wraith Form v2","floor":24.0},{"not_picked":["Setup","Cloak And Dagger","Backflip"],"picked":"SKIP","floor":25.0},{"not_picked":["Backflip","Grand Finale+1","Catalyst"],"picked":"SKIP","floor":27.0},{"not_picked":["All Out Attack+1","Cloak And Dagger"],"picked":"Quick Slash+1","floor":29.0},{"not_picked":["Poisoned Stab+1","Riddle With Holes+1"],"picked":"Terror","floor":31.0},{"not_picked":["Phantasmal Killer","Glass Knife+1"],"picked":"Venomology","floor":33.0},{"not_picked":["Blur","Slice+1"],"picked":"Acrobatics+1","floor":35.0},{"not_picked":["Bane+1","Tactician","Flechettes+1"],"picked":"SKIP","floor":36.0},{"not_picked":["Noxious Fumes","Catalyst","Setup"],"picked":"SKIP","floor":38.0},{"not_picked":["Deflect","Underhanded Strike+1","Slice+1"],"picked":"SKIP","floor":41.0},{"not_picked":["Predator+1","Prepared"],"picked":"Footwork+1","floor":44.0},{"not_picked":["Crippling Poison+1","Dagger Spray+1"],"picked":"Escape Plan","floor":45.0},{"not_picked":["Dagger Spray+1","Slice+1","Venomology"],"picked":"SKIP","floor":46.0},{"not_picked":["Flying Knee+1","Deflect"],"picked":"Concentrate","floor":47.0}],"player_experience":411438,"relics_obtained":[{"floor":6.0,"key":"Toy Ornithopter"},{"floor":7.0,"key":"Happy Flower"},{"floor":8.0,"key":"Du-Vu Doll"},{"floor":9.0,"key":"Matryoshka"},{"floor":12.0,"key":"Omamori"},{"floor":12.0,"key":"CeramicFish"},{"floor":13.0,"key":"CaptainsWheel"},{"floor":17.0,"key":"Vajra"},{"floor":17.0,"key":"Sundial"},{"floor":17.0,"key":"Gambling Chip"},{"floor":24.0,"key":"Molten Egg 2"},{"floor":26.0,"key":"Letter Opener"},{"floor":26.0,"key":"Nunchaku"},{"floor":27.0,"key":"Smiling Mask"},{"floor":41.0,"key":"Akabeko"},{"floor":44.0,"key":"Orichalcum"},{"floor":45.0,"key":"Peace Pipe"},{"floor":46.0,"key":"Bag of Preparation"},{"floor":48.0,"key":"Lizard Tail"}],"event_choices":[{"cards_removed":["Defend_G"],"damage_healed":0.0,"max_hp_gain":0.0,"max_hp_loss":0.0,"gold_gain":0.0,"event_name":"The Cleric","player_choice":"Card Removal","floor":2.0,"gold_loss":75.0,"damage_taken":0.0},{"damage_healed":0.0,"max_hp_gain":0.0,"max_hp_loss":6.0,"gold_gain":0.0,"event_name":"Golden Idol","player_choice":"Lose Max HP","floor":3.0,"gold_loss":0.0,"damage_taken":0.0,"relics_obtained":["Golden Idol"]},{"damage_healed":0.0,"max_hp_gain":0.0,"max_hp_loss":0.0,"gold_gain":0.0,"event_name":"Cursed Tome","player_choice":"Ignored","floor":20.0,"gold_loss":0.0,"damage_taken":0.0},{"damage_healed":0.0,"max_hp_gain":0.0,"max_hp_loss":0.0,"gold_gain":0.0,"event_name":"The Library","player_choice":"Read","floor":22.0,"gold_loss":0.0,"damage_taken":0.0,"cards_obtained":["Adrenaline"]},{"damage_healed":0.0,"max_hp_gain":0.0,"max_hp_loss":18.0,"gold_gain":0.0,"event_name":"Vampires","player_choice":"Became a vampire","floor":28.0,"gold_loss":0.0,"damage_taken":0.0,"cards_obtained":["Bite","Bite","Bite","Bite","Bite"]},{"damage_healed":0.0,"max_hp_gain":0.0,"max_hp_loss":0.0,"gold_gain":0.0,"event_name":"Winding Halls","player_choice":"Embrace Madness","floor":37.0,"gold_loss":0.0,"damage_taken":8.0,"cards_obtained":["Madness","Madness"]},{"cards_removed":["Defend_G"],"damage_healed":0.0,"max_hp_gain":0.0,"max_hp_loss":0.0,"gold_gain":0.0,"event_name":"Falling","player_choice":"Removed Skill","floor":39.0,"gold_loss":0.0,"damage_taken":0.0},{"damage_healed":0.0,"max_hp_gain":0.0,"max_hp_loss":0.0,"gold_gain":0.0,"event_name":"Mysterious Sphere","player_choice":"Fight","floor":45.0,"gold_loss":0.0,"damage_taken":0.0}],"is_beta":false,"boss_relics":[{"not_picked":["Ectoplasm","Velvet Choker"],"picked":"Calling Bell"},{"not_picked":["Runic Dome","Astrolabe"],"picked":"Runic Pyramid"}],"items_purged_floors":[21],"is_endless":false,"potions_floor_spawned":[6,8,13,18,19,31,33,36,41],"killed_by":"Awakened One","ascension_level":20}}