{"host":"bigao3g8q00k09zy","time":1613926412,"event":{"mods":["BaseMod","Downfall","Hermit","Marisa????????","Minty Spire (QoL Compilation)","StSLib","The Cursed"],"gold_per_floor":[111,123,137,156,129,160,160,160,187,202,51,63,83,83,83,178,178,196,18,37,55,6,33,33,63,63,15,44,73,73,73,73,73,73],"floor_reached":33,"language":"ENG","playtime":3335,"items_purged":[],"score":271,"play_id":"62c586d6-03b9-41bf-bc31-e2e4533c22fc","local_time":"20210221115332","is_ascension_mode":false,"campfire_choices":[{"data":"hermit:Glare","floor":7,"key":"SMITH"},{"data":"hermit:Gestalt","floor":15,"key":"SMITH"},{"data":"hermit:Maintenance","floor":24,"key":"SMITH"},{"floor":30,"key":"REST"},{"floor":32,"key":"REST"}],"circlet_count":0,"master_deck":["hermit:Strike_Hermit","hermit:Strike_Hermit","hermit:Strike_Hermit","hermit:Strike_Hermit","hermit:Defend_Hermit","hermit:Defend_Hermit","hermit:Defend_Hermit","hermit:Defend_Hermit","hermit:Snapshot","hermit:Covet+1","hermit:Gestalt+1","hermit:Quickdraw+1","hermit:Headshot","hermit:Glare+1","hermit:NoHoldsBarred","hermit:Dive","hermit:Quickdraw","hermit:TrackingShot","hermit:DeadOrAlive","hermit:Maintenance+1","The Bomb","hermit:Virtue+1","hermit:Glare+1","hermit:Quickdraw","hermit:BodyArmor","hermit:Ricochet","hermit:Snipe"],"relics":["hermit:Momento","Anchor","Toy Ornithopter","Potion Belt","bronze:MakeshiftBattery","Centennial Puzzle","InkBottle"],"acts_visited":["Exordium","TheCity"],"potions_floor_usage":[6,16,16,21,21,33,33],"damage_taken":[{"damage":2,"enemies":"Small Slimes","floor":1,"turns":3},{"damage":0,"enemies":"2 Louse","floor":2,"turns":2},{"damage":4,"enemies":"Jaw Worm","floor":3,"turns":3},{"damage":1,"enemies":"Blue Slaver","floor":4,"turns":3},{"damage":11,"enemies":"Lagavulin","floor":6,"turns":5},{"damage":0,"enemies":"2 Fungi Beasts","floor":10,"turns":2},{"damage":1,"enemies":"Gremlin Gang","floor":12,"turns":3},{"damage":0,"enemies":"Lots of Slimes","floor":13,"turns":2},{"damage":47,"enemies":"Hexaghost","floor":16,"turns":14},{"damage":0,"enemies":"Chosen","floor":18,"turns":3},{"damage":3,"enemies":"2 Thieves","floor":20,"turns":3},{"damage":2,"enemies":"Shelled Parasite and Fungi","floor":21,"turns":6},{"damage":49,"enemies":"Gremlin Leader","floor":23,"turns":8},{"damage":2,"enemies":"Snecko","floor":25,"turns":5},{"damage":9,"enemies":"Snake Plant","floor":28,"turns":5},{"damage":6,"enemies":"Shelled Parasite and Fungi","floor":29,"turns":6},{"damage":84,"enemies":"Automaton","floor":33,"turns":12}],"seed_played":"-3843026143036753378","potions_obtained":[{"floor":3,"key":"AttackPotion"},{"floor":4,"key":"FearPotion"},{"floor":10,"key":"Energy Potion"},{"floor":13,"key":"Strength Potion"},{"floor":20,"key":"Block Potion"},{"floor":28,"key":"LiquidMemories"}],"is_trial":false,"path_per_floor":["M","M","M","M","?","E","R","?","T","M","$","M","M","?","R","B",null,"M","$","M","M","$","E","R","M","T","$","M","M","R","?","R","B"],"character_chosen":"HERMIT","items_purchased":["Potion Belt","The Bomb","hermit:Quickdraw","AttackPotion"],"campfire_rested":2,"item_purchase_floors":[11,19,22,27],"current_hp_per_floor":[80,80,76,75,75,64,64,48,48,48,48,47,47,52,52,15,87,87,87,84,85,85,36,36,34,34,34,25,19,45,45,71,0,0],"gold":73,"neow_bonus":"TEN_PERCENT_HP_BONUS","is_daily":false,"chose_seed":false,"campfire_upgraded":3,"win_rate":0.0,"timestamp":1613926412,"path_taken":["M","M","M","M","?","E","R","?","T","M","$","M","M","?","R","BOSS","M","$","M","M","$","E","R","M","T","$","M","M","R","?","R","BOSS"],"items_purchased_type":["Relic","Card","Card","Potion"],"build_version":"2020-12-22","purchased_purges":0,"victory":false,"max_hp_per_floor":[82,82,82,82,82,82,82,82,82,82,82,82,82,87,87,87,87,87,87,87,87,87,87,87,87,87,87,87,87,87,87,87,87,87],"card_choices":[{"not_picked":["hermit:HighCaliber","hermit:ItchyTrigger"],"picked":"hermit:Gestalt","floor":1},{"not_picked":["hermit:Scavenge","hermit:Horror"],"picked":"hermit:Quickdraw","floor":2},{"not_picked":["hermit:ItchyTrigger","hermit:Roulette"],"picked":"hermit:Headshot","floor":3},{"not_picked":["hermit:TrackingShot","hermit:Misfire"],"picked":"hermit:Glare","floor":4},{"not_picked":["hermit:ItchyTrigger","hermit:Gambit"],"picked":"hermit:NoHoldsBarred","floor":6},{"not_picked":["hermit:Coalescence","hermit:PistolWhip"],"picked":"hermit:Dive","floor":10},{"not_picked":["hermit:Ricochet","hermit:Feint"],"picked":"hermit:Quickdraw","floor":12},{"not_picked":["hermit:Coalescence","hermit:DeadMansHand"],"picked":"hermit:TrackingShot","floor":13},{"not_picked":["hermit:EternalForm","hermit:Purgatory"],"picked":"hermit:DeadOrAlive","floor":16},{"not_picked":["hermit:Glare","hermit:Desperado"],"picked":"hermit:Maintenance","floor":18},{"not_picked":["hermit:Misfire","hermit:TakeAim"],"picked":"hermit:Virtue+1","floor":20},{"not_picked":["hermit:ItchyTrigger","hermit:Coalescence"],"picked":"hermit:Glare+1","floor":21},{"not_picked":["hermit:CursedWeapon","hermit:Brawl+1"],"picked":"hermit:BodyArmor","floor":23},{"not_picked":["hermit:Coalescence+1","hermit:BigShot+1"],"picked":"hermit:Ricochet","floor":25},{"not_picked":["hermit:EternalForm","hermit:Manifest"],"picked":"hermit:Snipe","floor":28},{"not_picked":["hermit:Glare","hermit:LoneWolf","hermit:Spite"],"picked":"SKIP","floor":29}],"player_experience":269033,"relics_obtained":[{"floor":6,"key":"Anchor"},{"floor":9,"key":"Toy Ornithopter"},{"floor":23,"key":"Centennial Puzzle"},{"floor":26,"key":"InkBottle"}],"event_choices":[{"damage_healed":0,"gold_gain":0,"player_choice":"Left Gold","damage_taken":0,"max_hp_gain":0,"max_hp_loss":0,"event_name":"World of Goop","floor":5,"gold_loss":27},{"damage_healed":0,"gold_gain":0,"player_choice":"Entered Light","damage_taken":16,"max_hp_gain":0,"max_hp_loss":0,"event_name":"Shining Light","floor":8,"gold_loss":0,"cards_upgraded":["hermit:Quickdraw","hermit:Covet"]},{"damage_healed":0,"gold_gain":0,"player_choice":"Donut","damage_taken":0,"max_hp_gain":5,"max_hp_loss":0,"event_name":"Big Fish","floor":14,"gold_loss":0}],"is_beta":false,"boss_relics":[{"not_picked":["Busted Crown","SlaversCollar"],"picked":"bronze:MakeshiftBattery"}],"items_purged_floors":[],"is_endless":false,"potions_floor_spawned":[3,4,10,13,20,28],"killed_by":"Automaton","ascension_level":0}}