{"host":"1a8lb11wemezctea","time":1613927293,"event":{"mods":["BaseMod","Colored Powertips","Highlight Path","Minty Spire (QoL Compilation)"],"gold_per_floor":[115,46,60,80,96,130,130,165,189,189,209,15,35,60,60,164,164,195,217,229,260,290,302,314,314],"floor_reached":24,"language":"ENG","playtime":1105,"items_purged":["Strike_B"],"score":297,"play_id":"87b1500f-db82-4335-a6f4-e324a2db230f","local_time":"20210221120813","is_ascension_mode":true,"campfire_choices":[{"data":"Zap","floor":7,"key":"SMITH"},{"data":"Go for the Eyes","floor":15,"key":"SMITH"},{"floor":23,"key":"REST"}],"circlet_count":0,"master_deck":["Strike_B","Strike_B","Defend_B","Defend_B","Defend_B","Defend_B","Zap+1","Dualcast","Conserve Battery","Core Surge","Ball Lightning","Sweeping Beam","Cold Snap","Reinforced Body","Gash","Doom and Gloom","Go for the Eyes+1","Rebound","Gash","Echo Form","CurseOfTheBell","Leap+1","Beam Cell","Steam+1","Leap+1","Conserve Battery+1"],"relics":["Cracked Core","NeowsBlessing","Pantograph","MealTicket","Membership Card","Happy Flower","Calling Bell","MawBank","Toxic Egg 2","Torii"],"acts_visited":["Exordium","TheCity"],"potions_floor_usage":[6,8,14,16,18,24,24],"damage_taken":[{"damage":0,"enemies":"Small Slimes","floor":1,"turns":1},{"damage":0,"enemies":"Cultist","floor":3,"turns":1},{"damage":0,"enemies":"2 Louse","floor":4,"turns":1},{"damage":0,"enemies":"Large Slime","floor":5,"turns":4},{"damage":14,"enemies":"Gremlin Nob","floor":6,"turns":3},{"damage":28,"enemies":"Lagavulin","floor":8,"turns":5},{"damage":4,"enemies":"Blue Slaver","floor":11,"turns":2},{"damage":14,"enemies":"Lots of Slimes","floor":13,"turns":2},{"damage":4,"enemies":"Gremlin Nob","floor":14,"turns":4},{"damage":24,"enemies":"The Guardian","floor":16,"turns":9},{"damage":16,"enemies":"2 Thieves","floor":18,"turns":3},{"damage":1,"enemies":"Spheric Guardian","floor":19,"turns":3},{"damage":7,"enemies":"Centurion and Healer","floor":21,"turns":5},{"damage":20,"enemies":"Shelled Parasite and Fungi","floor":22,"turns":6},{"damage":55,"enemies":"Gremlin Leader","floor":24,"turns":8}],"seed_played":"-5229723296282205336","potions_obtained":[{"floor":4,"key":"FocusPotion"},{"floor":6,"key":"Regen Potion"},{"floor":8,"key":"Block Potion"},{"floor":13,"key":"Dexterity Potion"},{"floor":14,"key":"DistilledChaos"},{"floor":21,"key":"FearPotion"},{"floor":22,"key":"Explosive Potion"}],"is_trial":false,"path_per_floor":["M","$","M","M","M","E","R","E","T","?","M","$","M","E","R","B",null,"M","M","?","M","M","R","E"],"character_chosen":"DEFECT","items_purchased":["Core Surge","Membership Card","Rebound"],"campfire_rested":1,"item_purchase_floors":[2,12,12],"current_hp_per_floor":[68,68,68,68,68,54,54,40,40,40,36,51,37,33,33,34,65,49,48,48,41,21,43,0,0],"gold":314,"neow_bonus":"THREE_ENEMY_KILL","is_daily":false,"chose_seed":false,"campfire_upgraded":2,"win_rate":0.0,"timestamp":1613927293,"path_taken":["M","$","M","M","M","E","R","E","T","?","M","$","?","E","R","BOSS","M","M","?","M","M","R","E"],"items_purchased_type":["Card","Relic","Card"],"build_version":"2020-12-22","purchased_purges":1,"victory":false,"max_hp_per_floor":[75,75,75,75,75,75,75,75,75,75,75,75,75,75,75,75,75,75,75,75,75,75,75,75,75],"card_choices":[{"not_picked":["Coolheaded","Darkness"],"picked":"Conserve Battery","floor":1},{"not_picked":["Cold Snap","Coolheaded"],"picked":"Ball Lightning","floor":3},{"not_picked":["Loop","Compile Driver"],"picked":"Sweeping Beam","floor":4},{"not_picked":["Sweeping Beam","Chaos"],"picked":"Cold Snap","floor":5},{"not_picked":["Force Field","Steam"],"picked":"Reinforced Body","floor":6},{"not_picked":["Skim","Hologram"],"picked":"Gash","floor":8},{"not_picked":["Loop","Rebound"],"picked":"Go for the Eyes","floor":11},{"not_picked":["Conserve Battery","Rebound"],"picked":"Gash","floor":13},{"not_picked":["Thunder Strike","Coolheaded","Cold Snap"],"picked":"SKIP","floor":14},{"not_picked":["Thunder Strike","Coolheaded","Cold Snap"],"picked":"SKIP","floor":14},{"not_picked":["Rainbow","Fission"],"picked":"Echo Form","floor":16},{"not_picked":["FTL","Ball Lightning"],"picked":"Leap+1","floor":18},{"not_picked":["Tempest+1","Self Repair"],"picked":"Beam Cell","floor":19},{"not_picked":["Tempest+1","Scrape"],"picked":"Leap+1","floor":21},{"not_picked":["Lockon","Barrage"],"picked":"Conserve Battery+1","floor":22}],"player_experience":286259,"relics_obtained":[{"floor":6,"key":"Pantograph"},{"floor":8,"key":"MealTicket"},{"floor":14,"key":"Happy Flower"},{"floor":17,"key":"MawBank"},{"floor":17,"key":"Toxic Egg 2"},{"floor":17,"key":"Torii"}],"event_choices":[{"damage_healed":0,"gold_gain":0,"cards_transformed":["Strike_B"],"player_choice":"Transformed","damage_taken":0,"max_hp_gain":0,"max_hp_loss":0,"event_name":"Transmorgrifier","floor":10,"gold_loss":0,"cards_obtained":["Doom and Gloom"]},{"damage_healed":0,"gold_gain":0,"player_choice":"Read","damage_taken":0,"max_hp_gain":0,"max_hp_loss":0,"event_name":"The Library","floor":20,"gold_loss":0,"cards_obtained":["Steam"]}],"is_beta":false,"boss_relics":[{"not_picked":["Runic Dome","Empty Cage"],"picked":"Calling Bell"}],"items_purged_floors":[12],"is_endless":false,"potions_floor_spawned":[4,6,8,13,14,21,22],"killed_by":"Gremlin Leader","ascension_level":7}}