{"host":"yfi73559mxreacvo","time":1613872855,"event":{"mods":["AchievementEnabler","Act Like it!","Aspiration","BaseMod","Better Third Choice","BetterRewards","Colored Map","Conspire","Evolution","GifTheSpireLib","Halation","HexUI Lib","Highlight Path","Hubris","Minty Spire (QoL Compilation)","Prisma Mod","Railgun Mod","Reliquary","Replay The Spire","StSLib","Stuff the Spire","Wandering Minibosses"],"gold_per_floor":[118,136,61,79,79,113,113,113,113,125,157,29,73,92,92,198,198,221,71,71,91,126,126,126,126],"floor_reached":25,"language":"ENG","playtime":1070,"items_purged":["PrismaMod:IllyaUncommonAttack","PrismaMod:IllyaCommonAttack"],"score":332,"play_id":"0de7bb85-ad6b-40f7-90d3-5092434bd69e","local_time":"20210220210055","is_ascension_mode":true,"campfire_choices":[{"data":"PrismaMod:IllyaUncommonDefend","floor":8,"key":"SMITH"},{"data":"PrismaMod:IllyaHassanGift","floor":15,"key":"SMITH"},{"data":"PrismaMod:IllyaUberPoisonChannel","floor":24,"key":"SMITH"}],"circlet_count":0,"master_deck":["PrismaMod:IllyaAOECommonAttack","PrismaMod:IllyaCommonDefend","PrismaMod:IllyaCommonDefend","PrismaMod:IllyaCommonDefend","PrismaMod:IllyaCommonAttack","PrismaMod:IllyaCommonDefend","PrismaMod:IllyaUncommonDefend+1","PrismaMod:IllyaHassanGift+1","PrismaMod:IllyaBoysLove","PrismaMod:IllyaUberPoisonBlock","PrismaMod:IllyaPoisonTippedWeapons+1","PrismaMod:IllyaDevil","PrismaMod:IllyaUpgradeOrbs","PrismaMod:IllyaUberPoisonChannel+1","PrismaMod:IllyaFeed","PrismaMod:IllyaFriendMaker"],"relics":["PrismaMod:PrismaRuby","EVO:Axolotl","Omamori","CeramicFish","hubris:PeanutButter","hubris:Teleporter","Bag of Marbles","Empty Cage","Kunai","StuffTheSpire:PointBlank"],"acts_visited":["Exordium","TheCity"],"potions_floor_usage":[5,13,16,16,16,18,23],"damage_taken":[{"damage":0,"enemies":"2 Louse","floor":1,"turns":2},{"damage":0,"enemies":"Small Slimes","floor":2,"turns":5},{"damage":0,"enemies":"Cultist","floor":4,"turns":5},{"damage":0,"enemies":"Lots of Slimes","floor":5,"turns":1},{"damage":15,"enemies":"3 Sentries","floor":6,"turns":8},{"damage":0,"enemies":"Exordium Wildlife","floor":10,"turns":7},{"damage":0,"enemies":"Replay:BlueRogue","floor":11,"turns":10},{"damage":24,"enemies":"Gremlin Nob","floor":13,"turns":6},{"damage":0,"enemies":"3 Louse","floor":14,"turns":3},{"damage":4,"enemies":"The Guardian","floor":16,"turns":8},{"damage":8,"enemies":"2 Thieves","floor":18,"turns":5},{"damage":4,"enemies":"Shell Parasite","floor":21,"turns":6},{"damage":44,"enemies":"Book of Stabbing","floor":23,"turns":7},{"damage":34,"enemies":"conspire:Head Lice","floor":25,"turns":5}],"seed_played":"6496175779416617457","potions_obtained":[{"floor":2,"key":"SmokeBomb"},{"floor":11,"key":"SteroidPotion"},{"floor":14,"key":"EntropicBrew"},{"floor":16,"key":"Fire Potion"},{"floor":18,"key":"Strength Potion"},{"floor":21,"key":"Strength Potion"}],"is_trial":false,"path_per_floor":["M","M","$","M","M","E","?","R","T","M","E","$","E","M","R","B",null,"M","$","?","M","E","R","E"],"character_chosen":"ILLYA","items_purchased":["PrismaMod:IllyaPoisonTippedWeapons+1","PrismaMod:IllyaUberPoisonChannel"],"campfire_rested":0,"item_purchase_floors":[12,19],"current_hp_per_floor":[75,75,75,75,75,60,60,60,60,60,60,60,36,36,36,32,75,67,67,67,63,34,34,0,0],"gold":126,"neow_bonus":"RANDOM_COMMON_RELIC","is_daily":false,"chose_seed":false,"campfire_upgraded":3,"win_rate":0.0,"timestamp":1613872855,"path_taken":["M","M","$","M","M","E","?","R","T","M","E","$","E","M","R","BOSS","M","$","?","?","E","R","E"],"items_purchased_type":["Card","Card"],"build_version":"2020-12-22","purchased_purges":2,"victory":false,"max_hp_per_floor":[75,75,75,75,75,75,75,75,75,75,75,75,75,75,75,75,75,75,75,75,75,75,75,75,75],"card_choices":[{"not_picked":["PrismaMod:IllyaBoysLove","PrismaMod:IllyaBride"],"picked":"PrismaMod:IllyaHassanGift","floor":1},{"not_picked":["PrismaMod:IllyaBerserCAR","PrismaMod:IllyaAOECommonAttack","PrismaMod:IllyaCheapChannelDefend"],"picked":"SKIP","floor":2},{"not_picked":["PrismaMod:IllyaEvokeAll","PrismaMod:IllyaUberAttackChannel"],"picked":"PrismaMod:IllyaBoysLove","floor":4},{"not_picked":["PrismaMod:IllyaMinorRapidFire","PrismaMod:IllyaRubysPotion"],"picked":"PrismaMod:IllyaUberPoisonBlock","floor":6},{"not_picked":["PrismaMod:IllyaCheapAttack","PrismaMod:IllyaRussianRoulette","PrismaMod:IllyaUpgradeOrbs"],"picked":"SKIP","floor":10},{"not_picked":["PrismaMod:IllyaZwei","PrismaMod:IllyaCheapChannelDefend","PrismaMod:IllyaAOECommonAttack"],"picked":"SKIP","floor":11},{"not_picked":["PrismaMod:IllyaMaid","PrismaMod:IllyaReinForce"],"picked":"PrismaMod:IllyaDevil","floor":13},{"not_picked":["PrismaMod:IllyaAOECommonAttack","PrismaMod:IllyaUpgradeOrbs","PrismaMod:IllyaAssassinRevenge"],"picked":"SKIP","floor":14},{"not_picked":["PrismaMod:IllyaInstallBerserker","PrismaMod:IllyaInstallLancer"],"picked":"PrismaMod:IllyaUberPoisonChannel","floor":16},{"not_picked":["PrismaMod:IllyaCheapChannelAttack","PrismaMod:IllyaRubysPotion"],"picked":"PrismaMod:IllyaUpgradeOrbs","floor":18},{"not_picked":["PrismaMod:IllyaBerserCAR","PrismaMod:IllyaDualEvoke"],"picked":"PrismaMod:IllyaFeed","floor":21},{"not_picked":["PrismaMod:IllyaMaid","PrismaMod:IllyaGrailKun"],"picked":"PrismaMod:IllyaFriendMaker","floor":23}],"player_experience":530988,"relics_obtained":[{"floor":6,"key":"CeramicFish"},{"floor":9,"key":"hubris:PeanutButter"},{"floor":11,"key":"hubris:Teleporter"},{"floor":13,"key":"Bag of Marbles"},{"floor":23,"key":"StuffTheSpire:PointBlank"}],"event_choices":[{"cards_removed":["PrismaMod:IllyaUberPoisonChannel"],"damage_healed":0,"gold_gain":0,"player_choice":"Gave Card","damage_taken":0,"relics_obtained":["Kunai"],"max_hp_gain":0,"max_hp_loss":0,"event_name":"WeMeetAgain","floor":20,"gold_loss":0}],"is_beta":false,"boss_relics":[{"not_picked":["halation:PlatinumPhoenix","hubris:VirtuousBlindfold"],"picked":"Empty Cage"}],"items_purged_floors":[3,12],"is_endless":false,"potions_floor_spawned":[2,5,11,14,16,18,21],"killed_by":"conspire:Head Lice","ascension_level":1}}