{"host":"fhwr1fuluf6086fh","time":1613881237,"event":{"mods":["2.2 Compatiblity","Act Like it!","BaseMod","Colored Map","Downfall","Elementarium","Minty Spire (QoL Compilation)","StSLib"],"gold_per_floor":[99,110,120,134,150,183,257,257,167,184,20,46,46,57,77,178,178,178,198,213,98,98,114,114,46,66,66,66,29,29,60,71,174,174,74,92,103,121,141,12,12,65,65,81,112,12,23,36,50,50],"floor_reached":51,"language":"ENG","playtime":11128,"items_purged":["bronze:Strike","bronze:Defend"],"score":740,"play_id":"b8d34954-3d0a-4c82-94df-95c34694076c","local_time":"20210220232037","is_ascension_mode":false,"campfire_choices":[{"data":"bronze:Replicate","floor":1.0,"key":"SMITH"},{"data":"bronze:Philosophize","floor":8,"key":"SMITH"},{"data":"bronze:Goto","floor":13,"key":"SMITH"},{"data":"bronze:Repulsor","floor":18,"key":"SMITH"},{"data":"bronze:Terminator","floor":30,"key":"SMITH"},{"floor":35,"key":"RECALL"},{"floor":43,"key":"REST"},{"floor":46,"key":"REST"}],"circlet_count":0,"master_deck":["bronze:Defend","bronze:Defend","bronze:Defend","bronze:Replicate+1","bronze:Goto+1","bronze:Philosophize+1","bronze:BuggyMess","bronze:Constructor","bronze:Terminator+1","bronze:Repulsor+1","bronze:Break","bronze:ItsAFeature","bronze:Turbo","bronze:Allocate","bronze:BugBarrage","bronze:CutThrough","bronze:WhirlingStrike+1","bronze:Boost+1","bronze:FollowUp+1","bronze:DelayedGuard","bronze:Branch+1","bronze:Deprecate+1","downfall:Bewildered","bronze:ForLoop+1","bronze:SpaghettiCode","bronze:Iterate","bronze:FineTuning+1","bronze:Return","bronze:FineTuning+1","bronze:DelayedSlice","bronze:HyperBeam","bronze:Format","bronze:Iterate+1","bronze:ChildClass","bronze:Return","bronze:ForceShield+1","bronze:MaxOutput","bronze:Terminator+1","bronze:ItsAFeature","bronze:Safeguard","bronze:FineTuning+1","bronze:Optimize","bronze:Format"],"relics":["bronze:BronzeCore","CaptainsWheel","Ice Cream","Pantograph","Chemical X","Orichalcum","Astrolabe","sneckomod:BabySnecko","Question Card","Happy Flower","Meat on the Bone","Bottled Flame","Fusion Hammer","downfall:HeartBlessingGreen","Turnip","TungstenRod","Bronze Scales","downfall:HeartBlessingRed"],"acts_visited":["Exordium","TheCity","TheBeyond"],"potions_floor_usage":[12,12,12,16,16,31,32,33,33,38,42,49,50,50],"damage_taken":[{"damage":1.0,"enemies":"Jaw Worm","floor":2.0,"turns":4.0},{"damage":2.0,"enemies":"2 Louse","floor":3.0,"turns":3.0},{"damage":7,"enemies":"Small Slimes","floor":4,"turns":3},{"damage":0,"enemies":"Blue Slaver","floor":5,"turns":4},{"damage":10,"enemies":"Lagavulin","floor":6,"turns":6},{"damage":0,"enemies":"downfall:FleeingMerchant","floor":9,"turns":4},{"damage":3,"enemies":"Exordium Wildlife","floor":10,"turns":3},{"damage":0,"enemies":"downfall:FleeingMerchant","floor":11,"turns":4},{"damage":3,"enemies":"Gremlin Nob","floor":12,"turns":4},{"damage":0,"enemies":"Exordium Thugs","floor":14,"turns":6},{"damage":16,"enemies":"Lots of Slimes","floor":15,"turns":5},{"damage":39,"enemies":"WA_ARCHETYPE_RETAIN","floor":16,"turns":7},{"damage":5,"enemies":"Shell Parasite","floor":19,"turns":3},{"damage":1,"enemies":"3 Byrds","floor":20,"turns":6},{"damage":0,"enemies":"downfall:FleeingMerchant","floor":21,"turns":4},{"damage":2,"enemies":"3 Cultists","floor":23,"turns":5},{"damage":3,"enemies":"downfall:FleeingMerchant","floor":25,"turns":4},{"damage":0,"enemies":"Cultist and Chosen","floor":26,"turns":4},{"damage":0,"enemies":"downfall:FleeingMerchant","floor":29,"turns":1},{"damage":18,"enemies":"Slavers","floor":31,"turns":3},{"damage":0,"enemies":"Chosen and Byrds","floor":32,"turns":3},{"damage":32,"enemies":"DF_ARCHETYPE_CLAW","floor":33,"turns":6},{"damage":2,"enemies":"Orb Walker","floor":36,"turns":2},{"damage":5,"enemies":"3 Shapes","floor":37,"turns":3},{"damage":40,"enemies":"Transient","floor":38,"turns":5},{"damage":16,"enemies":"Maw","floor":39,"turns":5},{"damage":15,"enemies":"2 Orb Walkers","floor":42,"turns":3},{"damage":0,"enemies":"Sphere and 2 Shapes","floor":44,"turns":3},{"damage":0,"enemies":"Giant Head","floor":45,"turns":8},{"damage":0,"enemies":"4 Shapes","floor":47,"turns":2},{"damage":0,"enemies":"Spire Growth","floor":48,"turns":4},{"damage":3,"enemies":"Writhing Mass","floor":49,"turns":5},{"damage":21,"enemies":"IC_BLOCK_ARCHETYPE","floor":50,"turns":6}],"seed_played":"8314381862445464632","potions_obtained":[{"floor":4,"key":"SpeedPotion"},{"floor":6,"key":"EssenceOfSteel"},{"floor":10,"key":"Block Potion"},{"floor":12,"key":"champ:CounterPotion"},{"floor":14,"key":"Ancient Potion"},{"floor":16,"key":"SpeedPotion"},{"floor":20,"key":"EssenceOfSteel"},{"floor":23,"key":"Strength Potion"},{"floor":26,"key":"Dexterity Potion"},{"floor":31,"key":"DuplicationPotion"},{"floor":33,"key":"Strength Potion"},{"floor":36,"key":"Weak Potion"},{"floor":37,"key":"hexamod:SoulburnPotion"},{"floor":44,"key":"champ:CounterPotion"},{"floor":45,"key":"Slimebound:ThreeZeroPotion"},{"floor":48,"key":"BlessingOfTheForge"}],"is_trial":false,"path_per_floor":["R","M","M","M","M","E","T","R","$","M","$","E","R","M","M","B",null,"R","M","M","$","?","M","T","$","M","?","?","$","R","E","M","B",null,"R","M","M","M","M","$","T","?","R","M","E","R","M","M","M","B",null],"character_chosen":"THE_AUTOMATON","items_purchased":["Chemical X","bronze:Iterate","Happy Flower","Meat on the Bone","bronze:MaxOutput","SkillPotion"],"campfire_rested":2,"item_purchase_floors":[11,25,29,29,40,40],"current_hp_per_floor":[63,62,60,53,53,43,43,43,43,40,40,37,37,37,21,7,63,63,58,57,57,57,55,55,52,52,52,73,73,73,55,55,41,73,73,71,66,38,34,34,34,31,52,52,52,73,73,73,70,52],"gold":50,"neow_bonus":"ONE_RARE_RELIC","is_daily":false,"chose_seed":false,"campfire_upgraded":5,"win_rate":0.0,"timestamp":1613881237,"path_taken":["R","M","M","M","M","E","T","R","$","M","$","E","R","M","M","BOSS","R","M","M","$","?","M","T","$","M","?","?","?","R","E","M","BOSS","R","M","M","M","M","$","T","?","R","M","E","R","M","M","M","BOSS"],"items_purchased_type":["Relic","Card","Relic","Relic","Card","Potion"],"build_version":"2020-12-22","purchased_purges":2,"victory":true,"max_hp_per_floor":[63,63,63,63,63,63,63,63,63,63,63,63,63,63,63,63,63,63,63,63,63,63,63,63,63,63,63,73,73,73,73,73,73,73,73,73,73,73,73,73,73,73,73,73,73,73,73,73,73,73],"card_choices":[{"not_picked":["bronze:Invalidate","bronze:WhirlingStrike"],"picked":"bronze:Philosophize","floor":2.0},{"not_picked":["bronze:Deprecate","bronze:Branch"],"picked":"bronze:BuggyMess","floor":3.0},{"not_picked":["bronze:DelayedSlice","bronze:DelayedGuard"],"picked":"bronze:Constructor","floor":4},{"not_picked":["bronze:Fortify","bronze:NullPointer"],"picked":"bronze:Terminator","floor":5},{"not_picked":["bronze:Optimize","bronze:Shield"],"picked":"bronze:Repulsor","floor":6},{"not_picked":["bronze:OilSpill","bronze:BugBarrage"],"picked":"bronze:Break","floor":9},{"not_picked":["bronze:Return","bronze:Branch"],"picked":"bronze:ItsAFeature","floor":10},{"not_picked":["bronze:Backtrace","bronze:Boost"],"picked":"bronze:Turbo","floor":11},{"not_picked":["bronze:FineTuning","bronze:Safeguard"],"picked":"bronze:Allocate","floor":12},{"not_picked":["bronze:WildBeam","bronze:CutThrough"],"picked":"bronze:BugBarrage","floor":14},{"not_picked":["bronze:Overheat","bronze:NullPointer"],"picked":"bronze:CutThrough","floor":15},{"not_picked":["bronze:BurnOut","bronze:FindAndReplace"],"picked":"bronze:SpaghettiCode","floor":16},{"not_picked":["bronze:Safeguard","bronze:Invalidate"],"picked":"bronze:DelayedGuard","floor":19},{"not_picked":["bronze:Philosophize","bronze:FineTuning"],"picked":"bronze:Branch+1","floor":20},{"not_picked":["bronze:FineTuning","bronze:Turbo"],"picked":"bronze:Deprecate+1","floor":21},{"not_picked":["bronze:BitShift","bronze:Repulsor"],"picked":"bronze:ForLoop+1","floor":23},{"not_picked":["bronze:Frontload","bronze:CutThrough","bronze:Deprecate"],"picked":"bronze:SpaghettiCode","floor":25},{"not_picked":["bronze:Turbo","bronze:DarkDash","bronze:Frontload"],"picked":"bronze:FineTuning+1","floor":26},{"not_picked":["bronze:Constructor","bronze:DarkDash","bronze:Frontload"],"picked":"bronze:FineTuning+1","floor":29},{"not_picked":["bronze:FineTuning","bronze:NullPointer","bronze:WildBeam"],"picked":"bronze:DelayedSlice","floor":31},{"not_picked":["bronze:Overheat+1","bronze:ChildClass","bronze:BugBarrage"],"picked":"bronze:HyperBeam","floor":32},{"not_picked":["bronze:BurnOut","bronze:Mutator","bronze:AlphaBuild"],"picked":"bronze:Format","floor":33},{"not_picked":["bronze:Separator+1","bronze:GetLatest","bronze:ChildClass+1"],"picked":"bronze:Iterate+1","floor":36},{"not_picked":["bronze:DigitalCarnage+1","bronze:Optimize","bronze:Turbo"],"picked":"bronze:ChildClass","floor":37},{"not_picked":["bronze:FineTuning","bronze:BronzeArmor","bronze:Constructor"],"picked":"bronze:Return","floor":38},{"not_picked":["bronze:OilSpill+1","bronze:Constructor+1","bronze:Format"],"picked":"bronze:ForceShield+1","floor":39},{"not_picked":["bronze:OilSpill","bronze:BugBarrage+1","bronze:Deprecate"],"picked":"bronze:Terminator+1","floor":42},{"not_picked":["bronze:Turbo","bronze:CloningBeam","bronze:Overload+1"],"picked":"bronze:ItsAFeature","floor":44},{"not_picked":["bronze:Invalidate","bronze:Optimize","bronze:Overload+1"],"picked":"bronze:Safeguard","floor":45},{"not_picked":["bronze:Overheat+1","bronze:Overload","bronze:Branch"],"picked":"bronze:FineTuning+1","floor":47},{"not_picked":["bronze:DelayedSlice","bronze:WildBeam","bronze:CutThrough"],"picked":"bronze:Optimize","floor":48},{"not_picked":["bronze:Constructor+1","bronze:BitShift+1","bronze:BronzeArmor"],"picked":"bronze:Format","floor":49}],"player_experience":1020655,"relics_obtained":[{"floor":6,"key":"Ice Cream"},{"floor":7,"key":"Pantograph"},{"floor":12,"key":"Orichalcum"},{"floor":24,"key":"Question Card"},{"floor":31,"key":"Bottled Flame"},{"floor":41,"key":"Turnip"},{"floor":42,"key":"TungstenRod"},{"floor":45,"key":"Bronze Scales"}],"event_choices":[{"damage_healed":0,"gold_gain":0,"player_choice":"Read","damage_taken":0,"max_hp_gain":0,"max_hp_loss":0,"event_name":"The Library","floor":27,"gold_loss":0,"cards_obtained":["bronze:Return"]},{"damage_healed":0,"gold_gain":0,"player_choice":"Fight","damage_taken":0,"max_hp_gain":0,"max_hp_loss":0,"event_name":"Mysterious Sphere","floor":42,"gold_loss":0}],"is_beta":false,"boss_relics":[{"not_picked":["Runic Pyramid","SlaversCollar"],"picked":"Astrolabe"},{"not_picked":["Black Star","Coffee Dripper"],"picked":"Fusion Hammer"}],"items_purged_floors":[9,21],"is_endless":false,"potions_floor_spawned":[4,6,10,12,14,16,20,23,26,31,33,36,37,44,45,48],"ascension_level":0}}