{"host":"b2wyehkzh0jyd7g0","time":1613892264,"event":{"mods":["Act Like it!","BaseMod","Friendly Minions","Hermit","KinomotoSakuraMod(Ä¾Ö®±¾Ó£)","Marisa£¨ìFÓê¡¡Ä§ÀíÉ³£©","Minty Spire (QoL Compilation)","StSLib","The Administrix"],"gold_per_floor":[110,110,110,127,127,154,154,154,154,154,154,168,183,196,196,326,326,340,364,382,25,39,79,79,117,144,168,189,189,189,189,189],"floor_reached":31,"language":"ZHS","playtime":3026,"items_purged":["Regret"],"score":302,"play_id":"0b2b0f2b-2194-4f6d-9dce-2e02c1749a30","local_time":"20210221152424","is_ascension_mode":false,"campfire_choices":[{"data":"Dualcast","floor":7,"key":"SMITH"},{"floor":10,"key":"REST"},{"data":"Zap","floor":15,"key":"SMITH"},{"floor":24,"key":"REST"}],"circlet_count":0,"master_deck":["Strike_B","Strike_B","Strike_B","Strike_B","Defend_B+1","Defend_B","Defend_B+1","Defend_B+1","Zap+1","Dualcast+1","Barrage","Lockon","Chill+1","Conserve Battery","Cold Snap","Rainbow","CurseOfTheBell","Redo","Blizzard","Static Discharge","Doom and Gloom","Ball Lightning","Barrage","Redo+1"],"relics":["Cracked Core","NeowsBlessing","Potion Belt","Torii","Orichalcum","Bloody Idol","HornCleat","Calling Bell","Art of War","Shuriken","StoneCalendar","Oddly Smooth Stone","PreservedInsect","Omamori","War Paint"],"acts_visited":["Exordium","TheCity"],"potions_floor_usage":[20,23,23,27],"damage_taken":[{"damage":0,"enemies":"Small Slimes","floor":1,"turns":1},{"damage":0,"enemies":"Jaw Worm","floor":4,"turns":1},{"damage":0,"enemies":"Gremlin Nob","floor":6,"turns":1},{"damage":0,"enemies":"2 Louse","floor":12,"turns":2},{"damage":4,"enemies":"Large Slime","floor":13,"turns":6},{"damage":2,"enemies":"Exordium Thugs","floor":14,"turns":5},{"damage":21,"enemies":"Hexaghost","floor":16,"turns":13},{"damage":4,"enemies":"Chosen","floor":18,"turns":4},{"damage":13,"enemies":"3 Byrds","floor":19,"turns":6},{"damage":25,"enemies":"Snecko","floor":20,"turns":7},{"damage":16,"enemies":"Centurion and Healer","floor":22,"turns":7},{"damage":7,"enemies":"Gremlin Leader","floor":23,"turns":7},{"damage":15,"enemies":"Book of Stabbing","floor":25,"turns":4},{"damage":8,"enemies":"Snake Plant","floor":27,"turns":3},{"damage":2,"enemies":"Sentry and Sphere","floor":28,"turns":5},{"damage":11,"enemies":"Centurion and Healer","floor":31,"turns":4}],"seed_played":"7980838839530828168","potions_obtained":[{"floor":4,"key":"BlessingOfTheForge"},{"floor":12,"key":"SmokeBomb"},{"floor":14,"key":"CultistPotion"},{"floor":16,"key":"SteroidPotion"},{"floor":19,"key":"FearPotion"},{"floor":25,"key":"Weak Potion"},{"floor":27,"key":"Block Potion"},{"floor":28,"key":"DuplicationPotion"}],"is_trial":false,"path_per_floor":["M","?","?","M","?","E","R","?","T","R","T","M","M","M","R","B",null,"M","M","M","$","M","E","R","E","T","M","M","?","?","M"],"character_chosen":"DEFECT","items_purchased":["Oddly Smooth Stone","Doom and Gloom","Ball Lightning"],"campfire_rested":2,"item_purchase_floors":[21,21,21],"current_hp_per_floor":[75,75,60,60,53,53,53,35,35,57,57,57,53,51,51,30,75,71,58,33,33,17,10,32,17,17,9,7,7,7,0,0],"gold":189,"neow_bonus":"THREE_ENEMY_KILL","is_daily":false,"chose_seed":false,"campfire_upgraded":2,"win_rate":0.0,"timestamp":1613892264,"path_taken":["M","?","?","M","?","E","R","?","T","R","?","M","?","M","R","BOSS","M","M","M","$","M","E","R","E","T","M","M","?","?","M"],"items_purchased_type":["Relic","Card","Card"],"build_version":"2020-12-22","purchased_purges":1,"victory":false,"max_hp_per_floor":[75,75,75,75,75,75,75,75,75,75,75,75,75,75,75,75,75,75,75,75,75,75,75,75,75,75,75,75,75,75,75,75],"card_choices":[{"not_picked":["Stack","Blizzard"],"picked":"Barrage","floor":1},{"not_picked":["Skim","Double Energy"],"picked":"Lockon","floor":4},{"not_picked":["Genetic Algorithm","Beam Cell"],"picked":"Chill","floor":6},{"not_picked":["Genetic Algorithm","Gash"],"picked":"Conserve Battery","floor":12},{"not_picked":["Steam","Streamline","Go for the Eyes"],"picked":"SKIP","floor":13},{"not_picked":["Biased Cognition","Self Repair"],"picked":"Cold Snap","floor":14},{"not_picked":["Reboot","Multi-Cast"],"picked":"Rainbow","floor":16},{"not_picked":["Steam","Compile Driver+1"],"picked":"Redo","floor":18},{"not_picked":["Gash+1","Skim+1"],"picked":"Blizzard","floor":19},{"not_picked":["Compile Driver","Gash"],"picked":"Static Discharge","floor":20},{"not_picked":["Reboot","Beam Cell","Stack"],"picked":"SKIP","floor":22},{"not_picked":["White Noise","Creative AI"],"picked":"Barrage","floor":23},{"not_picked":["Ball Lightning","Beam Cell","Storm"],"picked":"SKIP","floor":25},{"not_picked":["Compile Driver+1","Steam","Go for the Eyes"],"picked":"SKIP","floor":27},{"not_picked":["Hologram","Sweeping Beam+1"],"picked":"Redo","floor":28}],"player_experience":287611,"relics_obtained":[{"floor":6,"key":"Orichalcum"},{"floor":11,"key":"HornCleat"},{"floor":17,"key":"Art of War"},{"floor":17,"key":"Shuriken"},{"floor":17,"key":"StoneCalendar"},{"floor":23,"key":"PreservedInsect"},{"floor":25,"key":"Omamori"},{"floor":26,"key":"War Paint"}],"event_choices":[{"damage_healed":0,"gold_gain":0,"player_choice":"Box","damage_taken":0,"relics_obtained":["Potion Belt"],"max_hp_gain":0,"max_hp_loss":0,"event_name":"Big Fish","floor":2,"gold_loss":0,"cards_obtained":["Regret"]},{"damage_healed":0,"gold_gain":0,"player_choice":"Entered Light","damage_taken":15,"max_hp_gain":0,"max_hp_loss":0,"event_name":"Shining Light","floor":3,"gold_loss":0,"cards_upgraded":["Defend_B","Defend_B"]},{"damage_healed":0,"gold_gain":0,"player_choice":"Success","damage_taken":7,"relics_obtained":["Torii"],"max_hp_gain":0,"max_hp_loss":0,"event_name":"Scrap Ooze","floor":5,"gold_loss":0},{"damage_healed":0,"gold_gain":0,"player_choice":"Take Damage","damage_taken":18,"relics_obtained":["Golden Idol"],"max_hp_gain":0,"max_hp_loss":0,"event_name":"Golden Idol","floor":8,"gold_loss":0},{"damage_healed":0,"gold_gain":0,"player_choice":"Gave Idol","damage_taken":0,"relics_obtained":["Bloody Idol"],"max_hp_gain":0,"max_hp_loss":0,"event_name":"Forgotten Altar","floor":29,"relics_lost":["Golden Idol"],"gold_loss":0},{"damage_healed":0,"gold_gain":0,"player_choice":"Forge","damage_taken":0,"max_hp_gain":0,"max_hp_loss":0,"event_name":"Accursed Blacksmith","floor":30,"gold_loss":0,"cards_upgraded":["Redo"]}],"is_beta":false,"boss_relics":[{"not_picked":["Cursed Key","FrozenCore"],"picked":"Calling Bell"}],"items_purged_floors":[21],"is_endless":false,"potions_floor_spawned":[4,12,14,16,19,25,27,28],"killed_by":"Centurion and Healer","ascension_level":0}}