{"host":"nsc6ozq3atyrdr3m","time":1613906911,"event":{"mods":["BaseMod","Colored Map","Minty Spire (QoL Compilation)"],"gold_per_floor":[119,134,134,134,53,89,102,116,140,140,184,359,359,359,359,479,479,494,494,513,1,1,1],"floor_reached":22,"language":"FRA","playtime":350,"items_purged":["Regret"],"score":293,"play_id":"5edcc65a-1dd0-4684-8e1a-bc81f0d7b268","local_time":"20210221122831","is_ascension_mode":true,"campfire_choices":[{"floor":13,"key":"REST"},{"data":"Storm","floor":15,"key":"SMITH"}],"circlet_count":0,"master_deck":["Dualcast","Hologram","Beam Cell","Storm+1","Conserve Battery","Static Discharge+1","Gash","Electrodynamics","Capacitor","Leap"],"relics":["Cracked Core","NeowsBlessing","Regal Pillow","Golden Idol","Omamori","Nunchaku","InkBottle","Pandora\u0027s Box","FossilizedHelix","DataDisk"],"acts_visited":["Exordium","TheCity"],"potions_floor_usage":[11,11,20,22],"damage_taken":[{"damage":0,"enemies":"Cultist","floor":1,"turns":1},{"damage":0,"enemies":"Jaw Worm","floor":2,"turns":1},{"damage":0,"enemies":"Lagavulin","floor":6,"turns":1},{"damage":4,"enemies":"2 Louse","floor":7,"turns":2},{"damage":13,"enemies":"2 Fungi Beasts","floor":8,"turns":5},{"damage":42,"enemies":"Gremlin Nob","floor":11,"turns":4},{"damage":40,"enemies":"Hexaghost","floor":16,"turns":6},{"damage":25,"enemies":"Shell Parasite","floor":18,"turns":4},{"damage":8,"enemies":"3 Byrds","floor":20,"turns":2},{"damage":28,"enemies":"Shelled Parasite and Fungi","floor":22,"turns":2}],"seed_played":"8527876098582414921","potions_obtained":[{"floor":1,"key":"ColorlessPotion"},{"floor":6,"key":"SteroidPotion"},{"floor":7,"key":"ColorlessPotion"},{"floor":16,"key":"Block Potion"},{"floor":20,"key":"EssenceOfSteel"}],"is_trial":false,"path_per_floor":["M","M","?","?","$","E","M","M","T","?","E","?","R","?","R","B",null,"M","?","M","$","M"],"character_chosen":"DEFECT","items_purchased":["Storm","FossilizedHelix","DataDisk"],"campfire_rested":1,"item_purchase_floors":[5,21,21],"current_hp_per_floor":[68,68,68,68,68,68,64,51,51,51,9,9,44,44,44,4,53,28,28,20,20,0,0],"gold":1,"neow_bonus":"THREE_ENEMY_KILL","is_daily":false,"chose_seed":false,"campfire_upgraded":1,"win_rate":0.0,"timestamp":1613906911,"path_taken":["M","M","?","?","$","E","M","M","T","?","E","?","R","?","R","BOSS","M","?","M","$","M"],"items_purchased_type":["Card","Relic","Relic"],"build_version":"2020-12-22","purchased_purges":1,"victory":false,"max_hp_per_floor":[75,75,75,69,69,69,69,69,69,69,69,69,69,69,69,69,69,69,69,69,69,69,69],"card_choices":[{"not_picked":["Barrage","Melter"],"picked":"Hologram","floor":1},{"not_picked":["Reinforced Body","FTL"],"picked":"Beam Cell","floor":2},{"not_picked":["Meteor Strike","Stack"],"picked":"Conserve Battery","floor":6},{"not_picked":["Conserve Battery","Steam","Cold Snap"],"picked":"SKIP","floor":7},{"not_picked":["Go for the Eyes","Turbo"],"picked":"Static Discharge","floor":8},{"not_picked":["Go for the Eyes","Redo"],"picked":"Gash","floor":11},{"not_picked":["Thunder Strike","Machine Learning"],"picked":"Electrodynamics","floor":16},{"not_picked":["Beam Cell","Barrage+1","Stack"],"picked":"SKIP","floor":18},{"not_picked":["Hello World","Cold Snap"],"picked":"Leap","floor":20}],"player_experience":440100,"relics_obtained":[{"floor":6,"key":"Omamori"},{"floor":9,"key":"Nunchaku"},{"floor":11,"key":"InkBottle"}],"event_choices":[{"damage_healed":0,"gold_gain":0,"player_choice":"Box","damage_taken":0,"relics_obtained":["Regal Pillow"],"max_hp_gain":0,"max_hp_loss":0,"event_name":"Big Fish","floor":3,"gold_loss":0,"cards_obtained":["Regret"]},{"damage_healed":0,"gold_gain":0,"player_choice":"Lose Max HP","damage_taken":0,"relics_obtained":["Golden Idol"],"max_hp_gain":0,"max_hp_loss":6,"event_name":"Golden Idol","floor":4,"gold_loss":0},{"damage_healed":0,"gold_gain":0,"player_choice":"Searched \u00271\u0027 times","damage_taken":0,"max_hp_gain":0,"max_hp_loss":0,"event_name":"Dead Adventurer","floor":10,"gold_loss":0},{"damage_healed":0,"gold_gain":175,"player_choice":"AGREE","damage_taken":0,"max_hp_gain":0,"max_hp_loss":0,"event_name":"Liars Game","floor":12,"gold_loss":0,"cards_obtained":["Doubt"]},{"damage_healed":0,"gold_gain":0,"player_choice":"Grow","damage_taken":0,"max_hp_gain":0,"max_hp_loss":0,"event_name":"Living Wall","floor":14,"gold_loss":0,"cards_upgraded":["Static Discharge"]},{"damage_healed":0,"gold_gain":0,"cards_transformed":["Zap"],"player_choice":"Transformed","damage_taken":0,"max_hp_gain":0,"max_hp_loss":0,"event_name":"Transmorgrifier","floor":19,"gold_loss":0,"cards_obtained":["Capacitor"]}],"is_beta":false,"boss_relics":[{"not_picked":["Busted Crown","Ectoplasm"],"picked":"Pandora\u0027s Box"}],"items_purged_floors":[21],"is_endless":false,"potions_floor_spawned":[1,6,7,16,20],"killed_by":"Shelled Parasite and Fungi","ascension_level":7}}