{"host":"ufhw4cf0hh51lveu","time":1613877114,"event":{"mods":["BaseMod","DeckTracker","Lobotomy","Minty Spire (QoL Compilation)","SuperFastMode"],"gold_per_floor":[114,114,39,39,53,76,99,99,122,122,122,122,145,159,159,283,283,306,221,241,264,109,109,109,0,0,0,99,111,111,140,140,140,140],"floor_reached":33,"language":"KOR","playtime":925,"items_purged":["Strike_R"],"score":257,"play_id":"ab4045f3-d547-4e17-a1ba-0e8aaf652237","local_time":"20210221121154","is_ascension_mode":false,"campfire_choices":[{"data":"Hemokinesis","floor":8,"key":"SMITH"},{"data":"Armaments","floor":10,"key":"SMITH"},{"floor":15,"key":"REST"},{"floor":23,"key":"REST"},{"floor":30,"key":"REST"},{"floor":32,"key":"REST"}],"circlet_count":0,"master_deck":["Strike_R","Strike_R+1","Strike_R","Defend_R","Defend_R","Defend_R","Defend_R","Bash+1","Armaments+1","UniverseFragment","Cleave","Heavy Blade","Hemokinesis+1","Whirlwind","Disarm","CherryBlossoms","Reaper","Iron Wave","Feed","LongBird","Flex","Iron Wave+1","Thunderclap"],"relics":["Burning Blood","CogitoBucket","RabbitCall","Bloody Idol","Oddly Smooth Stone","TreeSap","Empty Cage","Dream Catcher","Regal Pillow","Art of War","MealTicket"],"acts_visited":["Exordium","TheCity"],"potions_floor_usage":[5,14,18,21,24,31],"damage_taken":[{"damage":9,"enemies":"Small Slimes","floor":1,"turns":4},{"damage":6,"enemies":"Jaw Worm","floor":5,"turns":2},{"damage":0,"enemies":"Cultist","floor":6,"turns":3},{"damage":2,"enemies":"Looter","floor":7,"turns":4},{"damage":16,"enemies":"Large Slime","floor":13,"turns":6},{"damage":16,"enemies":"3 Louse","floor":14,"turns":5},{"damage":71,"enemies":"Hexaghost","floor":16,"turns":11},{"damage":3,"enemies":"3 Byrds","floor":18,"turns":4},{"damage":13,"enemies":"Chosen","floor":20,"turns":7},{"damage":55,"enemies":"3 Cultists","floor":21,"turns":6},{"damage":32,"enemies":"Centurion and Healer","floor":24,"turns":11},{"damage":12,"enemies":"Snecko","floor":29,"turns":7},{"damage":47,"enemies":"Gremlin Leader","floor":31,"turns":7},{"damage":124,"enemies":"Collector","floor":33,"turns":8}],"seed_played":"-8800541032012588919","potions_obtained":[{"floor":1,"key":"Strength Potion"},{"floor":5,"key":"EssenceOfSteel"},{"floor":13,"key":"Energy Potion"},{"floor":16,"key":"PowerPotion"},{"floor":20,"key":"SmokeBomb"},{"floor":29,"key":"FearPotion"}],"is_trial":false,"path_per_floor":["M","?","$","?","M","M","M","R","T","R","?","?","M","M","R","B",null,"M","?","M","M","$","R","M","?","T","?","?","M","R","E","R","B"],"character_chosen":"IRONCLAD","items_purchased":["Regal Pillow"],"campfire_rested":4,"item_purchase_floors":[22],"current_hp_per_floor":[77,61,61,61,61,67,71,71,71,71,64,64,54,44,68,65,65,65,65,58,17,17,51,25,25,25,25,30,29,63,29,63,0,0],"gold":140,"neow_bonus":"","is_daily":false,"chose_seed":false,"campfire_upgraded":2,"win_rate":0.0,"timestamp":1613877114,"path_taken":["M","?","$","?","M","?","M","R","T","R","?","?","M","M","R","BOSS","M","?","M","M","$","R","M","?","T","?","?","M","R","E","R","BOSS"],"items_purchased_type":["Relic"],"build_version":"2020-12-22","purchased_purges":1,"victory":false,"max_hp_per_floor":[80,80,80,80,80,80,80,80,80,80,80,80,80,80,80,65,65,65,65,65,65,65,65,65,65,65,65,65,65,65,65,65,50,50],"card_choices":[{"not_picked":["True Grit","Corruption"],"picked":"Armaments","floor":1},{"not_picked":["DespairKnight","PunishingBird"],"picked":"UniverseFragment","floor":5},{"not_picked":["Armaments","Blood for Blood"],"picked":"Cleave","floor":5},{"not_picked":["Sword Boomerang","Inflame"],"picked":"Heavy Blade","floor":6},{"not_picked":["Offering","Headbutt"],"picked":"Hemokinesis","floor":7},{"not_picked":["Freischutz","MeatLantern"],"picked":"GreedKing","floor":13},{"not_picked":["Metallicize","Uppercut"],"picked":"Whirlwind","floor":13},{"not_picked":["RedShoes","FieryBird","WallGazer"],"picked":"Singing Bowl","floor":14},{"not_picked":["Armaments","Infernal Blade"],"picked":"Disarm","floor":14},{"not_picked":["BlackSwan","Scarecrow","OSAHOGD"],"picked":"Singing Bowl","floor":16},{"not_picked":["HeroicMonk","Scarecrow"],"picked":"CherryBlossoms","floor":16},{"not_picked":["Berserk","Bludgeon"],"picked":"Reaper","floor":16},{"not_picked":["Sword Boomerang","Wild Strike+1"],"picked":"Iron Wave","floor":18},{"not_picked":["Clothesline","Power Through+1"],"picked":"Feed","floor":20},{"not_picked":["MeatLantern","Alriune"],"picked":"LongBird","floor":21},{"not_picked":["Pommel Strike","Clash+1","Warcry"],"picked":"SKIP","floor":21},{"not_picked":["Pommel Strike+1","Second Wind+1"],"picked":"Flex","floor":23},{"not_picked":["Havoc+1","Reaper"],"picked":"Iron Wave+1","floor":29},{"not_picked":["Dark Embrace","Evolve"],"picked":"Thunderclap","floor":31}],"player_experience":64860,"relics_obtained":[{"floor":9,"key":"Oddly Smooth Stone"},{"floor":26,"key":"Art of War"},{"floor":31,"key":"MealTicket"}],"event_choices":[{"damage_healed":0,"gold_gain":0,"player_choice":"Entered Light","damage_taken":16,"max_hp_gain":0,"max_hp_loss":0,"event_name":"Shining Light","floor":2,"gold_loss":0,"cards_upgraded":["Strike_R","Bash"]},{"damage_healed":0,"gold_gain":0,"player_choice":"Take Wound","damage_taken":0,"relics_obtained":["Golden Idol"],"max_hp_gain":0,"max_hp_loss":0,"event_name":"Golden Idol","floor":4,"gold_loss":0,"cards_obtained":["Injury"]},{"cards_removed":["Injury"],"damage_healed":0,"gold_gain":0,"player_choice":"Card Removal","damage_taken":7,"max_hp_gain":0,"max_hp_loss":0,"event_name":"Golden Wing","floor":11,"gold_loss":0},{"damage_healed":0,"gold_gain":0,"player_choice":"Ignored","damage_taken":0,"max_hp_gain":0,"max_hp_loss":0,"event_name":"Liars Game","floor":12,"gold_loss":0},{"damage_healed":0,"gold_gain":0,"player_choice":"Obtained Relic","damage_taken":0,"relics_obtained":["Dream Catcher"],"max_hp_gain":0,"max_hp_loss":0,"event_name":"Addict","floor":19,"gold_loss":85},{"damage_healed":0,"gold_gain":0,"player_choice":"Paid Fearfully","damage_taken":0,"max_hp_gain":0,"max_hp_loss":0,"event_name":"Masked Bandits","floor":25,"gold_loss":109},{"damage_healed":0,"gold_gain":0,"player_choice":"Gave Idol","damage_taken":0,"relics_obtained":["Bloody Idol"],"max_hp_gain":0,"max_hp_loss":0,"event_name":"Forgotten Altar","floor":27,"relics_lost":["Golden Idol"],"gold_loss":0},{"damage_healed":0,"gold_gain":99,"player_choice":"Stole From Cult","damage_taken":0,"max_hp_gain":0,"max_hp_loss":0,"event_name":"Nest","floor":28,"gold_loss":0}],"is_beta":false,"boss_relics":[{"not_picked":["Pandora\u0027s Box","SlaversCollar"],"picked":"Empty Cage"}],"items_purged_floors":[3],"is_endless":false,"potions_floor_spawned":[1,5,13,16,20,29],"killed_by":"Collector","ascension_level":0}}