{"host":"4i5my69dv6e41930","time":1613899363,"event":{"mods":["AchievementEnabler","BaseMod","Minty Spire (QoL Compilation)","Relic Stats"],"gold_per_floor":[418,24,43,56,56,56,131,143,168,186,186,221,221,256,256,329,329,340,216,228,6,16,50,69,101,101,101,127,127,127,18,18,95,95,110,110,124,124,124,124,158,27,53,81,81,31,31,60,60,60,60,60,14,41,41],"floor_reached":56,"language":"ENG","playtime":3913,"items_purged":["Strike_R","Strike_R","Strike_R"],"score":2255,"play_id":"16e1f731-c280-4d3b-9b8d-c2d16b934deb","local_time":"20210221042243","is_ascension_mode":true,"campfire_choices":[{"data":"Bash","floor":6.0,"key":"SMITH"},{"data":"Inflame","floor":11.0,"key":"SMITH"},{"data":"Disarm","floor":15.0,"key":"SMITH"},{"data":"Inflame","floor":27,"key":"SMITH"},{"data":"Sword Boomerang","floor":29,"key":"SMITH"},{"data":"Sword Boomerang","floor":32,"key":"SMITH"},{"data":"Flame Barrier","floor":40,"key":"SMITH"},{"data":"Limit Break","floor":47,"key":"SMITH"},{"floor":49,"key":"RECALL"},{"data":"Strike_R","floor":52,"key":"PURGE"}],"circlet_count":0,"master_deck":["AscendersBane","Defend_R","Defend_R","Defend_R+1","Defend_R+1","Bash+1","Disarm+1","Inflame+1","Spot Weakness","Clothesline","Shockwave","Carnage","Offering","Sword Boomerang+1","Inflame+1","Battle Trance","Ghostly Armor","Sword Boomerang+1","Flame Barrier+1","Limit Break+1","Battle Trance","Ghostly Armor","Shrug It Off"],"relics":["Burning Blood","Old Coin","Membership Card","Pocketwatch","PreservedInsect","CaptainsWheel","Mummified Hand","Velvet Choker","Bag of Marbles","ClockworkSouvenir","Incense Burner","Smiling Mask","The Courier","Pear","Pantograph","Black Star","Peace Pipe","Calipers","Torii","War Paint","Turnip","Anchor","MealTicket","CeramicFish","TungstenRod","Oddly Smooth Stone"],"acts_visited":["Exordium","TheCity","TheBeyond","TheEnding"],"potions_floor_usage":[25,33,50,50,55,55],"damage_taken":[{"damage":6.0,"enemies":"Jaw Worm","floor":1.0,"turns":5.0},{"damage":5.0,"enemies":"Small Slimes","floor":3.0,"turns":3.0},{"damage":4.0,"enemies":"Cultist","floor":4.0,"turns":3.0},{"damage":10.0,"enemies":"Looter","floor":8.0,"turns":4.0},{"damage":7.0,"enemies":"Blue Slaver","floor":10.0,"turns":5.0},{"damage":14.0,"enemies":"Gremlin Nob","floor":12.0,"turns":4.0},{"damage":10.0,"enemies":"3 Sentries","floor":14.0,"turns":5.0},{"damage":8.0,"enemies":"The Guardian","floor":16.0,"turns":12.0},{"damage":18.0,"enemies":"Shell Parasite","floor":18.0,"turns":4.0},{"damage":8.0,"enemies":"Chosen","floor":20.0,"turns":4.0},{"damage":14.0,"enemies":"3 Cultists","floor":22.0,"turns":3.0},{"damage":22.0,"enemies":"Gremlin Leader","floor":23.0,"turns":5.0},{"damage":11.0,"enemies":"Snake Plant","floor":24.0,"turns":5.0},{"damage":0,"enemies":"Slavers","floor":25,"turns":5},{"damage":3,"enemies":"Book of Stabbing","floor":28,"turns":3},{"damage":41,"enemies":"Champ","floor":33,"turns":8},{"damage":1,"enemies":"Orb Walker","floor":35,"turns":4},{"damage":1,"enemies":"3 Shapes","floor":37,"turns":5},{"damage":6,"enemies":"Giant Head","floor":41,"turns":3},{"damage":11,"enemies":"Nemesis","floor":44,"turns":7},{"damage":0,"enemies":"Reptomancer","floor":48,"turns":5},{"damage":43,"enemies":"Donu and Deca","floor":50,"turns":7},{"damage":0,"enemies":"Shield and Spear","floor":54,"turns":4},{"damage":44,"enemies":"The Heart","floor":55,"turns":7}],"seed_played":"5657061015772272967","potions_obtained":[{"floor":3.0,"key":"SpeedPotion"},{"floor":10.0,"key":"Swift Potion"},{"floor":14.0,"key":"LiquidBronze"},{"floor":16.0,"key":"Dexterity Potion"},{"floor":22.0,"key":"Fruit Juice"},{"floor":24.0,"key":"DistilledChaos"},{"floor":25,"key":"Energy Potion"},{"floor":35,"key":"Fire Potion"},{"floor":37,"key":"BlessingOfTheForge"},{"floor":41,"key":"Fire Potion"},{"floor":48,"key":"GamblersBrew"}],"is_trial":false,"path_per_floor":["M","$","M","M","?","R","?","M","T","M","R","E","T","E","R","B",null,"M","$","M","$","M","E","M","E","T","R","E","R","?","$","R","B",null,"M","?","M","$","?","R","E","$","T","E","?","$","R","E","R","B",null,"R","$","E","B",null],"character_chosen":"IRONCLAD","items_purchased":["Membership Card","Inflame","Spot Weakness","Pocketwatch","Bag of Marbles","Inflame","Battle Trance","ClockworkSouvenir","Pantograph","Torii","Shrug It Off","BloodPotion","Energy Potion"],"campfire_rested":0,"item_purchase_floors":[2,2,2,2,19,21,21,21,31,42,53,53,53],"current_hp_per_floor":[68,68,68,68,73,73,62,58,58,57,57,49,49,45,45,43,66,54,54,52,52,44,33,28,34,34,34,47,47,47,47,47,37,75,80,80,85,85,85,85,85,85,85,80,80,80,80,86,86,51,79,79,88,88,67],"gold":41,"neow_bonus":"ONE_RARE_RELIC","is_daily":false,"chose_seed":false,"campfire_upgraded":8,"win_rate":0.0,"timestamp":1613899363,"path_taken":["M","$","M","M","?","R","?","M","T","M","R","E","?","E","R","BOSS","M","$","M","$","M","E","M","E","T","R","E","R","?","$","R","BOSS","M","?","M","?","?","R","E","?","T","E","?","$","R","E","R","BOSS","R","$","E","BOSS"],"items_purchased_type":["Relic","Card","Card","Relic","Relic","Card","Card","Relic","Relic","Relic","Card","Potion","Potion"],"build_version":"2020-12-22","purchased_purges":3,"victory":true,"max_hp_per_floor":[68,68,68,68,73,73,73,73,73,73,73,73,73,73,73,73,73,73,73,73,73,73,78,78,78,78,78,88,88,88,88,88,88,88,88,88,88,88,88,88,88,88,88,88,88,88,88,88,88,88,88,88,88,88,88],"relic_stats":{"Torii":22,"counters":[24,120],"CeramicFish":9,"PreservedInsect":481,"War Paint":["Defend_R","Defend_R"],"Smiling Mask":0,"Burning Blood":135,"Peace Pipe":1,"Mummified Hand":[34],"Pantograph":27,"MealTicket":9,"Turnip":[2],"Black Star":4,"obtain_stats":[{"Calipers":41,"Torii":42,"CeramicFish":48,"Incense Burner":23,"Smiling Mask":25,"Burning Blood":0,"Old Coin":0,"ClockworkSouvenir":21,"Mummified Hand":14,"Pantograph":31,"MealTicket":48,"Pear":28,"Velvet Choker":17,"Oddly Smooth Stone":54,"PreservedInsect":12,"The Courier":26,"War Paint":43,"Peace Pipe":41,"CaptainsWheel":13,"Anchor":44,"Turnip":44,"Bag of Marbles":19,"Black Star":34,"Membership Card":2,"TungstenRod":54,"Pocketwatch":2},{"Calipers":19,"Torii":19,"CeramicFish":21,"Incense Burner":12,"Smiling Mask":14,"Burning Blood":0,"Old Coin":0,"ClockworkSouvenir":10,"Mummified Hand":7,"Pantograph":15,"MealTicket":21,"Pear":15,"Velvet Choker":8,"Oddly Smooth Stone":23,"PreservedInsect":6,"The Courier":14,"War Paint":19,"Peace Pipe":19,"CaptainsWheel":6,"Anchor":20,"Turnip":20,"Bag of Marbles":9,"Black Star":16,"Membership Card":1,"TungstenRod":23,"Pocketwatch":1},{"Calipers":90,"Torii":90,"CeramicFish":102,"Incense Burner":57,"Smiling Mask":67,"Burning Blood":0,"Old Coin":0,"ClockworkSouvenir":49,"Mummified Hand":29,"Pantograph":70,"MealTicket":102,"Pear":70,"Velvet Choker":41,"Oddly Smooth Stone":113,"PreservedInsect":24,"The Courier":67,"War Paint":90,"Peace Pipe":90,"CaptainsWheel":24,"Anchor":97,"Turnip":97,"Bag of Marbles":45,"Black Star":78,"Membership Card":5,"TungstenRod":113,"Pocketwatch":5}],"TungstenRod":11,"Pocketwatch":[168]},"card_choices":[{"not_picked":["Clash","Fire Breathing"],"picked":"Disarm","floor":1.0},{"not_picked":["Feel No Pain","Havoc"],"picked":"Clothesline","floor":3.0},{"not_picked":["Flex","Armaments"],"picked":"Shockwave","floor":4.0},{"not_picked":["Body Slam","Warcry","True Grit"],"picked":"SKIP","floor":8.0},{"not_picked":["Blood for Blood","Wild Strike"],"picked":"Carnage","floor":10.0},{"not_picked":["Wild Strike","Armaments","Corruption"],"picked":"SKIP","floor":12.0},{"not_picked":["Pommel Strike","Flex","Anger"],"picked":"SKIP","floor":14.0},{"not_picked":["Barricade","Bludgeon"],"picked":"Offering","floor":16.0},{"not_picked":["Pommel Strike","Headbutt","Clothesline"],"picked":"SKIP","floor":18.0},{"not_picked":["Iron Wave","Feel No Pain"],"picked":"Sword Boomerang","floor":20.0},{"not_picked":["Shockwave+1","Rage+1"],"picked":"Ghostly Armor","floor":22.0},{"not_picked":["Spot Weakness","Second Wind"],"picked":"Sword Boomerang","floor":23.0},{"not_picked":["Iron Wave","Clothesline","Headbutt"],"picked":"SKIP","floor":24.0},{"not_picked":["Flex","Dual Wield","Seeing Red"],"picked":"SKIP","floor":25},{"not_picked":["Infernal Blade","Metallicize"],"picked":"Flame Barrier","floor":28},{"not_picked":["Juggernaut","Offering"],"picked":"Limit Break","floor":33},{"not_picked":["Havoc","Blood for Blood"],"picked":"Battle Trance","floor":35},{"not_picked":["Wild Strike","Cleave","Clothesline+1"],"picked":"SKIP","floor":37},{"not_picked":["Second Wind","Intimidate+1","Heavy Blade"],"picked":"SKIP","floor":41},{"not_picked":["Perfected Strike","Burning Pact+1","Demon Form"],"picked":"SKIP","floor":44},{"not_picked":["Anger+1","Headbutt","Berserk"],"picked":"SKIP","floor":48},{"not_picked":["Seeing Red","Pommel Strike","Rupture+1"],"picked":"SKIP","floor":54}],"player_experience":95082,"relics_obtained":[{"floor":12.0,"key":"PreservedInsect"},{"floor":13.0,"key":"CaptainsWheel"},{"floor":14.0,"key":"Mummified Hand"},{"floor":23.0,"key":"Incense Burner"},{"floor":25,"key":"Smiling Mask"},{"floor":26,"key":"The Courier"},{"floor":28,"key":"Pear"},{"floor":41,"key":"Peace Pipe"},{"floor":41,"key":"Calipers"},{"floor":43,"key":"War Paint"},{"floor":44,"key":"Turnip"},{"floor":44,"key":"Anchor"},{"floor":48,"key":"MealTicket"},{"floor":48,"key":"CeramicFish"},{"floor":54,"key":"TungstenRod"},{"floor":54,"key":"Oddly Smooth Stone"}],"event_choices":[{"damage_healed":0.0,"max_hp_gain":5.0,"max_hp_loss":0.0,"gold_gain":0.0,"event_name":"Big Fish","player_choice":"Donut","floor":5.0,"gold_loss":0.0,"damage_taken":0.0},{"damage_healed":0.0,"max_hp_gain":0.0,"max_hp_loss":0.0,"gold_gain":75.0,"event_name":"World of Goop","player_choice":"Gather Gold","floor":7.0,"gold_loss":0.0,"damage_taken":11.0},{"damage_healed":0,"gold_gain":0,"player_choice":"Ignored","damage_taken":0,"max_hp_gain":0,"max_hp_loss":0,"event_name":"Ghosts","floor":30,"gold_loss":0},{"damage_healed":0,"gold_gain":0,"player_choice":"Copied","damage_taken":0,"max_hp_gain":0,"max_hp_loss":0,"event_name":"Duplicator","floor":36,"gold_loss":0,"cards_obtained":["Ghostly Armor"]},{"damage_healed":0,"gold_gain":0,"player_choice":"Ignored","damage_taken":0,"max_hp_gain":0,"max_hp_loss":0,"event_name":"Tomb of Lord Red Mask","floor":39,"gold_loss":0},{"cards_removed":["Strike_R"],"damage_healed":0,"gold_gain":0,"player_choice":"Removed Attack","damage_taken":0,"max_hp_gain":0,"max_hp_loss":0,"event_name":"Falling","floor":45,"gold_loss":0}],"is_beta":false,"boss_relics":[{"not_picked":["Sozu","Philosopher\u0027s Stone"],"picked":"Velvet Choker"},{"not_picked":["Busted Crown","Snecko Eye"],"picked":"Black Star"}],"items_purged_floors":[19,21,46],"is_endless":false,"potions_floor_spawned":[3,10,14,16,20,22,24,25,35,37,41,48],"ascension_level":16}}