{"host":"9n6i2vl93jt4o42q","time":1613949531,"event":{"mods":["BaseMod","Minty Spire (QoL Compilation)","Relic Stats"],"gold_per_floor":[118,128,128,146,199,239,251,278,290,316,328,365,377,403,415,499,511,535,547,575,607,117,150,150,166,212,212,212,247,33,67,67,145,145,162,162,178,195,5,5,30,30,30,30,55,55,71,102,102,102,102,102,102,18,48,48,48],"floor_reached":56,"language":"ENG","playtime":18476,"items_purged":["Strike_G","Pain"],"score":1971,"play_id":"85d7ea0d-65b7-4467-963c-c02f2b7a3b18","local_time":"20210222001851","is_ascension_mode":true,"campfire_choices":[{"data":"Noxious Fumes","floor":7.0,"key":"SMITH"},{"data":"Cloak And Dagger","floor":11.0,"key":"SMITH"},{"data":"Neutralize","floor":13.0,"key":"SMITH"},{"data":"Dash","floor":15.0,"key":"SMITH"},{"data":"After Image","floor":24.0,"key":"SMITH"},{"data":"Cloak And Dagger","floor":28.0,"key":"SMITH"},{"floor":32.0,"key":"REST"},{"floor":40.0,"key":"RECALL"},{"floor":44,"key":"REST"},{"data":"Catalyst","floor":46,"key":"SMITH"},{"data":"Acrobatics","floor":49,"key":"SMITH"},{"data":"Dodge and Roll","floor":53,"key":"SMITH"}],"circlet_count":0,"master_deck":["AscendersBane","Strike_G+1","Defend_G","Defend_G","Defend_G","Survivor","Neutralize+1","Dash+1","Dagger Throw","Noxious Fumes+1","Poisoned Stab+1","Cloak And Dagger+1","Heel Hook","Reflex","After Image+1","Deflect","Footwork+1","Catalyst+1","Cloak And Dagger+1","Underhanded Strike","Blade Dance","Acrobatics+1","Glass Knife","Blur","Dodge and Roll+1","Expertise+1","Caltrops"],"relics":["Ring of the Snake","Centennial Puzzle","MawBank","Meat on the Bone","Kunai","Ninja Scroll","Busted Crown","PreservedInsect","Bottled Tornado","Tough Bandages","Ancient Tea Set","Whetstone","Darkstone Periapt","Empty Cage","WarpedTongs","Mummified Hand","Pantograph","Turnip","Lantern","Boot"],"acts_visited":["Exordium","TheCity","TheBeyond","TheEnding"],"potions_floor_usage":[50,50],"damage_taken":[{"damage":3.0,"enemies":"2 Louse","floor":1.0,"turns":3.0},{"damage":2.0,"enemies":"Jaw Worm","floor":2.0,"turns":4.0},{"damage":0.0,"enemies":"Cultist","floor":4.0,"turns":4.0},{"damage":14.0,"enemies":"Gremlin Nob","floor":6.0,"turns":4.0},{"damage":1.0,"enemies":"Looter","floor":8.0,"turns":4.0},{"damage":9.0,"enemies":"3 Louse","floor":10.0,"turns":3.0},{"damage":9.0,"enemies":"3 Sentries","floor":12.0,"turns":6.0},{"damage":0.0,"enemies":"Lots of Slimes","floor":14.0,"turns":5.0},{"damage":13.0,"enemies":"Hexaghost","floor":16.0,"turns":9.0},{"damage":5.0,"enemies":"Spheric Guardian","floor":18.0,"turns":4.0},{"damage":8.0,"enemies":"2 Thieves","floor":20.0,"turns":3.0},{"damage":10.0,"enemies":"Snake Plant","floor":21.0,"turns":4.0},{"damage":29.0,"enemies":"Slavers","floor":23.0,"turns":7.0},{"damage":0.0,"enemies":"Centurion and Healer","floor":25.0,"turns":7.0},{"damage":7.0,"enemies":"Gremlin Leader","floor":29.0,"turns":4.0},{"damage":0.0,"enemies":"Book of Stabbing","floor":31.0,"turns":5.0},{"damage":8.0,"enemies":"Champ","floor":33.0,"turns":16.0},{"damage":6.0,"enemies":"3 Darklings","floor":35.0,"turns":6.0},{"damage":0.0,"enemies":"Orb Walker","floor":37.0,"turns":3.0},{"damage":44.0,"enemies":"Transient","floor":38.0,"turns":6.0},{"damage":13,"enemies":"Reptomancer","floor":41,"turns":7},{"damage":0,"enemies":"Mind Bloom Boss Battle","floor":45,"turns":9},{"damage":0,"enemies":"Maw","floor":47,"turns":9},{"damage":13,"enemies":"Giant Head","floor":48,"turns":8},{"damage":25,"enemies":"Time Eater","floor":50,"turns":21},{"damage":35,"enemies":"Awakened One","floor":51,"turns":31},{"damage":7,"enemies":"Shield and Spear","floor":55,"turns":8},{"damage":68,"enemies":"The Heart","floor":56,"turns":9}],"seed_played":"-58526545985876063","potions_obtained":[{"floor":1.0,"key":"CunningPotion"},{"floor":6.0,"key":"SpeedPotion"},{"floor":12.0,"key":"Regen Potion"},{"floor":21.0,"key":"GhostInAJar"},{"floor":23.0,"key":"Energy Potion"}],"is_trial":false,"path_per_floor":["M","M","?","M","T","E","R","M","T","M","R","E","R","M","R","B",null,"M","?","M","M","$","E","R","M","T","?","R","E","$","E","R","B",null,"M","?","M","M","$","R","E","?","T","R","?","R","M","E","R","B","B",null,"R","$","E","B"],"character_chosen":"THE_SILENT","items_purchased":["PreservedInsect","Bottled Tornado","Acrobatics","Whetstone","Blur","Dodge and Roll","Caltrops"],"campfire_rested":2,"item_purchase_floors":[22,22,30,30,39,39,54],"current_hp_per_floor":[56,54,47,47,47,33,33,44,44,35,35,38,38,38,38,37,59,54,54,46,36,36,34,34,34,34,34,34,39,39,39,58,50,62,56,62,62,30,30,30,29,29,29,49,68,68,68,55,55,43,45,62,62,62,55,0,0],"gold":48,"neow_bonus":"RANDOM_COMMON_RELIC","is_daily":false,"chose_seed":false,"campfire_upgraded":9,"win_rate":0.0,"timestamp":1613949531,"path_taken":["M","M","?","M","?","E","R","M","T","M","R","E","R","M","R","BOSS","M","?","M","M","?","E","R","M","T","?","R","E","$","E","R","BOSS","M","?","M","?","$","R","E","?","T","R","?","R","M","E","R","BOSS","BOSS","R","$","E","BOSS"],"items_purchased_type":["Relic","Relic","Card","Relic","Card","Card","Card"],"build_version":"2020-12-22","purchased_purges":2,"victory":false,"max_hp_per_floor":[66,66,66,66,66,66,66,66,66,66,66,66,66,66,66,66,66,66,66,66,66,66,66,66,66,66,66,66,66,66,66,66,66,66,66,72,72,72,72,72,72,68,68,68,68,68,68,68,68,68,68,68,68,68,68,68,68],"relic_stats":{"Darkstone Periapt":6,"counters":[28,209],"PreservedInsect":408,"Whetstone":["Poisoned Stab","Strike_G"],"MawBank":204,"Boot":[24],"WarpedTongs":[85],"Centennial Puzzle":[59],"Tough Bandages":[201],"Busted Crown":32,"Mummified Hand":[27],"Pantograph":70,"Turnip":[11],"Kunai":[180],"obtain_stats":[{"Darkstone Periapt":31,"Lantern":48,"PreservedInsect":22,"Whetstone":30,"Bottled Tornado":22,"MawBank":5,"Ancient Tea Set":29,"Empty Cage":34,"Boot":55,"WarpedTongs":36,"Centennial Puzzle":0,"Tough Bandages":23,"Busted Crown":17,"Ninja Scroll":12,"Mummified Hand":41,"Pantograph":43,"Turnip":45,"Kunai":9,"Ring of the Snake":0,"Meat on the Bone":6},{"Darkstone Periapt":16,"Lantern":24,"PreservedInsect":12,"Whetstone":15,"Bottled Tornado":12,"MawBank":3,"Ancient Tea Set":15,"Empty Cage":17,"Boot":27,"WarpedTongs":18,"Centennial Puzzle":0,"Tough Bandages":13,"Busted Crown":9,"Ninja Scroll":7,"Mummified Hand":21,"Pantograph":21,"Turnip":22,"Kunai":5,"Ring of the Snake":0,"Meat on the Bone":4},{"Darkstone Periapt":76,"Lantern":140,"PreservedInsect":53,"Whetstone":71,"Bottled Tornado":53,"MawBank":11,"Ancient Tea Set":71,"Empty Cage":92,"Boot":200,"WarpedTongs":98,"Centennial Puzzle":0,"Tough Bandages":60,"Busted Crown":42,"Ninja Scroll":28,"Mummified Hand":114,"Pantograph":114,"Turnip":123,"Kunai":19,"Ring of the Snake":0,"Meat on the Bone":15}],"Ring of the Snake":[56],"Meat on the Bone":96},"card_choices":[{"not_picked":["Slice","Setup"],"picked":"Dash","floor":1.0},{"not_picked":["Bane","Well Laid Plans","Acrobatics"],"picked":"SKIP","floor":2.0},{"not_picked":["Bane","Predator"],"picked":"Dagger Throw","floor":4.0},{"not_picked":["Heel Hook","Expertise"],"picked":"Noxious Fumes","floor":6.0},{"not_picked":["Escape Plan","Setup"],"picked":"Poisoned Stab","floor":8.0},{"not_picked":["Deflect","Backflip"],"picked":"Cloak And Dagger","floor":10.0},{"not_picked":["Prepared","Bouncing Flask","Heel Hook"],"picked":"SKIP","floor":12.0},{"not_picked":["Prepared","Bouncing Flask","Heel Hook"],"picked":"SKIP","floor":12.0},{"not_picked":["Prepared","Bouncing Flask"],"picked":"Heel Hook","floor":12.0},{"not_picked":["Prepared","Dagger Throw"],"picked":"Reflex","floor":14.0},{"not_picked":["Tools of the Trade","Burst"],"picked":"After Image","floor":16.0},{"not_picked":[],"picked":"Deflect","floor":18.0},{"not_picked":["Slice"],"picked":"SKIP","floor":20.0},{"not_picked":[],"picked":"Footwork+1","floor":21.0},{"not_picked":["Dagger Spray"],"picked":"SKIP","floor":23.0},{"not_picked":[],"picked":"Catalyst","floor":25.0},{"not_picked":[],"picked":"Blade Dance","floor":29.0},{"not_picked":["Deflect"],"picked":"SKIP","floor":31.0},{"not_picked":[],"picked":"Glass Knife","floor":33.0},{"not_picked":["Underhanded Strike"],"picked":"SKIP","floor":35.0},{"not_picked":["Bane"],"picked":"SKIP","floor":37.0},{"not_picked":["Quick Slash"],"picked":"SKIP","floor":38.0},{"not_picked":["Outmaneuver"],"picked":"SKIP","floor":41},{"not_picked":["Riddle With Holes+1"],"picked":"SKIP","floor":47},{"not_picked":[],"picked":"Expertise+1","floor":48},{"not_picked":["Deadly Poison"],"picked":"SKIP","floor":55}],"player_experience":2590510,"relics_obtained":[{"floor":5.0,"key":"MawBank"},{"floor":6.0,"key":"Meat on the Bone"},{"floor":9.0,"key":"Kunai"},{"floor":12.0,"key":"Ninja Scroll"},{"floor":23.0,"key":"Tough Bandages"},{"floor":29.0,"key":"Ancient Tea Set"},{"floor":31.0,"key":"Darkstone Periapt"},{"floor":41,"key":"Mummified Hand"},{"floor":43,"key":"Pantograph"},{"floor":45,"key":"Turnip"},{"floor":48,"key":"Lantern"},{"floor":55,"key":"Boot"}],"event_choices":[{"cards_removed":["Defend_G"],"damage_healed":0.0,"max_hp_gain":0.0,"max_hp_loss":0.0,"gold_gain":0.0,"event_name":"Golden Wing","player_choice":"Card Removal","floor":3.0,"gold_loss":0.0,"damage_taken":7.0},{"damage_healed":0.0,"max_hp_gain":0.0,"max_hp_loss":0.0,"gold_gain":0.0,"event_name":"Lab","player_choice":"Got Potions","floor":19.0,"gold_loss":0.0,"damage_taken":0.0},{"damage_healed":0.0,"max_hp_gain":0.0,"max_hp_loss":0.0,"gold_gain":0.0,"cards_transformed":["Strike_G","Strike_G"],"event_name":"Drug Dealer","player_choice":"Became Test Subject","floor":27.0,"gold_loss":0.0,"damage_taken":0.0,"cards_obtained":["Cloak And Dagger","Underhanded Strike"]},{"damage_healed":0.0,"max_hp_gain":0.0,"max_hp_loss":0.0,"gold_gain":0.0,"event_name":"Accursed Blacksmith","player_choice":"Rummage","floor":36.0,"gold_loss":0.0,"damage_taken":0.0,"relics_obtained":["WarpedTongs"],"cards_obtained":["Pain"]},{"damage_healed":0,"gold_gain":0,"player_choice":"Max HP","damage_taken":0,"max_hp_gain":0,"max_hp_loss":4,"event_name":"Winding Halls","floor":42,"gold_loss":0},{"damage_healed":0,"gold_gain":0,"player_choice":"Fight","damage_taken":0,"max_hp_gain":0,"max_hp_loss":0,"event_name":"MindBloom","floor":45,"gold_loss":0}],"is_beta":false,"boss_relics":[{"not_picked":["Black Star","Tiny House"],"picked":"Busted Crown"},{"not_picked":["SlaversCollar","Runic Dome"],"picked":"Empty Cage"}],"items_purged_floors":[22,39],"is_endless":false,"potions_floor_spawned":[1,6,12,14,18,21,23,31,37,41,48],"killed_by":"The Heart","ascension_level":20}}