{"host":"5wwct7e0z3l0f094","time":1613884322,"event":{"mods":["AchievementEnabler","BaseMod","Downfall","Highlight Path","Minty Spire (QoL Compilation)","Quick Restart","StSLib","SuperFastMode"],"gold_per_floor":[117,117,117,140,140,176,191,206,229,263,288,288,308,331,331,456,456,474,497,515,515,515,515],"floor_reached":22,"language":"ENG","playtime":822,"items_purged":[],"score":360,"play_id":"d947ee9e-9993-416f-a7d5-4d8de5e27072","local_time":"20210221001202","is_ascension_mode":true,"campfire_choices":[{"data":"Infernal Blade","floor":15.0,"key":"SMITH"}],"circlet_count":0,"master_deck":["AscendersBane","Strike_R","Strike_R","Strike_R","Strike_R","Defend_R","Defend_R","Defend_R","Defend_R","Bash","Clash","Infernal Blade+1","Uppercut","Thunderclap","Heavy Blade","Infernal Blade+1"],"relics":["Burning Blood","NeowsBlessing","Golden Idol","Orichalcum","Strawberry","Regal Pillow","Busted Crown"],"acts_visited":["Exordium","TheCity"],"potions_floor_usage":[],"damage_taken":[{"damage":0.0,"enemies":"Small Slimes","floor":1.0,"turns":1.0},{"damage":0.0,"enemies":"Cultist","floor":4.0,"turns":1.0},{"damage":0.0,"enemies":"Lagavulin","floor":6.0,"turns":1.0},{"damage":0.0,"enemies":"2 Louse","floor":7.0,"turns":2.0},{"damage":4.0,"enemies":"Red Slaver","floor":8.0,"turns":4.0},{"damage":27.0,"enemies":"3 Sentries","floor":10.0,"turns":8.0},{"damage":15.0,"enemies":"Blue Slaver","floor":11.0,"turns":4.0},{"damage":5.0,"enemies":"Gremlin Gang","floor":13.0,"turns":4.0},{"damage":6.0,"enemies":"2 Fungi Beasts","floor":14.0,"turns":3.0},{"damage":55.0,"enemies":"The Guardian","floor":16.0,"turns":13.0},{"damage":22,"enemies":"Spheric Guardian","floor":18,"turns":4},{"damage":12,"enemies":"3 Byrds","floor":19,"turns":7},{"damage":42,"enemies":"Snake Plant","floor":20,"turns":5},{"damage":20,"enemies":"Shelled Parasite and Fungi","floor":22,"turns":2}],"seed_played":"2111898908046698022","potions_obtained":[{"floor":4.0,"key":"AttackPotion"},{"floor":6.0,"key":"Strength Potion"},{"floor":8.0,"key":"BloodPotion"},{"floor":11.0,"key":"DuplicationPotion"},{"floor":16,"key":"Ancient Potion"},{"floor":18,"key":"hexamod:SoulburnPotion"}],"is_trial":false,"path_per_floor":["M","?","?","M","?","E","M","M","T","E","M","?","M","M","R","B",null,"M","M","M","?","M"],"character_chosen":"IRONCLAD","items_purchased":[],"campfire_rested":0,"item_purchase_floors":[],"current_hp_per_floor":[78,58,80,80,80,80,80,80,87,66,57,57,58,58,58,26,72,56,50,14,14,0,0],"gold":515,"neow_bonus":"THREE_ENEMY_KILL","is_daily":false,"chose_seed":false,"campfire_upgraded":1,"win_rate":0.0,"timestamp":1613884322,"path_taken":["M","?","?","?","?","E","M","M","T","E","M","?","?","M","R","BOSS","BOSS","M","M","M","?","M"],"items_purchased_type":[],"build_version":"2020-12-22","purchased_purges":0,"victory":false,"max_hp_per_floor":[80,80,80,80,80,80,80,80,87,87,87,87,87,87,87,87,87,87,87,87,87,87,87],"card_choices":[{"not_picked":["Headbutt","Entrench"],"picked":"Battle Trance","floor":1.0},{"not_picked":["Sever Soul","Warcry","Seeing Red"],"picked":"SKIP","floor":4.0},{"not_picked":["Wild Strike","Sentinel"],"picked":"Clash","floor":6.0},{"not_picked":["Sever Soul","Wild Strike"],"picked":"Infernal Blade","floor":7.0},{"not_picked":["Rage","True Grit"],"picked":"Uppercut","floor":8.0},{"not_picked":["Body Slam","Brutality"],"picked":"Thunderclap","floor":10.0},{"not_picked":["Headbutt","Clothesline"],"picked":"Heavy Blade","floor":11.0},{"not_picked":["Iron Wave","Body Slam","Fire Breathing"],"picked":"SKIP","floor":13.0},{"not_picked":["Sentinel","True Grit","Iron Wave"],"picked":"SKIP","floor":14.0},{"not_picked":["Evolve"],"picked":"SKIP","floor":18},{"not_picked":["Shrug It Off+1"],"picked":"SKIP","floor":19},{"not_picked":["Carnage"],"picked":"SKIP","floor":20}],"player_experience":350896,"relics_obtained":[{"floor":6.0,"key":"Orichalcum"},{"floor":9.0,"key":"Strawberry"},{"floor":10.0,"key":"Regal Pillow"}],"event_choices":[{"damage_healed":0.0,"max_hp_gain":0.0,"max_hp_loss":0.0,"gold_gain":0.0,"event_name":"Golden Idol","player_choice":"Take Damage","floor":2.0,"gold_loss":0.0,"damage_taken":20.0,"relics_obtained":["Golden Idol"]},{"cards_removed":["Battle Trance"],"damage_healed":22.0,"max_hp_gain":0.0,"max_hp_loss":0.0,"gold_gain":0.0,"event_name":"Bonfire Elementals","player_choice":"Offered Uncommon","floor":3.0,"gold_loss":0.0,"damage_taken":0.0},{"cards_removed":["Strike_R"],"damage_healed":0.0,"max_hp_gain":0.0,"max_hp_loss":0.0,"gold_gain":0.0,"event_name":"Living Wall","player_choice":"Forget","floor":5.0,"gold_loss":0.0,"damage_taken":0.0},{"damage_healed":0.0,"max_hp_gain":0.0,"max_hp_loss":0.0,"gold_gain":0.0,"event_name":"The Woman in Blue","player_choice":"Bought 0 Potions","floor":12.0,"gold_loss":0.0,"damage_taken":0.0},{"damage_healed":0,"gold_gain":0,"player_choice":"Copied","damage_taken":0,"max_hp_gain":0,"max_hp_loss":0,"event_name":"Duplicator","floor":21,"gold_loss":0,"cards_obtained":["Infernal Blade"]}],"is_beta":false,"boss_relics":[{"not_picked":["Calling Bell","Coffee Dripper"],"picked":"Busted Crown"}],"items_purged_floors":[],"is_endless":false,"potions_floor_spawned":[4,6,8,11,13,16,18],"killed_by":"Shelled Parasite and Fungi","ascension_level":12}}