{"host":"s2xhrqek2k470vtc","time":1613884682,"event":{"mods":["AchievementEnabler","BaseMod","Better Match","Better Note","Block Reminder","Colored Map","Colored Powertips","Curses Come First","DeckTracker","Highlight Path","Minty Spire (QoL Compilation)","Quick Restart","Random Character Button","StSLib","SuperFastMode","Unceasing Turn Reminder"],"gold_per_floor":[109,184,154,164,179,210,210,210,210],"floor_reached":8,"language":"ENG","playtime":284,"items_purged":[],"score":112,"play_id":"ad960379-ae0e-4841-be22-e15afdddf881","local_time":"20210220231802","is_ascension_mode":true,"campfire_choices":[{"floor":7,"key":"REST"}],"circlet_count":0,"master_deck":["AscendersBane","Strike_B","Strike_B","Strike_B","Strike_B","Defend_B","Defend_B","Defend_B","Defend_B","Zap","Dualcast","Leap","Melter","Compile Driver","Cold Snap"],"relics":["Cracked Core","NeowsBlessing","Letter Opener"],"acts_visited":["Exordium"],"potions_floor_usage":[6,8],"damage_taken":[{"damage":0,"enemies":"Jaw Worm","floor":1,"turns":1},{"damage":0,"enemies":"Cultist","floor":4,"turns":1},{"damage":0,"enemies":"2 Louse","floor":5,"turns":1},{"damage":45,"enemies":"3 Sentries","floor":6,"turns":10},{"damage":33,"enemies":"Gremlin Nob","floor":8,"turns":3}],"seed_played":"790610426252515076","potions_obtained":[{"floor":3,"key":"GamblersBrew"},{"floor":3,"key":"SteroidPotion"}],"is_trial":false,"path_per_floor":["M","?","?","M","M","E","R","E"],"character_chosen":"DEFECT","items_purchased":[],"campfire_rested":1,"item_purchase_floors":[],"current_hp_per_floor":[64,53,53,53,53,8,29,0,0],"gold":210,"neow_bonus":"THREE_ENEMY_KILL","is_daily":false,"chose_seed":false,"campfire_upgraded":0,"win_rate":0.0,"timestamp":1613884682,"path_taken":["M","?","?","?","M","E","R","E"],"items_purchased_type":[],"build_version":"2020-12-22","purchased_purges":0,"victory":false,"max_hp_per_floor":[71,71,71,71,71,71,71,71,71],"card_choices":[{"not_picked":["Turbo","Sweeping Beam"],"picked":"Leap","floor":1},{"not_picked":["Skim","Stack"],"picked":"Melter","floor":4},{"not_picked":["Turbo","Darkness"],"picked":"Compile Driver","floor":5},{"not_picked":["Conserve Battery","Genetic Algorithm"],"picked":"Cold Snap","floor":6}],"player_experience":2304620,"relics_obtained":[{"floor":6,"key":"Letter Opener"}],"event_choices":[{"damage_healed":0,"gold_gain":75,"player_choice":"Gather Gold","damage_taken":11,"max_hp_gain":0,"max_hp_loss":0,"event_name":"World of Goop","floor":2,"gold_loss":0},{"damage_healed":0,"gold_gain":0,"player_choice":"Bought 2 Potions","damage_taken":0,"max_hp_gain":0,"max_hp_loss":0,"event_name":"The Woman in Blue","floor":3,"gold_loss":0}],"is_beta":false,"boss_relics":[],"items_purged_floors":[],"is_endless":false,"potions_floor_spawned":[],"killed_by":"Gremlin Nob","ascension_level":20}}