{"host":"czzthkrvfe6r7fjf","time":1613895923,"event":{"mods":["ATMod(∞¢Ë™Mod)","Act Like it!","BaseMod","Downfall","GungeonMod","Marisa£®ÏF”Í°°ƒß¿Ì…≥£©","Minty Spire (QoL Compilation)","Quick Restart","StSLib","The Servant 0.9.4","Waifu the Spire","°æπ¶ƒ‹Mod°øªÏ„Á÷Æª∑–ﬁ∏¥≤π∂°"],"gold_per_floor":[114,114,128,128,13,40,59,73,73,84,84,95,113,144,144,248,248,261,361,361,301,316,343,357,367,367,367,382,398,418,437,456,456,456,456,456],"floor_reached":35,"language":"ZHS","playtime":1098,"items_purged":["Strike_R"],"score":403,"play_id":"55d2cacf-ee45-432b-a25e-a0c2c98918ed","local_time":"20210221162523","is_ascension_mode":true,"campfire_choices":[{"data":"Armaments","floor":15.0,"key":"SMITH"},{"floor":27.0,"key":"REST"},{"data":"1","floor":33.0,"key":"LIFT"}],"circlet_count":0,"master_deck":["Strike_R","Strike_R","Strike_R","Strike_R","Defend_R","Defend_R","Defend_R","Defend_R","Bash","AT_Desolate","Armaments+1","AT_BodySlamDance","Clash","Thunderclap","Fire Breathing+1","Offering","CurseOfTheBell","Doubt","downfall:Icky","Whirlwind+1","Infernal Blade+1","Battle Trance+1"],"relics":["Burning Blood","AT_ATBox","NeowsBlessing","Question Card","Pen Nib","HornCleat","Frozen Egg 2","The Courier","Calling Bell","DemoMod:MonsterBlood","Matryoshka","AT_RabadonDeathcap","downfall:ExtraCursedKey","Girya"],"acts_visited":["Exordium","TheCity","DemoMod:Maze"],"potions_floor_usage":[34,34,35],"damage_taken":[{"damage":0.0,"enemies":"Jaw Worm","floor":1.0,"turns":1.0},{"damage":0.0,"enemies":"Small Slimes","floor":3.0,"turns":1.0},{"damage":0.0,"enemies":"Gremlin Nob","floor":6.0,"turns":1.0},{"damage":1.0,"enemies":"2 Louse","floor":7.0,"turns":3.0},{"damage":4.0,"enemies":"2 Fungi Beasts","floor":8.0,"turns":3.0},{"damage":4.0,"enemies":"Red Slaver","floor":10.0,"turns":3.0},{"damage":8.0,"enemies":"3 Louse","floor":12.0,"turns":2.0},{"damage":11.0,"enemies":"Exordium Thugs","floor":13.0,"turns":4.0},{"damage":10.0,"enemies":"3 Sentries","floor":14.0,"turns":4.0},{"damage":17.0,"enemies":"Hexaghost","floor":16.0,"turns":7.0},{"damage":7.0,"enemies":"Shell Parasite","floor":18.0,"turns":2.0},{"damage":13.0,"enemies":"Chosen","floor":22.0,"turns":2.0},{"damage":25.0,"enemies":"Slavers","floor":23.0,"turns":4.0},{"damage":35.0,"enemies":"Snake Plant","floor":24.0,"turns":3.0},{"damage":23.0,"enemies":"Centurion and Healer","floor":25.0,"turns":4.0},{"damage":6.0,"enemies":"DemoMod:4_Bullet_Kins_with_one_veteran","floor":28.0,"turns":3.0},{"damage":15.0,"enemies":"DemoMod:2_Veteran_bullet_kins_and_red_shotgun_kin","floor":29.0,"turns":2.0},{"damage":6.0,"enemies":"DemoMod:Veteran_shot_gun_kin_and_red_shotgun_kin_with_gunsinger","floor":30.0,"turns":3.0},{"damage":9.0,"enemies":"DemoMod:Veteran_shot_gun_kin_and_blue_shotgun_kin_with_gunsinger","floor":31.0,"turns":2.0},{"damage":14.0,"enemies":"DemoMod:2_Mousers","floor":32.0,"turns":6.0},{"damage":34,"enemies":"DemoMod:ResourcefulRat","floor":34,"turns":5},{"damage":51,"enemies":"DemoMod:ResourcefulRat","floor":35,"turns":5}],"seed_played":"733806221562120531","potions_obtained":[{"floor":3.0,"key":"SkillPotion"},{"floor":7.0,"key":"PowerPotion"},{"floor":12.0,"key":"Swift Potion"},{"floor":16.0,"key":"PowerPotion"},{"floor":24.0,"key":"bronze:BurnAndBuffPotion"},{"floor":30.0,"key":"Strength Potion"}],"is_trial":false,"path_per_floor":["M","?","M","?","$","E","M","M","T","M","?","M","M","E","R","B",null,"M","?","?","$","M","E","M","M","T","R","M","M","M","M","M","R","B","B"],"character_chosen":"IRONCLAD","items_purchased":["DemoMod:GnawedKey"],"campfire_rested":1,"item_purchase_floors":[5],"current_hp_per_floor":[80,80,80,73,73,79,80,80,80,80,73,71,66,62,62,51,80,79,84,84,84,77,58,29,12,72,92,92,83,83,80,72,72,50,0,0],"gold":456,"neow_bonus":"THREE_ENEMY_KILL","is_daily":false,"chose_seed":false,"campfire_upgraded":1,"win_rate":0.0,"timestamp":1613895923,"path_taken":["M","?","M","?","$","E","M","M","T","M","?","M","M","E","R","BOSS","M","?","?","$","M","E","M","M","T","R","M","M","M","M","M","R","BOSS","BOSS"],"items_purchased_type":["Relic"],"build_version":"2020-12-22","purchased_purges":1,"victory":false,"max_hp_per_floor":[80,80,80,80,80,80,80,80,80,80,80,80,80,80,80,80,87,87,92,92,92,92,92,92,92,92,92,92,92,92,92,92,92,92,92,92],"card_choices":[{"not_picked":["Sword Boomerang","Iron Wave"],"picked":"Armaments","floor":1.0},{"not_picked":["Shrug It Off","Havoc","Iron Wave","Combust"],"picked":"SKIP","floor":3.0},{"not_picked":["Combust","Pommel Strike","Wild Strike","Perfected Strike"],"picked":"SKIP","floor":6.0},{"not_picked":["AT_IchimonjiDouble","Iron Wave","Corruption"],"picked":"AT_BodySlamDance","floor":7.0},{"not_picked":["AT_BodySlamDance","Cleave","Sword Boomerang","Rupture"],"picked":"SKIP","floor":8.0},{"not_picked":["Flex","Clothesline","AT_ManFootWork"],"picked":"Clash","floor":10.0},{"not_picked":["Pommel Strike","True Grit","Reckless Charge"],"picked":"Thunderclap","floor":12.0},{"not_picked":["Thunderclap","Rage","Clothesline"],"picked":"Fire Breathing+1","floor":13.0},{"not_picked":["Sentinel","True Grit","Twin Strike","Infernal Blade"],"picked":"SKIP","floor":14.0},{"not_picked":["Brutality+1","Reaper","Exhume"],"picked":"Offering","floor":16.0},{"not_picked":["Flex","Searing Blow","Rupture+1","AT_IchimonjiDouble+1"],"picked":"SKIP","floor":18.0},{"not_picked":["Warcry","Blood for Blood","Rampage+1","Flex"],"picked":"SKIP","floor":22.0},{"not_picked":["Warcry","Blood for Blood","Rampage+1","Flex"],"picked":"SKIP","floor":22.0},{"not_picked":["Second Wind+1","Headbutt","True Grit","Blood for Blood+1"],"picked":"SKIP","floor":23.0},{"not_picked":["Second Wind","Flex+1","Disarm","Hemokinesis+1"],"picked":"SKIP","floor":24.0},{"not_picked":["Havoc","Thunderclap","Double Tap","Clash"],"picked":"SKIP","floor":25.0},{"not_picked":["AT_IchimonjiDouble+1","Perfected Strike","Armaments+1"],"picked":"Whirlwind+1","floor":28.0},{"not_picked":["Pummel+1","Warcry","Sword Boomerang+1","Dual Wield"],"picked":"SKIP","floor":29.0},{"not_picked":["Body Slam+1","Clash","Heavy Blade+1"],"picked":"Infernal Blade+1","floor":30.0},{"not_picked":["True Grit+1","Intimidate","Blood for Blood+1","Pommel Strike+1"],"picked":"SKIP","floor":31.0},{"not_picked":["Headbutt","Rampage+1","Anger"],"picked":"Battle Trance+1","floor":32.0}],"player_experience":147333,"relics_obtained":[{"floor":6.0,"key":"Pen Nib"},{"floor":9.0,"key":"HornCleat"},{"floor":14.0,"key":"The Courier"},{"floor":17.0,"key":"DemoMod:MonsterBlood"},{"floor":17.0,"key":"Matryoshka"},{"floor":17.0,"key":"AT_RabadonDeathcap"},{"floor":23.0,"key":"Girya"}],"event_choices":[{"damage_healed":0.0,"max_hp_gain":0.0,"max_hp_loss":0.0,"gold_gain":0.0,"event_name":"Big Fish","player_choice":"Box","floor":2.0,"gold_loss":0.0,"damage_taken":0.0,"relics_obtained":["Question Card"],"cards_obtained":["Regret"]},{"cards_removed":["Regret"],"damage_healed":0.0,"max_hp_gain":0.0,"max_hp_loss":0.0,"gold_gain":0.0,"event_name":"Golden Wing","player_choice":"Card Removal","floor":4.0,"gold_loss":0.0,"damage_taken":7.0},{"damage_healed":0.0,"max_hp_gain":0.0,"max_hp_loss":0.0,"gold_gain":0.0,"event_name":"Scrap Ooze","player_choice":"Success","floor":11.0,"gold_loss":0.0,"damage_taken":7.0,"relics_obtained":["Frozen Egg 2"]},{"damage_healed":0.0,"max_hp_gain":0.0,"max_hp_loss":0.0,"gold_gain":0.0,"event_name":"Fountain of Cleansing","player_choice":"Ignored","floor":20.0,"gold_loss":0.0,"damage_taken":0.0}],"is_beta":false,"boss_relics":[{"not_picked":["Pandora\u0027s Box","Busted Crown"],"picked":"Calling Bell"}],"items_purged_floors":[21],"is_endless":false,"potions_floor_spawned":[3,7,12,14,16,22,24,28,30,32,34],"killed_by":"DemoMod:ResourcefulRat","ascension_level":5}}