{"host":"vx488ommchhibo3k","time":1613902068,"event":{"mods":["BaseMod","BetterRewards","Colored Map","Colored Powertips","Highlight Path","Minty Spire (QoL Compilation)","Quick Restart","Rare Cards Sparkle","Shop Mod","StSLib","SuperFastMode"],"gold_per_floor":[119,119,135,151,47,47,80,80,80,80,96,130,130,141,141,245,245,260,278,278,278,293,293,325,325,325],"floor_reached":25,"language":"JPN","playtime":1563,"items_purged":["Strike_P"],"score":231,"play_id":"137194f8-23f7-4a72-bb86-78db9cdffef8","local_time":"20210221190748","is_ascension_mode":false,"campfire_choices":[{"data":"Apotheosis","floor":6,"key":"SMITH"},{"data":"Wireheading","floor":8,"key":"SMITH"},{"data":"Vigilance","floor":10,"key":"SMITH"},{"floor":13,"key":"RECALL"},{"data":"Eruption","floor":15,"key":"SMITH"},{"data":"LikeWater","floor":23,"key":"SMITH"}],"circlet_count":0,"master_deck":["Strike_P","Strike_P","Strike_P","Defend_P","Defend_P","Defend_P","Eruption+1","Vigilance+1","Apotheosis+1","ClearTheMind","Consecrate","Prostrate","ClearTheMind","Sanctity","BowlingBash","Wireheading+1","CrushJoints","Prostrate","Worship","DevaForm","SashWhip","LikeWater+1","Establishment","Writhe","MentalFortress","Crescendo"],"relics":["PureWater","TungstenRod","MerchantsRug","Orichalcum","Anchor","InkBottle","VioletLotus","Damaru","HornCleat"],"acts_visited":["Exordium","TheCity"],"potions_floor_usage":[7,22,24],"damage_taken":[{"damage":0,"enemies":"2 Louse","floor":1,"turns":4},{"damage":0,"enemies":"Cultist","floor":3,"turns":2},{"damage":0,"enemies":"Small Slimes","floor":4,"turns":3},{"damage":3,"enemies":"3 Sentries","floor":7,"turns":4},{"damage":0,"enemies":"Blue Slaver","floor":11,"turns":3},{"damage":5,"enemies":"Lagavulin","floor":12,"turns":7},{"damage":0,"enemies":"3 Louse","floor":14,"turns":2},{"damage":22,"enemies":"Slime Boss","floor":16,"turns":5},{"damage":0,"enemies":"Chosen","floor":18,"turns":4},{"damage":1,"enemies":"Spheric Guardian","floor":19,"turns":3},{"damage":10,"enemies":"Chosen and Byrds","floor":22,"turns":5},{"damage":43,"enemies":"Book of Stabbing","floor":24,"turns":8},{"damage":25,"enemies":"3 Cultists","floor":25,"turns":4}],"seed_played":"3123368489785048297","potions_obtained":[{"floor":3,"key":"BlessingOfTheForge"},{"floor":4,"key":"StancePotion"},{"floor":11,"key":"Ambrosia"}],"is_trial":false,"path_per_floor":["M","?","M","M","$","R","E","R","T","R","M","E","R","M","R","B",null,"M","M","?","?","M","R","E","M"],"character_chosen":"WATCHER","items_purchased":["Apotheosis","MerchantsRug","ClearTheMind","Orichalcum","Explosive Potion","Swift Potion","Sanctity","BowlingBash"],"campfire_rested":0,"item_purchase_floors":[0,0,0,0,0,0,5,5],"current_hp_per_floor":[40,40,40,40,40,40,37,37,37,37,37,32,32,32,32,10,72,72,71,71,71,61,61,18,0,0],"gold":325,"neow_bonus":"","is_daily":false,"chose_seed":false,"campfire_upgraded":5,"win_rate":0.0,"timestamp":1613902068,"path_taken":["M","?","M","M","$","R","E","R","T","R","?","E","R","M","R","BOSS","M","M","?","?","M","R","E","M"],"items_purchased_type":["Card","Relic","Card","Relic","Potion","Potion","Card","Card"],"build_version":"2020-12-22","purchased_purges":1,"victory":false,"max_hp_per_floor":[72,72,72,72,72,72,72,72,72,72,72,72,72,72,72,72,72,72,72,72,72,72,72,72,72,72],"card_choices":[{"not_picked":["FlyingSleeves","JustLucky"],"picked":"Consecrate","floor":1},{"not_picked":["Protect","SandsOfTime"],"picked":"Prostrate","floor":3},{"not_picked":["WindmillStrike","SashWhip"],"picked":"ClearTheMind","floor":4},{"not_picked":["Halt","Ragnarok"],"picked":"Wireheading","floor":7},{"not_picked":["Perseverance","EmptyBody"],"picked":"CrushJoints","floor":11},{"not_picked":["Blasphemy","Protect"],"picked":"Prostrate","floor":12},{"not_picked":["JustLucky","Collect"],"picked":"Worship","floor":14},{"not_picked":["Brilliance","Omniscience"],"picked":"DevaForm","floor":16},{"not_picked":["ClearTheMind+1","SignatureMove+1"],"picked":"SashWhip","floor":18},{"not_picked":["ThirdEye","Weave+1"],"picked":"LikeWater","floor":19},{"not_picked":["Consecrate","WindmillStrike"],"picked":"MentalFortress","floor":22},{"not_picked":["Alpha","FlyingSleeves"],"picked":"Crescendo","floor":24}],"player_experience":155481,"relics_obtained":[{"floor":7,"key":"Anchor"},{"floor":12,"key":"InkBottle"},{"floor":24,"key":"HornCleat"}],"event_choices":[{"cards_removed":["Defend_P"],"damage_healed":0,"gold_gain":0,"player_choice":"Purged","damage_taken":0,"max_hp_gain":0,"max_hp_loss":0,"event_name":"Purifier","floor":2,"gold_loss":0},{"damage_healed":0,"gold_gain":0,"player_choice":"Read","damage_taken":0,"max_hp_gain":0,"max_hp_loss":0,"event_name":"The Library","floor":20,"gold_loss":0,"cards_obtained":["Establishment"]},{"damage_healed":0,"gold_gain":0,"player_choice":"Opened","damage_taken":0,"relics_obtained":["Damaru"],"max_hp_gain":0,"max_hp_loss":0,"event_name":"The Mausoleum","floor":21,"gold_loss":0,"cards_obtained":["Writhe"]}],"is_beta":false,"boss_relics":[{"not_picked":["Fusion Hammer","Velvet Choker"],"picked":"VioletLotus"}],"items_purged_floors":[0],"is_endless":false,"potions_floor_spawned":[3,4,11,18,19],"killed_by":"3 Cultists","ascension_level":0}}