{"host":"y76clbnovzmw9ubx","time":1613948827,"event":{"mods":["AchievementEnabler","BaseMod","Minty Spire (QoL Compilation)","Permanent Neow","Relic Stats"],"gold_per_floor":[14,32,52,69,82,110,110,136,136,136,136,136,161,176,176,176,176],"floor_reached":16,"language":"ENG","playtime":885,"items_purged":[],"score":244,"play_id":"437f270e-04e5-4a64-9e27-943801f1db8c","local_time":"20210221180707","is_ascension_mode":true,"campfire_choices":[{"floor":7,"key":"REST"},{"floor":10,"key":"REST"},{"floor":12,"key":"REST"},{"data":"Finisher","floor":15,"key":"SMITH"}],"circlet_count":0,"master_deck":["AscendersBane","Strike_G","Strike_G","Strike_G","Strike_G+1","Defend_G+1","Defend_G","Defend_G","Defend_G","Survivor","Neutralize","Riddle With Holes","Glass Knife","Finisher","Backstab","Blade Dance","Dodge and Roll","Blade Dance","Finisher+1","Predator","Backflip"],"relics":["Ring of the Snake","Sundial","Blood Vial","Ginger","Peace Pipe"],"acts_visited":["Exordium"],"potions_floor_usage":[5,6,13,16],"damage_taken":[{"damage":0,"enemies":"Cultist","floor":1,"turns":2},{"damage":1,"enemies":"2 Louse","floor":2,"turns":2},{"damage":0,"enemies":"Small Slimes","floor":3,"turns":2},{"damage":0,"enemies":"3 Louse","floor":4,"turns":2},{"damage":0,"enemies":"Red Slaver","floor":5,"turns":2},{"damage":27,"enemies":"3 Sentries","floor":6,"turns":8},{"damage":25,"enemies":"Lagavulin","floor":8,"turns":4},{"damage":2,"enemies":"3 Sentries","floor":13,"turns":4},{"damage":0,"enemies":"Lots of Slimes","floor":14,"turns":2},{"damage":51,"enemies":"Slime Boss","floor":16,"turns":8}],"seed_played":"7352747319313997978","potions_obtained":[{"floor":2,"key":"CunningPotion"},{"floor":5,"key":"AttackPotion"},{"floor":8,"key":"Strength Potion"},{"floor":14,"key":"DuplicationPotion"}],"is_trial":false,"path_per_floor":["M","M","M","M","M","E","R","E","T","R","?","R","E","M","R","B"],"character_chosen":"THE_SILENT","items_purchased":[],"campfire_rested":3,"item_purchase_floors":[],"current_hp_per_floor":[59,58,58,58,58,31,50,25,25,44,24,43,43,45,45,0,0],"gold":176,"neow_bonus":"TRANSFORM_TWO_CARDS","is_daily":false,"chose_seed":false,"campfire_upgraded":1,"win_rate":0.0,"timestamp":1613948827,"path_taken":["M","M","M","M","M","E","R","E","T","R","?","R","E","M","R","BOSS"],"items_purchased_type":[],"build_version":"2020-12-22","purchased_purges":0,"victory":false,"max_hp_per_floor":[66,66,66,66,66,66,66,66,66,66,66,66,66,66,66,66,66],"relic_stats":{"Blood Vial":6,"Peace Pipe":0,"counters":[10,36],"Sundial":[2],"Ginger":[4],"obtain_stats":[{"Blood Vial":8,"Peace Pipe":13,"Sundial":6,"Ginger":9,"Ring of the Snake":0},{"Blood Vial":7,"Peace Pipe":8,"Sundial":6,"Ginger":7,"Ring of the Snake":0},{"Blood Vial":22,"Peace Pipe":26,"Sundial":18,"Ginger":22,"Ring of the Snake":0}],"Ring of the Snake":[20]},"card_choices":[{"not_picked":["Cloak And Dagger","Dodge and Roll"],"picked":"Finisher","floor":1},{"not_picked":["Masterful Stab","Infinite Blades"],"picked":"Backstab","floor":2},{"not_picked":["Cloak And Dagger","Deadly Poison"],"picked":"Blade Dance","floor":3},{"not_picked":["Setup","Flying Knee"],"picked":"Dodge and Roll","floor":4},{"not_picked":["Bane","Infinite Blades"],"picked":"Blade Dance","floor":5},{"not_picked":["Bane","Blur"],"picked":"Finisher","floor":6},{"not_picked":["Acrobatics","Caltrops"],"picked":"Predator","floor":8},{"not_picked":["Predator","Backflip","Eviscerate"],"picked":"SKIP","floor":13},{"not_picked":["Bane","Deadly Poison"],"picked":"Backflip","floor":14}],"player_experience":3273880,"relics_obtained":[{"floor":6,"key":"Sundial"},{"floor":8,"key":"Blood Vial"},{"floor":9,"key":"Ginger"},{"floor":13,"key":"Peace Pipe"}],"event_choices":[{"damage_healed":0,"gold_gain":0,"player_choice":"Entered Light","damage_taken":20,"max_hp_gain":0,"max_hp_loss":0,"event_name":"Shining Light","floor":11,"gold_loss":0,"cards_upgraded":["Strike_G","Defend_G"]}],"is_beta":false,"boss_relics":[],"items_purged_floors":[],"is_endless":false,"potions_floor_spawned":[2,5,8,14],"killed_by":"Slime Boss","ascension_level":20}}