{"host":"raaimkojny05jekw","time":1613898715,"event":{"mods":["AchievementEnabler","BaseMod","Colored Map","Colored Powertips","DeckTracker","Minty Spire (QoL Compilation)","Quick Restart","Rare Cards Sparkle","everything is the same but u backflip on backflip"],"gold_per_floor":[369,388,88,102,121,153,153,168,168,196,196,9,9,23,23,23,23],"floor_reached":16,"language":"KOR","playtime":458,"items_purged":["Parasite"],"score":166,"play_id":"cbc24fce-b662-41fc-a09d-f1a4df457119","local_time":"20210221181155","is_ascension_mode":true,"campfire_choices":[{"floor":7,"key":"REST"},{"data":"Heavy Blade","floor":11,"key":"SMITH"},{"data":"Rupture","floor":15,"key":"SMITH"}],"circlet_count":0,"master_deck":["AscendersBane","Strike_R","Strike_R","Strike_R","Strike_R","Strike_R","Defend_R","Defend_R","Defend_R","Defend_R","Bash","Hemokinesis","Thunderclap","Inflame","Sadistic Nature","Offering+1","Heavy Blade+1","Uppercut","Rupture+1","True Grit","Madness+1","Rampage"],"relics":["Burning Blood","Membership Card","Lantern","CeramicFish","Toxic Egg 2"],"acts_visited":["Exordium"],"potions_floor_usage":[6,16],"damage_taken":[{"damage":6,"enemies":"2 Louse","floor":1,"turns":4},{"damage":14,"enemies":"Jaw Worm","floor":2,"turns":3},{"damage":9,"enemies":"Small Slimes","floor":4,"turns":3},{"damage":14,"enemies":"Blue Slaver","floor":5,"turns":4},{"damage":45,"enemies":"3 Sentries","floor":6,"turns":7},{"damage":7,"enemies":"Exordium Thugs","floor":8,"turns":3},{"damage":10,"enemies":"Exordium Wildlife","floor":10,"turns":3},{"damage":6,"enemies":"Large Slime","floor":14,"turns":4},{"damage":36,"enemies":"The Guardian","floor":16,"turns":4}],"seed_played":"5569107729513677191","potions_obtained":[{"floor":2,"key":"GamblersBrew"},{"floor":6,"key":"HeartOfIron"}],"is_trial":false,"path_per_floor":["M","M","$","M","M","E","R","M","T","M","R","$","?","M","R","B"],"character_chosen":"IRONCLAD","items_purchased":["Membership Card","Inflame","Sadistic Nature","Toxic Egg 2","Madness+1","Rampage"],"campfire_rested":1,"item_purchase_floors":[3,3,3,12,12,12],"current_hp_per_floor":[72,64,64,61,53,14,37,36,36,32,32,32,32,32,32,0,0],"gold":23,"neow_bonus":"TWO_FIFTY_GOLD","is_daily":false,"chose_seed":false,"campfire_upgraded":2,"win_rate":0.0,"timestamp":1613898715,"path_taken":["M","M","$","M","M","E","R","M","T","M","R","$","?","M","R","BOSS"],"items_purchased_type":["Relic","Card","Card","Relic","Card","Card"],"build_version":"2020-12-22","purchased_purges":1,"victory":false,"max_hp_per_floor":[80,80,77,77,77,77,77,77,77,77,77,77,77,77,77,77,77],"card_choices":[{"not_picked":["Flex","Metallicize"],"picked":"Hemokinesis","floor":1},{"not_picked":["Clash","Clothesline"],"picked":"Thunderclap","floor":2},{"not_picked":["Havoc","Shrug It Off"],"picked":"Offering","floor":4},{"not_picked":["Warcry","Rampage"],"picked":"Heavy Blade","floor":5},{"not_picked":["Fire Breathing","Thunderclap"],"picked":"Uppercut","floor":6},{"not_picked":["Headbutt","Clothesline"],"picked":"Rupture","floor":8},{"not_picked":["Headbutt","Wild Strike"],"picked":"True Grit","floor":10},{"not_picked":["Thunderclap","Clothesline","Pommel Strike"],"picked":"SKIP","floor":14},{"not_picked":["Thunderclap","Clothesline","Pommel Strike"],"picked":"SKIP","floor":14}],"player_experience":779348,"relics_obtained":[{"floor":6,"key":"Lantern"},{"floor":9,"key":"CeramicFish"}],"event_choices":[{"damage_healed":0,"gold_gain":0,"player_choice":"Grow","damage_taken":0,"max_hp_gain":0,"max_hp_loss":0,"event_name":"Living Wall","floor":13,"gold_loss":0,"cards_upgraded":["Offering"]}],"is_beta":false,"boss_relics":[],"items_purged_floors":[3],"is_endless":false,"potions_floor_spawned":[2,6],"killed_by":"The Guardian","ascension_level":12}}