{"host":"nhhqxetgwwd7qseb","time":1613894173,"event":{"mods":["ATMod(阿瑾Mod)","Act Like it!","BaseMod","Chen","Dota2Spire","Downfall","Energized Spire","Gensokyo","Gremlin Mod","GungeonMod","Hallownest","Hermit","Koishi","LagranYue(拉格朗・月)","Marisa（F雨　魔理沙）","Minty Spire (QoL Compilation)","Quick Restart","Rare Cards Sparkle","Reimu（博丽灵梦）","Remilia（蕾米莉亚）","Replay The Spire","SOS（斯巴达之子）","Spicy Shops","StSLib","The Alterego","The Bladedancer","The Bug Knight","The Saiyan","The Senshi","The Servant 0.9.4","TheWitcher","UnlockEverythingMod","WarShipGirlsR/战舰少女R mod","Warlord Emblem","Yakumo Yukari mod","Youmu（魂魄妖梦）","【功能Mod】混沌之环修复补丁","【功能Mod】聪明的最终Boss","【遗物卡牌】REMEMod"],"gold_per_floor":[115,115,134,134,149,183,197,229,229,254,254,268,27,46,46,46,46],"floor_reached":16,"language":"ZHS","playtime":1034,"items_purged":[],"score":114,"play_id":"329a918e-623d-4e3a-bd03-c974f042de3a","local_time":"20210221155613","is_ascension_mode":false,"campfire_choices":[{"data":"Chen:Gash","floor":11,"key":"SMITH"},{"floor":15,"key":"REST"}],"circlet_count":0,"master_deck":["Chen:Strike","Chen:Strike","Chen:Strike","Chen:Strike","Chen:Strike","Chen:Defend","Chen:Defend","Chen:Defend","Chen:Defend","Chen:PounceTurnTail","Chen:GlitterPoke","AT_FamilyPortrait","Chen:Sneak","Chen:Spray","Chen:Fadeout","Chen:CatPunch","Chen:CatPunch","Chen:Gash+1"],"relics":["Chen:Catnip","REME_ComplimentaryCards","AT_ATBox","NeowsBlessing","GremlinMask","Dota2Spire:Vanguard","Dota2Spire:OrchidMalevolence","Dota2Spire:LotusOrb","AT_BellowingDragoncrestRing"],"acts_visited":["Exordium"],"potions_floor_usage":[],"damage_taken":[{"damage":0,"enemies":"Cultist","floor":1,"turns":1},{"damage":0,"enemies":"2 Louse","floor":3,"turns":1},{"damage":0,"enemies":"Small Slimes","floor":5,"turns":1},{"damage":15,"enemies":"3 Sentries","floor":6,"turns":8},{"damage":0,"enemies":"Exordium Wildlife","floor":7,"turns":4},{"damage":0,"enemies":"2 Fungi Beasts","floor":8,"turns":3},{"damage":11,"enemies":"Lagavulin","floor":10,"turns":7},{"damage":6,"enemies":"Gremlin Gang","floor":12,"turns":6},{"damage":6,"enemies":"Lots of Slimes","floor":14,"turns":3},{"damage":71,"enemies":"Fading Forest","floor":16,"turns":7}],"seed_played":"3111690976359990345","potions_obtained":[{"floor":6,"key":"Adrenaline Potion"},{"floor":7,"key":"Block Potion"},{"floor":8,"key":"Energy Potion"}],"is_trial":false,"path_per_floor":["M","$","M","?","M","E","M","M","T","E","R","M","$","M","R","B"],"character_chosen":"CHEN","items_purchased":["AT_BellowingDragoncrestRing"],"campfire_rested":1,"item_purchase_floors":[13],"current_hp_per_floor":[70,70,70,70,70,55,55,55,55,44,44,38,38,32,53,0,0],"gold":46,"neow_bonus":"THREE_ENEMY_KILL","is_daily":false,"chose_seed":false,"campfire_upgraded":1,"win_rate":0.0,"timestamp":1613894173,"path_taken":["M","$","M","?","M","E","M","M","T","E","R","M","?","M","R","BOSS"],"items_purchased_type":["Relic"],"build_version":"2020-12-22","purchased_purges":0,"victory":false,"max_hp_per_floor":[70,70,70,70,70,70,70,70,70,70,70,70,70,70,70,70,70],"card_choices":[{"not_picked":["Chen:Sweep","Chen:Spray"],"picked":"Chen:Sneak","floor":1},{"not_picked":["Chen:Panic","Chen:ResistTemptation"],"picked":"Chen:Spray","floor":3},{"not_picked":["Chen:Flit","Chen:Recuperate"],"picked":"Chen:Fadeout","floor":5},{"not_picked":["Chen:Impale","Chen:SelfControl"],"picked":"Chen:CatPunch","floor":6},{"not_picked":["Chen:EmergencyEscape","Chen:MeditateFrenzy","Chen:RecklessLeap"],"picked":"SKIP","floor":7},{"not_picked":["Chen:Spray","Chen:Sweep"],"picked":"Chen:CatPunch","floor":8},{"not_picked":["Chen:Clarity","Chen:Sweep"],"picked":"Chen:Gash","floor":10},{"not_picked":["Chen:RecklessLeap","Chen:PentagramFlight","Chen:WhateverWorks"],"picked":"SKIP","floor":12},{"not_picked":["Chen:Shot","Chen:Panic","Chen:RecklessLeap"],"picked":"SKIP","floor":14}],"player_experience":121995,"relics_obtained":[{"floor":6,"key":"Dota2Spire:Vanguard"},{"floor":9,"key":"Dota2Spire:OrchidMalevolence"},{"floor":10,"key":"Dota2Spire:LotusOrb"}],"event_choices":[{"damage_healed":0,"gold_gain":0,"player_choice":"Trade","damage_taken":0,"relics_obtained":["GremlinMask"],"max_hp_gain":0,"max_hp_loss":0,"event_name":"FaceTrader","floor":4,"gold_loss":0}],"is_beta":false,"boss_relics":[],"items_purged_floors":[],"is_endless":false,"potions_floor_spawned":[6,7,8],"killed_by":"Fading Forest","ascension_level":0}}