{"host":"rdkn868dy8jmb7gs","time":1613908633,"event":{"mods":["Act Like it!","Arknights","BaseMod","BetterRewards","Colored Map","Colored Powertips","Custom Start","Gensokyo","Hubris","Marisa£®ÏF”Í°°ƒß¿Ì…≥£©","Minty Spire (QoL Compilation)","Reimu£®≤©¿ˆ¡È√Œ£©","Remilia£®¿Ÿ√◊¿Ú—«£©","Replay The Spire","Spicy Shops","StSLib","The Servant 0.9.4","Youmu£®ªÍ∆«—˝√Œ£©","°æ“≈ŒÔø®≈∆°øREMEMod","ÛÙª÷∏ƒœ"],"gold_per_floor":[115,136,155,172,277,314,314,359,410,410,451,451,483,483,483,563,563,686,710,87,87,87,87,125,164,164,164,204,243,243,580,580,663,663,707,736,231,231,360,360,395,395,395,486,526,526,570,612,264,296,296,296,53,130,158],"floor_reached":56,"language":"ZHS","playtime":2865,"items_purged":["ats:Strike V","ats:Strike S","ats:Defend","ReplayTheSpireMod:Brewmster+1"],"score":2722,"play_id":"3bbf97ef-ac72-4233-854f-3648b40ff32b","local_time":"20210221195713","is_ascension_mode":true,"campfire_choices":[{"data":"ats:Mental Burst","floor":7.0,"key":"SMITH"},{"data":"ats:Roar Of Ursus","floor":12.0,"key":"SMITH"},{"data":"ats:Flexible Camouflage","floor":15.0,"key":"SMITH"},{"data":"ats:Demon Strength","floor":23.0,"key":"SMITH"},{"data":"hubris:DuctTapeCard","floor":30.0,"key":"SMITH"},{"data":"ats:True Silver Slash","floor":32.0,"key":"SMITH"},{"floor":40,"key":"RECALL"},{"data":"ats:Emotion Absorption","floor":42,"key":"SMITH"},{"data":"ats:Curse Doll","floor":52,"key":"SMITH"}],"circlet_count":0,"master_deck":["AscendersBane","ats:Armor Crushing Shot","ats:Defend","ats:Defend","ats:Emotion Absorption+1","ats:Demon Strength","ats:Sashimi Platter","ats:Flexible Camouflage+1","ats:Thorns","REME_MawOfCthun+1","ats:Blood Oath","Dark Shackles","ats:Calcification","ats:Demon Strength+1","ats:Shadow Raid","ats:Shell Defense","ats:Curse Doll+1","ats:Mental Burst+1","ats:Closed Bolt Burst Fire","ats:Assault Order+1","ats:Chain Hook","ats:Durian+1","ats:Shadow Raid+1","ats:Shadow Raid+1","ats:True Silver Slash+1","ats:Soul Absorption+1","ats:Wolf Pack","hubris:DuctTapeCard","FoulBorder2:ReiMu+1","ats:True Silver Slash+1","REME_HeartOfCthun","REME_HeartOfCthun","ats:Literary Storm+1","ats:Red Shift+1","Deep Breath+1"],"relics":["ats:Sanity","REME_ComplimentaryCards","Replay:Wax Seal","White Beast Statue","Juzu Bracelet","Blue Candle","Replay:Bottled Flurry","ats:Spiritual Recovery","ClockworkSouvenir","Replay:Bandana","BargainBundle","Guide Book","ats:Originium","CaptainsWheel","Toxic Egg 2","ats:Military Tradition","Smiling Mask","hubris:BottledRain","hubris:Icosahedron","hubris:RunicObelisk","hubris:SlimyHat","HandDrill","Sling","hubris:BundleOfHerbs","hubris:DuctTape","Gensokyo:ConquerorOfFear","ats:Omniscience","Pear","Anchor","Busted Crown","Medical Kit","Blue Doll","PrismaticShard","Blood Vial","Happy Flower","Strawberry","Art of War","DollysMirror","Oddly Smooth Stone","hubris:CuriousFeather"],"acts_visited":["Exordium","Gensokyo:Gensokyo","Gensokyo:Gensokyoer","TheEnding"],"potions_floor_usage":[36,36,39,39,41,41,41,41,44,44,44,45,47,48,48,50,50,54,55,55],"damage_taken":[{"damage":9.0,"enemies":"Gensokyo:2_Kodama","floor":1.0,"turns":8.0},{"damage":2.0,"enemies":"Gensokyo:Python","floor":2.0,"turns":6.0},{"damage":1.0,"enemies":"Gensokyo:Gryphon","floor":3.0,"turns":5.0},{"damage":26.0,"enemies":"Gensokyo:Kitsune","floor":4.0,"turns":3.0},{"damage":5.0,"enemies":"Gensokyo:Mamizou","floor":6.0,"turns":5.0},{"damage":30.0,"enemies":"Gensokyo:Cirno","floor":8.0,"turns":7.0},{"damage":0.0,"enemies":"Gensokyo:Mamizou","floor":11.0,"turns":5.0},{"damage":0.0,"enemies":"Gensokyo:Aya","floor":13.0,"turns":6.0},{"damage":40.0,"enemies":"Gensokyo:Reimu","floor":16.0,"turns":9.0},{"damage":14.0,"enemies":"Gensokyo:CosmicMonolith","floor":18.0,"turns":5.0},{"damage":5.0,"enemies":"Gensokyo:Koishi","floor":24.0,"turns":4.0},{"damage":25.0,"enemies":"Gensokyo:3_Dogs","floor":25.0,"turns":11.0},{"damage":52.0,"enemies":"Gensokyo:Wraith","floor":28.0,"turns":6.0},{"damage":11.0,"enemies":"Gensokyo:Tenshi","floor":29.0,"turns":4.0},{"damage":0.0,"enemies":"Gensokyo:Koishi","floor":31.0,"turns":6.0},{"damage":15.0,"enemies":"Gensokyo:Kaguya","floor":33.0,"turns":11.0},{"damage":22.0,"enemies":"Gensokyo:AncientGuardian","floor":35.0,"turns":11.0},{"damage":5,"enemies":"Gensokyo:3_Bats","floor":36,"turns":7},{"damage":0,"enemies":"Gensokyo:Sharpion","floor":39,"turns":4},{"damage":0,"enemies":"Gensokyo:Doremy","floor":41,"turns":6},{"damage":0,"enemies":"Gensokyo:Kasen","floor":44,"turns":7},{"damage":11,"enemies":"Gensokyo:Dusk_and_Dawn","floor":45,"turns":3},{"damage":0,"enemies":"Gensokyo:Doremy","floor":47,"turns":5},{"damage":0,"enemies":"Gensokyo:AtlasGolem","floor":48,"turns":4},{"damage":8,"enemies":"Gensokyo:Yuyuko","floor":50,"turns":6},{"damage":0,"enemies":"Shield and Spear","floor":54,"turns":4},{"damage":24,"enemies":"The Heart","floor":55,"turns":6}],"seed_played":"8620954303406444032","potions_obtained":[{"floor":1.0,"key":"Dexterity Potion"},{"floor":2.0,"key":"Toxic Potion"},{"floor":4.0,"key":"FearPotion"},{"floor":6.0,"key":"Cursed Concoction"},{"floor":11.0,"key":"Ancient Potion"},{"floor":16.0,"key":"Milkshake"},{"floor":24.0,"key":"Adrenaline Potion"},{"floor":25.0,"key":"BlessingOfTheForge"},{"floor":28.0,"key":"SneckoOil"},{"floor":29.0,"key":"Reflective Coating"},{"floor":31.0,"key":"LiquidBronze"},{"floor":35.0,"key":"ats:Top Emergency Sanity Potion"},{"floor":45,"key":"AttackPotion"},{"floor":47,"key":"FearPotion"},{"floor":54,"key":"Reflective Coating"}],"is_trial":false,"path_per_floor":["M","M","M","M","?","E","R","E","T","?","E","R","E","?","R","B",null,"M","T","COS","?","?","R","E","M","T","?","M","E","R","E","R","B",null,"M","M","$","?","M","R","E","R","T","E","M","?","E","M","R","B",null,"R","$","E","B",null],"character_chosen":"DOCTOR_CLASS","items_purchased":["ats:Part Time Job","Replay:Wax Seal","White Beast Statue","Juzu Bracelet","ats:Demon Strength","ats:Sashimi Platter","Blue Candle","Replay:Bottled Flurry","ats:Flexible Camouflage","ats:Spiritual Recovery","ClockworkSouvenir","Mastiff:ReiMu","Replay:Bandana","BargainBundle","ats:Thorns","REME_MawOfCthun","Guide Book","ats:Blood Oath","DuplicationPotion","Swift Potion","Dark Shackles","ats:Calcification","Medical Kit","Blue Doll","PrismaticShard","DollysMirror","REME_HeartOfCthun","Oddly Smooth Stone","ats:Literary Storm+1","ats:Red Shift+1","Deep Breath+1"],"campfire_rested":0,"item_purchase_floors":[0,0,0,0,0,0,0,0,0,0,0,0,0,0,0,0,0,0,0,0,0,0,37,37,37,49,49,49,53,53,53],"current_hp_per_floor":[48,72,72,59,59,71,71,66,66,52,62,62,72,72,72,55,68,63,63,63,63,63,63,67,72,72,72,21,60,60,82,82,82,82,82,77,77,65,71,71,82,82,82,89,89,89,89,89,89,89,89,89,89,89,89],"gold":158,"neow_bonus":"","is_daily":false,"chose_seed":false,"campfire_upgraded":8,"win_rate":0.0,"timestamp":1613908633,"path_taken":["M","M","M","M","?","E","R","E","T","?","E","R","E","?","R","BOSS","M","?","COS","?","?","R","E","M","T","?","M","E","R","E","R","BOSS","M","M","$","?","M","R","E","R","T","E","M","?","E","M","R","BOSS","R","$","E","BOSS"],"items_purchased_type":["Card","Relic","Relic","Relic","Card","Card","Relic","Relic","Card","Relic","Relic","Relic","Relic","Relic","Card","Card","Relic","Card","Potion","Potion","Card","Card","Relic","Relic","Relic","Relic","Card","Relic","Card","Card","Card"],"build_version":"2020-12-22","purchased_purges":4,"victory":true,"max_hp_per_floor":[72,72,72,72,72,72,72,72,72,72,72,72,72,72,72,72,72,72,72,72,72,72,72,72,72,72,72,72,82,82,82,82,82,82,82,82,82,82,82,82,82,82,82,89,89,89,89,89,89,89,89,89,89,89,89],"card_choices":[{"not_picked":["ats:Absolute Focus","ats:Blood Oath","ats:Guard Mode"],"picked":"SKIP","floor":1.0},{"not_picked":["ats:Chain Hook","ats:Curse Doll"],"picked":"ats:Demon Strength","floor":2.0},{"not_picked":["ats:Explosion Area Strengthen","ats:Powerful Strike"],"picked":"ats:Shadow Raid","floor":3.0},{"not_picked":["ats:Explosion Area Strengthen","ats:Magnetic Hammer"],"picked":"ats:Shell Defense","floor":4.0},{"not_picked":["ats:Shell Defense","ats:Blood Oath"],"picked":"ats:Curse Doll","floor":5.0},{"not_picked":["ats:Flame Of Heaven","ats:Blood Oath"],"picked":"ats:Mental Burst","floor":5.0},{"not_picked":["ats:Ignite","ats:Soul Rend"],"picked":"ats:Apocalypse","floor":5.0},{"not_picked":["ats:Revitalization","ats:Sunburst"],"picked":"ats:Closed Bolt Burst Fire","floor":6.0},{"not_picked":["ats:Collapsing Strike","ats:Curse Doll+1"],"picked":"ats:Assault Order+1","floor":8.0},{"not_picked":["ats:Steam Pump+1","ats:Defend Order"],"picked":"ats:Roar Of Ursus","floor":11.0},{"not_picked":["ats:Powerful Strike","ats:Sunburst"],"picked":"ats:Chain Hook","floor":13.0},{"not_picked":["ats:Roar Of Ursus","ats:Calcification+1"],"picked":"ats:Durian+1","floor":16.0},{"not_picked":["ats:Revitalization+1","ats:Hammer On"],"picked":"ats:Defend Order","floor":18.0},{"not_picked":["ats:Explosion Area Strengthen","ats:Flexible Camouflage+1","ats:Assault Order+1"],"picked":"SKIP","floor":24.0},{"not_picked":["ats:Ambush","ats:Calcification"],"picked":"ats:Roar Of Ursus","floor":25.0},{"not_picked":["ats:Apocalypse+1","ats:Revitalization+1"],"picked":"ats:Shadow Raid+1","floor":25.0},{"not_picked":["ats:Closed Bolt Burst Fire","ats:Ignite+1"],"picked":"ats:True Silver Slash","floor":28.0},{"not_picked":["ats:Thermite Blade","ats:Assault Order+1","ats:Burning Ground"],"picked":"SKIP","floor":29.0},{"not_picked":["ats:Poison Spread","ats:Ignite"],"picked":"ats:Soul Absorption+1","floor":31.0},{"not_picked":["ats:Soul Rend","ats:Nebulous Foxfire+1"],"picked":"ats:Wolf Pack","floor":33.0},{"not_picked":["ats:Flame Of Heaven+1"],"picked":"SKIP","floor":35.0},{"not_picked":["ats:Flexible Camouflage+1"],"picked":"SKIP","floor":36},{"not_picked":["FlyingSleeves"],"picked":"SKIP","floor":39},{"not_picked":["Rebound+1"],"picked":"SKIP","floor":41},{"not_picked":["Finisher+1"],"picked":"SKIP","floor":44},{"not_picked":["SporeBomb+1"],"picked":"SKIP","floor":45},{"not_picked":[],"picked":"FoulBorder2:ReiMu+1","floor":47},{"not_picked":["ShootingEcho+1"],"picked":"SKIP","floor":48},{"not_picked":["BloodHunter+1"],"picked":"SKIP","floor":54}],"player_experience":498449,"relics_obtained":[{"floor":6.0,"key":"ats:Originium"},{"floor":6.0,"key":"CaptainsWheel"},{"floor":8.0,"key":"ats:Originium"},{"floor":8.0,"key":"Toxic Egg 2"},{"floor":11.0,"key":"ats:Originium"},{"floor":11.0,"key":"Smiling Mask"},{"floor":13.0,"key":"ats:Originium"},{"floor":13.0,"key":"hubris:BottledRain"},{"floor":19.0,"key":"hubris:SlimyHat"},{"floor":24.0,"key":"hubris:BundleOfHerbs"},{"floor":26.0,"key":"hubris:DuctTape"},{"floor":28.0,"key":"Gensokyo:ConquerorOfFear"},{"floor":29.0,"key":"Pear"},{"floor":31.0,"key":"Anchor"},{"floor":41,"key":"Blood Vial"},{"floor":43,"key":"Happy Flower"},{"floor":44,"key":"Strawberry"},{"floor":47,"key":"Art of War"},{"floor":54,"key":"hubris:CuriousFeather"}],"event_choices":[],"is_beta":false,"boss_relics":[{"not_picked":["Kintsugi","REME_DemonsWealth"],"picked":"hubris:RunicObelisk"},{"not_picked":["Snecko Heart","Snecko Eye"],"picked":"Busted Crown"}],"items_purged_floors":[0,0,37,53],"is_endless":false,"potions_floor_spawned":[1,2,3,4,6,8,11,13,16,18,24,25,28,29,31,33,35,36,39,41,44,45,47,48,54],"ascension_level":14}}