{"host":"wcdwdpnxbe04tinu","time":1613893717,"event":{"mods":["Aspiration","BaseMod","Colored Map","Downfall","Minty Spire (QoL Compilation)","Relic Sorter","StSLib"],"gold_per_floor":[99,109,109,128,228,243,243,143,154,185,200,114,114,114,124,219,219,219,229,246,246,82,95,95,95,107,124,124,124,138,158,169,169,169,169],"floor_reached":33,"language":"ENG","playtime":1384,"items_purged":[],"score":253,"play_id":"94b9df28-85c8-4479-a8dc-a62c34e02bf0","local_time":"20210221014837","is_ascension_mode":false,"campfire_choices":[{"data":"bronze:Replicate","floor":1.0,"key":"SMITH"},{"data":"bronze:BugBarrage","floor":8.0,"key":"SMITH"},{"data":"bronze:RecursiveStrike","floor":13.0,"key":"SMITH"},{"data":"bronze:Repulsor","floor":18.0,"key":"SMITH"},{"floor":25,"key":"REST"},{"floor":29,"key":"REST"}],"circlet_count":0,"master_deck":["bronze:Strike","bronze:Strike","bronze:Strike","bronze:Strike","bronze:Defend","bronze:Defend","bronze:Defend","bronze:Defend","bronze:Replicate+1","bronze:Goto","bronze:BugBarrage+1","bronze:WildBeam","bronze:Shield","bronze:Repulsor+1","bronze:RecursiveStrike+1","bronze:OilSpill","bronze:OilSpill","bronze:Safeguard","bronze:ShipIt","bronze:BugBarrage+1","bronze:Mutator","bronze:BugBarrage"],"relics":["bronze:BronzeCore","downfall:HeartBlessingBlue","WingedGreaves","bronze:BottledCode","Black Star","Oddly Smooth Stone"],"acts_visited":["Exordium","TheCity"],"potions_floor_usage":[23,23,26,31,32,33],"damage_taken":[{"damage":1.0,"enemies":"2 Louse","floor":2.0,"turns":3.0},{"damage":1.0,"enemies":"Cultist","floor":4.0,"turns":3.0},{"damage":0.0,"enemies":"Small Slimes","floor":6.0,"turns":2.0},{"damage":0.0,"enemies":"Blue Slaver","floor":9.0,"turns":2.0},{"damage":16.0,"enemies":"Gremlin Nob","floor":10.0,"turns":4.0},{"damage":12.0,"enemies":"3 Louse","floor":11.0,"turns":3.0},{"damage":0.0,"enemies":"downfall:FleeingMerchant","floor":12.0,"turns":4.0},{"damage":8.0,"enemies":"Gremlin Gang","floor":15.0,"turns":3.0},{"damage":9.0,"enemies":"SI_SHIV_ARCHETYPE","floor":16.0,"turns":8.0},{"damage":21.0,"enemies":"Shell Parasite","floor":19.0,"turns":5.0},{"damage":15.0,"enemies":"downfall:LooterAlt2","floor":20.0,"turns":5.0},{"damage":0.0,"enemies":"downfall:FleeingMerchant","floor":22.0,"turns":4.0},{"damage":30,"enemies":"Snake Plant","floor":23,"turns":5},{"damage":32,"enemies":"Cultist and Chosen","floor":26,"turns":7},{"damage":0,"enemies":"Snecko","floor":27,"turns":3},{"damage":9,"enemies":"Snake Plant","floor":30,"turns":5},{"damage":6,"enemies":"Centurion and Healer","floor":31,"turns":4},{"damage":11,"enemies":"Shelled Parasite and Fungi","floor":32,"turns":6},{"damage":11,"enemies":"IC_MUSHROOM_ARCHETYPE","floor":33,"turns":1}],"seed_played":"-195085689051349823","potions_obtained":[{"floor":4.0,"key":"Guardian:BlockOnCardUsePotion"},{"floor":6.0,"key":"bronze:BuildAFunctionPotion"},{"floor":11.0,"key":"DistilledChaos"},{"floor":19.0,"key":"SteroidPotion"},{"floor":30,"key":"Regen Potion"},{"floor":31,"key":"Guardian:BlockOnCardUsePotion"},{"floor":32,"key":"LiquidBronze"}],"is_trial":false,"path_per_floor":["R","M","?","M","?","M","T","R","M","E","M","$","R","?","M","B",null,"R","M","M","?","$","M","T","R","M","M","?","R","M","M","M","B"],"character_chosen":"THE_AUTOMATON","items_purchased":["bronze:Safeguard","bronze:ShipIt"],"campfire_rested":2,"item_purchase_floors":[12,22],"current_hp_per_floor":[77,76,76,75,75,75,75,85,85,69,57,57,57,57,49,40,77,77,56,41,41,41,11,11,34,2,2,2,25,16,22,11,0,0,0],"gold":169,"neow_bonus":"TEN_PERCENT_HP_BONUS","is_daily":false,"chose_seed":false,"campfire_upgraded":4,"win_rate":0.0,"timestamp":1613893717,"path_taken":["R","M","?","?","?","?","T","R","M","E","M","?","R","?","M","BOSS","R","M","M","?","$","M","T","R","M","M","?","R","M","?","M","BOSS"],"items_purchased_type":["Card","Card"],"build_version":"2020-12-22","purchased_purges":0,"victory":false,"max_hp_per_floor":[77,77,77,77,77,77,77,87,87,87,87,87,87,77,77,77,77,77,77,77,77,77,77,77,77,77,77,77,77,77,77,77,77,77,77],"card_choices":[{"not_picked":["bronze:Branch","bronze:DelayedGuard"],"picked":"bronze:BugBarrage","floor":2.0},{"not_picked":["bronze:Repulsor","bronze:Branch"],"picked":"bronze:WildBeam","floor":4.0},{"not_picked":["bronze:DelayedGuard","bronze:WhirlingStrike"],"picked":"bronze:Shield","floor":6.0},{"not_picked":["bronze:DelayedGuard","bronze:Shield"],"picked":"bronze:Repulsor","floor":9.0},{"not_picked":["bronze:FineTuning","bronze:DelayedSlice"],"picked":"bronze:RecursiveStrike","floor":10.0},{"not_picked":["bronze:DarkDash","bronze:Iterate"],"picked":"bronze:OilSpill","floor":11.0},{"not_picked":["bronze:Backtrace","bronze:Philosophize"],"picked":"bronze:OilSpill","floor":12.0},{"not_picked":["bronze:Turbo","bronze:DelayedGuard","bronze:Allocate"],"picked":"SKIP","floor":15.0},{"not_picked":["bronze:ForLoop","bronze:DelayedSlice","bronze:Branch"],"picked":"SKIP","floor":19.0},{"not_picked":["bronze:WhirlingStrike","bronze:DelayedGuard","bronze:CloningBeam+1"],"picked":"SKIP","floor":20.0},{"not_picked":["bronze:Overheat+1","bronze:ForceShield","bronze:DelayedSlice"],"picked":"SKIP","floor":22.0},{"not_picked":["bronze:BronzeOrb","bronze:ChildClass","bronze:BuggyMess+1"],"picked":"SKIP","floor":23},{"not_picked":["bronze:ForLoop","bronze:Invalidate","bronze:DigitalCarnage"],"picked":"SKIP","floor":26},{"not_picked":["bronze:BitShift","bronze:Overheat+1","bronze:Shield+1"],"picked":"SKIP","floor":27},{"not_picked":["bronze:OilSpill","bronze:ClassDefault"],"picked":"bronze:Mutator","floor":30},{"not_picked":["bronze:CloningBeam","bronze:Turbo"],"picked":"bronze:BugBarrage","floor":31},{"not_picked":["bronze:WhirlingStrike+1","bronze:FineTuning","bronze:Boost"],"picked":"SKIP","floor":32}],"player_experience":548312,"relics_obtained":[{"floor":10.0,"key":"WingedGreaves"},{"floor":24,"key":"Oddly Smooth Stone"}],"event_choices":[{"damage_healed":0.0,"max_hp_gain":0.0,"max_hp_loss":0.0,"gold_gain":0.0,"event_name":"Vampires","player_choice":"Ignored","floor":21.0,"gold_loss":0.0,"damage_taken":0.0}],"is_beta":false,"boss_relics":[{"not_picked":["Busted Crown","aspiration:RitualDagger"],"picked":"Black Star"}],"items_purged_floors":[],"is_endless":false,"potions_floor_spawned":[4,6,11,15,19,30,31,32],"killed_by":"IC_MUSHROOM_ARCHETYPE","ascension_level":0}}