{"host":"v4pe0ixo3k7iwzp0","time":1613940742,"event":{"mods":["100% Spire Juice","BaseMod","Bestiary","Highlight Path","Minty Spire (QoL Compilation)","Railgun Mod","StSLib","The Bug Knight","The Senshi"],"gold_per_floor":[120,134,149,41,56,91,91,123,123,123,95,108,108,108,108,207,207,221,232,24,37,136,136,61,77,77,77,77,77,77],"floor_reached":29,"language":"ENG","playtime":1066,"items_purged":["TheRailgun:Strike"],"score":247,"play_id":"9a312570-5473-4b8b-a53c-fb9829add6a6","local_time":"20210221125222","is_ascension_mode":true,"campfire_choices":[{"floor":7.0,"key":"REST"},{"floor":13.0,"key":"REST"},{"floor":15.0,"key":"REST"},{"data":"TheRailgun:Heroinism","floor":23,"key":"SMITH"},{"floor":27,"key":"REST"}],"circlet_count":0,"master_deck":["TheRailgun:Strike","TheRailgun:Strike","TheRailgun:Strike","TheRailgun:Defend","TheRailgun:Defend","TheRailgun:Defend","TheRailgun:Defend","TheRailgun:Discharge","TheRailgun:Static","TheRailgun:Zip","TheRailgun:Zap","TheRailgun:Biribiri","TheRailgun:Negative_Field","TheRailgun:Lightningbolt","TheRailgun:Heroinism+1","TheRailgun:Charge","TheRailgun:Thunderbolt","TheRailgun:Push","TheRailgun:Thundershock","TheRailgun:Electrical_Fire","TheRailgun:Spark+1","TheRailgun:Iron_Dust_Shield","TheRailgun:Magnetic_Movement","TheRailgun:Lightningbolt"],"relics":["TheRailgun:CoinRelic","Letter Opener","Girya","HollowMod:StagPassRelic","Black Star","Strawberry","Omamori"],"acts_visited":["Exordium","TheCity"],"potions_floor_usage":[29],"damage_taken":[{"damage":0.0,"enemies":"Cultist","floor":1.0,"turns":3.0},{"damage":0.0,"enemies":"Small Slimes","floor":2.0,"turns":2.0},{"damage":3.0,"enemies":"2 Louse","floor":3.0,"turns":2.0},{"damage":22.0,"enemies":"Exordium Thugs","floor":5.0,"turns":5.0},{"damage":16.0,"enemies":"Gremlin Nob","floor":6.0,"turns":3.0},{"damage":42.0,"enemies":"HollowMod:MossKnight","floor":8.0,"turns":6.0},{"damage":0.0,"enemies":"Blue Slaver","floor":10.0,"turns":1.0},{"damage":3.0,"enemies":"Lots of Slimes","floor":12.0,"turns":2.0},{"damage":35.0,"enemies":"Slime Boss","floor":16.0,"turns":5.0},{"damage":17.0,"enemies":"3 Byrds","floor":18.0,"turns":4.0},{"damage":4.0,"enemies":"Chosen","floor":19.0,"turns":4.0},{"damage":11,"enemies":"Snecko","floor":21,"turns":5},{"damage":34,"enemies":"Snake Plant","floor":25,"turns":4},{"damage":48,"enemies":"Slavers","floor":29,"turns":3}],"seed_played":"-3872296924972832291","potions_obtained":[{"floor":2.0,"key":"Energy Potion"},{"floor":8.0,"key":"SmokeBomb"},{"floor":12.0,"key":"Strength Potion"},{"floor":19.0,"key":"CultistPotion"}],"is_trial":false,"path_per_floor":["M","M","M","$","M","E","R","E","T","M","?","M","R","?","R","B",null,"M","M","$","M","?","R","$","M","T","R","?","E"],"character_chosen":"THE_DEFAULT","items_purchased":["TheRailgun:Lightningbolt","TheRailgun:Heroinism","TheRailgun:Spark","Strawberry"],"campfire_rested":4,"item_purchase_floors":[4,4,20,20],"current_hp_per_floor":[77,77,74,74,52,36,59,17,17,17,17,14,37,37,60,25,77,60,56,63,52,52,52,52,18,18,43,43,0,0],"gold":77,"neow_bonus":"TEN_PERCENT_HP_BONUS","is_daily":false,"chose_seed":false,"campfire_upgraded":1,"win_rate":0.0,"timestamp":1613940742,"path_taken":["M","?","M","$","M","E","R","E","T","M","?","M","R","?","R","BOSS","M","M","$","M","?","R","$","M","T","R","?","E"],"items_purchased_type":["Card","Card","Card","Relic"],"build_version":"2020-12-22","purchased_purges":1,"victory":false,"max_hp_per_floor":[77,77,77,77,77,77,77,77,77,77,77,77,77,77,77,77,77,77,77,84,84,84,84,84,84,84,84,84,84,84],"card_choices":[{"not_picked":["TheRailgun:Iron_Dust_Vial","TheRailgun:Coin_Flip"],"picked":"TheRailgun:Zap","floor":1.0},{"not_picked":["TheRailgun:Pull","TheRailgun:Thunderbolt"],"picked":"TheRailgun:Biribiri","floor":2.0},{"not_picked":["TheRailgun:Coin_Flip","TheRailgun:Crackle"],"picked":"TheRailgun:Negative_Field","floor":3.0},{"not_picked":["TheRailgun:Sister_Noise","TheRailgun:Sister_Network"],"picked":"TheRailgun:Charge","floor":5.0},{"not_picked":["TheRailgun:Judgement_Officer","TheRailgun:Negative_Field"],"picked":"TheRailgun:Thunderbolt","floor":6.0},{"not_picked":["TheRailgun:Circuit_Breaker","TheRailgun:Iron_Dust_Field"],"picked":"TheRailgun:Push","floor":8.0},{"not_picked":["TheRailgun:Negative_Field","TheRailgun:Zip"],"picked":"TheRailgun:Thundershock","floor":12.0},{"not_picked":["TheRailgun:Negative_Field+1","TheRailgun:Iron_Dust_Field+1"],"picked":"TheRailgun:Electrical_Fire","floor":18.0},{"not_picked":["TheRailgun:Electrical_Storm","TheRailgun:Pull","TheRailgun:Charge"],"picked":"SKIP","floor":19.0},{"not_picked":["TheRailgun:Zap","TheRailgun:Push+1"],"picked":"TheRailgun:Iron_Dust_Shield","floor":21},{"not_picked":["TheRailgun:Sister_Noise","TheRailgun:Zap+1"],"picked":"TheRailgun:Magnetic_Movement","floor":25}],"player_experience":189652,"relics_obtained":[{"floor":6.0,"key":"Letter Opener"},{"floor":8.0,"key":"Girya"},{"floor":9.0,"key":"HollowMod:StagPassRelic"},{"floor":26,"key":"Omamori"}],"event_choices":[{"damage_healed":0.0,"max_hp_gain":0.0,"max_hp_loss":0.0,"gold_gain":0.0,"event_name":"World of Goop","player_choice":"Left Gold","floor":11.0,"gold_loss":28.0,"damage_taken":0.0},{"damage_healed":0.0,"max_hp_gain":0.0,"max_hp_loss":0.0,"gold_gain":0.0,"event_name":"Dead Adventurer","player_choice":"Searched \u00270\u0027 times","floor":14.0,"gold_loss":0.0,"damage_taken":0.0},{"damage_healed":0,"gold_gain":99,"player_choice":"Stole From Cult","damage_taken":0,"max_hp_gain":0,"max_hp_loss":0,"event_name":"Nest","floor":22,"gold_loss":0},{"damage_healed":0,"gold_gain":0,"player_choice":"Copied","damage_taken":0,"max_hp_gain":0,"max_hp_loss":0,"event_name":"Duplicator","floor":28,"gold_loss":0,"cards_obtained":["TheRailgun:Lightningbolt"]}],"is_beta":false,"boss_relics":[{"not_picked":["Runic Pyramid","Runic Dome"],"picked":"Black Star"}],"items_purged_floors":[24],"is_endless":false,"potions_floor_spawned":[2,8,12,19],"killed_by":"Slavers","ascension_level":1}}