{"host":"prxrhpgaxnj4om9r","time":1613879392,"event":{"mods":["AchievementEnabler","BaseMod","Colored Map","DeckTracker","Minty Spire (QoL Compilation)"],"gold_per_floor":[117,117,128,147,163,163,195,214,214,226,236,236,255,274,274,378,378,389,389,399,399,413,440,82,82,82,95,106,118,23,38,38,142,142,159,159,176,31,31,31,49,61,111,111,111],"floor_reached":44,"language":"KOR","playtime":1889,"items_purged":[],"score":440,"play_id":"2287830e-ee7e-4d28-a0bd-ace92803e662","local_time":"20210221124952","is_ascension_mode":false,"campfire_choices":[{"data":"Zap","floor":6,"key":"SMITH"},{"data":"Hologram","floor":15,"key":"SMITH"},{"data":"Static Discharge","floor":25,"key":"SMITH"},{"floor":32,"key":"RECALL"},{"data":"Scrape","floor":40,"key":"SMITH"}],"circlet_count":0,"master_deck":["Strike_B","Strike_B","Defend_B","Zap+1","Dualcast","Hyperbeam","Auto Shields","Turbo","Glacier","Streamline","Hologram+1","Self Repair+1","Scrape+1","Barrage","Conserve Battery","Self Repair","All For One","Electrodynamics+1","Rip and Tear+1","Tempest+1","Gash","Sunder","Static Discharge+1","Melter","Hyperbeam","Chaos+1","Go for the Eyes","Capacitor+1","Capacitor+1","Echo Form+1","Leap+1","Gash+1","Steam+1","Hello World+1"],"relics":["Cracked Core","Bag of Marbles","Pantograph","Astrolabe","Sundial","Calipers","Frozen Egg 2","SlaversCollar","Mummified Hand","Lee\u0027s Waffle"],"acts_visited":["Exordium","TheCity","TheBeyond"],"potions_floor_usage":[7,7,11,22,23,29,31,33,37],"damage_taken":[{"damage":6,"enemies":"Jaw Worm","floor":1,"turns":2},{"damage":0,"enemies":"Cultist","floor":3,"turns":3},{"damage":2,"enemies":"2 Louse","floor":4,"turns":2},{"damage":2,"enemies":"Red Slaver","floor":5,"turns":2},{"damage":7,"enemies":"Lagavulin","floor":7,"turns":6},{"damage":0,"enemies":"3 Louse","floor":8,"turns":2},{"damage":0,"enemies":"Gremlin Gang","floor":10,"turns":1},{"damage":0,"enemies":"2 Fungi Beasts","floor":11,"turns":4},{"damage":0,"enemies":"Looter","floor":13,"turns":2},{"damage":2,"enemies":"Blue Slaver","floor":14,"turns":3},{"damage":19,"enemies":"The Guardian","floor":16,"turns":13},{"damage":10,"enemies":"Spheric Guardian","floor":18,"turns":3},{"damage":15,"enemies":"Chosen","floor":20,"turns":4},{"damage":15,"enemies":"Centurion and Healer","floor":22,"turns":4},{"damage":7,"enemies":"Gremlin Leader","floor":23,"turns":4},{"damage":37,"enemies":"Snake Plant","floor":27,"turns":4},{"damage":10,"enemies":"Cultist and Chosen","floor":28,"turns":4},{"damage":16,"enemies":"Sentry and Sphere","floor":29,"turns":4},{"damage":25,"enemies":"Shelled Parasite and Fungi","floor":31,"turns":5},{"damage":46,"enemies":"Collector","floor":33,"turns":10},{"damage":6,"enemies":"Orb Walker","floor":35,"turns":4},{"damage":7,"enemies":"3 Shapes","floor":37,"turns":2},{"damage":67,"enemies":"Spire Growth","floor":41,"turns":6},{"damage":23,"enemies":"4 Shapes","floor":42,"turns":4},{"damage":30,"enemies":"3 Darklings","floor":44,"turns":2}],"seed_played":"7713463754964221344","potions_obtained":[{"floor":1,"key":"DuplicationPotion"},{"floor":5,"key":"FearPotion"},{"floor":8,"key":"EssenceOfSteel"},{"floor":13,"key":"Weak Potion"},{"floor":22,"key":"FocusPotion"},{"floor":23,"key":"Fire Potion"},{"floor":28,"key":"Explosive Potion"},{"floor":31,"key":"Weak Potion"},{"floor":35,"key":"Block Potion"}],"is_trial":false,"path_per_floor":["M","?","M","M","M","R","E","M","T","M","M","?","M","M","R","B",null,"M","?","M","?","M","E","$","R","T","M","M","M","$","M","R","B",null,"M","?","M","$","?","R","M","M","T","M"],"character_chosen":"DEFECT","items_purchased":["Calipers","Hyperbeam","Capacitor+1","Cold Snap","Lee\u0027s Waffle"],"campfire_rested":0,"item_purchase_floors":[24,24,30,30,38],"current_hp_per_floor":[48,48,48,46,44,44,37,37,37,37,44,44,54,62,62,63,75,72,72,74,74,69,72,72,72,72,52,59,50,50,35,35,24,75,75,75,68,82,82,82,39,26,26,0,0],"gold":111,"neow_bonus":"THREE_RARE_CARDS","is_daily":false,"chose_seed":false,"campfire_upgraded":4,"win_rate":0.0,"timestamp":1613879392,"path_taken":["M","?","M","M","M","R","E","M","T","M","?","?","?","M","R","BOSS","M","?","M","?","?","E","?","R","T","M","M","M","$","M","R","BOSS","M","?","?","$","?","R","M","M","T","?"],"items_purchased_type":["Relic","Card","Card","Card","Relic"],"build_version":"2020-12-22","purchased_purges":0,"victory":false,"max_hp_per_floor":[75,75,75,75,75,75,75,75,75,75,75,75,75,75,75,75,75,75,75,75,75,75,75,75,75,75,75,75,75,75,75,75,75,75,75,75,75,82,82,82,82,82,82,82,82],"card_choices":[{"not_picked":["Seek","Fission"],"picked":"Hyperbeam","floor":0},{"not_picked":["Doom and Gloom","Go for the Eyes"],"picked":"Auto Shields","floor":1},{"not_picked":["Beam Cell","Reprogram"],"picked":"Turbo","floor":3},{"not_picked":["Turbo","Chill"],"picked":"Glacier","floor":4},{"not_picked":["Glacier","Turbo"],"picked":"Streamline","floor":5},{"not_picked":["Reprogram","Creative AI"],"picked":"Hologram","floor":7},{"not_picked":["Darkness","Coolheaded"],"picked":"Self Repair","floor":8},{"not_picked":["Rebound","Redo"],"picked":"Scrape","floor":10},{"not_picked":["Streamline","Compile Driver"],"picked":"Barrage","floor":11},{"not_picked":["Tempest","Rebound"],"picked":"Conserve Battery","floor":13},{"not_picked":["Redo","Gash"],"picked":"Self Repair","floor":14},{"not_picked":["Echo Form","Multi-Cast"],"picked":"All For One","floor":16},{"not_picked":["Rebound","Barrage"],"picked":"Gash","floor":18},{"not_picked":["Compile Driver","FTL"],"picked":"Sunder","floor":20},{"not_picked":["Leap","Consume"],"picked":"Static Discharge","floor":22},{"not_picked":["Coolheaded","Creative AI"],"picked":"Melter","floor":23},{"not_picked":["Tempest","Turbo"],"picked":"Sweeping Beam","floor":27},{"not_picked":["Streamline+1","Rip and Tear"],"picked":"Chaos+1","floor":28},{"not_picked":["Redo","Scrape"],"picked":"Go for the Eyes","floor":29},{"not_picked":["Cold Snap","Sweeping Beam"],"picked":"Capacitor+1","floor":31},{"not_picked":["Core Surge","Multi-Cast"],"picked":"Echo Form+1","floor":33},{"not_picked":["Undo","Turbo+1"],"picked":"Leap+1","floor":35},{"not_picked":["Sweeping Beam","Chill"],"picked":"Gash+1","floor":37},{"not_picked":["Reprogram","Coolheaded+1"],"picked":"Steam+1","floor":41},{"not_picked":["Coolheaded+1","Go for the Eyes+1"],"picked":"Hello World+1","floor":42}],"player_experience":564452,"relics_obtained":[{"floor":7,"key":"Bag of Marbles"},{"floor":9,"key":"Pantograph"},{"floor":23,"key":"Sundial"},{"floor":26,"key":"Frozen Egg 2"}],"event_choices":[{"cards_removed":["Defend_B"],"damage_healed":0,"gold_gain":0,"player_choice":"Purged","damage_taken":0,"max_hp_gain":0,"max_hp_loss":0,"event_name":"Purifier","floor":2,"gold_loss":0},{"damage_healed":0,"gold_gain":0,"player_choice":"Upgraded","damage_taken":0,"max_hp_gain":0,"max_hp_loss":0,"event_name":"Upgrade Shrine","floor":12,"gold_loss":0,"cards_upgraded":["Self Repair"]},{"damage_healed":0,"gold_gain":0,"player_choice":"Ignored","damage_taken":0,"max_hp_gain":0,"max_hp_loss":0,"event_name":"Ghosts","floor":19,"gold_loss":0},{"cards_removed":["Defend_B"],"damage_healed":0,"gold_gain":0,"player_choice":"Offered Basic","damage_taken":0,"max_hp_gain":0,"max_hp_loss":0,"event_name":"Bonfire Elementals","floor":21,"gold_loss":0},{"cards_removed":["Sweeping Beam"],"damage_healed":0,"gold_gain":0,"player_choice":"Gave Card","damage_taken":0,"relics_obtained":["Mummified Hand"],"max_hp_gain":0,"max_hp_loss":0,"event_name":"WeMeetAgain","floor":36,"gold_loss":0},{"cards_removed":["Cold Snap"],"damage_healed":0,"gold_gain":0,"player_choice":"Card Removal","damage_taken":0,"max_hp_gain":0,"max_hp_loss":0,"event_name":"Wheel of Change","floor":39,"gold_loss":0}],"is_beta":false,"boss_relics":[{"not_picked":["Fusion Hammer","Philosopher\u0027s Stone"],"picked":"Astrolabe"},{"not_picked":["Black Star","Runic Dome"],"picked":"SlaversCollar"}],"items_purged_floors":[],"is_endless":false,"potions_floor_spawned":[1,5,8,13,22,23,28,31,35],"killed_by":"3 Darklings","ascension_level":0}}