{"host":"oq0u6q7bjztc2jwc","time":1613878041,"event":{"mods":["AchievementEnabler","BaseMod","Colored Map","Downfall","Highlight Path","Minty Spire (QoL Compilation)","Permanent Neow","StSLib"],"gold_per_floor":[118,193,193,211,386,430,449,489,536,536,552,552,552,575,575,575,575],"floor_reached":16,"language":"ENG","playtime":978,"items_purged":[],"score":149,"play_id":"df028b8d-61cc-436a-8cf5-fb24bdc4b6bf","local_time":"20210220222721","is_ascension_mode":true,"campfire_choices":[{"floor":10,"key":"REST"},{"floor":12,"key":"REST"},{"data":"Wireheading","floor":15,"key":"SMITH"}],"circlet_count":0,"master_deck":["Strike_P","Strike_P","Strike_P+1","Strike_P","Defend_P","Defend_P+1","Defend_P","Defend_P","Eruption","Vigilance","PathToVictory","ThirdEye+1","Doubt","LessonLearned","EmptyBody","Wireheading+1","Decay","EmptyMind"],"relics":["PureWater","NeowsBlessing","Golden Idol","Meat on the Bone","MealTicket","Bag of Marbles"],"acts_visited":["Exordium"],"potions_floor_usage":[8,8,16],"damage_taken":[{"damage":0,"enemies":"2 Louse","floor":1,"turns":1},{"damage":0,"enemies":"Small Slimes","floor":4,"turns":1},{"damage":0,"enemies":"Lagavulin","floor":6,"turns":1},{"damage":0,"enemies":"Cultist","floor":7,"turns":4},{"damage":38,"enemies":"Gremlin Nob","floor":8,"turns":4},{"damage":0,"enemies":"2 Fungi Beasts","floor":11,"turns":4},{"damage":17,"enemies":"Large Slime","floor":14,"turns":8},{"damage":42,"enemies":"Slime Boss","floor":16,"turns":9}],"seed_played":"6732499457312129874","potions_obtained":[{"floor":4,"key":"hexamod:SoulburnPotion"},{"floor":6,"key":"Weak Potion"},{"floor":14,"key":"LiquidBronze"}],"is_trial":false,"path_per_floor":["M","?","?","M","?","E","M","E","T","R","M","R","?","M","R","B"],"character_chosen":"WATCHER","items_purchased":[],"campfire_rested":2,"item_purchase_floors":[],"current_hp_per_floor":[72,61,43,43,43,43,43,17,17,38,38,59,59,42,42,0,0],"gold":575,"neow_bonus":"THREE_ENEMY_KILL","is_daily":false,"chose_seed":false,"campfire_upgraded":1,"win_rate":0.0,"timestamp":1613878041,"path_taken":["M","?","?","M","?","E","M","E","T","R","M","R","?","M","R","BOSS"],"items_purchased_type":[],"build_version":"2020-12-22","purchased_purges":0,"victory":false,"max_hp_per_floor":[72,72,72,72,72,72,72,72,72,72,72,72,72,72,72,72,72],"card_choices":[{"not_picked":["Tantrum","EmptyMind"],"picked":"PathToVictory","floor":1},{"not_picked":["CutThroughFate","Vengeance"],"picked":"ThirdEye","floor":4},{"not_picked":["FollowUp","SashWhip"],"picked":"LessonLearned","floor":6},{"not_picked":["BowlingBash","TalkToTheHand"],"picked":"EmptyBody","floor":7},{"not_picked":["Evaluate","SandsOfTime"],"picked":"Wireheading","floor":8},{"not_picked":["Prostrate","TalkToTheHand","Tantrum"],"picked":"SKIP","floor":11},{"not_picked":["Pray","Adaptation"],"picked":"EmptyMind","floor":14}],"player_experience":596966,"relics_obtained":[{"floor":6,"key":"Meat on the Bone"},{"floor":8,"key":"MealTicket"},{"floor":9,"key":"Bag of Marbles"}],"event_choices":[{"damage_healed":0,"gold_gain":75,"player_choice":"Gather Gold","damage_taken":11,"max_hp_gain":0,"max_hp_loss":0,"event_name":"World of Goop","floor":2,"gold_loss":0},{"damage_healed":0,"gold_gain":0,"player_choice":"Take Damage","damage_taken":18,"relics_obtained":["Golden Idol"],"max_hp_gain":0,"max_hp_loss":0,"event_name":"Golden Idol","floor":3,"gold_loss":0},{"damage_healed":0,"gold_gain":175,"player_choice":"AGREE","damage_taken":0,"max_hp_gain":0,"max_hp_loss":0,"event_name":"Liars Game","floor":5,"gold_loss":0,"cards_obtained":["Doubt"]},{"damage_healed":0,"gold_gain":0,"player_choice":"Cursed","damage_taken":0,"max_hp_gain":0,"max_hp_loss":0,"event_name":"Wheel of Change","floor":13,"gold_loss":0,"cards_obtained":["Decay"]}],"is_beta":false,"boss_relics":[],"items_purged_floors":[],"is_endless":false,"potions_floor_spawned":[4,6,14],"killed_by":"Slime Boss","ascension_level":2}}