{"host":"18wi9kpcl4eah7pe","time":1613891337,"event":{"mods":["BaseMod","Colored Powertips","Downfall","Minty Spire (QoL Compilation)","StSLib"],"gold_per_floor":[199,219,239,254,273,273,299,314,331,357,371,404,104,104,115,218,218,218,318,337,101,86,113,140,156,156,156,182,193,193,210,221,321,321,321,337,337,4,17,49,97,115,201,219,69,69,86,112,128,128,128,159,4,4,4,4,4],"floor_reached":55,"language":"ENG","playtime":3096,"items_purged":[],"score":1085,"play_id":"9e3f19b5-0cbf-415a-9cad-b5d93bd6bb47","local_time":"20210221010857","is_ascension_mode":true,"campfire_choices":[{"floor":1.0,"key":"RECALL"},{"floor":13,"key":"REST"},{"data":"bronze:ClassDefault","floor":18,"key":"SMITH"},{"data":"bronze:BurnOut","floor":27,"key":"SMITH"},{"floor":30,"key":"REST"},{"data":"bronze:HardenedForm","floor":35,"key":"SMITH"},{"data":"bronze:InfiniteLoop","floor":46,"key":"SMITH"},{"floor":54,"key":"REST"}],"circlet_count":0,"master_deck":["bronze:Strike","bronze:Strike","bronze:Strike","bronze:Defend","bronze:Defend","bronze:Defend","bronze:Defend","bronze:Replicate","bronze:Goto","bronze:Repair","bronze:ChildClass","bronze:Branch","bronze:ClassDefault+1","bronze:HardenedForm+1","bronze:Separator","bronze:Fortify","bronze:WildBeam","bronze:Allocate","bronze:Overheat","bronze:BurnOut+1","bronze:BugBarrage","bronze:BuggyMess","bronze:Mutator","bronze:FollowUp+1","bronze:Iterate","bronze:Safeguard","bronze:ClassDefault+1","bronze:MaxOutput+1","bronze:Optimize+1","bronze:BronzeOrb","bronze:Frontload","bronze:InfiniteLoop+1","bronze:ChosenStrike","expansioncontent:PrepareCrush","bronze:Shell+1","bronze:CutThrough+1","bronze:FineTuning+1","bronze:Break","bronze:Overheat+1","bronze:DelayedGuard+1","bronze:Constructor+1","bronze:BitShift+1"],"relics":["bronze:BronzeCore","Bag of Preparation","Orichalcum","downfall:HeartBlessingBlue","downfall:HeartBlessingRed","downfall:HeartBlessingGreen","bronze:MakeshiftBattery","MealTicket","Potion Belt","Nunchaku","Blood Vial","SlaversCollar","Guardian:PocketSentry","bronze:ProtectiveGoggles","Kunai","bronze:SilverBullet","Mercury Hourglass","Strawberry"],"acts_visited":["Exordium","TheCity","TheBeyond","TheEnding"],"potions_floor_usage":[12,16,28,32,33,36,39,40,43,50,52,55],"damage_taken":[{"damage":1.0,"enemies":"Cultist","floor":2.0,"turns":3.0},{"damage":8.0,"enemies":"2 Louse","floor":3.0,"turns":2.0},{"damage":1.0,"enemies":"Jaw Worm","floor":4.0,"turns":4.0},{"damage":0.0,"enemies":"Large Slime","floor":5.0,"turns":5.0},{"damage":13.0,"enemies":"Exordium Thugs","floor":8.0,"turns":7.0},{"damage":9.0,"enemies":"Red Slaver","floor":9.0,"turns":3.0},{"damage":8.0,"enemies":"Lagavulin","floor":10.0,"turns":5.0},{"damage":18,"enemies":"3 Louse","floor":11,"turns":3},{"damage":13,"enemies":"3 Sentries","floor":12,"turns":6},{"damage":14,"enemies":"Large Slime","floor":15,"turns":5},{"damage":4,"enemies":"SI_SHIV_ARCHETYPE","floor":16,"turns":6},{"damage":19,"enemies":"downfall:LooterAlt2","floor":20,"turns":5},{"damage":0,"enemies":"downfall:FleeingMerchant","floor":21,"turns":4},{"damage":0,"enemies":"downfall:FleeingMerchant","floor":22,"turns":4},{"damage":17,"enemies":"Gremlin Leader","floor":23,"turns":8},{"damage":0,"enemies":"3 Byrds","floor":25,"turns":4},{"damage":8,"enemies":"Slavers","floor":28,"turns":4},{"damage":35,"enemies":"Snake Plant","floor":29,"turns":5},{"damage":6,"enemies":"Snecko","floor":31,"turns":4},{"damage":0,"enemies":"Cultist and Chosen","floor":32,"turns":2},{"damage":19,"enemies":"IC_MUSHROOM_ARCHETYPE","floor":33,"turns":6},{"damage":0,"enemies":"Orb Walker","floor":36,"turns":3},{"damage":0,"enemies":"3 Shapes","floor":39,"turns":3},{"damage":25,"enemies":"Reptomancer","floor":40,"turns":4},{"damage":15,"enemies":"3 Darklings","floor":42,"turns":5},{"damage":0,"enemies":"downfall:FleeingMerchant","floor":43,"turns":4},{"damage":0,"enemies":"Transient","floor":44,"turns":5},{"damage":12,"enemies":"Spire Growth","floor":47,"turns":5},{"damage":0,"enemies":"Giant Head","floor":48,"turns":6},{"damage":23,"enemies":"3 Darklings","floor":49,"turns":3},{"damage":31,"enemies":"WA_ARCHETYPE_DIVINITY","floor":50,"turns":10},{"damage":96,"enemies":"downfall:CharBossMerchant","floor":52,"turns":9},{"damage":83,"enemies":"downfall:NeowBoss","floor":55,"turns":15}],"seed_played":"-1697503509657001368","potions_obtained":[{"floor":3.0,"key":"bronze:BurnAndBuffPotion"},{"floor":4.0,"key":"Strength Potion"},{"floor":5.0,"key":"hexamod:SoulburnPotion"},{"floor":8.0,"key":"PowerPotion"},{"floor":12,"key":"CultistPotion"},{"floor":16,"key":"Swift Potion"},{"floor":20,"key":"GamblersBrew"},{"floor":25,"key":"SteroidPotion"},{"floor":28,"key":"Strength Potion"},{"floor":29,"key":"Fire Potion"},{"floor":36,"key":"AttackPotion"},{"floor":39,"key":"BlessingOfTheForge"},{"floor":48,"key":"Explosive Potion"},{"floor":49,"key":"Strength Potion"},{"floor":52,"key":"Explosive Potion"}],"is_trial":false,"path_per_floor":["R","M","M","M","M","?","T","M","M","E","M","E","R","?","M","B",null,"R","?","M","$","$","E","T","M","?","R","E","M","R","M","M","B",null,"R","M","?","?","M","E","T","M","$","M","?","R","M","E","M","B",null,"E","$","R","B"],"character_chosen":"THE_AUTOMATON","items_purchased":["MealTicket","bronze:Mutator","Kunai","Strawberry"],"campfire_rested":3,"item_purchase_floors":[21,21,43,53],"current_hp_per_floor":[63,62,61,67,70,70,70,64,62,61,50,44,78,78,71,67,77,77,77,65,80,80,70,70,70,70,70,62,36,60,56,75,68,77,77,79,79,90,90,65,65,82,90,90,100,100,88,100,77,58,90,4,26,58,0,0,0],"gold":4,"neow_bonus":"HUNDRED_GOLD","is_daily":false,"chose_seed":false,"campfire_upgraded":4,"win_rate":0.0,"timestamp":1613891337,"path_taken":["R","M","?","M","?","?","T","M","M","E","M","E","R","?","M","BOSS","R","?","M","?","$","E","T","M","?","R","E","M","R","?","M","BOSS","R","M","?","?","M","E","T","M","$","M","?","R","?","E","M","BOSS","E","$","R","BOSS"],"items_purchased_type":["Relic","Card","Relic","Relic"],"build_version":"2020-12-22","purchased_purges":0,"victory":false,"max_hp_per_floor":[70,70,70,70,70,70,70,70,70,70,70,70,80,80,80,80,80,80,80,80,80,80,80,80,80,80,80,80,80,80,80,80,80,80,80,80,80,90,90,90,90,90,90,90,100,100,100,100,100,100,100,100,107,107,107,107,107],"card_choices":[{"not_picked":["bronze:Branch","bronze:BuggyMess"],"picked":"bronze:Repair","floor":2.0},{"not_picked":["bronze:BitShift","bronze:OilSpill"],"picked":"bronze:ChildClass","floor":3.0},{"not_picked":["bronze:Return","bronze:Turbo"],"picked":"bronze:Branch","floor":4.0},{"not_picked":["bronze:Shield","bronze:DarkDash"],"picked":"bronze:ClassDefault","floor":5.0},{"not_picked":["bronze:BitShift","bronze:Shield"],"picked":"bronze:HardenedForm","floor":8.0},{"not_picked":["bronze:DarkDash","bronze:FineTuning"],"picked":"bronze:Separator","floor":9.0},{"not_picked":["bronze:HyperBeam","bronze:Invalidate"],"picked":"bronze:Fortify","floor":10},{"not_picked":["bronze:Frontload","bronze:DelayedGuard"],"picked":"bronze:WildBeam","floor":11},{"not_picked":["bronze:BitShift","bronze:BugBarrage"],"picked":"bronze:Allocate","floor":12},{"not_picked":["bronze:BitShift","bronze:CloningBeam"],"picked":"bronze:Overheat","floor":15},{"not_picked":["bronze:CleanCode","bronze:SpaghettiCode"],"picked":"bronze:BurnOut","floor":16},{"not_picked":["bronze:Frontload","bronze:Separator+1"],"picked":"bronze:BugBarrage","floor":20},{"not_picked":["bronze:Fortify","bronze:Refactor"],"picked":"bronze:BuggyMess","floor":21},{"not_picked":["bronze:Verify","bronze:WildBeam+1"],"picked":"bronze:FollowUp+1","floor":22},{"not_picked":["bronze:BuggyMess","bronze:Return"],"picked":"bronze:Iterate","floor":23},{"not_picked":["bronze:CloningBeam","bronze:ForLoop"],"picked":"bronze:Safeguard","floor":25},{"not_picked":["bronze:DelayedGuard","bronze:Invalidate+1"],"picked":"bronze:MaxOutput+1","floor":28},{"not_picked":["bronze:Backtrace","bronze:Shield"],"picked":"bronze:Optimize+1","floor":29},{"not_picked":["bronze:CloningBeam","bronze:Overheat"],"picked":"bronze:BronzeOrb","floor":31},{"not_picked":["bronze:WildBeam","bronze:BronzeOrb+1"],"picked":"bronze:Frontload","floor":32},{"not_picked":["bronze:Verify","bronze:Mutator"],"picked":"bronze:InfiniteLoop","floor":33},{"not_picked":["bronze:Optimize+1","bronze:Frontload+1"],"picked":"bronze:ChosenStrike","floor":36},{"not_picked":["expansioncontent:InvincibleStrength","expansioncontent:Chronoboost"],"picked":"expansioncontent:PrepareCrush","floor":37},{"not_picked":["bronze:BugBarrage+1","bronze:CutThrough+1"],"picked":"bronze:Shell+1","floor":39},{"not_picked":["bronze:Invalidate","bronze:Separator+1"],"picked":"bronze:CutThrough+1","floor":40},{"not_picked":["bronze:BuggyMess","bronze:ForLoop"],"picked":"bronze:FineTuning+1","floor":42},{"not_picked":["bronze:CloningBeam","bronze:DarkDash"],"picked":"bronze:Break","floor":43},{"not_picked":["bronze:BugBarrage","bronze:Philosophize","bronze:ClassDefault+1"],"picked":"SKIP","floor":44},{"not_picked":["bronze:Shield+1","bronze:ItsAFeature+1"],"picked":"bronze:Overheat+1","floor":47},{"not_picked":["bronze:ThunderWave","bronze:BronzeArmor"],"picked":"bronze:DelayedGuard+1","floor":48},{"not_picked":["bronze:DelayedGuard","bronze:Philosophize+1"],"picked":"bronze:Constructor+1","floor":49},{"not_picked":["bronze:Frontload","bronze:Overheat"],"picked":"bronze:BitShift+1","floor":52}],"player_experience":1030272,"relics_obtained":[{"floor":10,"key":"Bag of Preparation"},{"floor":12,"key":"Orichalcum"},{"floor":23,"key":"Potion Belt"},{"floor":24,"key":"Nunchaku"},{"floor":28,"key":"Blood Vial"},{"floor":40,"key":"Guardian:PocketSentry"},{"floor":41,"key":"bronze:ProtectiveGoggles"},{"floor":48,"key":"bronze:SilverBullet"},{"floor":52,"key":"Mercury Hourglass"}],"event_choices":[],"is_beta":false,"boss_relics":[{"not_picked":["Astrolabe","Sozu"],"picked":"bronze:MakeshiftBattery"},{"not_picked":["Pandora\u0027s Box","Empty Cage"],"picked":"SlaversCollar"}],"items_purged_floors":[],"is_endless":false,"potions_floor_spawned":[3,4,5,8,10,12,16,20,25,28,29,36,39,48,49,52],"killed_by":"downfall:NeowBoss","ascension_level":6}}