{"host":"ev0u5pyx0moiq7pp","time":1613883949,"event":{"mods":["Act Like it!","BaseMod","CapriCore","Challenge The Spire","Colored Map","Colored Powertips","Custom Start","DeckTracker","Elementarium","Energized Spire","Hubris","Koishi","Luminous","Minty Spire (QoL Compilation)","Quick Restart","Random Character Button","Ruina","Shop Mod","StSLib","Synergy Search","The Bladedancer","The Bug Knight","The Hierophant","The Immortal","The Necromancer","The Runesmith"],"gold_per_floor":[111,111,51,63,82,111,128,128,128,128,203,9,21,21,21],"floor_reached":14,"language":"DEU","playtime":1559,"items_purged":[],"score":90,"play_id":"09113dee-9957-48bf-bc76-999a87b14a86","local_time":"20210221060549","is_ascension_mode":false,"campfire_choices":[{"floor":8,"key":"REST"},{"floor":10,"key":"REST"}],"circlet_count":0,"master_deck":["Luminous:Light_Flash_Shower","Luminous:Light_Flash_Shower","Luminous:Light_Flash_Shower","Luminous:Dark_Abyssal_Drop","Luminous:Dark_Abyssal_Drop","Luminous:Dark_Abyssal_Drop","Luminous:Defend_Luminous","Luminous:Defend_Luminous","Luminous:Defend_Luminous","Luminous:Defend_Luminous","Luminous:Switch_Luminous","Luminous:Light_Glare+1","Luminous:Magic_Boost_Luminous","Luminous:Light_Wash_Luminous","Luminous:Light_Reflection","Luminous:Magic_Accelerate_Luminous","Luminous:Darkness_Mastery_Luminous","Luminous:Dark_Raid","Luminous:Photic_Meditation_Luminous"],"relics":["Luminous:MirrorRelic","NeowsBlessing","Potion Belt","Bag of Marbles","Membership Card"],"acts_visited":["Exordium"],"potions_floor_usage":[7,13],"damage_taken":[{"damage":0,"enemies":"Jaw Worm","floor":1,"turns":1},{"damage":0,"enemies":"Small Slimes","floor":4,"turns":2},{"damage":0,"enemies":"Cultist","floor":5,"turns":1},{"damage":36,"enemies":"HollowMod:MossKnight","floor":6,"turns":13},{"damage":25,"enemies":"Exordium Thugs","floor":7,"turns":5},{"damage":6,"enemies":"Gremlin Gang","floor":13,"turns":7},{"damage":67,"enemies":"Lagavulin","floor":14,"turns":8}],"seed_played":"8596250635033203424","potions_obtained":[{"floor":4,"key":"Swift Potion"},{"floor":6,"key":"FearPotion"}],"is_trial":false,"path_per_floor":["M","?","?","M","M","E","M","R","T","R","?","$","M","E"],"character_chosen":"LuminousClass","items_purchased":["Membership Card","Luminous:Darkness_Mastery_Luminous","Luminous:Dark_Raid"],"campfire_rested":2,"item_purchase_floors":[12,12,12],"current_hp_per_floor":[75,75,75,75,75,39,14,36,36,58,51,51,45,0,0],"gold":21,"neow_bonus":"THREE_ENEMY_KILL","is_daily":false,"chose_seed":false,"campfire_upgraded":0,"win_rate":0.0,"timestamp":1613883949,"path_taken":["M","?","?","M","?","E","M","R","T","R","?","$","M","E"],"items_purchased_type":["Relic","Card","Card"],"build_version":"2020-12-22","purchased_purges":0,"victory":false,"max_hp_per_floor":[75,75,75,75,75,75,75,75,75,75,75,75,75,75,75],"card_choices":[{"not_picked":["Luminous:Dark_Raid","Luminous:Fast_Spell_Luminous"],"picked":"Luminous:Light_Glare","floor":1},{"not_picked":["Luminous:Concentrate_Luminous","Luminous:Light_Sylvan_Lance"],"picked":"Luminous:Magic_Boost_Luminous","floor":4},{"not_picked":["Luminous:Dark_Raid","Luminous:Darkness_Mastery_Luminous"],"picked":"Luminous:Light_Wash_Luminous","floor":5},{"not_picked":["Luminous:Phantom_Treasure_Luminous","Luminous:Mana_Barrier_Luminous"],"picked":"Luminous:Light_Reflection","floor":6},{"not_picked":["Luminous:Reverse_Spell_Luminous","Luminous:Balance_Baptism"],"picked":"Luminous:Magic_Accelerate_Luminous","floor":7},{"not_picked":["Luminous:Dark_Arcane_Pitch","Luminous:Light_Sylvan_Lance"],"picked":"Luminous:Photic_Meditation_Luminous","floor":13}],"player_experience":569503,"relics_obtained":[{"floor":6,"key":"Bag of Marbles"}],"event_choices":[{"damage_healed":0,"gold_gain":0,"player_choice":"Grow","damage_taken":0,"max_hp_gain":0,"max_hp_loss":0,"event_name":"Living Wall","floor":2,"gold_loss":0,"cards_upgraded":["Luminous:Light_Glare"]},{"damage_healed":0,"gold_gain":0,"player_choice":"Paid Gold","damage_taken":0,"relics_obtained":["Potion Belt"],"max_hp_gain":0,"max_hp_loss":0,"event_name":"WeMeetAgain","floor":3,"gold_loss":60},{"damage_healed":0,"gold_gain":75,"player_choice":"Touch","damage_taken":7,"max_hp_gain":0,"max_hp_loss":0,"event_name":"FaceTrader","floor":11,"gold_loss":0}],"is_beta":false,"boss_relics":[],"items_purged_floors":[],"is_endless":false,"potions_floor_spawned":[4,6],"killed_by":"Lagavulin","ascension_level":0}}