{"host":"mithrandi","time":1613900059,"event":{"mods":["BaseMod","Colored Map","Highlight Path","Minty Spire (QoL Compilation)","SuperFastMode"],"gold_per_floor":[118,137,147,158,158,170,170,203,203,236,236,135,135,155,155,227,227,244,54,72,92,108,137,137,152,152,152,170,170,170,170,170],"floor_reached":31,"language":"ENG","playtime":1605,"items_purged":["Strike_R","Strike_R"],"score":563,"play_id":"629fa0eb-1f56-4149-9be2-c4d45a06460c","local_time":"20210221113419","is_ascension_mode":true,"campfire_choices":[{"data":"Combust","floor":7.0,"key":"SMITH"},{"floor":11.0,"key":"REST"},{"data":"Warcry","floor":13.0,"key":"SMITH"},{"data":"Offering","floor":15.0,"key":"SMITH"},{"floor":24.0,"key":"REST"},{"floor":27.0,"key":"REST"}],"circlet_count":0,"master_deck":["AscendersBane","Defend_R","Defend_R","Defend_R","Defend_R","Bash","Offering+1","Blood for Blood","Anger","Pommel Strike","Combust+1","Ghostly Armor","Offering","Dropkick","Warcry+1","Sword Boomerang","Demon Form","Shrug It Off","Shockwave","Armaments","Seeing Red","Exhume","Battle Trance","Whirlwind","Bite","Bite","Bite","Bite","Bite"],"relics":["Burning Blood","Boot","Pen Nib","MealTicket","Philosopher\u0027s Stone","Sundial","Nloth\u0027s Gift"],"acts_visited":["Exordium","TheCity"],"potions_floor_usage":[],"damage_taken":[{"damage":3.0,"enemies":"2 Louse","floor":1.0,"turns":4.0},{"damage":1.0,"enemies":"Cultist","floor":2.0,"turns":3.0},{"damage":18.0,"enemies":"Jaw Worm","floor":3.0,"turns":2.0},{"damage":13.0,"enemies":"Large Slime","floor":4.0,"turns":3.0},{"damage":8.0,"enemies":"Lots of Slimes","floor":6.0,"turns":2.0},{"damage":15.0,"enemies":"Gremlin Nob","floor":8.0,"turns":3.0},{"damage":20.0,"enemies":"Lagavulin","floor":10.0,"turns":4.0},{"damage":4.0,"enemies":"3 Louse","floor":14.0,"turns":2.0},{"damage":32.0,"enemies":"Hexaghost","floor":16.0,"turns":7.0},{"damage":34.0,"enemies":"Shell Parasite","floor":18.0,"turns":4.0},{"damage":14.0,"enemies":"3 Byrds","floor":20.0,"turns":3.0},{"damage":27.0,"enemies":"Snecko","floor":21.0,"turns":4.0},{"damage":17.0,"enemies":"Snake Plant","floor":22.0,"turns":3.0},{"damage":24.0,"enemies":"Gremlin Leader","floor":23.0,"turns":4.0},{"damage":18.0,"enemies":"3 Cultists","floor":25.0,"turns":4.0},{"damage":18.0,"enemies":"Centurion and Healer","floor":28.0,"turns":3.0},{"damage":37,"enemies":"Book of Stabbing","floor":31,"turns":3}],"seed_played":"-3333833225226886898","potions_obtained":[{"floor":1.0,"key":"Strength Potion"},{"floor":4.0,"key":"SpeedPotion"},{"floor":8.0,"key":"PowerPotion"},{"floor":10.0,"key":"BloodPotion"},{"floor":14.0,"key":"Strength Potion"},{"floor":20.0,"key":"Block Potion"},{"floor":22.0,"key":"HeartOfIron"},{"floor":23.0,"key":"Explosive Potion"}],"is_trial":false,"path_per_floor":["M","M","M","M","?","M","R","E","T","E","R","$","R","M","R","B",null,"M","$","M","M","M","E","R","M","T","R","M","?","?","E"],"character_chosen":"IRONCLAD","items_purchased":["Warcry","Shockwave"],"campfire_rested":3,"item_purchase_floors":[12,19],"current_hp_per_floor":[53,58,46,39,39,37,37,28,28,14,36,51,51,53,53,27,63,35,50,57,36,25,7,29,17,17,39,27,27,27,0,0],"gold":170,"neow_bonus":"THREE_RARE_CARDS","is_daily":false,"chose_seed":false,"campfire_upgraded":3,"win_rate":0.0,"timestamp":1613900059,"path_taken":["M","M","M","M","?","M","R","E","T","E","R","$","R","M","R","BOSS","M","$","M","M","M","E","R","M","T","R","?","?","?","E"],"items_purchased_type":["Card","Card"],"build_version":"2020-12-18","purchased_purges":2,"victory":false,"max_hp_per_floor":[75,75,75,75,75,75,75,75,75,75,75,75,75,75,75,75,75,75,75,75,75,75,75,75,75,75,75,75,52,52,52,52],"card_choices":[{"not_picked":["Impervious","Exhume"],"picked":"Offering","floor":0.0},{"not_picked":["Perfected Strike","Clash"],"picked":"Blood for Blood","floor":1.0},{"not_picked":["Power Through","Reckless Charge"],"picked":"Anger","floor":2.0},{"not_picked":["Reckless Charge","Havoc"],"picked":"Pommel Strike","floor":3.0},{"not_picked":["Cleave","Sever Soul"],"picked":"Combust","floor":4.0},{"not_picked":["Cleave","Perfected Strike"],"picked":"Ghostly Armor","floor":6.0},{"not_picked":["Dropkick","Burning Pact"],"picked":"Offering","floor":8.0},{"not_picked":["Rampage","Sword Boomerang"],"picked":"Dropkick","floor":10.0},{"not_picked":["Perfected Strike","Body Slam"],"picked":"Sword Boomerang","floor":14.0},{"not_picked":["Bludgeon","Double Tap"],"picked":"Demon Form","floor":16.0},{"not_picked":["Cleave","Evolve"],"picked":"Shrug It Off","floor":18.0},{"not_picked":["Havoc","Clothesline"],"picked":"Armaments","floor":20.0},{"not_picked":["Perfected Strike","Infernal Blade"],"picked":"Seeing Red","floor":21.0},{"not_picked":["Cleave","Heavy Blade"],"picked":"Exhume","floor":22.0},{"not_picked":["Thunderclap","Clothesline","Anger+1"],"picked":"SKIP","floor":23.0},{"not_picked":["Spot Weakness","Iron Wave"],"picked":"Battle Trance","floor":25.0},{"not_picked":["Flex","Cleave+1"],"picked":"Whirlwind","floor":28.0}],"player_experience":3037733,"relics_obtained":[{"floor":8.0,"key":"Boot"},{"floor":9.0,"key":"Pen Nib"},{"floor":10.0,"key":"MealTicket"},{"floor":23.0,"key":"Sundial"},{"floor":26.0,"key":"Lantern"}],"event_choices":[{"cards_removed":["Strike_R"],"damage_healed":0.0,"max_hp_gain":0.0,"max_hp_loss":0.0,"gold_gain":0.0,"event_name":"Bonfire Elementals","player_choice":"Offered Basic","floor":5.0,"gold_loss":0.0,"damage_taken":0.0},{"damage_healed":0.0,"max_hp_gain":0.0,"max_hp_loss":23.0,"gold_gain":0.0,"event_name":"Vampires","player_choice":"Became a vampire","floor":29.0,"gold_loss":0.0,"damage_taken":0.0,"cards_obtained":["Bite","Bite","Bite","Bite","Bite"]},{"damage_healed":0.0,"max_hp_gain":0.0,"max_hp_loss":0.0,"gold_gain":0.0,"event_name":"N\u0027loth","player_choice":"Traded Relic","floor":30.0,"relics_lost":["Lantern"],"gold_loss":0.0,"damage_taken":0.0,"relics_obtained":["Nloth\u0027s Gift"]}],"is_beta":true,"boss_relics":[{"not_picked":["Fusion Hammer","SlaversCollar"],"picked":"Philosopher\u0027s Stone"}],"items_purged_floors":[12,19],"is_endless":false,"potions_floor_spawned":[1,4,8,10,14,16,20,21,22,23],"killed_by":"Book of Stabbing","ascension_level":20}}