{"host":"g3js2eermvvpeiqn","time":1613901835,"event":{"mods":["BaseMod","DeckTracker","Downfall","Minty Spire (QoL Compilation)","Quick Restart","StSLib"],"gold_per_floor":[109,124,142,67,67,67,38,38,38,68,68,101,126,126,126,126,126],"floor_reached":16,"language":"ENG","playtime":441,"items_purged":[],"score":240,"play_id":"f6b930eb-0a9c-4861-8fde-4db90596bc2b","local_time":"20210221040355","is_ascension_mode":true,"campfire_choices":[{"floor":6,"key":"REST"},{"floor":15,"key":"DIG"}],"circlet_count":0,"master_deck":["AscendersBane","Strike_R","Strike_R","Strike_R+1","Strike_R","Defend_R","Defend_R","Defend_R","Defend_R","Bash+1","Headbutt","Flame Barrier+1","Fire Breathing","Thunderclap"],"relics":["Burning Blood","CaptainsWheel","Shovel","Champion Belt","CeramicFish","Eternal Feather"],"acts_visited":["Exordium"],"potions_floor_usage":[7,10,14],"damage_taken":[{"damage":9,"enemies":"Jaw Worm","floor":1,"turns":4},{"damage":10,"enemies":"Small Slimes","floor":2,"turns":4},{"damage":1,"enemies":"Cultist","floor":3,"turns":4},{"damage":5,"enemies":"Exordium Thugs","floor":7,"turns":5},{"damage":30,"enemies":"Lagavulin","floor":10,"turns":8},{"damage":20,"enemies":"3 Sentries","floor":12,"turns":6},{"damage":0,"enemies":"2 Fungi Beasts","floor":13,"turns":3},{"damage":0,"enemies":"Lagavulin","floor":14,"turns":3},{"damage":36,"enemies":"The Guardian","floor":16,"turns":2}],"seed_played":"-139325700154922855","potions_obtained":[{"floor":1,"key":"ElixirPotion"},{"floor":2,"key":"BlessingOfTheForge"},{"floor":12,"key":"SmokeBomb"}],"is_trial":false,"path_per_floor":["M","M","M","?","?","R","M","?","T","E","$","E","M","E","R","B"],"character_chosen":"IRONCLAD","items_purchased":[],"campfire_rested":1,"item_purchase_floors":[],"current_hp_per_floor":[47,43,48,48,25,47,48,48,48,24,24,10,16,22,22,0,0],"gold":126,"neow_bonus":"ONE_RARE_RELIC","is_daily":false,"chose_seed":false,"campfire_upgraded":0,"win_rate":0.0,"timestamp":1613901835,"path_taken":["M","M","M","?","?","R","M","?","T","E","$","E","M","E","R","BOSS"],"items_purchased_type":[],"build_version":"2020-12-22","purchased_purges":0,"victory":false,"max_hp_per_floor":[75,75,75,75,75,75,75,75,75,75,75,75,75,75,75,75,75],"card_choices":[{"not_picked":["Second Wind","Entrench","Heavy Blade"],"picked":"SKIP","floor":1},{"not_picked":["Combust","Flex"],"picked":"Headbutt","floor":2},{"not_picked":["Clash","Heavy Blade"],"picked":"Flame Barrier","floor":3},{"not_picked":["Wild Strike","Armaments","True Grit"],"picked":"SKIP","floor":7},{"not_picked":["Exhume","Pummel"],"picked":"Fire Breathing","floor":10},{"not_picked":["Warcry","Seeing Red","Blood for Blood"],"picked":"SKIP","floor":12},{"not_picked":["Cleave","Blood for Blood"],"picked":"Thunderclap","floor":13}],"player_experience":1540296,"relics_obtained":[{"floor":9,"key":"Shovel"},{"floor":10,"key":"Champion Belt"},{"floor":12,"key":"CeramicFish"},{"floor":15,"key":"Eternal Feather"}],"event_choices":[{"cards_removed":["Strike_R"],"damage_healed":0,"gold_gain":0,"player_choice":"Card Removal","damage_taken":0,"max_hp_gain":0,"max_hp_loss":0,"event_name":"The Cleric","floor":4,"gold_loss":75},{"damage_healed":0,"gold_gain":0,"player_choice":"Entered Light","damage_taken":23,"max_hp_gain":0,"max_hp_loss":0,"event_name":"Shining Light","floor":5,"gold_loss":0,"cards_upgraded":["Flame Barrier","Strike_R"]},{"damage_healed":0,"gold_gain":0,"player_choice":"Upgraded","damage_taken":0,"max_hp_gain":0,"max_hp_loss":0,"event_name":"Upgrade Shrine","floor":8,"gold_loss":0,"cards_upgraded":["Bash"]}],"is_beta":false,"boss_relics":[],"items_purged_floors":[],"is_endless":false,"potions_floor_spawned":[1,2,12,14],"killed_by":"The Guardian","ascension_level":20}}