{"host":"yx5rao87132cy5xq","time":1613867933,"event":{"mods":["2.2 Compatiblity","AchievementEnabler","BaseMod","Bestiary","Colored Map","Colored Powertips","Minty Spire (QoL Compilation)","Quick Restart","Relic Stats","Slay-I","SuperFastMode"],"gold_per_floor":[118,134,154,168,185,185,217,217,244,278,67,67,130,188,188,266,266,276,276,0,0,17,47,47,47,122,22,57,70,70,70],"floor_reached":30,"language":"ENG","playtime":967,"items_purged":["Strike_R","Shame"],"score":612,"play_id":"cf9aec0b-766d-4658-a12d-916cc16e2a2b","local_time":"20210221013853","is_ascension_mode":true,"campfire_choices":[{"data":"Uppercut","floor":6.0,"key":"SMITH"},{"data":"Combust","floor":8.0,"key":"SMITH"},{"floor":12.0,"key":"REST"},{"data":"Combust","floor":15.0,"key":"SMITH"}],"circlet_count":0,"master_deck":["AscendersBane","Strike_R+1","Strike_R+1","Strike_R+1","Strike_R+1","Defend_R+1","Defend_R+1","Defend_R+1","Defend_R+1","Bash","Cleave","Uppercut+1","Combust+1","Combust+1","Anger","Ghostly Armor+1","Shrug It Off","Shrug It Off+1","Barricade","Cleave","Writhe","Metallicize","Shrug It Off+1","Shrug It Off+1"],"relics":["Burning Blood","Bag of Preparation","Akabeko","Red Skull","Boot","SacredBark","Potion Belt","Incense Burner","Vajra","War Paint","Bottled Lightning","Bottled Tornado"],"acts_visited":["Exordium","TheCity"],"potions_floor_usage":[28,28,28],"damage_taken":[{"damage":6.0,"enemies":"Cultist","floor":1.0,"turns":4.0},{"damage":2.0,"enemies":"2 Louse","floor":2.0,"turns":2.0},{"damage":12.0,"enemies":"Small Slimes","floor":3.0,"turns":3.0},{"damage":9.0,"enemies":"2 Fungi Beasts","floor":4.0,"turns":3.0},{"damage":22.0,"enemies":"Large Slime","floor":5.0,"turns":5.0},{"damage":22.0,"enemies":"3 Sentries","floor":7.0,"turns":4.0},{"damage":30.0,"enemies":"Gremlin Nob","floor":10.0,"turns":4.0},{"damage":13.0,"enemies":"3 Sentries","floor":14.0,"turns":3.0},{"damage":18.0,"enemies":"Hexaghost","floor":16.0,"turns":6.0},{"damage":27.0,"enemies":"2 Thieves","floor":18.0,"turns":4.0},{"damage":24.0,"enemies":"Spheric Guardian","floor":22.0,"turns":5.0},{"damage":1.0,"enemies":"Slavers","floor":23.0,"turns":2.0},{"damage":16,"enemies":"Book of Stabbing","floor":28,"turns":3},{"damage":16,"enemies":"Snecko","floor":29,"turns":8},{"damage":16,"enemies":"Chosen and Byrds","floor":30,"turns":3}],"seed_played":"1928053461291458137","potions_obtained":[{"floor":3.0,"key":"GamblersBrew"},{"floor":5.0,"key":"Fire Potion"},{"floor":16.0,"key":"Energy Potion"},{"floor":22.0,"key":"Energy Potion"},{"floor":23.0,"key":"PowerPotion"}],"is_trial":false,"path_per_floor":["M","M","M","M","M","R","E","R","T","E","$","R","?","?","R","B",null,"M","?","$","?","M","E","?","?","T","$","E","M","M"],"character_chosen":"IRONCLAD","items_purchased":["DuplicationPotion","PowerPotion","Potion Belt","Explosive Potion","BlessingOfTheForge"],"campfire_rested":1,"item_purchase_floors":[11,11,20,20,20],"current_hp_per_floor":[75,79,73,70,54,54,38,38,38,14,14,38,38,31,31,19,66,45,45,45,45,27,32,32,32,32,32,22,12,0,0],"gold":70,"neow_bonus":"TEN_PERCENT_HP_BONUS","is_daily":false,"chose_seed":false,"campfire_upgraded":3,"win_rate":0.0,"timestamp":1613867933,"path_taken":["M","?","M","M","M","R","E","R","T","E","$","R","?","?","R","BOSS","M","?","$","?","M","E","?","?","T","$","E","M","M"],"items_purchased_type":["Potion","Potion","Relic","Potion","Potion"],"build_version":"2020-12-22","purchased_purges":2,"victory":false,"max_hp_per_floor":[82,82,82,82,82,82,82,82,82,82,82,82,82,82,82,82,82,82,82,82,82,82,82,82,82,82,82,82,82,82,82],"relic_stats":{"counters":[15,59],"Bag of Preparation":[18],"War Paint":["Shrug It Off","Ghostly Armor"],"Boot":[4],"obtain_stats":[{"Potion Belt":20,"SacredBark":17,"Vajra":23,"Bag of Preparation":7,"Incense Burner":21,"Bottled Lightning":26,"War Paint":24,"Bottled Tornado":28,"Boot":14,"Burning Blood":0,"Akabeko":9,"Red Skull":10},{"Potion Belt":10,"SacredBark":9,"Vajra":12,"Bag of Preparation":6,"Incense Burner":10,"Bottled Lightning":12,"War Paint":12,"Bottled Tornado":13,"Boot":8,"Burning Blood":0,"Akabeko":6,"Red Skull":7},{"Potion Belt":38,"SacredBark":34,"Vajra":45,"Bag of Preparation":21,"Incense Burner":38,"Bottled Lightning":45,"War Paint":45,"Bottled Tornado":48,"Boot":28,"Burning Blood":0,"Akabeko":21,"Red Skull":25}],"Burning Blood":84},"card_choices":[{"not_picked":["Body Slam","Battle Trance"],"picked":"Cleave","floor":1.0},{"not_picked":["Perfected Strike","Armaments"],"picked":"Uppercut","floor":2.0},{"not_picked":["Body Slam","Clash"],"picked":"Combust","floor":3.0},{"not_picked":["Havoc","Twin Strike"],"picked":"Combust","floor":4.0},{"not_picked":["Warcry","Burning Pact"],"picked":"Anger","floor":5.0},{"not_picked":["Body Slam","Rage"],"picked":"Ghostly Armor","floor":7.0},{"not_picked":["Brutality","True Grit"],"picked":"Shrug It Off","floor":10.0},{"not_picked":["Armaments","Uppercut"],"picked":"Shrug It Off","floor":14.0},{"not_picked":["Exhume","Offering"],"picked":"Barricade","floor":16.0},{"not_picked":["Clash","Body Slam","Clothesline"],"picked":"SKIP","floor":18.0},{"not_picked":["Pommel Strike","Thunderclap","Havoc"],"picked":"SKIP","floor":22.0},{"not_picked":["Fire Breathing","Sever Soul"],"picked":"Cleave","floor":23.0},{"not_picked":["Ghostly Armor+1","Sentinel"],"picked":"Shrug It Off+1","floor":28},{"not_picked":["Seeing Red","Dropkick"],"picked":"Shrug It Off+1","floor":29}],"player_experience":1083455,"relics_obtained":[{"floor":7.0,"key":"Bag of Preparation"},{"floor":9.0,"key":"Akabeko"},{"floor":10.0,"key":"Red Skull"},{"floor":14.0,"key":"Boot"},{"floor":23.0,"key":"Vajra"},{"floor":26.0,"key":"Bottled Lightning"},{"floor":28,"key":"Bottled Tornado"}],"event_choices":[{"damage_healed":0.0,"max_hp_gain":0.0,"max_hp_loss":0.0,"gold_gain":63.0,"event_name":"Golden Wing","player_choice":"Gained Gold","floor":13.0,"gold_loss":0.0,"damage_taken":0.0},{"damage_healed":0.0,"max_hp_gain":0.0,"max_hp_loss":0.0,"gold_gain":0.0,"event_name":"Dead Adventurer","player_choice":"Searched \u00271\u0027 times","floor":14.0,"gold_loss":0.0,"damage_taken":0.0},{"damage_healed":0.0,"max_hp_gain":0.0,"max_hp_loss":0.0,"gold_gain":0.0,"event_name":"Back to Basics","player_choice":"Simplicity","floor":19.0,"gold_loss":0.0,"damage_taken":0.0,"cards_upgraded":["Strike_R","Strike_R","Strike_R","Strike_R","Defend_R","Defend_R","Defend_R","Defend_R"]},{"damage_healed":0.0,"max_hp_gain":0.0,"max_hp_loss":0.0,"gold_gain":0.0,"event_name":"Addict","player_choice":"Stole Relic","floor":21.0,"gold_loss":0.0,"damage_taken":0.0,"relics_obtained":["Incense Burner"],"cards_obtained":["Shame"]},{"damage_healed":0.0,"max_hp_gain":0.0,"max_hp_loss":0.0,"gold_gain":0.0,"event_name":"The Mausoleum","player_choice":"Opened","floor":24.0,"gold_loss":0.0,"damage_taken":0.0,"relics_obtained":["War Paint"],"cards_obtained":["Writhe"]},{"damage_healed":0.0,"max_hp_gain":0.0,"max_hp_loss":0.0,"gold_gain":0.0,"event_name":"The Library","player_choice":"Read","floor":25.0,"gold_loss":0.0,"damage_taken":0.0,"cards_obtained":["Metallicize"]}],"is_beta":false,"boss_relics":[{"not_picked":["Black Blood","Calling Bell"],"picked":"SacredBark"}],"items_purged_floors":[11,27],"is_endless":false,"potions_floor_spawned":[3,5,14,16,22,23],"killed_by":"Chosen and Byrds","ascension_level":19}}