{"host":"uimu98mr9zvwuo5s","time":1613870578,"event":{"mods":["100% Spire Juice","2.2 Compatiblity","Act Like it!","Arknights","Aspiration","BaseMod","Better Note","Better Third Choice","BetterRewards","Conspire","GifTheSpireLib","Highlight Path","Hubris","Infinite Spire","Jedi Mod","Minty Spire (QoL Compilation)","Rare Cards Sparkle","Reliquary","Replay The Spire","Robot Space Explorer","Ruina","Shop Mod","Spicy Shops","Spire Arcade","StSLib","Stuff the Spire","The Dragon Tamer","The Marked","Uncapped"],"gold_per_floor":[112,126,144,144,162,262,262,280,280,73,86,102,102,117,117,215,215,235,253,0,20,20,20,156,237,284,296,312,315,315,330,330,435,435,446,544,544,559,578,714,714,814,894,894,894,894,894,894],"floor_reached":47,"language":"ENG","playtime":4067,"items_purged":["RobotSpaceExplorer:Defend","RobotSpaceExplorer:Defend","RobotSpaceExplorer:Defend","RobotSpaceExplorer:Scan","RobotSpaceExplorer:Defend","RobotSpaceExplorer:Strike"],"score":834,"play_id":"8e0f4b00-d8f0-40eb-b3df-be67e269b13d","local_time":"20210220202258","is_ascension_mode":false,"campfire_choices":[{"data":"RobotSpaceExplorer:PowerCollector","floor":7.0,"key":"SMITH"},{"data":"RobotSpaceExplorer:DroneSwarm","floor":13.0,"key":"SMITH"},{"data":"RobotSpaceExplorer:ExhaustFan","floor":15.0,"key":"SMITH"},{"floor":23,"key":"DIG"},{"data":"RobotSpaceExplorer:DualCore","floor":30,"key":"SMITH"},{"data":"RobotSpaceExplorer:MiniBoosters","floor":32,"key":"SMITH"},{"data":"RobotSpaceExplorer:MiniLasers","floor":41,"key":"SMITH"},{"data":"infinitespire:Execution","floor":46,"key":"SMITH"}],"circlet_count":0,"master_deck":["RobotSpaceExplorer:Strike","RobotSpaceExplorer:Strike","RobotSpaceExplorer:Strike","RobotSpaceExplorer:MiniLasers+1","RobotSpaceExplorer:ExhaustFan+1","RobotSpaceExplorer:ExhaustFan+1","RobotSpaceExplorer:MiniDrones","RobotSpaceExplorer:DroneSwarm+1","RobotSpaceExplorer:PowerCollector+1","RobotSpaceExplorer:MiniBoosters+1","RobotSpaceExplorer:DualCore+1","infinitespire:Execution+1"],"relics":["RobotSpaceExplorer:RoboCore","Replay:Multitool","MerchantsRug","Membership Card","Gambling Chip","StuffTheSpire:TintedRock","infinitespire:EmpoweringShard","infinitespire:FocusingShard","conspire:TreasureMap","Mummified Hand","Tiny Chest","RobotSpaceExplorer:BottledGravity","Blue Doll","Replay:Baseball","aspiration:RunicSpoon","Chemical X","reliquary:ThirdArm","Potion Belt","reliquary:GummyVitamins","reliquary:PrincelyHelmet","Replay:Wax Seal","hubris:ScarierMask","Vajra","reliquary:TatteredRug","hubris:Reverence","Quantum Egg"],"acts_visited":["Exordium","Exordium","TheBeyond"],"potions_floor_usage":[47],"damage_taken":[{"damage":0.0,"enemies":"2 Louse","floor":1.0,"turns":2.0},{"damage":0.0,"enemies":"Cultist","floor":2.0,"turns":2.0},{"damage":0.0,"enemies":"Jaw Worm","floor":3.0,"turns":2.0},{"damage":0.0,"enemies":"Blue Slaver","floor":5.0,"turns":2.0},{"damage":0.0,"enemies":"Lagavulin","floor":6.0,"turns":3.0},{"damage":8.0,"enemies":"conspire:2 RoseBushes","floor":8.0,"turns":3.0},{"damage":7.0,"enemies":"Exordium Wildlife","floor":11.0,"turns":2.0},{"damage":0.0,"enemies":"Large Slime","floor":12.0,"turns":2.0},{"damage":0.0,"enemies":"2 Fungi Beasts","floor":14.0,"turns":2.0},{"damage":0.0,"enemies":"Hexaghost","floor":16.0,"turns":4.0},{"damage":0.0,"enemies":"ruina:Nosferatu","floor":18.0,"turns":2.0},{"damage":0.0,"enemies":"ruina:2_Scarecrows","floor":19.0,"turns":2.0},{"damage":0,"enemies":"ruina:QueenOfHate","floor":21,"turns":2},{"damage":0,"enemies":"Nightmare","floor":24,"turns":6},{"damage":0,"enemies":"ruina:KingOfGreed","floor":27,"turns":2},{"damage":0,"enemies":"ruina:KnightOfDespair","floor":28,"turns":2},{"damage":0,"enemies":"ruina:QueenOfHate","floor":31,"turns":2},{"damage":0,"enemies":"ruina:Red_and_Wolf","floor":33,"turns":3},{"damage":0,"enemies":"3 Darklings","floor":35,"turns":2},{"damage":0,"enemies":"3 Shapes","floor":38,"turns":2},{"damage":0,"enemies":"Writhing Mass","floor":39,"turns":2},{"damage":0,"enemies":"R_Hoarder","floor":40,"turns":5},{"damage":0,"enemies":"Nemesis","floor":42,"turns":3},{"damage":42,"enemies":"Nightmare","floor":47,"turns":4}],"seed_played":"-3365825918664901744","potions_obtained":[{"floor":1.0,"key":"PowerPotion"},{"floor":5.0,"key":"AttackPotion"},{"floor":11.0,"key":"Death Potion"},{"floor":16.0,"key":"ColorlessPotion"},{"floor":35,"key":"SteroidPotion"},{"floor":38,"key":"jedi:hoardpotion"},{"floor":39,"key":"ColorlessPotion"}],"is_trial":false,"path_per_floor":["M","M","M","?","M","E","R","M","T","$","M","M","R","M","R","B",null,"M","M","?","M","AVR","R","NM","T","T","M","M","$","R","M","R","B",null,"M","?","?","M","M","E","R","E","T","T","?","R","NM"],"character_chosen":"RobotSpaceExplorer","items_purchased":["Replay:Multitool","MerchantsRug","RobotSpaceExplorer:ExhaustFan","RobotSpaceExplorer:ExhaustFan","Membership Card","Gambling Chip","StuffTheSpire:TintedRock","infinitespire:EmpoweringShard","infinitespire:FocusingShard","RobotSpaceExplorer:MiniDrones","conspire:TreasureMap","Mummified Hand","Tiny Chest","RobotSpaceExplorer:DroneSwarm","RobotSpaceExplorer:BottledGravity","Blue Doll","Replay:Baseball","RobotSpaceExplorer:MiniBoosters","Replay:Wax Seal"],"campfire_rested":0,"item_purchase_floors":[0,0,0,0,0,0,0,0,0,0,0,0,0,0,10,10,10,10,29],"current_hp_per_floor":[40,40,40,40,40,40,40,32,32,32,25,25,25,25,25,25,75,75,75,75,75,75,75,75,75,75,75,75,75,75,75,75,75,75,75,57,57,57,57,57,57,57,57,57,39,39,0,0],"gold":894,"neow_bonus":"","is_daily":false,"chose_seed":false,"campfire_upgraded":7,"win_rate":0.0,"timestamp":1613870578,"path_taken":["M","M","M","?","M","E","R","M","T","$","M","M","R","M","R","BOSS","M","M","?","?","AVR","R","NM","?","T","M","M","$","R","M","R","BOSS","M","?","?","M","?","E","R","E","T","?","?","R","NM"],"items_purchased_type":["Relic","Relic","Card","Card","Relic","Relic","Relic","Relic","Relic","Card","Relic","Relic","Relic","Card","Relic","Relic","Relic","Card","Relic"],"build_version":"2020-12-22","purchased_purges":6,"victory":false,"max_hp_per_floor":[75,75,75,75,75,75,75,75,75,75,75,75,75,75,75,75,75,75,75,75,75,75,75,75,75,75,75,75,75,75,75,75,75,75,75,75,75,75,75,75,75,75,75,75,75,75,75,75],"card_choices":[{"not_picked":["RobotSpaceExplorer:StunGrenade","RobotSpaceExplorer:MetalStrike","RobotSpaceExplorer:Probe"],"picked":"SKIP","floor":1.0},{"not_picked":["RobotSpaceExplorer:SwiftStep","RobotSpaceExplorer:LuckyStrike","RobotSpaceExplorer:SlimeMissile"],"picked":"SKIP","floor":2.0},{"not_picked":["RobotSpaceExplorer:Ammunition","RobotSpaceExplorer:SwiftStep","RobotSpaceExplorer:GearShield"],"picked":"SKIP","floor":3.0},{"not_picked":["RobotSpaceExplorer:ShockKick","RobotSpaceExplorer:SurgingStrike"],"picked":"RobotSpaceExplorer:PowerCollector","floor":5.0},{"not_picked":["RobotSpaceExplorer:Reload","RobotSpaceExplorer:Pulsar","RobotSpaceExplorer:SurgingStrike"],"picked":"SKIP","floor":6.0},{"not_picked":["RobotSpaceExplorer:Counterblock","RobotSpaceExplorer:Pulsar","RobotSpaceExplorer:LuckyStrike"],"picked":"SKIP","floor":8.0},{"not_picked":["RobotSpaceExplorer:SurgingStrike","RobotSpaceExplorer:SelfCleaning"],"picked":"RobotSpaceExplorer:DualCore","floor":11.0},{"not_picked":["RobotSpaceExplorer:Reload","RobotSpaceExplorer:SlimeMissile","RobotSpaceExplorer:SurgingShield"],"picked":"SKIP","floor":12.0},{"not_picked":["RobotSpaceExplorer:MetalStrike","RobotSpaceExplorer:Scanner","RobotSpaceExplorer:Counterblock"],"picked":"SKIP","floor":14.0},{"not_picked":["RobotSpaceExplorer:DualCore","RobotSpaceExplorer:ImprovisedAttack","RobotSpaceExplorer:Probe+1"],"picked":"SKIP","floor":18.0},{"not_picked":["RobotSpaceExplorer:ShockKick","RobotSpaceExplorer:StarLightning+1","RobotSpaceExplorer:LuckyStrike+1"],"picked":"SKIP","floor":19.0},{"not_picked":["RobotSpaceExplorer:Probe","RobotSpaceExplorer:SwiftStep","RobotSpaceExplorer:MakeshiftVolley"],"picked":"SKIP","floor":21},{"not_picked":["RobotSpaceExplorer:DoubleBlock","RobotSpaceExplorer:Reload","RobotSpaceExplorer:HighVoltage"],"picked":"SKIP","floor":24},{"not_picked":["RobotSpaceExplorer:PowerGlove+1","RobotSpaceExplorer:LuckyStrike","RobotSpaceExplorer:JunkDive"],"picked":"SKIP","floor":27},{"not_picked":["RobotSpaceExplorer:SwiftStep+1","RobotSpaceExplorer:MakeshiftVolley","RobotSpaceExplorer:FranticSearch"],"picked":"SKIP","floor":28},{"not_picked":["RobotSpaceExplorer:GlueShot","RobotSpaceExplorer:StunGrenade","RobotSpaceExplorer:Jetpack"],"picked":"SKIP","floor":31},{"not_picked":["RobotSpaceExplorer:ExhaustFan","RobotSpaceExplorer:GearShield","RobotSpaceExplorer:StunGrenade"],"picked":"SKIP","floor":35},{"not_picked":["RobotSpaceExplorer:BigMissile","RobotSpaceExplorer:MetalStrike+1","RobotSpaceExplorer:Ammunition+1"],"picked":"SKIP","floor":38},{"not_picked":["RobotSpaceExplorer:ShovelStrike","RobotSpaceExplorer:ImprovisedAttack","RobotSpaceExplorer:StunGrenade"],"picked":"SKIP","floor":39},{"not_picked":["RobotSpaceExplorer:SlimeMissile","RobotSpaceExplorer:StunGrenade","RobotSpaceExplorer:DoubleBlock"],"picked":"SKIP","floor":40},{"not_picked":["RobotSpaceExplorer:ScrapMissile+1","RobotSpaceExplorer:ImprovisedAttack+1","RobotSpaceExplorer:StarDust"],"picked":"SKIP","floor":42},{"not_picked":["infinitespire:Starlight","infinitespire:Fortify"],"picked":"infinitespire:Execution","floor":45}],"player_experience":246523,"relics_obtained":[{"floor":6.0,"key":"Replay:Bottled Flurry"},{"floor":23,"key":"Potion Belt"},{"floor":25,"key":"reliquary:GummyVitamins"},{"floor":26,"key":"reliquary:PrincelyHelmet"},{"floor":40,"key":"Vajra"},{"floor":42,"key":"reliquary:TatteredRug"},{"floor":43,"key":"hubris:Reverence"},{"floor":44,"key":"Quantum Egg"}],"event_choices":[{"damage_healed":0,"gold_gain":0,"player_choice":"Ignored","damage_taken":0,"max_hp_gain":0,"max_hp_loss":0,"event_name":"Transmorgrifier","floor":37,"gold_loss":0}],"is_beta":false,"boss_relics":[{"not_picked":["Ring of Chaos","reliquary:WritOfMandamus"],"picked":"aspiration:RunicSpoon"},{"not_picked":["Replay:Bronze Core","hubris:Stopwatch"],"picked":"hubris:ScarierMask"}],"items_purged_floors":[0,0,0,0,0,0],"is_endless":true,"potions_floor_spawned":[1,5,11,16,21,35,38,39],"killed_by":"Nightmare","ascension_level":0}}