{"host":"Doisman","time":1613950127,"event":{"mods":["AchievementEnabler","BaseMod","Better Note","Curses Come First","Minty Spire (QoL Compilation)","Permanent Neow","Quick Restart","Relic Stats","Replay The Spire","StSLib","slay the spire mod where everything is the same but ironclad has a cowboy hat"],"gold_per_floor":[114,114,114,189,160,198,198,236,236,236,274,274,312,350,350,475,475,494,513,513,528,528,558,558,588,663,693,693,693,693,721,721,821,821,836,851,866,466,481,511,511,541,541,541,580,589,628,643,643,643],"floor_reached":51,"language":"ENG","playtime":2663,"items_purged":["Overencumbered","Replay:Undeath\u0027s Touch"],"score":1103,"play_id":"dd4e26b3-f28f-483b-bf1b-8fbfe6678f71","local_time":"20210221172847","daily_mods":["SealedDeck","Flight","Elite Swarm"],"is_ascension_mode":false,"campfire_choices":[{"data":"True Grit","floor":7,"key":"SMITH"},{"data":"Shockwave","floor":10,"key":"SMITH"},{"data":"Evolve","floor":15,"key":"SMITH"},{"data":"Offering","floor":29,"key":"SMITH"},{"data":"Power Through","floor":32,"key":"SMITH"},{"data":"Limit Break","floor":41,"key":"SMITH"},{"data":"Limit Break","floor":44,"key":"SMITH"},{"data":"Offering","floor":49,"key":"SMITH"}],"circlet_count":0,"master_deck":["Wild Strike","Reckless Charge","Evolve+1","Power Through+1","Clothesline","Shockwave+1","True Grit+1","Anger","Anger","Shrug It Off","Limit Break+1","Demon Form","Reaper","Reaper","Limit Break+1","Disarm+1","Sword Boomerang","Offering+1","Necronomicurse","Demon Form","Demon Form","Replay:Undeath\u0027s Touch+1","Offering+1","Offering+1","Pain","Barricade"],"relics":["Burning Blood","Bloody Idol","ReplayTheSpireMod:CursedCoin","Ice Cream","ReplayTheSpireMod:Spearhead","Divine Protection","Replay:Kaleidoscope","Orichalcum","Tiny Chest","Painkiller Herb","PreservedInsect","Necronomicon","Bottled Lightning","Matryoshka","Quantum Egg","NlothsMask","Replay:WaspNest","Red Mask","Busted Crown","DollysMirror","Blood Vial","ReplayTheSpireMod:TigerMarble","CeramicFish","Bag of Marbles","White Beast Statue","Gremlin Horn","WarpedTongs","Counterbalance"],"acts_visited":["Exordium","TheCity","TheBeyond"],"potions_floor_usage":[6,31,31,39,40,50,50,50],"damage_taken":[{"damage":5,"enemies":"Small Slimes","floor":1,"turns":4},{"damage":0,"enemies":"Replay:BlueRogue","floor":6,"turns":4},{"damage":8,"enemies":"Gremlin Nob","floor":8,"turns":4},{"damage":0,"enemies":"Replay:BlueRogue","floor":11,"turns":4},{"damage":0,"enemies":"Lagavulin","floor":13,"turns":5},{"damage":0,"enemies":"Gremlin Nob","floor":14,"turns":3},{"damage":9,"enemies":"Fading Forest","floor":16,"turns":10},{"damage":4,"enemies":"3 Byrds","floor":18,"turns":5},{"damage":1,"enemies":"Spheric Guardian","floor":19,"turns":4},{"damage":0,"enemies":"Centurion and Healer","floor":21,"turns":5},{"damage":0,"enemies":"Book of Stabbing","floor":23,"turns":5},{"damage":0,"enemies":"Replay:Snechameleon","floor":25,"turns":4},{"damage":7,"enemies":"Book of Stabbing","floor":27,"turns":4},{"damage":0,"enemies":"Masked Bandits","floor":31,"turns":2},{"damage":17,"enemies":"Champ","floor":33,"turns":7},{"damage":0,"enemies":"3 Shapes","floor":35,"turns":3},{"damage":16,"enemies":"3 Darklings","floor":36,"turns":4},{"damage":12,"enemies":"4 Shapes","floor":37,"turns":6},{"damage":32,"enemies":"Sphere and 2 Shapes","floor":39,"turns":4},{"damage":27,"enemies":"Nemesis","floor":40,"turns":3},{"damage":25,"enemies":"Reptomancer","floor":42,"turns":5},{"damage":14,"enemies":"Nemesis","floor":45,"turns":3},{"damage":11,"enemies":"Reptomancer","floor":47,"turns":3},{"damage":21,"enemies":"3 Darklings","floor":48,"turns":2},{"damage":9,"enemies":"Donu and Deca","floor":50,"turns":4}],"seed_played":"-7397021786818157212","potions_obtained":[{"floor":8,"key":"Ancient Potion"},{"floor":11,"key":"Weak Potion"},{"floor":18,"key":"Elixir"},{"floor":21,"key":"Block Potion"},{"floor":25,"key":"Energy Potion"},{"floor":31,"key":"AttackPotion"},{"floor":36,"key":"Adrenaline Potion"},{"floor":39,"key":"Fruit Juice"},{"floor":40,"key":"Death Potion"},{"floor":45,"key":"SneckoOil"},{"floor":47,"key":"Reflective Coating"},{"floor":48,"key":"LifebloodPotion"}],"is_trial":false,"path_per_floor":["M","?","?","?","$","E","R","E","T","R","E","?","E","E","R","B",null,"?","?","?","?","T","E","?","E","T","E","?","T","T","?","T","B",null,"?","?","?","T","?","E","T","E","T","T","E","?","E","?","T","B",null],"character_chosen":"IRONCLAD","items_purchased":["ReplayTheSpireMod:CursedCoin","Shrug It Off","Adrenaline Potion","DollysMirror","Blood Vial"],"campfire_rested":0,"item_purchase_floors":[5,5,5,38,38],"current_hp_per_floor":[80,60,65,54,54,60,60,58,58,58,64,64,70,76,76,85,85,85,85,85,85,85,85,69,84,85,85,85,85,85,85,85,85,85,85,85,85,85,90,74,74,90,90,90,90,90,90,90,90,90],"gold":643,"neow_bonus":"","is_daily":true,"chose_seed":false,"campfire_upgraded":8,"win_rate":0.0,"timestamp":1613950127,"path_taken":["M","?","?","?","$","E","R","E","T","R","E","?","E","E","R","BOSS","?","?","?","?","T","E","?","E","T","E","?","T","?","?","T","BOSS","?","?","?","T","?","E","T","E","T","T","E","?","E","?","T","BOSS"],"items_purchased_type":["Relic","Card","Potion","Relic","Relic"],"build_version":"2020-12-18","purchased_purges":2,"victory":true,"max_hp_per_floor":[80,80,85,85,85,85,85,85,85,85,85,85,85,85,85,85,85,85,85,85,85,85,85,85,85,85,85,85,85,85,85,85,85,85,85,85,85,85,90,90,90,90,90,90,90,90,90,90,90,90],"relic_stats":{"Gremlin Horn":[7,7],"counters":[25,107],"CeramicFish":27,"PreservedInsect":286,"Orichalcum":[144],"Burning Blood":65,"WarpedTongs":[9],"Blood Vial":2,"Busted Crown":18,"Bloody Idol":14,"Tiny Chest":1,"Necronomicon":[23],"obtain_stats":[{"Ice Cream":6,"Divine Protection":9,"Gremlin Horn":45,"CeramicFish":42,"Painkiller Herb":17,"Burning Blood":0,"Blood Vial":38,"Matryoshka":26,"DollysMirror":38,"Tiny Chest":14,"Necronomicon":24,"Red Mask":31,"Golden Idol":2,"ReplayTheSpireMod:CursedCoin":5,"Quantum Egg":27,"Counterbalance":47,"PreservedInsect":23,"Replay:WaspNest":30,"Replay:Kaleidoscope":11,"Orichalcum":13,"White Beast Statue":43,"WarpedTongs":46,"ReplayTheSpireMod:Spearhead":8,"Busted Crown":34,"Bloody Idol":20,"ReplayTheSpireMod:TigerMarble":40,"Bag of Marbles":43,"Bottled Lightning":25,"NlothsMask":28},{"Ice Cream":2,"Divine Protection":3,"Gremlin Horn":22,"CeramicFish":21,"Painkiller Herb":7,"Burning Blood":0,"Blood Vial":18,"Matryoshka":12,"DollysMirror":18,"Tiny Chest":6,"Necronomicon":11,"Red Mask":14,"Golden Idol":1,"ReplayTheSpireMod:CursedCoin":1,"Quantum Egg":13,"Counterbalance":23,"PreservedInsect":11,"Replay:WaspNest":13,"Replay:Kaleidoscope":4,"Orichalcum":5,"White Beast Statue":21,"WarpedTongs":22,"ReplayTheSpireMod:Spearhead":3,"Busted Crown":15,"Bloody Idol":9,"ReplayTheSpireMod:TigerMarble":20,"Bag of Marbles":21,"Bottled Lightning":12,"NlothsMask":13},{"Ice Cream":8,"Divine Protection":12,"Gremlin Horn":98,"CeramicFish":95,"Painkiller Herb":34,"Burning Blood":0,"Blood Vial":83,"Matryoshka":57,"DollysMirror":83,"Tiny Chest":24,"Necronomicon":53,"Red Mask":63,"Golden Idol":4,"ReplayTheSpireMod:CursedCoin":4,"Quantum Egg":61,"Counterbalance":101,"PreservedInsect":53,"Replay:WaspNest":61,"Replay:Kaleidoscope":16,"Orichalcum":21,"White Beast Statue":95,"WarpedTongs":98,"ReplayTheSpireMod:Spearhead":12,"Busted Crown":70,"Bloody Idol":43,"ReplayTheSpireMod:TigerMarble":90,"Bag of Marbles":95,"Bottled Lightning":57,"NlothsMask":61}]},"card_choices":[{"not_picked":["Sever Soul","Clothesline","Run Through"],"picked":"SKIP","floor":1},{"not_picked":["Juggernaut","Replay:Many Hands"],"picked":"Limit Break","floor":6},{"not_picked":["Replay:Many Hands","Hemogenesis","Brutality"],"picked":"SKIP","floor":8},{"not_picked":["Offering","Juggernaut"],"picked":"Demon Form","floor":11},{"not_picked":["Barricade","Replay:Many Hands"],"picked":"Reaper","floor":13},{"not_picked":["Hemogenesis","Demonic Infusion"],"picked":"Reaper","floor":14},{"not_picked":["Double Tap","Feed"],"picked":"Limit Break","floor":16},{"not_picked":["True Grit+1","Reckless Charge+1"],"picked":"Disarm+1","floor":18},{"not_picked":["Flex","Rupture"],"picked":"Sword Boomerang","floor":19},{"not_picked":["Rage","Cleave+1","Armaments"],"picked":"SKIP","floor":21},{"not_picked":["Exhume","Fiend Fire"],"picked":"Offering","floor":23},{"not_picked":["Limit Break","Eclipse"],"picked":"Demon Form","floor":25},{"not_picked":["Feed","Immolate"],"picked":"Demon Form","floor":27},{"not_picked":[],"picked":"Replay:Undeath\u0027s Touch+1","floor":35},{"not_picked":["Cleave"],"picked":"SKIP","floor":36},{"not_picked":["Spot Weakness"],"picked":"SKIP","floor":37},{"not_picked":["Replay:Undeath\u0027s Touch"],"picked":"SKIP","floor":39},{"not_picked":["Replay:Many Hands"],"picked":"SKIP","floor":40},{"not_picked":["Brutality"],"picked":"SKIP","floor":42},{"not_picked":["Brutality"],"picked":"SKIP","floor":42},{"not_picked":[],"picked":"Offering","floor":45},{"not_picked":[],"picked":"Barricade","floor":47},{"not_picked":["Replay:Undeath\u0027s Touch"],"picked":"SKIP","floor":48}],"player_experience":774426,"relics_obtained":[{"floor":6,"key":"Ice Cream"},{"floor":8,"key":"ReplayTheSpireMod:Spearhead"},{"floor":9,"key":"Divine Protection"},{"floor":11,"key":"Replay:Kaleidoscope"},{"floor":13,"key":"Orichalcum"},{"floor":14,"key":"Tiny Chest"},{"floor":23,"key":"PreservedInsect"},{"floor":24,"key":"Necronomicon"},{"floor":25,"key":"Bottled Lightning"},{"floor":26,"key":"Matryoshka"},{"floor":27,"key":"Quantum Egg"},{"floor":30,"key":"Replay:WaspNest"},{"floor":31,"key":"Red Mask"},{"floor":40,"key":"ReplayTheSpireMod:TigerMarble"},{"floor":42,"key":"CeramicFish"},{"floor":43,"key":"Bag of Marbles"},{"floor":43,"key":"White Beast Statue"},{"floor":45,"key":"Gremlin Horn"},{"floor":47,"key":"Counterbalance"}],"event_choices":[{"damage_healed":0,"gold_gain":0,"player_choice":"Take Damage","damage_taken":20,"relics_obtained":["Golden Idol"],"max_hp_gain":0,"max_hp_loss":0,"event_name":"Golden Idol","floor":2,"gold_loss":0},{"damage_healed":0,"gold_gain":0,"player_choice":"Donut","damage_taken":0,"max_hp_gain":5,"max_hp_loss":0,"event_name":"Big Fish","floor":3,"gold_loss":0},{"damage_healed":0,"gold_gain":75,"player_choice":"Gather Gold","damage_taken":11,"max_hp_gain":0,"max_hp_loss":0,"event_name":"World of Goop","floor":4,"gold_loss":0},{"damage_healed":0,"gold_gain":0,"player_choice":"Ignored","damage_taken":0,"max_hp_gain":0,"max_hp_loss":0,"event_name":"Liars Game","floor":12,"gold_loss":0},{"damage_healed":0,"gold_gain":0,"player_choice":"Gave Idol","damage_taken":0,"relics_obtained":["Bloody Idol"],"max_hp_gain":0,"max_hp_loss":0,"event_name":"Forgotten Altar","floor":20,"relics_lost":["Golden Idol"],"gold_loss":0},{"damage_healed":0,"gold_gain":0,"player_choice":"Obtained Book","damage_taken":16,"max_hp_gain":0,"max_hp_loss":0,"event_name":"Cursed Tome","floor":24,"gold_loss":0},{"damage_healed":0,"gold_gain":0,"player_choice":"Trade","damage_taken":0,"relics_obtained":["NlothsMask"],"max_hp_gain":0,"max_hp_loss":0,"event_name":"FaceTrader","floor":28,"gold_loss":0},{"damage_healed":0,"gold_gain":0,"player_choice":"Fought Bandits","damage_taken":0,"max_hp_gain":0,"max_hp_loss":0,"event_name":"Masked Bandits","floor":31,"gold_loss":0},{"damage_healed":0,"gold_gain":0,"player_choice":"Rummage","damage_taken":0,"relics_obtained":["WarpedTongs"],"max_hp_gain":0,"max_hp_loss":0,"event_name":"Accursed Blacksmith","floor":46,"gold_loss":0,"cards_obtained":["Pain"]}],"is_beta":true,"boss_relics":[{"not_picked":["Ooze Armor","Snecko Eye"],"picked":"Painkiller Herb"},{"not_picked":["Replay:Ancient Bell","Astrolabe"],"picked":"Busted Crown"}],"items_purged_floors":[5,38],"is_endless":false,"potions_floor_spawned":[8,11,18,21,25,31,36,39,40,45,47,48],"ascension_level":0}}