{"host":"22njw49i2r7r2wa8","time":1613944932,"event":{"mods":["2.2 Compatiblity","BaseMod","Colored Map","Minty Spire (QoL Compilation)"],"gold_per_floor":[109,109,123,123,123,123,157,157,157,157,174,194,194,194,194,294,294,306,306,306,306,324,359,359,359],"floor_reached":24,"language":"ENG","playtime":1469,"items_purged":[],"score":301,"play_id":"cfb32a3c-919a-418f-adf4-b653e0d321fa","local_time":"20210221140212","is_ascension_mode":true,"campfire_choices":[{"data":"Beam Cell","floor":6,"key":"SMITH"},{"floor":8,"key":"REST"},{"data":"Streamline","floor":13,"key":"SMITH"},{"data":"Zap","floor":15,"key":"SMITH"}],"circlet_count":0,"master_deck":["Defend_B","Defend_B","Defend_B","Defend_B","Zap+1","Dualcast","Dramatic Entrance","Coolheaded","Beam Cell+1","Conserve Battery","Streamline+1","Echo Form","Gash","Bite","Bite","Bite","Bite","Bite","J.A.X.","Gash+1"],"relics":["Cracked Core","Tiny Chest","Blue Candle","Nunchaku","Bottled Lightning","Nuclear Battery","Bag of Preparation"],"acts_visited":["Exordium","TheCity"],"potions_floor_usage":[16,23],"damage_taken":[{"damage":9,"enemies":"Jaw Worm","floor":1,"turns":3},{"damage":0,"enemies":"Small Slimes","floor":3,"turns":2},{"damage":25,"enemies":"3 Sentries","floor":7,"turns":11},{"damage":0,"enemies":"Cultist","floor":11,"turns":2},{"damage":0,"enemies":"2 Fungi Beasts","floor":12,"turns":2},{"damage":23,"enemies":"Hexaghost","floor":16,"turns":9},{"damage":5,"enemies":"Chosen","floor":18,"turns":4},{"damage":0,"enemies":"Spheric Guardian","floor":22,"turns":3},{"damage":53,"enemies":"Gremlin Leader","floor":23,"turns":6},{"damage":11,"enemies":"Snecko","floor":24,"turns":2}],"seed_played":"-8599619942918368297","potions_obtained":[{"floor":11,"key":"Block Potion"},{"floor":16,"key":"Fire Potion"}],"is_trial":false,"path_per_floor":["M","?","M","T","?","R","E","R","T","?","M","M","R","T","R","B",null,"M","?","?","?","M","E","M"],"character_chosen":"DEFECT","items_purchased":[],"campfire_rested":1,"item_purchase_floors":[],"current_hp_per_floor":[59,52,52,52,52,52,27,49,49,49,49,49,49,49,49,26,63,58,52,52,52,52,6,0,0],"gold":359,"neow_bonus":"RANDOM_COLORLESS","is_daily":false,"chose_seed":false,"campfire_upgraded":3,"win_rate":0.0,"timestamp":1613944932,"path_taken":["M","?","M","?","?","R","E","R","T","?","M","M","R","?","R","BOSS","M","?","?","?","M","E","M"],"items_purchased_type":[],"build_version":"2020-12-22","purchased_purges":0,"victory":false,"max_hp_per_floor":[75,75,75,75,75,75,75,75,75,75,75,75,75,75,75,75,75,75,52,52,52,52,52,52,52],"card_choices":[{"not_picked":["Forethought","Dark Shackles"],"picked":"Dramatic Entrance","floor":0},{"not_picked":["Rebound","Force Field"],"picked":"Coolheaded","floor":1},{"not_picked":["Hologram","Steam"],"picked":"Beam Cell","floor":3},{"not_picked":["Doom and Gloom","Rainbow"],"picked":"Conserve Battery","floor":7},{"not_picked":["Capacitor","Loop","Sweeping Beam"],"picked":"SKIP","floor":11},{"not_picked":["Leap","Loop"],"picked":"Streamline","floor":12},{"not_picked":["Creative AI","Seek"],"picked":"Echo Form","floor":16},{"not_picked":["Static Discharge","Leap"],"picked":"Gash","floor":18},{"not_picked":["Melter+1","Tempest+1"],"picked":"Gash+1","floor":22},{"not_picked":["Ball Lightning","Force Field","Hologram"],"picked":"SKIP","floor":23}],"player_experience":528764,"relics_obtained":[{"floor":7,"key":"Blue Candle"},{"floor":9,"key":"Nunchaku"},{"floor":14,"key":"Bottled Lightning"},{"floor":23,"key":"Bag of Preparation"}],"event_choices":[{"damage_healed":0,"gold_gain":0,"player_choice":"Success","damage_taken":7,"relics_obtained":["Tiny Chest"],"max_hp_gain":0,"max_hp_loss":0,"event_name":"Scrap Ooze","floor":2,"gold_loss":0},{"damage_healed":0,"gold_gain":0,"player_choice":"Ignored","damage_taken":0,"max_hp_gain":0,"max_hp_loss":0,"event_name":"Liars Game","floor":5,"gold_loss":0},{"cards_removed":["Strike_B"],"damage_healed":0,"gold_gain":0,"player_choice":"Purged","damage_taken":0,"max_hp_gain":0,"max_hp_loss":0,"event_name":"Purifier","floor":10,"gold_loss":0},{"damage_healed":0,"gold_gain":0,"player_choice":"Became a vampire","damage_taken":0,"max_hp_gain":0,"max_hp_loss":23,"event_name":"Vampires","floor":19,"gold_loss":0,"cards_obtained":["Bite","Bite","Bite","Bite","Bite"]},{"damage_healed":0,"gold_gain":0,"player_choice":"Ignored","damage_taken":0,"max_hp_gain":0,"max_hp_loss":0,"event_name":"The Mausoleum","floor":20,"gold_loss":0},{"damage_healed":0,"gold_gain":0,"player_choice":"Obtain J.A.X.","damage_taken":0,"max_hp_gain":0,"max_hp_loss":0,"event_name":"Drug Dealer","floor":21,"gold_loss":0,"cards_obtained":["J.A.X."]}],"is_beta":false,"boss_relics":[{"not_picked":["Tiny House","Empty Cage"],"picked":"Nuclear Battery"}],"items_purged_floors":[],"is_endless":false,"potions_floor_spawned":[11,16],"killed_by":"Snecko","ascension_level":6}}