{"host":"q57ekfojy3i00x9o","time":1613931103,"event":{"mods":["Act Like it!","Arknights","Aspiration","BaseMod","Colored Map","Energized Spire","Hermit","Minty Spire (QoL Compilation)","Quick Restart","Ruina","Spicy Shops","Spikes Relics","StSLib","slay the spire mod where everything is the same but ironclad has a cowboy hat"],"gold_per_floor":[361,511,530,530,541,541,541,541,567,567,598,598,598,203,203,203,203],"floor_reached":16,"language":"RUS","playtime":247,"items_purged":["ats:Strike C"],"score":173,"play_id":"a3fe1fed-ee56-44a9-8db7-74145f6b2745","local_time":"20210221231143","is_ascension_mode":true,"campfire_choices":[{"data":"ats:Powerful Strike","floor":6.0,"key":"SMITH"},{"data":"ats:Poison Spread","floor":8.0,"key":"SMITH"},{"floor":13,"key":"REST"},{"floor":15,"key":"REST"}],"circlet_count":0,"master_deck":["AscendersBane","ats:Strike G","ats:Strike S","ats:Strike V","ats:Armor Crushing Shot","ats:Defend","ats:Defend","ats:Defend","ats:Defend","ats:Emotion Absorption","ats:Powerful Strike+1","ats:Cat Scratch","ats:Poison Spread+1","ats:Blood Oath","ats:True Silver Slash"],"relics":["ats:Sanity","Golden Idol","MiniBlackHole","ats:Originium","Darkstone Periapt","Toolbox"],"acts_visited":["Exordium"],"potions_floor_usage":[16],"damage_taken":[{"damage":15.0,"enemies":"Jaw Worm","floor":1.0,"turns":5.0},{"damage":7.0,"enemies":"Small Slimes","floor":3.0,"turns":4.0},{"damage":3.0,"enemies":"ats:Genji","floor":5.0,"turns":3.0},{"damage":29,"enemies":"Gremlin Nob","floor":11,"turns":4},{"damage":53,"enemies":"The Guardian","floor":16,"turns":7}],"seed_played":"3686696949218866137","potions_obtained":[{"floor":11,"key":"Strength Potion"}],"is_trial":false,"path_per_floor":["M","?","M","?","M","R","?","R","T","?","E","?","R","$","R","B"],"character_chosen":"DOCTOR_CLASS","items_purchased":["ats:True Silver Slash","Toolbox"],"campfire_rested":2,"item_purchase_floors":[14,14],"current_hp_per_floor":[50,50,43,43,40,40,40,40,40,40,11,6,25,25,44,0,0],"gold":203,"neow_bonus":"TWO_FIFTY_GOLD","is_daily":false,"chose_seed":false,"campfire_upgraded":2,"win_rate":0.0,"timestamp":1613931103,"path_taken":["M","?","M","?","?","R","?","R","T","?","E","?","R","$","R","BOSS"],"items_purchased_type":["Card","Relic"],"build_version":"2020-12-22","purchased_purges":1,"victory":false,"max_hp_per_floor":[65,65,65,65,65,65,65,65,65,65,65,65,65,65,65,65,65],"card_choices":[{"not_picked":["ats:Ignite","ats:Flexible Camouflage"],"picked":"ats:Powerful Strike","floor":1.0},{"not_picked":["ats:Spore Proliferation","ats:Very Hot Blade"],"picked":"ats:Cat Scratch","floor":3.0},{"not_picked":["ats:Guard Mode","ats:Assault Order"],"picked":"ats:Poison Spread","floor":5.0},{"not_picked":["ats:Song Of Battle","ats:Absolute Focus"],"picked":"ats:Blood Oath","floor":11}],"player_experience":781576,"relics_obtained":[{"floor":9.0,"key":"MiniBlackHole"},{"floor":11,"key":"ats:Originium"},{"floor":11,"key":"Darkstone Periapt"}],"event_choices":[{"damage_healed":0.0,"max_hp_gain":0.0,"max_hp_loss":0.0,"gold_gain":150.0,"event_name":"Liars Game","player_choice":"AGREE","floor":2.0,"gold_loss":0.0,"damage_taken":0.0,"cards_obtained":["Doubt"]},{"cards_removed":["Doubt"],"damage_healed":0.0,"max_hp_gain":0.0,"max_hp_loss":0.0,"gold_gain":0.0,"event_name":"Fountain of Cleansing","player_choice":"Removed Curses","floor":4.0,"gold_loss":0.0,"damage_taken":0.0},{"damage_healed":0.0,"max_hp_gain":0.0,"max_hp_loss":0.0,"gold_gain":0.0,"event_name":"Golden Idol","player_choice":"Take Wound","floor":7.0,"gold_loss":0.0,"damage_taken":0.0,"relics_obtained":["Golden Idol"],"cards_obtained":["Injury"]},{"cards_removed":["Injury"],"damage_healed":0,"gold_gain":0,"player_choice":"Forget","damage_taken":0,"max_hp_gain":0,"max_hp_loss":0,"event_name":"Living Wall","floor":10,"gold_loss":0},{"damage_healed":0,"gold_gain":0,"player_choice":"Fled","damage_taken":5,"max_hp_gain":0,"max_hp_loss":0,"event_name":"Scrap Ooze","floor":12,"gold_loss":0}],"is_beta":false,"boss_relics":[],"items_purged_floors":[14],"is_endless":false,"potions_floor_spawned":[11],"killed_by":"The Guardian","ascension_level":16}}