{"host":"qc1sjgtdjonvdsd8","time":1613896811,"event":{"mods":["BaseMod","Colored Map","Colored Powertips","Curses Come First","Minty Spire (QoL Compilation)","Replay The Spire","StSLib"],"gold_per_floor":[110,122,122,133,83,117,117,117,117],"floor_reached":8,"language":"ENG","playtime":667,"items_purged":[],"score":73,"play_id":"f80ace56-6670-4712-b65b-01fe6201da85","local_time":"20210221004011","is_ascension_mode":true,"campfire_choices":[{"floor":7,"key":"REST"}],"circlet_count":0,"master_deck":["Strike_G","Strike_G","Strike_G","Strike_G","Defend_G","Defend_G","Defend_G","Defend_G","Defend_G","Survivor","Neutralize","Reflex","Draining Mist","Dodge and Roll"],"relics":["Snecko Eye","Anchor"],"acts_visited":["Exordium"],"potions_floor_usage":[6,6,6,8],"damage_taken":[{"damage":1,"enemies":"Cultist","floor":1,"turns":5},{"damage":4,"enemies":"Small Slimes","floor":2,"turns":4},{"damage":0,"enemies":"2 Louse","floor":4,"turns":2},{"damage":29,"enemies":"Gremlin Nob","floor":6,"turns":6},{"damage":40,"enemies":"Lagavulin","floor":8,"turns":12}],"seed_played":"-2891429972359598039","potions_obtained":[{"floor":2,"key":"Swift Potion"},{"floor":3,"key":"EssenceOfSteel"},{"floor":3,"key":"Swift Potion"},{"floor":3,"key":"SneckoOil"},{"floor":6,"key":"LifebloodPotion"}],"is_trial":false,"path_per_floor":["M","M","?","M","?","E","R","E"],"character_chosen":"THE_SILENT","items_purchased":[],"campfire_rested":1,"item_purchase_floors":[],"current_hp_per_floor":[62,58,58,58,58,29,50,10,10],"gold":117,"neow_bonus":"BOSS_RELIC","is_daily":false,"chose_seed":false,"campfire_upgraded":0,"win_rate":0.0,"timestamp":1613896811,"path_taken":["M","M","?","?","?","E","R","E"],"items_purchased_type":[],"build_version":"2020-12-22","purchased_purges":0,"victory":false,"max_hp_per_floor":[70,70,70,70,70,70,70,70,70],"card_choices":[{"not_picked":["Cloak And Dagger","Infinite Blades"],"picked":"Reflex","floor":1},{"not_picked":["Dagger Spray","Quick Slash","Setup"],"picked":"SKIP","floor":2},{"not_picked":["Blade Dance","Heel Hook"],"picked":"Draining Mist","floor":4},{"not_picked":["ReplayTheSpireMod:Scrap Shanks","Blade Dance"],"picked":"Dodge and Roll","floor":6}],"player_experience":332045,"relics_obtained":[{"floor":6,"key":"Anchor"}],"event_choices":[{"damage_healed":0,"gold_gain":0,"player_choice":"Got Potions","damage_taken":0,"max_hp_gain":0,"max_hp_loss":0,"event_name":"Lab","floor":3,"gold_loss":0},{"cards_removed":["Strike_G"],"damage_healed":0,"gold_gain":0,"player_choice":"Card Removal","damage_taken":0,"max_hp_gain":0,"max_hp_loss":0,"event_name":"The Cleric","floor":5,"gold_loss":50}],"is_beta":false,"boss_relics":[],"items_purged_floors":[],"is_endless":false,"potions_floor_spawned":[2,6],"killed_by":"Lagavulin","ascension_level":6}}