{"host":"5n1fl7z5i1vf7jan","time":1613909546,"event":{"mods":["BaseMod","Minty Spire (QoL Compilation)","Quick Restart","Relic Stats"],"gold_per_floor":[218,218,44,56,72,72,107,118,118,136,153,172,198,214,214,289,289,246,257,182,182,66,66,27,61,135,151,151,171,9,9,9,80,80,92,111,0,11,31,57,57,107,107,107,121,121,121,132,132,132,132,132,132,95,95,95],"floor_reached":55,"language":"ENG","playtime":2667,"items_purged":["Decay"],"score":1762,"play_id":"dfec2ffe-1167-49a2-a045-5577da81a760","local_time":"20210221041226","is_ascension_mode":true,"campfire_choices":[{"data":"Defragment","floor":6.0,"key":"SMITH"},{"floor":15.0,"key":"REST"},{"data":"Chill","floor":23.0,"key":"SMITH"},{"data":"Seek","floor":28.0,"key":"SMITH"},{"floor":32.0,"key":"REST"},{"floor":41,"key":"REST"},{"floor":44,"key":"REST"},{"data":"Echo Form","floor":47,"key":"SMITH"},{"floor":49,"key":"RECALL"},{"data":"Go for the Eyes","floor":53,"key":"SMITH"}],"circlet_count":0,"master_deck":["AscendersBane","Strike_B","Strike_B","Strike_B","Defend_B","Defend_B","Defend_B","Defend_B","Zap","Dualcast","Leap","Defragment+1","Rip and Tear","Streamline","Sweeping Beam","Glacier","Echo Form+1","Ball Lightning","Go for the Eyes+1","Self Repair","Ball Lightning","Seek+1","Capacitor","Chill+1","FTL","Melter","Defragment+1","Electrodynamics","Barrage","Leap+1","Turbo+1","Defragment"],"relics":["FrozenCore","Torii","Shuriken","Blue Candle","Toy Ornithopter","Ornamental Fan","DollysMirror","Inserter","Red Mask","Centennial Puzzle"],"acts_visited":["Exordium","TheCity","TheBeyond","TheEnding"],"potions_floor_usage":[33,35,38],"damage_taken":[{"damage":6.0,"enemies":"2 Louse","floor":1.0,"turns":3.0},{"damage":0.0,"enemies":"Cultist","floor":4.0,"turns":2.0},{"damage":8.0,"enemies":"Small Slimes","floor":5.0,"turns":2.0},{"damage":12.0,"enemies":"Lagavulin","floor":7.0,"turns":8.0},{"damage":1.0,"enemies":"Looter","floor":8.0,"turns":3.0},{"damage":1.0,"enemies":"Exordium Wildlife","floor":10.0,"turns":3.0},{"damage":1.0,"enemies":"Red Slaver","floor":11.0,"turns":3.0},{"damage":1.0,"enemies":"Large Slime","floor":12.0,"turns":4.0},{"damage":8.0,"enemies":"3 Sentries","floor":13.0,"turns":7.0},{"damage":9.0,"enemies":"Looter","floor":14.0,"turns":4.0},{"damage":14.0,"enemies":"Hexaghost","floor":16.0,"turns":7.0},{"damage":12.0,"enemies":"2 Thieves","floor":18.0,"turns":5.0},{"damage":18.0,"enemies":"3 Byrds","floor":19.0,"turns":7.0},{"damage":44.0,"enemies":"Gremlin Leader","floor":25.0,"turns":7.0},{"damage":1.0,"enemies":"Sentry and Sphere","floor":27.0,"turns":4.0},{"damage":25.0,"enemies":"Snake Plant","floor":29.0,"turns":6.0},{"damage":1,"enemies":"Champ","floor":33,"turns":18},{"damage":25,"enemies":"3 Shapes","floor":35,"turns":6},{"damage":55,"enemies":"3 Darklings","floor":36,"turns":6},{"damage":0,"enemies":"Sphere and 2 Shapes","floor":38,"turns":8},{"damage":25,"enemies":"Jaw Worm Horde","floor":39,"turns":5},{"damage":10,"enemies":"Giant Head","floor":40,"turns":12},{"damage":6,"enemies":"Writhing Mass","floor":45,"turns":11},{"damage":1,"enemies":"3 Darklings","floor":48,"turns":5},{"damage":13,"enemies":"Time Eater","floor":50,"turns":20},{"damage":31,"enemies":"Donu and Deca","floor":51,"turns":13},{"damage":71,"enemies":"Shield and Spear","floor":55,"turns":3}],"seed_played":"4969591123170214267","potions_obtained":[{"floor":4.0,"key":"AttackPotion"},{"floor":8.0,"key":"Ancient Potion"},{"floor":12.0,"key":"PotionOfCapacity"},{"floor":13.0,"key":"Regen Potion"},{"floor":29.0,"key":"PowerPotion"},{"floor":33,"key":"SkillPotion"},{"floor":36,"key":"Explosive Potion"},{"floor":45,"key":"CultistPotion"}],"is_trial":false,"path_per_floor":["M","?","$","M","M","R","E","M","T","M","M","M","E","M","R","B",null,"M","M","?","?","$","R","$","E","T","M","R","M","$","$","R","B",null,"M","M","?","M","M","E","R","?","T","R","M","?","R","M","R","B","B",null,"R","$","E"],"character_chosen":"DEFECT","items_purchased":["Defragment","Rip and Tear","Streamline","FTL","Melter","DollysMirror","Defragment"],"campfire_rested":4,"item_purchase_floors":[3,3,3,22,24,30,54],"current_hp_per_floor":[58,58,58,58,50,50,38,37,37,36,35,34,26,24,45,38,63,58,47,47,47,47,47,47,25,25,31,31,6,6,6,27,45,65,59,18,18,37,12,16,37,37,37,58,59,71,71,70,70,71,47,65,65,65,0,0],"gold":95,"neow_bonus":"HUNDRED_GOLD","is_daily":false,"chose_seed":false,"campfire_upgraded":5,"win_rate":0.0,"timestamp":1613909546,"path_taken":["M","?","$","M","M","R","E","?","T","M","M","M","E","M","R","BOSS","M","M","?","?","$","R","?","E","T","M","R","?","?","$","R","BOSS","M","M","?","M","M","E","R","?","T","R","?","?","R","?","R","BOSS","BOSS","R","$","E"],"items_purchased_type":["Card","Card","Card","Card","Card","Relic","Card"],"build_version":"2020-12-22","purchased_purges":1,"victory":false,"max_hp_per_floor":[71,71,71,71,71,71,71,71,71,71,71,71,71,71,71,71,71,71,71,71,71,71,71,71,71,71,71,71,71,71,71,71,71,71,71,71,71,71,71,71,71,71,71,71,71,71,71,71,71,71,71,71,71,71,71,71],"relic_stats":{"Centennial Puzzle":[15],"Inserter":[31],"Torii":64,"counters":[27,182],"Shuriken":[40],"Ornamental Fan":[112],"Blue Candle":[0],"obtain_stats":[{"Centennial Puzzle":40,"Inserter":34,"Torii":7,"Shuriken":9,"Ornamental Fan":26,"DollysMirror":30,"Blue Candle":13,"Red Mask":37,"Cracked Core":0,"Toy Ornithopter":25,"FrozenCore":17},{"Centennial Puzzle":22,"Inserter":17,"Torii":4,"Shuriken":5,"Ornamental Fan":14,"DollysMirror":16,"Blue Candle":9,"Red Mask":19,"Cracked Core":0,"Toy Ornithopter":14,"FrozenCore":11},{"Centennial Puzzle":130,"Inserter":93,"Torii":15,"Shuriken":18,"Ornamental Fan":65,"DollysMirror":75,"Blue Candle":35,"Red Mask":105,"Cracked Core":0,"Toy Ornithopter":65,"FrozenCore":46}],"Toy Ornithopter":15,"FrozenCore":[47]},"card_choices":[{"not_picked":["Redo","Stack"],"picked":"Leap","floor":1.0},{"not_picked":["Steam","Go for the Eyes"],"picked":"Sweeping Beam","floor":4.0},{"not_picked":["Defragment","Coolheaded"],"picked":"Glacier","floor":5.0},{"not_picked":["Heatsinks","Sweeping Beam"],"picked":"Echo Form","floor":7.0},{"not_picked":["Self Repair","Compile Driver"],"picked":"Ball Lightning","floor":8.0},{"not_picked":["Coolheaded","Gash","Sweeping Beam"],"picked":"SKIP","floor":10.0},{"not_picked":["Sweeping Beam","Ball Lightning"],"picked":"Go for the Eyes","floor":11.0},{"not_picked":["Sweeping Beam","Rebound","Static Discharge"],"picked":"SKIP","floor":12.0},{"not_picked":["Rebound","Multi-Cast"],"picked":"Self Repair","floor":13.0},{"not_picked":["Hologram","Recycle"],"picked":"Ball Lightning","floor":14.0},{"not_picked":["Core Surge","Thunder Strike"],"picked":"Seek","floor":16.0},{"not_picked":["Steam+1","Go for the Eyes"],"picked":"Capacitor","floor":18.0},{"not_picked":["Leap","Aggregate"],"picked":"Chill","floor":19.0},{"not_picked":["Chill","Aggregate","Hyperbeam"],"picked":"SKIP","floor":25.0},{"not_picked":["Consume","Hologram","Undo"],"picked":"SKIP","floor":27.0},{"not_picked":["Storm","Steam","Stack"],"picked":"SKIP","floor":29.0},{"not_picked":["All For One","Biased Cognition"],"picked":"Electrodynamics","floor":33},{"not_picked":["Gash","Chill+1"],"picked":"Barrage","floor":35},{"not_picked":["Sweeping Beam+1","Defragment"],"picked":"Auto Shields+1","floor":36},{"not_picked":["Redo","Machine Learning","Streamline+1"],"picked":"SKIP","floor":38},{"not_picked":["Stack","Storm"],"picked":"Leap+1","floor":39},{"not_picked":["Stack","Sweeping Beam"],"picked":"Turbo+1","floor":40},{"not_picked":["Leap","Sweeping Beam","Reinforced Body"],"picked":"SKIP","floor":45},{"not_picked":["Self Repair+1","Lockon","Compile Driver"],"picked":"SKIP","floor":48}],"player_experience":376617,"relics_obtained":[{"floor":7.0,"key":"Torii"},{"floor":9.0,"key":"Shuriken"},{"floor":13.0,"key":"Blue Candle"},{"floor":25.0,"key":"Toy Ornithopter"},{"floor":26.0,"key":"Ornamental Fan"},{"floor":40,"key":"Centennial Puzzle"}],"event_choices":[{"damage_healed":0.0,"max_hp_gain":0.0,"max_hp_loss":0.0,"gold_gain":0.0,"event_name":"Match and Keep!","player_choice":"0 cards matched","floor":2.0,"gold_loss":0.0,"damage_taken":0.0,"cards_obtained":[]},{"cards_removed":["Strike_B"],"damage_healed":0.0,"max_hp_gain":0.0,"max_hp_loss":0.0,"gold_gain":0.0,"event_name":"Beggar","player_choice":"Gave Gold","floor":20.0,"gold_loss":75.0,"damage_taken":0.0},{"damage_healed":0.0,"max_hp_gain":0.0,"max_hp_loss":0.0,"gold_gain":0.0,"event_name":"Forgotten Altar","player_choice":"Smashed Altar","floor":21.0,"gold_loss":0.0,"damage_taken":0.0,"cards_obtained":["Decay"]},{"damage_healed":0,"gold_gain":0,"player_choice":"Paid","damage_taken":0,"relics_obtained":["Red Mask"],"max_hp_gain":0,"max_hp_loss":0,"event_name":"Tomb of Lord Red Mask","floor":37,"gold_loss":111},{"damage_healed":0,"gold_gain":50,"player_choice":"Pray","damage_taken":0,"max_hp_gain":0,"max_hp_loss":0,"event_name":"Golden Shrine","floor":42,"gold_loss":0},{"cards_removed":["Auto Shields"],"damage_healed":12,"gold_gain":0,"player_choice":"Offered Uncommon","damage_taken":0,"max_hp_gain":0,"max_hp_loss":0,"event_name":"Bonfire Elementals","floor":46,"gold_loss":0}],"is_beta":false,"boss_relics":[{"not_picked":["Philosopher\u0027s Stone","Runic Pyramid"],"picked":"FrozenCore"},{"not_picked":["Runic Dome","Coffee Dripper"],"picked":"Inserter"}],"items_purged_floors":[22],"is_endless":false,"potions_floor_spawned":[4,8,10,12,13,14,29,33,36,45],"killed_by":"Shield and Spear","ascension_level":20}}