{"host":"in1bhfibxveltz2y","time":1613910743,"event":{"mods":["ATMod(°¢èªMod)","Act Like it!","Arknights","BaseMod","CapriCore","Colored Powertips","Dota2Spire","Downfall","Friendly Minions","Gensokyo","GungeonMod","Hallownest","Lobotomy","LobotomyExtend","Minty Spire (QoL Compilation)","MostiFishMod","Prisma Mod","Quick Restart","Replay The Spire","RumiaBox-Â¶Ã×æ«µÄÉñÃØºÐ×Ó","Shop Mod","StSLib","The Bug Knight","Waifu the Spire","Yakumo Yukari mod","[IsaacMod]ÒÔÈö¼âËþ","noobMod","¡¾¹¦ÄÜMod¡¿»ìãçÖ®»·ÐÞ¸´²¹¶¡","¡¾ÒÅÎï¿¨ÅÆ¡¿REMEMod"],"gold_per_floor":[117,217,217,229,242,242,21,21,21,56,37,114,114,114,114,543,543,594,594,554,554,554,554,232,232,232,273,273,67,164,177,177,363,363,431,431,506,574,614,614,665,734,734,734,752,806,219,219,219,244,244,244,197,223,223],"floor_reached":56,"language":"ZHS","playtime":2472,"items_purged":["hexamod:Defend","hexamod:Defend","hexamod:Float+1","hexamod:Strike+1","BettingIsNotGood+1"],"score":1119,"play_id":"52bff76e-4601-4c62-85c0-c181490fda5a","local_time":"20210221203223","is_ascension_mode":false,"campfire_choices":[{"data":"BettingIsNotGood","floor":6,"key":"SMITH"},{"data":"hexamod:Rewind","floor":8,"key":"SMITH"},{"data":"hexamod:Sear","floor":13,"key":"SMITH"},{"floor":15,"key":"RECALL"},{"data":"Gensokyo:FourOfAKind","floor":23,"key":"SMITH"},{"data":"Gensokyo:FourOfAKind","floor":25,"key":"SMITH"},{"data":"Gensokyo:FourOfAKind","floor":28,"key":"SMITH"},{"floor":32,"key":"REST"},{"data":"hexamod:VolcanoVisage","floor":40,"key":"SMITH"},{"data":"hexamod:VolcanoVisage","floor":44,"key":"SMITH"},{"floor":49,"key":"DIG"},{"data":"hexamod:WildfireWeapon","floor":52,"key":"SMITH"}],"circlet_count":0,"master_deck":["hexamod:Sear+1","hexamod:Rewind+1","hexamod:VolcanoVisage+1","hexamod:SearingWound+1","hexamod:BurningTouch+1","Gensokyo:FourOfAKind+1","Gensokyo:FourOfAKind+1","Gensokyo:FourOfAKind+1","hexamod:Rewind+1","hexamod:ExtraCrispy+1","hexamod:VolcanoVisage+1","hexamod:VolcanoVisage+1","hexamod:WildfireWeapon+1","hexamod:BurningTouch+1","hexamod:Haunt+1","hexamod:AdvancingGuard","Dramatic Entrance","Gensokyo:UnhurriedMind+1","hexamod:UnlimitedPower"],"relics":["AT_ATBox","DaveBox","HushsDoor","ice","REME_ComplimentaryCards","Nloth\u0027s Gift","SynthV:TestCard","LetterFromLob","AT_SunfireAegis","Gensokyo:ChorusOfJoy","MerchantsRug","Centennial Puzzle","hexamod:TheBrokenSeal","EasyGame_NEW","DemoMod:PinkGuonStone","AT_ChloranthyRing","Lantern","Anchor","Leech","ReplayTheSpireMod:TigerMarble","SatanicBible"],"acts_visited":["Gensokyo:Gensokyo","Gensokyo:Gensokyoer","Gensokyo:Gensokyoest","TheEnding"],"potions_floor_usage":[10,16,38,46,50,55],"damage_taken":[{"damage":25,"enemies":"Gensokyo:3_Fairies","floor":1,"turns":6},{"damage":16,"enemies":"Gensokyo:Gryphon","floor":4,"turns":4},{"damage":10,"enemies":"Gensokyo:Python","floor":5,"turns":3},{"damage":8,"enemies":"Gensokyo:VengefulSpirit","floor":10,"turns":3},{"damage":24,"enemies":"Gensokyo:Mamizou","floor":12,"turns":7},{"damage":29,"enemies":"Gensokyo:Reimu","floor":16,"turns":6},{"damage":13,"enemies":"Gensokyo:AngelMirror","floor":18,"turns":2},{"damage":40,"enemies":"Gensokyo:Koishi","floor":27,"turns":5},{"damage":29,"enemies":"Gensokyo:3_Dogs","floor":30,"turns":3},{"damage":34,"enemies":"Gensokyo:Wraith","floor":31,"turns":4},{"damage":22,"enemies":"Gensokyo:Eternal_Rivals","floor":33,"turns":5},{"damage":32,"enemies":"Gensokyo:3_Boulders","floor":35,"turns":4},{"damage":18,"enemies":"Hiden Room Battle","floor":37,"turns":3},{"damage":21,"enemies":"Gensokyo:3_Bats","floor":38,"turns":3},{"damage":14,"enemies":"Gensokyo:Dusk_and_Dawn","floor":39,"turns":3},{"damage":9,"enemies":"Gensokyo:Doremy","floor":41,"turns":3},{"damage":0,"enemies":"Gensokyo:SeedOfUnknown","floor":42,"turns":3},{"damage":17,"enemies":"Gensokyo:Sharpion","floor":45,"turns":2},{"damage":31,"enemies":"Gensokyo:Kasen","floor":46,"turns":3},{"damage":0,"enemies":"Gensokyo:Kasen","floor":48,"turns":3},{"damage":13,"enemies":"Gensokyo:Yuyuko","floor":50,"turns":3},{"damage":43,"enemies":"Shield and Spear","floor":54,"turns":3},{"damage":639,"enemies":"Delirium","floor":55,"turns":20}],"seed_played":"-4506201437795282481","potions_obtained":[{"floor":1,"key":"Elixir"},{"floor":12,"key":"Fire Potion"},{"floor":31,"key":"SmokeBomb"},{"floor":33,"key":"SmokeBomb"},{"floor":33,"key":"Block Potion"},{"floor":37,"key":"REME_GoldPotion"},{"floor":41,"key":"Fire Potion"},{"floor":45,"key":"Guardian:BlockOnCardUsePotion"}],"is_trial":false,"path_per_floor":["M","?","?","M","M","R","$","R","T","M","COS","E","R","?","R","B",null,"M","?","?","?","?","R","$","R","T","E","R","$","M","M","R","B",null,"M","?","?","M","M","R","E","M","T","R","M","E","$","?","R","B",null,"R","$","E","B",null],"character_chosen":"THE_SPIRIT","items_purchased":["Replay:Baseball","REME_CardOfGreed","MerchantsRug","hexamod:ThirdSeal","Dota2Spire:DrumOfEndurance","hexamod:ExtraCrispy","BargainBundle","Anchor","Leech","Dramatic Entrance","Fruit Juice"],"campfire_rested":1,"item_purchase_floors":[7,24,24,24,24,29,47,47,47,47,47],"current_hp_per_floor":[28,28,13,53,43,43,43,43,43,35,35,21,21,21,21,2,61,48,62,62,44,44,44,44,44,44,47,47,47,28,55,55,68,68,63,63,59,56,67,67,81,81,81,81,82,85,85,85,85,85,96,96,96,58,2781],"gold":223,"neow_bonus":"BOSS_RELIC","is_daily":false,"chose_seed":false,"campfire_upgraded":9,"win_rate":0.0,"timestamp":1613910743,"path_taken":["M","?","?","M","M","R","?","R","T","M","COS","E","R","?","R","BOSS","M","?","?","?","?","R","$","R","T","E","R","?","M","?","R","BOSS","M","?","?","M","M","R","E","M","T","R","M","E","?","?","R","BOSS","R","$","E","BOSS"],"items_purchased_type":["Relic","Relic","Relic","Card","Relic","Card","Relic","Relic","Relic","Card","Potion"],"build_version":"2020-12-22","purchased_purges":5,"victory":true,"max_hp_per_floor":[53,53,53,53,55,55,55,55,55,56,56,58,58,58,58,61,61,62,62,62,44,44,44,44,44,44,47,47,47,50,55,55,68,68,68,68,75,75,75,75,81,81,81,81,82,85,85,85,85,96,96,96,96,102,6500],"card_choices":[{"not_picked":[],"picked":"BettingIsNotGood","floor":0},{"not_picked":["hexamod:ShieldOfDarkness","hexamod:PhantomFireball","hexamod:InspiringFlames"],"picked":"SKIP","floor":1},{"not_picked":["hexamod:Firestarter","hexamod:ParanormalForm","hexamod:UnleashSpirits","hexamod:HauntingEcho"],"picked":"hexamod:Rewind","floor":4},{"not_picked":["hexamod:ThirdSeal","hexamod:FourthSeal"],"picked":"hexamod:SixthSeal","floor":5},{"not_picked":["hexamod:NecessarySacrifice","hexamod:UnleashSpirits","hexamod:InspiringFlames","hexamod:HauntingEcho","hexamod:ThermalTransfer"],"picked":"SKIP","floor":5},{"not_picked":["hexamod:Hexaguard","hexamod:SpectersWail","hexamod:BacktrackSmack","hexamod:HeatMetal"],"picked":"hexamod:VolcanoVisage","floor":10},{"not_picked":["hexamod:SixthSeal","hexamod:FourthSeal"],"picked":"hexamod:SecondSeal","floor":12},{"not_picked":["hexamod:AdvancingGuard","hexamod:GhostOfSpirePresent","hexamod:FastForward","hexamod:RadiantFlame","hexamod:Hexaguard"],"picked":"SKIP","floor":12},{"not_picked":["hexamod:ForkedFlame","hexamod:TurnItUp","hexamod:ParanormalForm","hexamod:HexaLevel"],"picked":"hexamod:SearingWound","floor":16},{"not_picked":["hexamod:BacktrackSmack+1","hexamod:FastForward","hexamod:HeatMetal","hexamod:ThermalTransfer"],"picked":"hexamod:BurningTouch+1","floor":18},{"not_picked":["hexamod:SixthSeal","hexamod:ThirdSeal"],"picked":"hexamod:FirstSeal","floor":27},{"not_picked":["hexamod:BacktrackSmack","hexamod:GhostShield","hexamod:InspiringFlames","hexamod:TurnItUp"],"picked":"hexamod:Rewind","floor":27},{"not_picked":["hexamod:ParanormalForm","hexamod:GhostOfSpirePast+1","hexamod:SoulSteal","hexamod:RainOfEmbers","hexamod:Hexaguard+1"],"picked":"SKIP","floor":27},{"not_picked":["hexamod:ThirdSeal","hexamod:SecondSeal"],"picked":"hexamod:FourthSeal","floor":30},{"not_picked":["hexamod:Haunt","hexamod:GhostOfSpireFuture","hexamod:AdvancingGuard","hexamod:HauntingEcho+1","hexamod:GhostOfSpirePast+1"],"picked":"SKIP","floor":30},{"not_picked":["hexamod:NightmareStrike+1","hexamod:Firestarter","hexamod:PhantomFireball+1","hexamod:NightmareGuise","hexamod:SpectersWail"],"picked":"SKIP","floor":30},{"not_picked":["hexamod:Haunt","hexamod:GhostOfSpireFuture","hexamod:AdvancingGuard","hexamod:HauntingEcho+1","hexamod:GhostOfSpirePast+1"],"picked":"SKIP","floor":30},{"not_picked":["hexamod:NightmareStrike+1","hexamod:Firestarter","hexamod:PhantomFireball+1","hexamod:NightmareGuise","hexamod:SpectersWail"],"picked":"SKIP","floor":30},{"not_picked":["hexamod:HeatCrush","hexamod:Hexaguard","hexamod:GhostLash","hexamod:Firestarter","hexamod:ShieldOfDarkness"],"picked":"SKIP","floor":31},{"not_picked":["hexamod:SwordOfDarkness","hexamod:CatchUp+1","hexamod:SpectralAdrenaline","hexamod:InspiringFlames+1","hexamod:NightmareStrike"],"picked":"SKIP","floor":31},{"not_picked":["hexamod:TurnItUp","hexamod:GhostflameInferno","hexamod:HexaLevel","hexamod:TimeOfNeed"],"picked":"hexamod:VolcanoVisage","floor":33},{"not_picked":["hexamod:GhostOfSpirePresent","hexamod:WildfireWeapon","hexamod:SixthSeal","hexamod:ForkedFlame"],"picked":"hexamod:VolcanoVisage","floor":33},{"not_picked":["hexamod:RetreatToShadows+1","hexamod:Hexaguard+1","hexamod:SpectersWail","hexamod:ThirdSeal"],"picked":"hexamod:WildfireWeapon","floor":35},{"not_picked":["hexamod:GhostLash","hexamod:EmpoweredFlame+1","hexamod:BacktrackSmack","hexamod:HeatMetal"],"picked":"hexamod:BurningTouch+1","floor":37},{"not_picked":["hexamod:RadiantFlame+1","hexamod:BacktrackSmack","hexamod:InspiringFlames","hexamod:ThermalTransfer","hexamod:NightmareStrike+1"],"picked":"SKIP","floor":38},{"not_picked":["hexamod:Incineration","hexamod:NightmareStrike","hexamod:BurningTouch","hexamod:BacktrackSmack+1","hexamod:SwordOfDarkness"],"picked":"SKIP","floor":39},{"not_picked":["hexamod:TurnItUp","hexamod:RetreatToShadows","hexamod:VolcanoVisage","hexamod:NecessarySacrifice","hexamod:RadiantFlame"],"picked":"SKIP","floor":41},{"not_picked":["hexamod:InspiringFlames","hexamod:RetreatToShadows+1","hexamod:Firestarter","hexamod:HauntingEcho+1"],"picked":"hexamod:Haunt+1","floor":42},{"not_picked":["hexamod:ThermalTransfer","hexamod:FastForward+1","hexamod:FifthSeal","hexamod:Rewind+1"],"picked":"hexamod:AdvancingGuard","floor":45},{"not_picked":["hexamod:NightmareStrike","hexamod:HeatMetal","hexamod:CatchUp","hexamod:EmpoweredFlame+1","hexamod:GhostOfSpirePresent"],"picked":"SKIP","floor":46},{"not_picked":["Gensokyo:HouraiInAPot+1","Gensokyo:RainbowDanmaku+1"],"picked":"Gensokyo:UnhurriedMind+1","floor":48},{"not_picked":["hexamod:HeatMetal","hexamod:InspiringFlames","hexamod:NightmareStrike","hexamod:SpectersWail+1"],"picked":"hexamod:UnlimitedPower","floor":54}],"player_experience":29470,"relics_obtained":[{"floor":1,"key":"SynthV:TestCard"},{"floor":1,"key":"LetterFromLob"},{"floor":12,"key":"AT_SunfireAegis"},{"floor":26,"key":"DemoMod:ChaffGrenade"},{"floor":27,"key":"Centennial Puzzle"},{"floor":37,"key":"DemoMod:PinkGuonStone"},{"floor":37,"key":"AT_ChloranthyRing"},{"floor":41,"key":"Lantern"},{"floor":46,"key":"MawBank"},{"floor":49,"key":"ReplayTheSpireMod:TigerMarble"},{"floor":54,"key":"SatanicBible"}],"event_choices":[{"damage_healed":0,"gold_gain":0,"player_choice":"Fight","damage_taken":0,"max_hp_gain":0,"max_hp_loss":0,"event_name":"HidenRoomEvent","floor":37,"gold_loss":0}],"is_beta":false,"boss_relics":[{"not_picked":["Transparent","Kintsugi"],"picked":"Empty Cage"},{"not_picked":[]},{"not_picked":["PatriotShield","Honey Jar"],"picked":"EasyGame_NEW"},{"not_picked":[]}],"items_purged_floors":[7,24,29,47,53],"is_endless":false,"potions_floor_spawned":[1,12,33,37,41,45],"ascension_level":0}}