{"host":"nbofzmb1hl9rnais","time":1613946590,"event":{"mods":["BaseMod","Colored Map","Minty Spire (QoL Compilation)","StSLib"],"gold_per_floor":[117,128,144,144,144,178,178,216,242,257,33,69,69,144,144,263,263,277,376,376,376,401,441,441,466,466,466,507,175,194,194,194,323,323,337,337,357,378,399,430,430,470,470,514,514,174,194,233,233,233],"floor_reached":51,"language":"ENG","playtime":2883,"items_purged":["Gash","Metallicize"],"score":1432,"play_id":"575a45cd-2b63-4dad-9eeb-741a5aada456","local_time":"20210221142950","daily_mods":["SealedDeck","Red Cards","Green Cards","Blue Cards","Purple Cards","Heirloom"],"is_ascension_mode":true,"campfire_choices":[{"data":"Buffer","floor":7,"key":"SMITH"},{"data":"Evaluate","floor":13,"key":"SMITH"},{"data":"Reprogram","floor":15,"key":"SMITH"},{"data":"Shockwave","floor":24,"key":"SMITH"},{"data":"Evaluate","floor":27,"key":"SMITH"},{"data":"Fire Breathing","floor":32,"key":"SMITH"},{"data":"Caltrops+1","floor":41,"key":"PURGE"},{"data":"Feel No Pain","floor":49,"key":"SMITH"}],"circlet_count":0,"master_deck":["AscendersBane","FTL","Evaluate+1","Evaluate+1","Wild Strike","Fire Breathing+1","ReachHeaven","Shockwave+1","Buffer+1","Reprogram+1","Double Tap+1","Leap+1","Evolve","Feel No Pain+1"],"relics":["Burning Blood","Mango","Golden Idol","Boot","Omamori","Orichalcum","Lantern","HornCleat","Astrolabe","Calipers","Bottled Lightning","Mummified Hand","Smiling Mask","Membership Card","Peace Pipe","MutagenicStrength","Philosopher\u0027s Stone","Juzu Bracelet","Unceasing Top","Meat on the Bone","Lizard Tail","Sling","Ancient Tea Set","Nunchaku","Blue Candle"],"acts_visited":["Exordium","TheCity","TheBeyond"],"potions_floor_usage":[12,23,50,50],"damage_taken":[{"damage":2,"enemies":"2 Louse","floor":1,"turns":2},{"damage":9,"enemies":"Jaw Worm","floor":2,"turns":2},{"damage":0,"enemies":"Cultist","floor":3,"turns":3},{"damage":44,"enemies":"3 Sentries","floor":6,"turns":5},{"damage":10,"enemies":"Gremlin Nob","floor":8,"turns":5},{"damage":7,"enemies":"Looter","floor":10,"turns":3},{"damage":0,"enemies":"Lagavulin","floor":12,"turns":5},{"damage":27,"enemies":"Hexaghost","floor":16,"turns":8},{"damage":0,"enemies":"Chosen","floor":18,"turns":4},{"damage":0,"enemies":"Shell Parasite","floor":22,"turns":4},{"damage":31,"enemies":"Book of Stabbing","floor":23,"turns":5},{"damage":0,"enemies":"3 Cultists","floor":25,"turns":5},{"damage":11,"enemies":"Gremlin Leader","floor":28,"turns":5},{"damage":0,"enemies":"Cultist and Chosen","floor":30,"turns":4},{"damage":15,"enemies":"Collector","floor":33,"turns":6},{"damage":0,"enemies":"3 Darklings","floor":35,"turns":4},{"damage":0,"enemies":"3 Shapes","floor":37,"turns":4},{"damage":0,"enemies":"Jaw Worm Horde","floor":38,"turns":5},{"damage":0,"enemies":"3 Darklings","floor":39,"turns":4},{"damage":0,"enemies":"Giant Head","floor":40,"turns":7},{"damage":23,"enemies":"Reptomancer","floor":42,"turns":5},{"damage":0,"enemies":"Giant Head","floor":44,"turns":7},{"damage":20,"enemies":"Transient","floor":47,"turns":5},{"damage":0,"enemies":"Reptomancer","floor":48,"turns":4},{"damage":48,"enemies":"Time Eater","floor":50,"turns":8}],"seed_played":"9058853718444267825","potions_obtained":[{"floor":2,"key":"DuplicationPotion"},{"floor":3,"key":"Swift Potion"},{"floor":12,"key":"Fruit Juice"},{"floor":16,"key":"Fire Potion"},{"floor":18,"key":"AttackPotion"},{"floor":25,"key":"PowerPotion"},{"floor":35,"key":"Dexterity Potion"},{"floor":37,"key":"Dexterity Potion"},{"floor":47,"key":"FairyPotion"}],"is_trial":true,"path_per_floor":["M","M","M","?","?","E","R","E","T","M","$","E","R","?","R","B",null,"M","?","?","T","M","E","R","M","T","R","E","$","M","?","R","B",null,"M","?","M","M","M","E","R","E","T","E","?","$","M","E","R","B",null],"character_chosen":"IRONCLAD","items_purchased":["Lantern","Membership Card","Peace Pipe","Metallicize","Feel No Pain","Sling","Ancient Tea Set","Strength Potion","Nunchaku"],"campfire_rested":0,"item_purchase_floors":[11,29,29,29,46,46,46,46,46],"current_hp_per_floor":[90,87,93,70,94,56,56,52,52,51,51,62,62,51,51,30,82,88,88,88,88,94,69,69,75,75,75,70,70,76,76,76,67,91,97,97,99,99,99,99,99,82,82,88,88,88,74,80,80,50],"gold":233,"neow_bonus":"","is_daily":false,"chose_seed":false,"campfire_upgraded":7,"win_rate":0.0,"timestamp":1613946590,"path_taken":["M","M","M","?","?","E","R","E","T","?","$","E","R","?","R","BOSS","M","?","?","?","M","E","R","M","T","R","E","$","M","?","R","BOSS","M","?","M","M","M","E","R","E","T","E","?","$","M","E","R","BOSS"],"items_purchased_type":["Relic","Relic","Relic","Card","Card","Relic","Relic","Potion","Relic"],"build_version":"2020-12-22","purchased_purges":2,"victory":true,"max_hp_per_floor":[94,94,94,94,94,94,94,94,94,94,94,99,99,99,99,99,99,99,99,99,99,99,99,99,99,99,99,99,99,99,99,99,99,99,99,99,99,99,99,99,99,99,99,99,99,99,99,99,99,99],"card_choices":[{"not_picked":["Poisoned Stab","Sword Boomerang"],"picked":"ReachHeaven","floor":1},{"not_picked":["Inflame","FlyingSleeves"],"picked":"Shockwave","floor":2},{"not_picked":["WaveOfTheHand","Anger"],"picked":"Wild Strike","floor":3},{"not_picked":["Distraction","Tantrum"],"picked":"Buffer","floor":6},{"not_picked":["Sentinel","Cleave","Poisoned Stab"],"picked":"SKIP","floor":8},{"not_picked":["Headbutt","Backstab","Weave"],"picked":"SKIP","floor":10},{"not_picked":["FTL","Static Discharge"],"picked":"Reprogram","floor":12},{"not_picked":["Deflect","Clothesline"],"picked":"Leap+1","floor":18},{"not_picked":["Slice","Chill+1","Havoc+1"],"picked":"SKIP","floor":22},{"not_picked":["Double Energy","Choke","Stack"],"picked":"SKIP","floor":23},{"not_picked":["Double Energy","Choke","Stack"],"picked":"SKIP","floor":23},{"not_picked":["Cold Snap+1","All Out Attack"],"picked":"Evolve","floor":25},{"not_picked":["Combust","Adaptation","PathToVictory"],"picked":"SKIP","floor":28},{"not_picked":["Glass Knife","Warcry","Predator+1"],"picked":"SKIP","floor":30},{"not_picked":["Rebound","Twin Strike","Coolheaded"],"picked":"SKIP","floor":35},{"not_picked":["Conserve Battery+1","Sword Boomerang","Blizzard"],"picked":"SKIP","floor":37},{"not_picked":["True Grit","Deadly Poison+1","Rip and Tear"],"picked":"SKIP","floor":38},{"not_picked":["Protect+1","BowlingBash+1","Cold Snap+1"],"picked":"SKIP","floor":39},{"not_picked":["PathToVictory","Heavy Blade","Noxious Fumes+1"],"picked":"SKIP","floor":40},{"not_picked":["Clash+1","Tools of the Trade","JustLucky+1"],"picked":"SKIP","floor":42},{"not_picked":["Slice+1","Deadly Poison","Bane+1"],"picked":"SKIP","floor":44},{"not_picked":["Carnage","Cleave","Sucker Punch"],"picked":"SKIP","floor":47},{"not_picked":["Melter+1","Impervious","Thunderclap+1"],"picked":"SKIP","floor":48}],"player_experience":134794,"relics_obtained":[{"floor":6,"key":"Boot"},{"floor":8,"key":"Omamori"},{"floor":9,"key":"Orichalcum"},{"floor":12,"key":"HornCleat"},{"floor":21,"key":"Calipers"},{"floor":23,"key":"Bottled Lightning"},{"floor":26,"key":"Mummified Hand"},{"floor":28,"key":"Smiling Mask"},{"floor":40,"key":"Juzu Bracelet"},{"floor":42,"key":"Unceasing Top"},{"floor":43,"key":"Meat on the Bone"},{"floor":44,"key":"Lizard Tail"},{"floor":48,"key":"Blue Candle"}],"event_choices":[{"damage_healed":0,"gold_gain":0,"player_choice":"Take Damage","damage_taken":23,"relics_obtained":["Golden Idol"],"max_hp_gain":0,"max_hp_loss":0,"event_name":"Golden Idol","floor":4,"gold_loss":0},{"cards_removed":["Carnage"],"damage_healed":24,"gold_gain":0,"player_choice":"Offered Uncommon","damage_taken":0,"max_hp_gain":0,"max_hp_loss":0,"event_name":"Bonfire Elementals","floor":5,"gold_loss":0},{"damage_healed":0,"gold_gain":75,"player_choice":"Gather Gold","damage_taken":11,"max_hp_gain":0,"max_hp_loss":0,"event_name":"World of Goop","floor":14,"gold_loss":0},{"damage_healed":0,"gold_gain":99,"player_choice":"Stole From Cult","damage_taken":0,"max_hp_gain":0,"max_hp_loss":0,"event_name":"Nest","floor":19,"gold_loss":0},{"cards_removed":["Flying Knee"],"damage_healed":0,"gold_gain":0,"player_choice":"Elegance","damage_taken":0,"max_hp_gain":0,"max_hp_loss":0,"event_name":"Back to Basics","floor":20,"gold_loss":0},{"damage_healed":0,"gold_gain":0,"player_choice":"Inject Mutagens","damage_taken":0,"relics_obtained":["MutagenicStrength"],"max_hp_gain":0,"max_hp_loss":0,"event_name":"Drug Dealer","floor":31,"gold_loss":0},{"damage_healed":0,"gold_gain":0,"player_choice":"Ignored","damage_taken":0,"max_hp_gain":0,"max_hp_loss":0,"event_name":"Tomb of Lord Red Mask","floor":36,"gold_loss":0},{"cards_removed":["Wild Strike"],"damage_healed":0,"gold_gain":0,"player_choice":"Removed Attack","damage_taken":0,"max_hp_gain":0,"max_hp_loss":0,"event_name":"Falling","floor":45,"gold_loss":0}],"is_beta":false,"boss_relics":[{"not_picked":["SacredBark","Runic Pyramid"],"picked":"Astrolabe"},{"not_picked":["Velvet Choker","Fusion Hammer"],"picked":"Philosopher\u0027s Stone"}],"items_purged_floors":[11,46],"is_endless":false,"potions_floor_spawned":[2,3,12,16,18,22,25,30,35,37,38,42,47],"ascension_level":10}}