{"host":"10hinapzqlh39548","time":1613918073,"event":{"mods":["BaseMod","Colored Powertips","Minty Spire (QoL Compilation)","MostiFishMod","Reliquary","Replay The Spire","StSLib","The Bladedancer"],"gold_per_floor":[116,133,41,41,54,54,80,80,132,142,161,178,178,198,198,293,293,305,230,278,292,310,335,335,335],"floor_reached":24,"language":"ENG","playtime":1918,"items_purged":["blademaster:Strike"],"score":220,"play_id":"97e79089-b043-48b3-bc7b-ce4a6dd55e15","local_time":"20210221153433","is_ascension_mode":false,"campfire_choices":[{"data":"blademaster:Sharpen","floor":6,"key":"SMITH"},{"data":"blademaster:DancingEdge","floor":15,"key":"SMITH"}],"circlet_count":0,"master_deck":["blademaster:Strike","blademaster:Strike","blademaster:Strike","blademaster:Defend","blademaster:Defend","blademaster:Defend","blademaster:Defend","blademaster:RagingBlow","blademaster:HighVoltage+1","blademaster:AspectOfLightning","blademaster:Safeguard","blademaster:Safeguard","blademaster:Havoc","blademaster:Sharpen+1","blademaster:Blindside+1","blademaster:Safeguard","blademaster:Havoc","blademaster:DancingEdge+1","blademaster:ThunderSlash","blademaster:Blindside","blademaster:Stormstrike","blademaster:TraverseCut"],"relics":["blademaster:DancersAmulet","DaveBox","NeowsBlessing","xbg","SynthV:TestCard","Bronze Scales","SynthV:C4","White Beast Statue","reliquary:Firecrackers"],"acts_visited":["Exordium","TheCity"],"potions_floor_usage":[24,24],"damage_taken":[{"damage":0.0,"enemies":"Jaw Worm","floor":1.0,"turns":1.0},{"damage":0.0,"enemies":"Small Slimes","floor":2.0,"turns":2.0},{"damage":0,"enemies":"Cultist","floor":5,"turns":1},{"damage":14,"enemies":"3 Sentries","floor":7,"turns":9},{"damage":0,"enemies":"Blue Slaver","floor":10,"turns":3},{"damage":0,"enemies":"Exordium Wildlife","floor":11,"turns":4},{"damage":0,"enemies":"2 Fungi Beasts","floor":12,"turns":2},{"damage":4,"enemies":"Large Slime","floor":14,"turns":2},{"damage":31,"enemies":"Hexaghost","floor":16,"turns":5},{"damage":0,"enemies":"Spheric Guardian","floor":18,"turns":3},{"damage":10,"enemies":"2 Thieves","floor":21,"turns":3},{"damage":8,"enemies":"Shelled Parasite and Fungi","floor":22,"turns":3},{"damage":17,"enemies":"Gremlin Leader","floor":23,"turns":6},{"damage":13,"enemies":"Snecko","floor":24,"turns":3}],"seed_played":"3481299374780643802","potions_obtained":[{"floor":2.0,"key":"Fire Potion"},{"floor":10,"key":"SkillPotion"},{"floor":12,"key":"ColorlessPotion"},{"floor":14,"key":"SkillPotion"},{"floor":18,"key":"SpeedPotion"},{"floor":21,"key":"PowerPotion"}],"is_trial":false,"path_per_floor":["M","M","$","?","M","R","E","?","T","M","M","M","?","M","R","B",null,"M","$","?","M","M","E","M"],"character_chosen":"THE_BLADEMASTER","items_purchased":["blademaster:Safeguard","blademaster:Havoc"],"campfire_rested":0,"item_purchase_floors":[3,3],"current_hp_per_floor":[75,75,75,80,80,80,66,66,66,66,66,66,66,62,62,31,80,80,80,48,38,30,13,0,0],"gold":335,"neow_bonus":"THREE_ENEMY_KILL","is_daily":false,"chose_seed":false,"campfire_upgraded":2,"win_rate":0.0,"timestamp":1613918073,"path_taken":["M","M","$","?","M","R","E","?","T","?","M","M","?","M","R","BOSS","M","$","?","M","M","E","M"],"items_purchased_type":["Card","Card"],"build_version":"2020-12-22","purchased_purges":1,"victory":false,"max_hp_per_floor":[75,75,75,80,80,80,80,80,80,80,80,80,80,80,80,80,80,80,80,80,80,80,80,80,80],"card_choices":[{"not_picked":["blademaster:ThunderSlash","blademaster:DaggerAndCloak"],"picked":"blademaster:AspectOfLightning","floor":1.0},{"not_picked":["blademaster:SlyStabs","blademaster:CombatPrep","blademaster:Quickstep","blademaster:FuriousStrike"],"picked":"blademaster:Safeguard","floor":2.0},{"not_picked":["blademaster:CombatPrep","blademaster:DragonStrike","blademaster:SlyStabs","blademaster:LightningCrash"],"picked":"blademaster:Sharpen","floor":5},{"not_picked":["blademaster:AspectOfLightning","blademaster:Quickstep","blademaster:Frontflip","blademaster:HighVoltage"],"picked":"blademaster:Blindside","floor":7},{"not_picked":["blademaster:Sharpen","blademaster:Momentum","blademaster:Gust","blademaster:LeechingStrike"],"picked":"blademaster:Safeguard","floor":10},{"not_picked":["blademaster:TraverseCut","blademaster:EyeOfTheTornado","blademaster:BladeCross","blademaster:ParryingStrike"],"picked":"blademaster:Havoc","floor":11},{"not_picked":["blademaster:Thrust","blademaster:FlockOfBlades","blademaster:AwakeningDefend","blademaster:CombatPrep"],"picked":"blademaster:DancingEdge","floor":12},{"not_picked":["blademaster:LeechingStrike","blademaster:Thrust","blademaster:Frenzy","blademaster:Frontflip"],"picked":"blademaster:ThunderSlash","floor":14},{"not_picked":["blademaster:UnrelentingWind","blademaster:BladeDance","blademaster:HighVoltage","blademaster:RagingBlow"],"picked":"blademaster:Blindside","floor":16},{"not_picked":["blademaster:Sharpen","blademaster:OneTrickPony","blademaster:AirSlash+1","blademaster:ThunderSlash+1"],"picked":"blademaster:Stormstrike","floor":18},{"not_picked":["blademaster:ChargingUp","blademaster:Flurry","blademaster:Vortex","blademaster:Slice"],"picked":"blademaster:TraverseCut","floor":20},{"not_picked":["blademaster:AirSlash","blademaster:AncestralHealing","blademaster:Momentum","blademaster:FuriousStrike","blademaster:Slice"],"picked":"SKIP","floor":21},{"not_picked":["blademaster:CombatPrep","blademaster:AwakeningStrike","blademaster:AspectOfLightning","blademaster:TraverseCut","blademaster:AncestralHealing"],"picked":"SKIP","floor":22},{"not_picked":["blademaster:Stability+1","blademaster:ThreePointStrike","blademaster:Cut","blademaster:BloodyBlow","blademaster:LeechingStrike+1"],"picked":"SKIP","floor":23}],"player_experience":1201676,"relics_obtained":[{"floor":1.0,"key":"SynthV:TestCard"},{"floor":7,"key":"Bronze Scales"},{"floor":7,"key":"blademaster:FuryEveryTurnPerk"},{"floor":9,"key":"SynthV:C4"},{"floor":20,"key":"White Beast Statue"},{"floor":23,"key":"reliquary:Firecrackers"},{"floor":23,"key":"blademaster:BleedingMoreDamagePerk"}],"event_choices":[{"damage_healed":0,"gold_gain":0,"player_choice":"Donut","damage_taken":0,"max_hp_gain":5,"max_hp_loss":0,"event_name":"Big Fish","floor":4,"gold_loss":0},{"damage_healed":0,"gold_gain":0,"player_choice":"Upgraded","damage_taken":0,"max_hp_gain":0,"max_hp_loss":0,"event_name":"Upgrade Shrine","floor":8,"gold_loss":0,"cards_upgraded":["blademaster:HighVoltage"]}],"is_beta":false,"boss_relics":[{"not_picked":["NightmareShop","Ring of Chaos","ReplayTheSpireMod:DimensionalGlitch"]}],"items_purged_floors":[19],"is_endless":false,"potions_floor_spawned":[2,10,12,14,18,21,22,23],"killed_by":"Snecko","ascension_level":0}}