{"host":"clcuy39u5sybassp","time":1613898349,"event":{"mods":["AchievementEnabler","BaseMod","Challenge The Spire","Lobotomy","LobotomyExtend","Minty Spire (QoL Compilation)","Quick Restart","Replay The Spire","StSLib"],"gold_per_floor":[111,121,134,134,147,147,161,187,187,206,206,232,232,243,257,66,80,80,80,105,105,130,130,130,130,141,156,156,260,260,274,274,247,247,199,199,213,213,213,224,244,271,286,320,320,416,416,436,456,473,484,499,530,580,613,686,706,733,413,413,428,428,428,428,428,428,187,217,217],"floor_reached":57,"language":"ZHS","playtime":2525,"items_purged":[],"score":1541,"play_id":"a2a6f0ac-4a57-490d-9889-94d882ce28b0","local_time":"20210221170549","is_ascension_mode":false,"campfire_choices":[{"floor":23,"key":"RECALL"},{"floor":47,"key":"DIG"}],"circlet_count":0,"master_deck":["SpecialBullet","SpecialBullet","SpecialBullet","SpecialBullet","SpecialBullet","SpecialBullet","SpecialBullet","SpecialBullet","DisciplinaryCode","InformationCode","SecurityCode","Scorched","FourthMatchFlame","OldLady","Cleave","CrumblingArmor","DreamingCurrent","BowlingBash","FourthMatchFlame","GreedKing","ReplayTheSpireMod:Strike From Hell","ExtractionCode","Moonlight","Echo Form+1","Quick Slash+1","PunishingBird","Beak+1","FourthMatchFlame+1","LittleHelper","BowlingBash+1","Run Through+1","RecordCode","Consecrate+1","BlackArmy","Backstab+1","BlueStar","Hyperbeam+1","Pommel Strike+1","FourthMatchFlame+1","Anger+1","Beak+1","Dagger Throw+1","QueenOfHatred","Anger+1","Reaper+1","Hyperbeam+1","Streamline+1","TrainingCode","Regret_ego+1","CherryBlossom+1","WristCuter+1","WristCuter+1","Flying Knee+1","SpecialBullet","ReplayTheSpireMod:Trickstab+1","FlyingSleeves+1"],"relics":["CogitoBucket","Pen Nib","PrismaticShard","Boot","Replay:Bottled Steam","SkinProphecy","WarpedTongs","Replay:Multitool","LetterFromLob","Bronze Scales","Happy Flower","LuminousBracelet","Fusion Hammer","ReplayTheSpireMod:Ninjato","War Paint","AtMidnight","Durian","Blue Doll","Replay:Grab Bag","Coffee Dripper","SlaversCollar","Empty Cage","MealTicket","Replay:Kaleidoscope","Toxic Egg 2","Ornamental Fan","Potion Belt","Vajra","Medical Kit","Bottled Lightning","HornCleat","Iron Hammer"],"acts_visited":["Exordium","TheCity","TheBeyond","TheEnding"],"potions_floor_usage":[56],"damage_taken":[{"damage":0,"enemies":"2 Louse","floor":1,"turns":3},{"damage":11,"enemies":"Jaw Worm","floor":2,"turns":2},{"damage":0,"enemies":"Small Slimes","floor":3,"turns":1},{"damage":0,"enemies":"3 Louse","floor":5,"turns":1},{"damage":0,"enemies":"Exordium Thugs","floor":7,"turns":2},{"damage":18,"enemies":"3 Sentries","floor":8,"turns":4},{"damage":18,"enemies":"Exordium Wildlife","floor":10,"turns":2},{"damage":43,"enemies":"Gremlin Nob","floor":12,"turns":4},{"damage":2,"enemies":"2 Louse","floor":1,"turns":1},{"damage":5,"enemies":"Cultist","floor":2,"turns":2},{"damage":0,"enemies":"Small Slimes","floor":4,"turns":2},{"damage":0,"enemies":"3 Sentries","floor":7,"turns":1},{"damage":15,"enemies":"3 Louse","floor":13,"turns":2},{"damage":11,"enemies":"Exordium Wildlife","floor":14,"turns":2},{"damage":46,"enemies":"The Guardian","floor":16,"turns":5},{"damage":25,"enemies":"2 Thieves","floor":18,"turns":2},{"damage":25,"enemies":"3 Byrds","floor":24,"turns":2},{"damage":54,"enemies":"Sentry and Sphere","floor":27,"turns":8},{"damage":18,"enemies":"Shelled Parasite and Fungi","floor":28,"turns":2},{"damage":45,"enemies":"Replay:Snechameleon","floor":29,"turns":3},{"damage":55,"enemies":"Centurion and Healer","floor":30,"turns":3},{"damage":0,"enemies":"Slavers","floor":31,"turns":1},{"damage":37,"enemies":"Pondfish","floor":33,"turns":3},{"damage":6,"enemies":"3 Shapes","floor":35,"turns":1},{"damage":19,"enemies":"3 Darklings","floor":36,"turns":2},{"damage":63,"enemies":"Writhing Mass","floor":37,"turns":3},{"damage":50,"enemies":"Maw","floor":38,"turns":5},{"damage":21,"enemies":"3 Darklings","floor":39,"turns":2},{"damage":45,"enemies":"Reptomancer","floor":40,"turns":4},{"damage":76,"enemies":"Mind Bloom Boss Battle","floor":41,"turns":3},{"damage":30,"enemies":"R_Hoarder","floor":42,"turns":4},{"damage":0,"enemies":"Jaw Worm Horde","floor":44,"turns":1},{"damage":16,"enemies":"Giant Head","floor":45,"turns":4},{"damage":15,"enemies":"4 Shapes","floor":48,"turns":1},{"damage":59,"enemies":"Awakened One","floor":50,"turns":4},{"damage":0,"enemies":"Shield and Spear","floor":55,"turns":1},{"damage":148,"enemies":"The Heart","floor":56,"turns":5}],"seed_played":"-3346091306935008675","potions_obtained":[{"floor":1,"key":"Fire Potion"},{"floor":3,"key":"Swift Potion"},{"floor":5,"key":"SpeedPotion"},{"floor":7,"key":"Regen Potion"},{"floor":30,"key":"LiquidBronze"},{"floor":48,"key":"SmokeBomb"}],"is_trial":false,"path_per_floor":["M","M","M","?","M","R","M","E","T","M","?","E","R","E","M","M","$","M","$","R","E","R","T","$","?","R","M","M","R","B",null,"M","?","$","T","$","R","M","R","T","M","M","E","M","E","R","B",null,"M","M","M","M","M","E","?","E","T","M","E","$","R","M","R","B",null,null,"R","$","E","B",null],"character_chosen":"Angela","items_purchased":["FourthMatchFlame","Bronze Scales","Beak+1","FourthMatchFlame+1","Vajra","WristCuter+1","Medical Kit","HornCleat"],"campfire_rested":0,"item_purchase_floors":[3,3,20,22,46,46,46,54],"current_hp_per_floor":[70,67,70,70,70,70,70,66,66,62,62,47,47,74,76,76,82,82,82,84,84,84,84,84,84,103,105,105,107,107,113,113,113,113,113,113,116,116,116,123,125,132,127,140,140,146,146,148,150,131,150,160,162,113,156,166,168,170,170,170,172,172,163,173,174,348,348,350,307],"gold":217,"neow_bonus":"RANDOM_COMMON_RELIC","is_daily":false,"chose_seed":false,"campfire_upgraded":0,"win_rate":0.0,"timestamp":1613898349,"path_taken":["M","M","M","?","M","R","M","E","T","M","?","E","R","E","M","M","$","?","$","R","E","R","T","?","?","R","M","M","R","BOSS","M","?","$","?","?","R","?","R","T","M","M","E","M","E","R","BOSS","M","M","?","?","M","E","?","E","T","M","E","$","R","M","R","BOSS","R","$","E","BOSS"],"items_purchased_type":["Card","Relic","Card","Card","Relic","Card","Relic","Relic"],"build_version":"2020-12-22","purchased_purges":0,"victory":true,"max_hp_per_floor":[70,70,70,70,70,70,70,70,70,70,70,72,72,74,76,76,82,82,82,84,84,84,84,84,84,103,105,105,107,107,113,113,113,113,113,113,119,119,119,123,125,132,138,140,140,146,146,148,150,152,154,160,162,164,166,166,168,170,170,170,172,172,174,174,174,348,348,350,352],"card_choices":[{"not_picked":["Discord","InTheNameOfLoveAndHate"],"picked":"SKIP","floor":1},{"not_picked":["CrumblingArmor","SnowQueen"],"picked":"Scorched","floor":2},{"not_picked":["Wingbeat"],"picked":"FourthMatchFlame","floor":2},{"not_picked":["Murderer","VoidDream"],"picked":"OldLady","floor":3},{"not_picked":["WristCuter","Lantern"],"picked":"SKIP","floor":3},{"not_picked":["Loneliness","Tough"],"picked":"SKIP","floor":5},{"not_picked":["Coolheaded"],"picked":"Cleave","floor":7},{"not_picked":["BeautyBeast","FairyFestival"],"picked":"CrumblingArmor","floor":8},{"not_picked":["Reflex","Iron Wave"],"picked":"SKIP","floor":8},{"not_picked":["Bloodbath","MHz"],"picked":"DreamingCurrent","floor":10},{"not_picked":["ThirdEye","Penitence"],"picked":"SKIP","floor":10},{"not_picked":["Worship","ReplayTheSpireMod:Repulse"],"picked":"SKIP","floor":12},{"not_picked":["Conserve Battery"],"picked":"BowlingBash","floor":1},{"not_picked":["Heavy Blade"],"picked":"Perfected Strike","floor":2},{"not_picked":["PunishingBird","ShyLook"],"picked":"GreedKing","floor":4},{"not_picked":["Replay:Cycle"],"picked":"ReplayTheSpireMod:Strike From Hell","floor":4},{"not_picked":["Loop","Replay:BluntJabs"],"picked":"SKIP","floor":7},{"not_picked":["BigBird","WallGazer","Rudolta"],"picked":"Singing Bowl","floor":13},{"not_picked":["ThirdEye","Buffer","ReplayTheSpireMod:Private Reserves"],"picked":"SKIP","floor":13},{"not_picked":["ShyLook","Porccubus","Mercenary"],"picked":"Singing Bowl","floor":14},{"not_picked":["Stack","Replay:BluntJabs"],"picked":"Moonlight","floor":14},{"not_picked":["Bloodbath","Yin","LongBird"],"picked":"Singing Bowl","floor":16},{"not_picked":["Brilliance+1","Adrenaline+1"],"picked":"Echo Form+1","floor":16},{"not_picked":["ClearTheMind+1","Spore+1"],"picked":"Quick Slash+1","floor":18},{"not_picked":["OSAHOGD","BodiesMountain","UniverseFragment"],"picked":"Singing Bowl","floor":18},{"not_picked":["Variant","CherryBlossoms"],"picked":"PunishingBird","floor":18},{"not_picked":["Meditate+1","CUTE+1","GreenStem+1"],"picked":"SKIP","floor":18},{"not_picked":["Meditate+1","CUTE+1","GreenStem+1"],"picked":"SKIP","floor":18},{"not_picked":["MeatLantern","OSAHOGD","Laetitia"],"picked":"Singing Bowl","floor":24},{"not_picked":["UniverseFragment","Bloodbath"],"picked":"LittleHelper","floor":24},{"not_picked":["Concentrate+1","Warcry+1"],"picked":"BowlingBash+1","floor":24},{"not_picked":["Iron Wave+1","Double Tap+1"],"picked":"Run Through+1","floor":27},{"not_picked":["WhitesApple","Woodsman","FieryBird"],"picked":"Singing Bowl","floor":27},{"not_picked":["Replay:Sssssssssshield+1","Pleasure+1"],"picked":"Gash+1","floor":27},{"not_picked":["LongBird","CENSORED","Wellcheers"],"picked":"Singing Bowl","floor":28},{"not_picked":["Noise+1","Run Through+1","Accuracy+1"],"picked":"SKIP","floor":28},{"not_picked":["BodiesMountain","Wellcheers","ShyLook"],"picked":"Singing Bowl","floor":29},{"not_picked":["Clothesline+1","Electrodynamics+1"],"picked":"Consecrate+1","floor":29},{"not_picked":["CUTE+1","FourthMatchFlame+1","Judgement+1"],"picked":"SKIP","floor":29},{"not_picked":["UniverseFragment","Porccubus"],"picked":"BlackArmy","floor":30},{"not_picked":["Penitence+1","Tactician+1"],"picked":"Backstab+1","floor":30},{"not_picked":["OSAHOGD","Yin","SingingMachine"],"picked":"Singing Bowl","floor":31},{"not_picked":["Burning Pact+1","Self Repair+1","Replay:DivineShield+1"],"picked":"SKIP","floor":31},{"not_picked":["Woodsman","BigBadWolf"],"picked":"BlueStar","floor":33},{"not_picked":["Reboot+1","Multi-Cast+1"],"picked":"Hyperbeam+1","floor":33},{"not_picked":["Yin","Mercenary","WhitesApple"],"picked":"Singing Bowl","floor":35},{"not_picked":["Searing Blow+1","CutThroughFate+1"],"picked":"Pommel Strike+1","floor":35},{"not_picked":["Blasphemy+1","Rupture+1","ReplayTheSpireMod:LeadingStrike+1"],"picked":"SKIP","floor":35},{"not_picked":["UniverseFragment","FieryBird","NothingThere"],"picked":"Singing Bowl","floor":36},{"not_picked":["Escape Plan+1","PanicButton+1","GreenStem+1"],"picked":"SKIP","floor":36},{"not_picked":["Crescendo+1","Wraith Form v2+1","Warcry+1"],"picked":"SKIP","floor":36},{"not_picked":["HappyTeddy","Mercenary","UniverseFragment"],"picked":"Singing Bowl","floor":37},{"not_picked":["Cleave+1","Skewer+1"],"picked":"FourthMatchFlame+1","floor":37},{"not_picked":["Slice+1","ReplayTheSpireMod:Exploit Weakness+1"],"picked":"Anger+1","floor":37},{"not_picked":["Flex+1","Backflip+1","Prostrate+1"],"picked":"SKIP","floor":37},{"not_picked":["Warcry+1","Replay:Bootleg Shield Generator+1"],"picked":"Beak+1","floor":38},{"not_picked":["Alriune","CherryBlossoms","WallGazer"],"picked":"Singing Bowl","floor":38},{"not_picked":["ThirdEye+1","FeatherOfHonor+1"],"picked":"Dagger Throw+1","floor":38},{"not_picked":["Iron Wave+1","Steam+1","Replay:Sssssssssstrike+1"],"picked":"SKIP","floor":38},{"not_picked":["LongBird","LaLuna","NothingThere"],"picked":"Singing Bowl","floor":39},{"not_picked":["Murderer","FieryBird"],"picked":"QueenOfHatred","floor":39},{"not_picked":["PiercingWail+1","The Bomb+1","Christmas+1"],"picked":"SKIP","floor":39},{"not_picked":["Dark Shackles+1","Escape Plan+1","Loneliness+1"],"picked":"SKIP","floor":39},{"not_picked":["BeautyBeast","HappyTeddy","BlackSwan"],"picked":"Singing Bowl","floor":40},{"not_picked":["ForeignInfluence+1","ReplayTheSpireMod:Private Reserves+1"],"picked":"Anger+1","floor":40},{"not_picked":["Penitence+1","Perseverance+1"],"picked":"Reaper+1","floor":40},{"not_picked":["GalaxyChild","HappyTeddy","Alriune"],"picked":"Singing Bowl","floor":41},{"not_picked":["Deadly Poison+1","Dropkick+1"],"picked":"Hyperbeam+1","floor":41},{"not_picked":["Perfected Strike+1","Warcry+1"],"picked":"Streamline+1","floor":41},{"not_picked":["BowlingBash+1","Indignation+1"],"picked":"Regret_ego+1","floor":42},{"not_picked":["Poisoned Stab+1","PiercingWail+1","Specialist+1"],"picked":"SKIP","floor":42},{"not_picked":["MeltingLove","SingingMachine","HeroicMonk"],"picked":"Singing Bowl","floor":44},{"not_picked":["Replay:ManipulateFuture+1","InnerPeace+1","Concentrate+1"],"picked":"SKIP","floor":44},{"not_picked":["ReplayTheSpireMod:Muscle Training+1","RedEyes+1","ReplaySort+1"],"picked":"SKIP","floor":44},{"not_picked":["CENSORED","Porccubus","Freischutz"],"picked":"Singing Bowl","floor":45},{"not_picked":["Double Tap+1","Hologram+1"],"picked":"CherryBlossom+1","floor":45},{"not_picked":["Prepared+1","Reprogram+1","Ball Lightning+1"],"picked":"SKIP","floor":45},{"not_picked":["Rudolta","Woodsman","Variant"],"picked":"Singing Bowl","floor":48},{"not_picked":["Wingbeat+1","Loop+1"],"picked":"Flying Knee+1","floor":48},{"not_picked":["Consume+1","Perseverance+1","Deadly Poison+1"],"picked":"SKIP","floor":48},{"not_picked":["NothingThere","BigBadWolf","LittlePrince"],"picked":"Singing Bowl","floor":55},{"not_picked":["Evaluate+1","Warcry+1"],"picked":"ReplayTheSpireMod:Trickstab+1","floor":55},{"not_picked":["Underhanded Strike+1","Darkness+1"],"picked":"FlyingSleeves+1","floor":55}],"player_experience":206297,"relics_obtained":[{"floor":1,"key":"LetterFromLob"},{"floor":8,"key":"Boot"},{"floor":9,"key":"Replay:Bottled Steam"},{"floor":12,"key":"Replay:Multitool"},{"floor":1,"key":"LetterFromLob"},{"floor":7,"key":"Happy Flower"},{"floor":21,"key":"ReplayTheSpireMod:Ninjato"},{"floor":26,"key":"War Paint"},{"floor":27,"key":"AtMidnight"},{"floor":29,"key":"Durian"},{"floor":31,"key":"Blue Doll"},{"floor":40,"key":"MealTicket"},{"floor":41,"key":"Replay:Kaleidoscope"},{"floor":42,"key":"Toxic Egg 2"},{"floor":43,"key":"Ornamental Fan"},{"floor":45,"key":"Potion Belt"},{"floor":47,"key":"Bottled Lightning"},{"floor":55,"key":"Iron Hammer"}],"event_choices":[{"damage_healed":0,"gold_gain":0,"player_choice":"Rummage","damage_taken":0,"relics_obtained":["WarpedTongs"],"max_hp_gain":0,"max_hp_loss":0,"event_name":"Accursed Blacksmith","floor":11,"gold_loss":0,"cards_obtained":["Pain"]},{"cards_removed":["Pain"],"damage_healed":0,"gold_gain":0,"player_choice":"Purged","damage_taken":0,"max_hp_gain":0,"max_hp_loss":0,"event_name":"Purifier","floor":11,"gold_loss":0},{"damage_healed":0,"gold_gain":0,"player_choice":"Full Heal","damage_taken":0,"max_hp_gain":0,"max_hp_loss":0,"event_name":"Wheel of Change","floor":19,"gold_loss":0},{"damage_healed":0,"gold_gain":0,"player_choice":"Fight","damage_taken":0,"max_hp_gain":0,"max_hp_loss":0,"event_name":"MindBloom","floor":41,"gold_loss":0}],"is_beta":false,"boss_relics":[{"not_picked":["Honey Jar","Sozu"],"picked":"Fusion Hammer"},{"not_picked":["Runic Pyramid","Velvet Choker"],"picked":"Replay:Grab Bag"},{"not_picked":["Runic Dome","Philosopher\u0027s Stone"],"picked":"Coffee Dripper"},{"not_picked":["Cursed Key","Busted Crown"],"picked":"SlaversCollar"},{"not_picked":["Astrolabe","SacredBark"],"picked":"Empty Cage"}],"items_purged_floors":[],"is_endless":false,"potions_floor_spawned":[1,3,5,7,1,4,13,24,27,30,36,39,41,48],"ascension_level":0}}