{"host":"otnudku6n3tqcmrv","time":1613923332,"event":{"mods":["BaseMod","CapriCore","Colored Map","DeckTracker","KOR Keyword Fix","Keyboard Shortcuts","Minty Spire (QoL Compilation)","Quick Restart","StSLib","SuperFastMode","The Immortal","Waifu the Spire","everything is the same but u backflip on backflip"],"gold_per_floor":[19,19,34,47,63,63,82,110,186,212,212,229,256,271,271,367,367,387,387,9,22,22,57,57,88,138,138,163,180,180,194,194,194,194,194],"floor_reached":33,"language":"KOR","playtime":926,"items_purged":["MokouMod:Strike"],"score":327,"play_id":"659979fa-1102-45ce-ac52-807edcca0d80","local_time":"20210222010212","is_ascension_mode":false,"campfire_choices":[{"data":"MokouMod:Fireball","floor":6.0,"key":"SMITH"},{"floor":15.0,"key":"REST"},{"data":"MokouMod:Overheat","floor":24.0,"key":"SMITH"},{"floor":27,"key":"REST"},{"floor":30,"key":"REST"},{"data":"MokouMod:Ventilation","floor":32,"key":"SMITH"}],"circlet_count":0,"master_deck":["MokouMod:Strike","MokouMod:Strike","MokouMod:Strike","MokouMod:Defend","MokouMod:Defend","MokouMod:Defend","MokouMod:Defend","MokouMod:HeatSpark","MokouMod:BlazingComet","MokouMod:Firecracker","MokouMod:Fireball+1","MokouMod:Cataclysm","MokouMod:SubterraneanCore","MokouMod:Sear","MokouMod:Overheat+1","MokouMod:Rekindle","MokouMod:Wildfire+1","MokouMod:PhoenixFeathers","MokouMod:BurningDraft","MokouMod:IgnitionBarrier+1","MokouMod:SacredFire","MokouMod:InfernalWave+1","MokouMod:Ventilation+1","MokouMod:HeartofFire+1"],"relics":["MokouMod:PhoenixFeather","Ginger","Pen Nib","Ornamental Fan","Calipers","Anchor","Sozu","Orrery","InkBottle","Gremlin Horn","Boot","Frozen Egg 2"],"acts_visited":["Exordium","TheCity"],"potions_floor_usage":[33],"damage_taken":[{"damage":1.0,"enemies":"2 Louse","floor":1.0,"turns":3.0},{"damage":0.0,"enemies":"Small Slimes","floor":3.0,"turns":3.0},{"damage":1.0,"enemies":"Cultist","floor":4.0,"turns":3.0},{"damage":0.0,"enemies":"2 Fungi Beasts","floor":5.0,"turns":2.0},{"damage":9.0,"enemies":"3 Louse","floor":7.0,"turns":2.0},{"damage":34.0,"enemies":"Gremlin Nob","floor":8.0,"turns":5.0},{"damage":17.0,"enemies":"3 Sentries","floor":10.0,"turns":5.0},{"damage":5.0,"enemies":"Looter","floor":12.0,"turns":3.0},{"damage":14.0,"enemies":"Lagavulin","floor":13.0,"turns":5.0},{"damage":0.0,"enemies":"Exordium Wildlife","floor":14.0,"turns":3.0},{"damage":6.0,"enemies":"Slime Boss","floor":16.0,"turns":8.0},{"damage":7.0,"enemies":"Chosen","floor":18.0,"turns":5.0},{"damage":2.0,"enemies":"3 Byrds","floor":21.0,"turns":5.0},{"damage":18.0,"enemies":"Book of Stabbing","floor":23.0,"turns":6.0},{"damage":22,"enemies":"Slavers","floor":25,"turns":5},{"damage":51,"enemies":"Book of Stabbing","floor":28,"turns":5},{"damage":0,"enemies":"Sentry and Sphere","floor":29,"turns":3},{"damage":0,"enemies":"Snecko","floor":31,"turns":3},{"damage":44,"enemies":"Champ","floor":33,"turns":9}],"seed_played":"-5187638496482104754","potions_obtained":[{"floor":3.0,"key":"Strength Potion"},{"floor":4.0,"key":"CultistPotion"},{"floor":5.0,"key":"EssenceOfSteel"},{"floor":13.0,"key":"Dexterity Potion"}],"is_trial":false,"path_per_floor":["M","?","M","M","M","R","M","E","T","E","?","M","E","M","R","B",null,"M","?","$","M","$","E","R","E","T","R","E","M","R","M","R","B"],"character_chosen":"MKU","items_purchased":["Orrery","MokouMod:SacredFire"],"campfire_rested":3,"item_purchase_floors":[20,20],"current_hp_per_floor":[74,74,74,73,73,73,64,30,30,13,13,8,18,18,40,34,75,68,68,68,66,66,48,48,26,26,48,18,18,40,40,40,18,18,18],"gold":194,"neow_bonus":"ONE_RARE_RELIC","is_daily":false,"chose_seed":false,"campfire_upgraded":3,"win_rate":0.0,"timestamp":1613923332,"path_taken":["M","?","M","M","M","R","M","E","T","E","?","M","E","M","R","BOSS","M","?","$","M","$","E","R","E","T","R","E","M","R","?","R","BOSS"],"items_purchased_type":["Relic","Card"],"build_version":"2020-12-22","purchased_purges":1,"victory":false,"max_hp_per_floor":[75,75,75,75,75,75,75,75,75,75,75,75,75,75,75,75,75,75,75,75,75,75,75,75,75,75,75,75,75,75,75,75,75,75,75],"card_choices":[{"not_picked":["MokouMod:Singe","MokouMod:Afterburner"],"picked":"MokouMod:BlazingComet","floor":1.0},{"not_picked":["MokouMod:FlickeringFlame","MokouMod:UncontrollableSolarReaction"],"picked":"MokouMod:Firecracker","floor":3.0},{"not_picked":["MokouMod:Refresh","MokouMod:Stoke"],"picked":"MokouMod:Fireball","floor":4.0},{"not_picked":["MokouMod:IcarusDive","MokouMod:ResoluteFlare","MokouMod:Singe"],"picked":"SKIP","floor":5.0},{"not_picked":["MokouMod:SubterraneanCore","MokouMod:ImperishableFlame"],"picked":"MokouMod:Cataclysm","floor":7.0},{"not_picked":["MokouMod:EnchantingBambooForest","MokouMod:Trailblazer"],"picked":"MokouMod:SubterraneanCore","floor":8.0},{"not_picked":["MokouMod:CrimsonArmoury","MokouMod:Scorch","MokouMod:Singe"],"picked":"SKIP","floor":10.0},{"not_picked":["MokouMod:ShiftIgnition","MokouMod:IllusoryBattlefield"],"picked":"MokouMod:Sear","floor":12.0},{"not_picked":["MokouMod:AdaptivePyromancy","MokouMod:FujiyamaVolcano"],"picked":"MokouMod:Overheat","floor":13.0},{"not_picked":["MokouMod:Stoke","MokouMod:AdaptivePyromancy","MokouMod:Combust"],"picked":"SKIP","floor":14.0},{"not_picked":["MokouMod:RadiantBlade","MokouMod:ProfanedFlare"],"picked":"MokouMod:Rekindle","floor":16.0},{"not_picked":["MokouMod:DanceofFlames","MokouMod:InfernalWave"],"picked":"MokouMod:Wildfire+1","floor":18.0},{"not_picked":["MokouMod:SearingShot+1","MokouMod:Stoke"],"picked":"MokouMod:PhoenixFeathers","floor":20.0},{"not_picked":["MokouMod:IgneousBlow+1","MokouMod:Refresh"],"picked":"MokouMod:BurningDraft","floor":20.0},{"not_picked":["MokouMod:IndiscriminateIgnition","MokouMod:FlickeringFlame"],"picked":"MokouMod:IgnitionBarrier+1","floor":20.0},{"not_picked":["MokouMod:FusionFlare","MokouMod:ResoluteFlare","MokouMod:AdaptivePyromancy+1"],"picked":"SKIP","floor":21.0},{"not_picked":["MokouMod:AdaptivePyromancy+1","MokouMod:Firecracker"],"picked":"MokouMod:InfernalWave+1","floor":23.0},{"not_picked":["MokouMod:ProfanedFlare","MokouMod:UncontrollableSolarReaction"],"picked":"MokouMod:Ventilation","floor":25},{"not_picked":["MokouMod:ShiftIgnition+1","MokouMod:IndiscriminateIgnition+1","MokouMod:Singe"],"picked":"SKIP","floor":28},{"not_picked":["MokouMod:InfernalWave","MokouMod:Ember"],"picked":"MokouMod:HeartofFire+1","floor":29},{"not_picked":["MokouMod:FlickeringFlame+1","MokouMod:Scorch+1","MokouMod:SearingBlow"],"picked":"SKIP","floor":31}],"player_experience":1312544,"relics_obtained":[{"floor":8.0,"key":"Pen Nib"},{"floor":9.0,"key":"Ornamental Fan"},{"floor":10.0,"key":"Calipers"},{"floor":13.0,"key":"Anchor"},{"floor":23.0,"key":"InkBottle"},{"floor":25,"key":"Gremlin Horn"},{"floor":26,"key":"Boot"},{"floor":28,"key":"Frozen Egg 2"}],"event_choices":[{"cards_removed":["MokouMod:Strike"],"damage_healed":0.0,"max_hp_gain":0.0,"max_hp_loss":0.0,"gold_gain":0.0,"event_name":"Living Wall","player_choice":"Forget","floor":2.0,"gold_loss":0.0,"damage_taken":0.0},{"damage_healed":0.0,"max_hp_gain":0.0,"max_hp_loss":0.0,"gold_gain":0.0,"event_name":"Liars Game","player_choice":"Ignored","floor":11.0,"gold_loss":0.0,"damage_taken":0.0},{"damage_healed":0.0,"max_hp_gain":0.0,"max_hp_loss":0.0,"gold_gain":0.0,"event_name":"The Woman in Blue","player_choice":"Bought 0 Potions","floor":19.0,"gold_loss":0.0,"damage_taken":0.0}],"is_beta":false,"boss_relics":[{"not_picked":["Calling Bell","Cursed Key"],"picked":"Sozu"}],"items_purged_floors":[20],"is_endless":false,"potions_floor_spawned":[3,4,5,7,10,13,18,21,31],"killed_by":"Champ","ascension_level":0}}