{"host":"xsuxkwaivmtd234a","time":1613867899,"event":{"mods":["BaseMod","Bestiary","Colored Map","Minty Spire (QoL Compilation)","Relic Stats","StSLib"],"gold_per_floor":[115,115,40,64,84,84,118,133,159,203,203,203,217,217,217,217,217],"floor_reached":16,"language":"ENG","playtime":707,"items_purged":["Strike_R"],"score":165,"play_id":"c55d1d46-936a-4a14-937c-c862f498a426","local_time":"20210220193819","is_ascension_mode":true,"campfire_choices":[{"data":"Armaments","floor":6,"key":"SMITH"},{"floor":11,"key":"REST"},{"data":"Sword Boomerang","floor":15,"key":"SMITH"}],"circlet_count":0,"master_deck":["AscendersBane","Strike_R","Strike_R","Strike_R","Strike_R","Defend_R","Defend_R","Defend_R","Defend_R","Bash","Headbutt","Armaments+1","Corruption","Fire Breathing","Injury","Dark Embrace","Sword Boomerang+1"],"relics":["Cursed Key","Golden Idol","Centennial Puzzle","Ancient Tea Set","Bag of Preparation"],"acts_visited":["Exordium"],"potions_floor_usage":[10,16],"damage_taken":[{"damage":7.0,"enemies":"Jaw Worm","floor":1.0,"turns":2.0},{"damage":0,"enemies":"2 Louse","floor":4,"turns":3},{"damage":5,"enemies":"Small Slimes","floor":5,"turns":4},{"damage":17,"enemies":"3 Sentries","floor":7,"turns":9},{"damage":7,"enemies":"Exordium Wildlife","floor":8,"turns":5},{"damage":26,"enemies":"Gremlin Nob","floor":10,"turns":4},{"damage":6,"enemies":"Lots of Slimes","floor":13,"turns":3},{"damage":42,"enemies":"The Guardian","floor":16,"turns":14}],"seed_played":"9075880204396700763","potions_obtained":[{"floor":5,"key":"Strength Potion"},{"floor":13,"key":"Regen Potion"}],"is_trial":false,"path_per_floor":["M","?","$","M","M","R","E","M","T","E","R","?","M","?","R","B"],"character_chosen":"IRONCLAD","items_purchased":[],"campfire_rested":1,"item_purchase_floors":[],"current_hp_per_floor":[65,65,65,65,60,60,43,36,36,10,32,32,26,26,26,0,0],"gold":217,"neow_bonus":"BOSS_RELIC","is_daily":false,"chose_seed":false,"campfire_upgraded":2,"win_rate":0.0,"timestamp":1613867899,"path_taken":["M","?","$","M","M","R","E","M","T","E","R","?","M","?","R","BOSS"],"items_purchased_type":[],"build_version":"2020-12-22","purchased_purges":1,"victory":false,"max_hp_per_floor":[80,74,74,74,74,74,74,74,74,74,74,74,74,74,74,74,74],"relic_stats":{"Centennial Puzzle":[12],"counters":[8,44],"Golden Idol":31,"Bag of Preparation":[4],"Cursed Key":1,"obtain_stats":[{"Centennial Puzzle":7,"Golden Idol":2,"Bag of Preparation":10,"Cursed Key":0,"Ancient Tea Set":9,"Burning Blood":0},{"Centennial Puzzle":4,"Golden Idol":1,"Bag of Preparation":6,"Cursed Key":0,"Ancient Tea Set":5,"Burning Blood":0},{"Centennial Puzzle":18,"Golden Idol":2,"Bag of Preparation":27,"Cursed Key":0,"Ancient Tea Set":23,"Burning Blood":0}]},"card_choices":[{"not_picked":["Pommel Strike","Perfected Strike"],"picked":"Headbutt","floor":1.0},{"not_picked":["Thunderclap","Anger"],"picked":"Armaments","floor":4},{"not_picked":["Havoc","Headbutt","Pommel Strike"],"picked":"SKIP","floor":5},{"not_picked":["Bloodletting","Burning Pact"],"picked":"Corruption","floor":7},{"not_picked":["Twin Strike","Iron Wave"],"picked":"Fire Breathing","floor":8},{"not_picked":["Armaments","Perfected Strike"],"picked":"Dark Embrace","floor":10},{"not_picked":["Anger","Headbutt"],"picked":"Sword Boomerang","floor":13}],"player_experience":1325153,"relics_obtained":[{"floor":7,"key":"Centennial Puzzle"},{"floor":9,"key":"Ancient Tea Set"},{"floor":10,"key":"Bag of Preparation"}],"event_choices":[{"damage_healed":0.0,"max_hp_gain":0.0,"max_hp_loss":6.0,"gold_gain":0.0,"event_name":"Golden Idol","player_choice":"Lose Max HP","floor":2.0,"gold_loss":0.0,"damage_taken":0.0,"relics_obtained":["Golden Idol"]},{"damage_healed":0,"gold_gain":0,"player_choice":"Ignored","damage_taken":0,"max_hp_gain":0,"max_hp_loss":0,"event_name":"Liars Game","floor":12,"gold_loss":0},{"damage_healed":0,"gold_gain":0,"player_choice":"Ignored","damage_taken":0,"max_hp_gain":0,"max_hp_loss":0,"event_name":"Shining Light","floor":14,"gold_loss":0}],"is_beta":false,"boss_relics":[],"items_purged_floors":[3],"is_endless":false,"potions_floor_spawned":[5,13],"killed_by":"The Guardian","ascension_level":10}}