{"host":"4gr5irrdjh39ysed","time":1613876441,"event":{"mods":["AchievementEnabler","BaseMod","Colored Map","Downfall","Hermit","Minty Spire (QoL Compilation)","Random Character Button","StSLib","The Construct","The Cursed","The Disciple","The Hierophant","The Mystic","The Necromancer","The Runesmith"],"gold_per_floor":[99,113,130,40,140,156,208,223,253,276,81,113,125,275,291,386,386,86,102,116,116,134,166,246,246,170,184,184,31,31,131,151,247,247,247,260,327,177,195,213,213,245,256,256,306,316,351,226,240,240,240,269,69,69,69,69],"floor_reached":57,"language":"ENG","playtime":5707,"items_purged":["bronze:Defend","bronze:Defend","bronze:Defend","bronze:Defend","Parasite","downfall:Icky"],"score":1246,"play_id":"f6ad9221-757d-449e-b60f-57c630417006","local_time":"20210220200041","is_ascension_mode":false,"campfire_choices":[{"floor":1,"key":"RECALL"},{"data":"bronze:Format","floor":18,"key":"SMITH"},{"data":"bronze:ChosenStrike","floor":25,"key":"SMITH"},{"data":"bronze:Assembly","floor":28,"key":"SMITH"},{"data":"bronze:Verify","floor":30,"key":"SMITH"},{"data":"bronze:SpaghettiCode","floor":35,"key":"SMITH"},{"data":"bronze:Mutator","floor":44,"key":"SMITH"},{"data":"bronze:ChosenStrike","floor":54,"key":"SMITH"}],"circlet_count":0,"master_deck":["bronze:Strike","bronze:Strike","bronze:Strike","bronze:Strike+1","bronze:Replicate","bronze:Goto","bronze:Boost","bronze:Optimize","bronze:FollowUp","bronze:DelayedSlice","bronze:Virus","bronze:CloningBeam","bronze:Iterate","bronze:Flail+1","bronze:FollowUp","bronze:ChosenStrike+1","bronze:ForLoop","bronze:Format+1","bronze:Fortify+1","bronze:WhirlingStrike","bronze:DelayedSlice","bronze:Iterate+1","bronze:Assembly+1","bronze:CloningBeam+1","bronze:Verify+1","bronze:Mutator+1","bronze:WhirlingStrike+1","bronze:SpaghettiCode+1","bronze:OilSpill","bronze:ChildClass+1","bronze:Repulsor","bronze:ChosenStrike+1","bronze:SpaghettiCode"],"relics":["bronze:BronzeCore","Oddly Smooth Stone","Toy Ornithopter","Nunchaku","SlaversCollar","downfall:HeartBlessingRed","downfall:HeartBlessingGreen","downfall:HeartBlessingBlue","bronze:BottledCode","Whetstone","Matryoshka","Sling","downfall:CloakOfManyFaces","CultistMask","FaceOfCleric","NlothsMask","GremlinMask","SsserpentHead","bronze:MakeshiftBattery","StrikeDummy","Art of War","Blue Candle","Bag of Preparation","Slimebound:StickyStick"],"acts_visited":["Exordium","TheCity","TheBeyond","TheEnding"],"potions_floor_usage":[11,16,23,26,39,40,47,49,55,56],"damage_taken":[{"damage":12,"enemies":"2 Louse","floor":2,"turns":3},{"damage":0,"enemies":"Cultist","floor":3,"turns":3},{"damage":0,"enemies":"downfall:FleeingMerchant","floor":4,"turns":4},{"damage":11,"enemies":"Small Slimes","floor":6,"turns":4},{"damage":30,"enemies":"Gremlin Gang","floor":8,"turns":4},{"damage":36,"enemies":"Lagavulin","floor":9,"turns":5},{"damage":15,"enemies":"downfall:FleeingMerchant","floor":11,"turns":4},{"damage":15,"enemies":"Gremlin Nob","floor":12,"turns":4},{"damage":11,"enemies":"Large Slime","floor":13,"turns":4},{"damage":10,"enemies":"Exordium Thugs","floor":15,"turns":3},{"damage":38,"enemies":"IC_STATUS_ARCHETYPE","floor":16,"turns":6},{"damage":4,"enemies":"Shell Parasite","floor":19,"turns":3},{"damage":10,"enemies":"Spheric Guardian","floor":20,"turns":3},{"damage":36,"enemies":"Shelled Parasite and Fungi","floor":22,"turns":3},{"damage":30,"enemies":"Gremlin Leader","floor":23,"turns":4},{"damage":8,"enemies":"downfall:FleeingMerchant","floor":26,"turns":4},{"damage":0,"enemies":"Snake Plant","floor":27,"turns":3},{"damage":20,"enemies":"downfall:FaceTrader","floor":31,"turns":6},{"damage":16,"enemies":"Centurion and Healer","floor":32,"turns":5},{"damage":65,"enemies":"SI_MIRROR_ARCHETYPE","floor":33,"turns":8},{"damage":19,"enemies":"3 Shapes","floor":36,"turns":2},{"damage":0,"enemies":"Orb Walker","floor":37,"turns":2},{"damage":57,"enemies":"Writhing Mass","floor":39,"turns":6},{"damage":49,"enemies":"Maw","floor":40,"turns":7},{"damage":63,"enemies":"Reptomancer","floor":42,"turns":3},{"damage":20,"enemies":"Spire Growth","floor":43,"turns":4},{"damage":40,"enemies":"Sphere and 2 Shapes","floor":46,"turns":3},{"damage":62,"enemies":"Giant Head","floor":47,"turns":7},{"damage":15,"enemies":"3 Darklings","floor":49,"turns":2},{"damage":88,"enemies":"DF_ARCHETYPE_ORBS","floor":50,"turns":8},{"damage":55,"enemies":"downfall:CharBossMerchant","floor":52,"turns":6},{"damage":171,"enemies":"downfall:NeowBoss","floor":55,"turns":12},{"damage":139,"enemies":"downfall:NeowBossFinal","floor":56,"turns":8}],"seed_played":"7890528911686642118","potions_obtained":[{"floor":2,"key":"Slimebound:ThreeZeroPotion"},{"floor":3,"key":"AttackPotion"},{"floor":6,"key":"AttackPotion"},{"floor":12,"key":"Ancient Potion"},{"floor":16,"key":"CultistPotion"},{"floor":27,"key":"BlessingOfTheForge"},{"floor":37,"key":"Swift Potion"},{"floor":39,"key":"bronze:FreeFunctionsPotion"},{"floor":42,"key":"PowerPotion"},{"floor":47,"key":"FearPotion"},{"floor":52,"key":"LiquidMemories"}],"is_trial":false,"path_per_floor":["R","M","M","$","?","M","T","M","E","T","$","E","M","?","M","B",null,"R","M","M","?","M","E","T","R","$","M","R","$","R","?","M","B",null,"R","M","M","$","M","M","T","E","M","R","?","M","E","$","M","B",null,"E","$","R","B","B",null],"character_chosen":"THE_AUTOMATON","items_purchased":["bronze:Flail","bronze:Assembly","Sling","bronze:Verify"],"campfire_rested":0,"item_purchase_floors":[11,26,26,29],"current_hp_per_floor":[2277,2265,2265,2265,2265,2254,2254,2224,2188,2188,2178,2163,2152,2152,2142,2109,2277,2287,2283,2273,2273,2237,2212,2212,2212,2209,2209,2209,2209,2209,2189,2174,2110,2279,2279,2261,2262,2262,2211,2168,2168,2106,2087,2087,2082,2043,1987,1987,1978,1891,2286,2232,2232,2232,2067,1934],"gold":69,"neow_bonus":"TEN_PERCENT_HP_BONUS","is_daily":false,"chose_seed":false,"campfire_upgraded":7,"win_rate":0.0,"timestamp":1613876441,"path_taken":["R","M","M","$","?","M","T","?","E","?","$","E","?","?","M","BOSS","R","M","M","?","M","E","T","R","$","M","R","$","R","?","M","BOSS","R","M","?","$","M","M","T","E","M","R","?","M","E","?","M","BOSS","E","$","R","BOSS","BOSS"],"items_purchased_type":["Card","Card","Relic","Card"],"build_version":"2020-12-22","purchased_purges":6,"victory":true,"max_hp_per_floor":[2277,2277,2277,2277,2277,2277,2277,2277,2277,2277,2277,2277,2277,2277,2277,2277,2277,2287,2287,2287,2277,2277,2277,2277,2277,2277,2277,2277,2277,2277,2277,2278,2279,2279,2279,2280,2281,2281,2282,2283,2283,2284,2285,2285,2285,2286,2287,2284,2285,2286,2286,2287,2287,2287,2288,2289],"card_choices":[{"not_picked":["bronze:FineTuning","bronze:ChildClass"],"picked":"bronze:Boost","floor":2},{"not_picked":["bronze:Iterate","bronze:Invalidate"],"picked":"bronze:Optimize","floor":3},{"not_picked":["bronze:BugBarrage","bronze:Invalidate"],"picked":"bronze:FollowUp","floor":4},{"not_picked":["bronze:Branch","bronze:Boost"],"picked":"bronze:DelayedSlice","floor":6},{"not_picked":["bronze:NullPointer","bronze:DelayedSlice"],"picked":"bronze:Virus","floor":8},{"not_picked":["bronze:ItsAFeature","bronze:Safeguard"],"picked":"bronze:CloningBeam","floor":9},{"not_picked":["bronze:Deprecate","bronze:WildBeam"],"picked":"bronze:Iterate","floor":11},{"not_picked":["bronze:Fortify","bronze:CutThrough"],"picked":"bronze:FollowUp","floor":12},{"not_picked":["bronze:BuggyMess","bronze:ItsAFeature"],"picked":"bronze:ChosenStrike","floor":13},{"not_picked":["bronze:BugBarrage","bronze:BuggyMess"],"picked":"bronze:ForLoop","floor":15},{"not_picked":["bronze:AlphaBuild","bronze:FindAndReplace"],"picked":"bronze:Format","floor":16},{"not_picked":["bronze:ClassDefault","bronze:DelayedSlice+1"],"picked":"bronze:Fortify+1","floor":19},{"not_picked":["bronze:Iterate","bronze:WildBeam+1"],"picked":"bronze:WhirlingStrike","floor":20},{"not_picked":["bronze:Invalidate","bronze:Shield"],"picked":"bronze:DelayedSlice","floor":22},{"not_picked":["bronze:DarkDash","bronze:DigitalCarnage"],"picked":"bronze:Iterate+1","floor":23},{"not_picked":["bronze:Frontload+1","bronze:Backtrace","bronze:Overheat"],"picked":"SKIP","floor":26},{"not_picked":["bronze:BronzeArmor","bronze:Invalidate"],"picked":"bronze:CloningBeam+1","floor":27},{"not_picked":["bronze:Deprecate+1","bronze:DelayedGuard+1"],"picked":"bronze:Mutator","floor":31},{"not_picked":["bronze:Deprecate","bronze:Overheat"],"picked":"bronze:WhirlingStrike+1","floor":32},{"not_picked":["bronze:HyperBeam","bronze:AlphaBuild"],"picked":"bronze:SpaghettiCode","floor":33},{"not_picked":["bronze:Frontload+1","bronze:Shield+1"],"picked":"bronze:OilSpill","floor":36},{"not_picked":["bronze:CloningBeam","bronze:BronzeArmor","bronze:Philosophize"],"picked":"SKIP","floor":37},{"not_picked":["bronze:Shield+1","bronze:Invalidate+1"],"picked":"bronze:ChildClass+1","floor":39},{"not_picked":["bronze:DelayedSlice+1","bronze:BronzeArmor","bronze:ForLoop"],"picked":"SKIP","floor":40},{"not_picked":["bronze:Invalidate","bronze:Iterate"],"picked":"bronze:Repulsor","floor":42},{"not_picked":["bronze:ForceShield+1","bronze:Frontload","bronze:Shield"],"picked":"SKIP","floor":43},{"not_picked":["bronze:WhirlingStrike","bronze:Shield+1","bronze:Repair"],"picked":"SKIP","floor":46},{"not_picked":["bronze:Repulsor","bronze:Flail"],"picked":"bronze:ChosenStrike","floor":47},{"not_picked":["bronze:Iterate","bronze:Repair","bronze:Return"],"picked":"SKIP","floor":49},{"not_picked":["bronze:DelayedSlice+1","bronze:BitShift"],"picked":"bronze:SpaghettiCode","floor":52}],"player_experience":384333,"relics_obtained":[{"floor":9,"key":"Oddly Smooth Stone"},{"floor":10,"key":"Toy Ornithopter"},{"floor":12,"key":"Nunchaku"},{"floor":23,"key":"Whetstone"},{"floor":24,"key":"Matryoshka"},{"floor":31,"key":"downfall:CloakOfManyFaces"},{"floor":41,"key":"StrikeDummy"},{"floor":42,"key":"Art of War"},{"floor":47,"key":"Bag of Preparation"},{"floor":52,"key":"Slimebound:StickyStick"}],"event_choices":[],"is_beta":false,"boss_relics":[{"not_picked":["construct:WeddingRing","Tiny House"],"picked":"SlaversCollar"},{"not_picked":["bronze:PlatinumCore","construct:ClawGrip"],"picked":"bronze:MakeshiftBattery"}],"items_purged_floors":[4,11,26,38,48,53],"is_endless":false,"potions_floor_spawned":[2,3,6,12,15,16,19,22,27,37,39,42,47,52],"ascension_level":0}}