{"host":"dxw0slwvk2p0izr3","time":1613923326,"event":{"mods":["BaseMod","Downfall","Minty Spire (QoL Compilation)","Replay The Spire","Shop Mod","StSLib"],"gold_per_floor":[99,99,99,99,99,99,150,150,150,177,192,202,202,231,250,250,250,250],"floor_reached":16,"language":"ZHS","playtime":464,"items_purged":[],"score":127,"play_id":"1cf67ded-0778-4393-a942-9c49a0a9ec3c","local_time":"20210222000206","is_ascension_mode":true,"campfire_choices":[{"floor":1.0,"key":"RECALL"},{"data":"bronze:Separator","floor":6.0,"key":"SMITH"}],"circlet_count":0,"master_deck":["bronze:Strike","bronze:Strike","bronze:Strike","bronze:Strike","bronze:Defend","bronze:Defend","bronze:Defend","bronze:Defend","bronze:Replicate","bronze:Separator+1","bronze:Hardcode+1","bronze:Separator","bronze:FineTuning","bronze:Boost","bronze:Optimize"],"relics":["bronze:BronzeCore","downfall:HeartsMalice","downfall:BrokenWingStatue","InkBottle","Gremlin Horn","bronze:CableSpool"],"acts_visited":["Exordium"],"potions_floor_usage":[14],"damage_taken":[{"damage":0.0,"enemies":"Cultist","floor":2.0,"turns":1.0},{"damage":0.0,"enemies":"Small Slimes","floor":3.0,"turns":1.0},{"damage":0,"enemies":"2 Louse","floor":9,"turns":1},{"damage":5,"enemies":"Gremlin Nob","floor":10,"turns":3},{"damage":26,"enemies":"Exordium Wildlife","floor":11,"turns":6},{"damage":12,"enemies":"Gremlin Gang","floor":12,"turns":5},{"damage":5,"enemies":"Lagavulin","floor":14,"turns":5},{"damage":0,"enemies":"Large Slime","floor":15,"turns":3},{"damage":23,"enemies":"WA_ARCHETYPE_RETAIN","floor":16,"turns":4}],"seed_played":"-7824371094112572905","potions_obtained":[{"floor":10,"key":"champ:CounterPotion"},{"floor":14,"key":"SpeedPotion"}],"is_trial":false,"path_per_floor":["R","M","M","?","?","R","T","?","M","E","M","M","?","E","M","B"],"character_chosen":"THE_AUTOMATON","items_purchased":[],"campfire_rested":0,"item_purchase_floors":[],"current_hp_per_floor":[70,70,70,75,75,75,75,75,75,70,44,32,25,20,20,0,0,0],"gold":250,"neow_bonus":"THREE_ENEMY_KILL","is_daily":false,"chose_seed":false,"campfire_upgraded":1,"win_rate":0.0,"timestamp":1613923326,"path_taken":["R","M","M","?","?","R","T","?","M","E","?","?","?","E","M","BOSS"],"items_purchased_type":[],"build_version":"2020-12-22","purchased_purges":0,"victory":false,"max_hp_per_floor":[70,70,70,75,75,75,75,75,75,75,75,75,75,75,75,75,75,75],"card_choices":[{"not_picked":["bronze:Backtrace","bronze:BronzeArmor"],"picked":"bronze:Separator","floor":2.0},{"not_picked":["bronze:Frontload","bronze:MaxOutput","bronze:Safeguard"],"picked":"SKIP","floor":3.0},{"not_picked":["bronze:Shield","bronze:DelayedGuard"],"picked":"bronze:Separator","floor":9},{"not_picked":["bronze:Deprecate","bronze:MaxOutput","bronze:BuggyMess"],"picked":"SKIP","floor":10},{"not_picked":["bronze:BugBarrage","bronze:DelayedSlice"],"picked":"bronze:FineTuning","floor":11},{"not_picked":["bronze:ChildClass","bronze:BitShift"],"picked":"bronze:Boost","floor":12},{"not_picked":["bronze:Overheat","bronze:Overload","bronze:FineTuning"],"picked":"SKIP","floor":14},{"not_picked":["bronze:WildBeam","bronze:HyperBeam"],"picked":"bronze:Optimize","floor":15}],"player_experience":124803,"relics_obtained":[{"floor":10,"key":"InkBottle"},{"floor":14,"key":"bronze:CableSpool"}],"event_choices":[{"damage_healed":0.0,"max_hp_gain":5.0,"max_hp_loss":0.0,"gold_gain":0.0,"event_name":"Big Fish","player_choice":"Donut","floor":4.0,"gold_loss":0.0,"damage_taken":0.0},{"damage_healed":0,"gold_gain":0,"player_choice":"Success","damage_taken":7,"relics_obtained":["Gremlin Horn"],"max_hp_gain":0,"max_hp_loss":0,"event_name":"Scrap Ooze","floor":13,"gold_loss":0}],"is_beta":false,"boss_relics":[],"items_purged_floors":[],"is_endless":false,"potions_floor_spawned":[10,14],"killed_by":"WA_ARCHETYPE_RETAIN","ascension_level":4}}