{"host":"7ij4m6ehapfophuy","time":1613927453,"event":{"mods":["BaseMod","Bestiary","Curses Come First","Filter the Spire","Minty Spire (QoL Compilation)","Relic Stats","StSLib","ojb\u0027s Better Paths Mod"],"gold_per_floor":[99,3,3,3,0,0,0,0,0,0,0,0,0,0,0,0,0,0,0,0,0,0,0,0,0,0,0,0,0,0,0,0,0,0,0,0,0,0,0,0,0,0,0,0,0,0,0,0,0,0,0,0,0,0,0,0],"floor_reached":55,"language":"ENG","playtime":9121,"items_purged":[],"score":1395,"play_id":"3cdf9ed2-b594-43bf-b996-efaa9fce3398","local_time":"20210221121053","is_ascension_mode":true,"campfire_choices":[{"data":"SashWhip","floor":13.0,"key":"SMITH"},{"data":"ReachHeaven","floor":15.0,"key":"SMITH"},{"floor":23.0,"key":"REST"},{"data":"Vault","floor":32.0,"key":"SMITH"},{"data":"EmptyMind","floor":40.0,"key":"SMITH"},{"data":"MentalFortress","floor":42.0,"key":"SMITH"},{"floor":49.0,"key":"RECALL"},{"data":"WaveOfTheHand","floor":52.0,"key":"SMITH"}],"circlet_count":0,"master_deck":["AscendersBane","Strike_P","Strike_P+1","Strike_P","Strike_P","Defend_P","Defend_P","Eruption","Vigilance","ReachHeaven+1","SashWhip+1","ReachHeaven+1","Consecrate","BowlingBash","FlurryOfBlows","EmptyMind+1","WaveOfTheHand+1","Vault+1","Crescendo","RitualDagger","MentalFortress+1","EmptyBody","Ghostly","Ghostly","Ghostly","Ghostly","Ghostly","Wish","Wallop","Brilliance","Sanctity+1","Evaluate+1","Vengeance+1","ClearTheMind","DeusExMachina","Halt+1","Wallop+1"],"relics":["Ectoplasm","Pen Nib","Whetstone","Damaru","MawBank","Black Star","Sundial","Tiny Chest","Matryoshka","Strawberry","Meat on the Bone","Coffee Dripper","Frozen Egg 2","The Courier","Ancient Tea Set","Blood Vial","Bottled Lightning","InkBottle","Yang","Shuriken","FossilizedHelix"],"acts_visited":["Exordium","TheCity","TheBeyond","TheEnding"],"potions_floor_usage":[55],"damage_taken":[{"damage":0.0,"enemies":"Jaw Worm","floor":1.0,"turns":3.0},{"damage":0.0,"enemies":"2 Louse","floor":3.0,"turns":1.0},{"damage":0.0,"enemies":"Cultist","floor":4.0,"turns":2.0},{"damage":8.0,"enemies":"Lagavulin","floor":6.0,"turns":6.0},{"damage":0.0,"enemies":"2 Fungi Beasts","floor":7.0,"turns":3.0},{"damage":0.0,"enemies":"Large Slime","floor":10.0,"turns":2.0},{"damage":7.0,"enemies":"Gremlin Nob","floor":11.0,"turns":3.0},{"damage":0.0,"enemies":"Blue Slaver","floor":12.0,"turns":1.0},{"damage":15.0,"enemies":"3 Sentries","floor":14.0,"turns":4.0},{"damage":22.0,"enemies":"Hexaghost","floor":16.0,"turns":7.0},{"damage":4.0,"enemies":"Chosen","floor":18.0,"turns":5.0},{"damage":8.0,"enemies":"3 Byrds","floor":20.0,"turns":5.0},{"damage":11.0,"enemies":"Sentry and Sphere","floor":21.0,"turns":6.0},{"damage":18.0,"enemies":"3 Cultists","floor":22.0,"turns":3.0},{"damage":12.0,"enemies":"Slavers","floor":25.0,"turns":8.0},{"damage":4.0,"enemies":"Gremlin Leader","floor":27.0,"turns":8.0},{"damage":2.0,"enemies":"Centurion and Healer","floor":29.0,"turns":9.0},{"damage":0.0,"enemies":"Sentry and Sphere","floor":30.0,"turns":5.0},{"damage":2.0,"enemies":"Automaton","floor":33.0,"turns":9.0},{"damage":11.0,"enemies":"Orb Walker","floor":35.0,"turns":8.0},{"damage":5.0,"enemies":"3 Shapes","floor":36.0,"turns":6.0},{"damage":1.0,"enemies":"Sphere and 2 Shapes","floor":37.0,"turns":6.0},{"damage":11.0,"enemies":"4 Shapes","floor":38.0,"turns":9.0},{"damage":5.0,"enemies":"Reptomancer","floor":41.0,"turns":6.0},{"damage":0.0,"enemies":"Nemesis","floor":44.0,"turns":6.0},{"damage":0.0,"enemies":"Maw","floor":45.0,"turns":7.0},{"damage":0.0,"enemies":"Transient","floor":48.0,"turns":6.0},{"damage":7.0,"enemies":"Time Eater","floor":50.0,"turns":9.0},{"damage":3.0,"enemies":"Shield and Spear","floor":54.0,"turns":6.0},{"damage":67,"enemies":"The Heart","floor":55,"turns":9}],"seed_played":"7659403973232338182","potions_obtained":[{"floor":6.0,"key":"StancePotion"},{"floor":10.0,"key":"SkillPotion"},{"floor":11.0,"key":"SpeedPotion"},{"floor":12.0,"key":"GamblersBrew"},{"floor":22.0,"key":"SkillPotion"},{"floor":29.0,"key":"Dexterity Potion"},{"floor":30.0,"key":"Fruit Juice"},{"floor":33.0,"key":"EssenceOfSteel"},{"floor":37.0,"key":"Block Potion"}],"is_trial":false,"path_per_floor":["M","$","M","M","?","E","M","?","T","M","E","M","R","E","R","B",null,"M","?","M","M","M","R","?","E","T","E","?","M","M","?","R","B",null,"M","M","M","M","T","R","E","R","T","E","M","?","$","M","R","B",null,"R","$","E","B"],"character_chosen":"WATCHER","items_purchased":["BlessingOfTheForge","BlessingOfTheForge"],"campfire_rested":1,"item_purchase_floors":[2,2],"current_hp_per_floor":[61,61,61,61,61,53,53,53,53,53,46,46,46,31,31,9,53,49,43,35,24,6,26,26,14,14,17,17,27,27,27,27,30,42,31,26,25,26,26,26,33,33,33,35,37,37,37,39,39,34,42,42,42,41,0,0],"gold":0,"neow_bonus":"BOSS_RELIC","is_daily":false,"chose_seed":false,"campfire_upgraded":6,"win_rate":0.0,"timestamp":1613927453,"path_taken":["M","$","M","M","?","E","M","?","T","M","E","?","R","E","R","BOSS","M","?","M","M","M","R","?","E","T","E","?","?","M","?","R","BOSS","M","M","M","M","?","R","E","R","T","E","M","?","?","M","R","BOSS","R","$","E","BOSS"],"items_purchased_type":["Potion","Potion"],"build_version":"2020-12-22","purchased_purges":0,"victory":false,"max_hp_per_floor":[68,68,68,68,68,68,68,68,68,68,68,68,68,68,68,68,68,68,68,68,68,68,68,34,34,34,41,41,41,41,41,41,46,46,46,46,46,46,46,46,46,46,46,46,46,44,44,44,44,44,44,44,44,44,44,44],"relic_stats":{"counters":[30,168],"Yang":[79],"Pen Nib":[30],"Whetstone":["ReachHeaven","Strike_P"],"MawBank":0,"Blood Vial":12,"Sundial":[6],"Shuriken":[5],"Tiny Chest":1,"Ectoplasm":1443,"Black Star":5,"obtain_stats":[{"Damaru":11,"Yang":44,"Pen Nib":6,"The Courier":41,"Whetstone":9,"Frozen Egg 2":39,"MawBank":14,"Ancient Tea Set":41,"Blood Vial":43,"Matryoshka":26,"Sundial":25,"Shuriken":54,"Strawberry":27,"Tiny Chest":25,"Ectoplasm":0,"Black Star":17,"Coffee Dripper":34,"Bottled Lightning":43,"PureWater":0,"InkBottle":44,"FossilizedHelix":54,"Meat on the Bone":27},{"Damaru":7,"Yang":25,"Pen Nib":4,"The Courier":24,"Whetstone":5,"Frozen Egg 2":23,"MawBank":9,"Ancient Tea Set":24,"Blood Vial":24,"Matryoshka":15,"Sundial":15,"Shuriken":29,"Strawberry":16,"Tiny Chest":15,"Ectoplasm":0,"Black Star":10,"Coffee Dripper":19,"Bottled Lightning":24,"PureWater":0,"InkBottle":25,"FossilizedHelix":29,"Meat on the Bone":16},{"Damaru":20,"Yang":131,"Pen Nib":12,"The Courier":125,"Whetstone":15,"Frozen Egg 2":119,"MawBank":25,"Ancient Tea Set":125,"Blood Vial":125,"Matryoshka":59,"Sundial":59,"Shuriken":159,"Strawberry":67,"Tiny Chest":59,"Ectoplasm":0,"Black Star":32,"Coffee Dripper":90,"Bottled Lightning":125,"PureWater":0,"InkBottle":131,"FossilizedHelix":159,"Meat on the Bone":67}],"InkBottle":[16],"Meat on the Bone":36},"card_choices":[{"not_picked":["PathToVictory","Halt"],"picked":"ReachHeaven","floor":1.0},{"not_picked":["Prostrate","ClearTheMind","ThirdEye"],"picked":"SKIP","floor":3.0},{"not_picked":["Evaluate","Consecrate"],"picked":"SashWhip","floor":4.0},{"not_picked":["Crescendo","Protect"],"picked":"ReachHeaven","floor":6.0},{"not_picked":["FlyingSleeves","Brilliance"],"picked":"Consecrate","floor":7.0},{"not_picked":["FlyingSleeves","PathToVictory"],"picked":"BowlingBash","floor":10.0},{"not_picked":["Prostrate","Nirvana"],"picked":"FlurryOfBlows","floor":11.0},{"not_picked":["SashWhip","EmptyBody"],"picked":"EmptyMind","floor":12.0},{"not_picked":["PathToVictory","Swivel"],"picked":"WaveOfTheHand","floor":14.0},{"not_picked":["Devotion","Brilliance"],"picked":"Vault","floor":16.0},{"not_picked":["FlurryOfBlows","SashWhip"],"picked":"Crescendo","floor":18.0},{"not_picked":["Worship","Adaptation+1"],"picked":"MentalFortress","floor":20.0},{"not_picked":["FollowUp","Pray"],"picked":"EmptyBody","floor":21.0},{"not_picked":["BattleHymn","Collect","Protect"],"picked":"SKIP","floor":22.0},{"not_picked":["Nirvana","Worship","FlyingSleeves"],"picked":"SKIP","floor":25.0},{"not_picked":["Crescendo+1","DevaForm","EmptyBody"],"picked":"SKIP","floor":27.0},{"not_picked":["SashWhip","Crescendo","BowlingBash"],"picked":"SKIP","floor":29.0},{"not_picked":["CrushJoints","Crescendo","Prostrate"],"picked":"SKIP","floor":30.0},{"not_picked":["Devotion","SpiritShield"],"picked":"Brilliance","floor":33.0},{"not_picked":["FlyingSleeves+1","BowlingBash"],"picked":"Sanctity+1","floor":35.0},{"not_picked":["Indignation","Nirvana+1"],"picked":"Evaluate+1","floor":36.0},{"not_picked":["CrushJoints","ClearTheMind","Worship+1"],"picked":"SKIP","floor":37.0},{"not_picked":["Swivel+1","FlurryOfBlows"],"picked":"Vengeance+1","floor":38.0},{"not_picked":["WindmillStrike+1","FlyingSleeves"],"picked":"ClearTheMind","floor":41.0},{"not_picked":["SignatureMove","PathToVictory+1"],"picked":"DeusExMachina","floor":44.0},{"not_picked":["WindmillStrike+1","FlyingSleeves"],"picked":"Halt+1","floor":45.0},{"not_picked":["EmptyBody","BattleHymn+1","CrushJoints"],"picked":"SKIP","floor":48.0},{"not_picked":["Conclude","Evaluate"],"picked":"Wallop+1","floor":54.0}],"player_experience":1171728,"relics_obtained":[{"floor":6.0,"key":"Pen Nib"},{"floor":9.0,"key":"Whetstone"},{"floor":11.0,"key":"Damaru"},{"floor":14.0,"key":"MawBank"},{"floor":25.0,"key":"Sundial"},{"floor":25.0,"key":"Tiny Chest"},{"floor":26.0,"key":"Matryoshka"},{"floor":27.0,"key":"Strawberry"},{"floor":27.0,"key":"Meat on the Bone"},{"floor":39.0,"key":"Frozen Egg 2"},{"floor":41.0,"key":"The Courier"},{"floor":41.0,"key":"Ancient Tea Set"},{"floor":43.0,"key":"Blood Vial"},{"floor":43.0,"key":"Bottled Lightning"},{"floor":44.0,"key":"InkBottle"},{"floor":44.0,"key":"Yang"},{"floor":54.0,"key":"Shuriken"},{"floor":54.0,"key":"FossilizedHelix"}],"event_choices":[{"damage_healed":0.0,"max_hp_gain":0.0,"max_hp_loss":0.0,"gold_gain":0.0,"event_name":"World of Goop","player_choice":"Left Gold","floor":5.0,"gold_loss":3.0,"damage_taken":0.0},{"damage_healed":0.0,"max_hp_gain":0.0,"max_hp_loss":0.0,"gold_gain":100.0,"event_name":"Golden Shrine","player_choice":"Pray","floor":8.0,"gold_loss":0.0,"damage_taken":0.0},{"damage_healed":0.0,"max_hp_gain":0.0,"max_hp_loss":0.0,"gold_gain":0.0,"event_name":"Nest","player_choice":"Joined the Cult","floor":19.0,"gold_loss":0.0,"damage_taken":6.0,"cards_obtained":["RitualDagger"]},{"damage_healed":0.0,"max_hp_gain":0.0,"max_hp_loss":34.0,"gold_gain":0.0,"event_name":"Ghosts","player_choice":"Became a Ghost","floor":24.0,"gold_loss":0.0,"damage_taken":0.0,"cards_obtained":["Ghostly","Ghostly","Ghostly","Ghostly","Ghostly"]},{"damage_healed":0.0,"max_hp_gain":0.0,"max_hp_loss":0.0,"gold_gain":0.0,"cards_transformed":["Defend_P","Defend_P"],"event_name":"Drug Dealer","player_choice":"Became Test Subject","floor":31.0,"gold_loss":0.0,"damage_taken":0.0,"cards_obtained":["Wish","Wallop"]},{"damage_healed":0.0,"max_hp_gain":0.0,"max_hp_loss":2.0,"gold_gain":0.0,"event_name":"Winding Halls","player_choice":"Max HP","floor":46.0,"gold_loss":0.0,"damage_taken":0.0}],"is_beta":false,"boss_relics":[{"not_picked":["Fusion Hammer","SlaversCollar"],"picked":"Black Star"},{"not_picked":["SacredBark","Pandora\u0027s Box"],"picked":"Coffee Dripper"}],"items_purged_floors":[],"is_endless":false,"potions_floor_spawned":[6,10,11,12,16,22,29,30,33,36,37,45,48],"killed_by":"The Heart","ascension_level":14}}