{"host":"cgwysqtmt736mr58","time":1613899497,"event":{"mods":["2.2 Compatiblity","Aspiration","BaseMod","Beaked The Cultist","BetterRewards","Colored Map","Colored Powertips","Downfall","Duelist Mod","GifTheSpireLib","Googly Eyes","Halation","Hermit","Hubris","Infinite Spire","Lobotomy","LobotomyExtend","Minty Spire (QoL Compilation)","Relic Stats","Replay The Spire","Shade Mod","Shop Mod","StSLib","The Construct","The Cursed","The Disciple","The Exalted","The Necromancer","The Runesmith","Waifu the Spire","Yuri Mod"],"gold_per_floor":[99,118,136,86,105,5,5,5,30,30,44,60,72,72,87,191,191,191,191,191,191,191,191,245,86,86,86,101,115,115,131,145,245,245,245,262,288,288,300,377,427,427,427,344,356,356,356,23,35,35,35],"floor_reached":52,"language":"ENG","playtime":1477,"items_purged":[],"score":1118,"play_id":"f31ea1e5-cf97-48e0-ba58-15fb47d94bd4","local_time":"20210221202457","is_ascension_mode":true,"campfire_choices":[{"floor":1,"key":"RECALL"},{"data":"bronze:InfiniteBeams","floor":6,"key":"SMITH"},{"floor":10,"key":"REST"},{"data":"bronze:HardenedForm","floor":18,"key":"SMITH"},{"data":"bronze:Boost","floor":23,"key":"SMITH"},{"data":"bronze:Library","floor":27,"key":"SMITH"},{"data":"bronze:Backtrace","floor":30,"key":"SMITH"},{"data":"bronze:AlphaBuild","floor":35,"key":"SMITH"},{"data":"bronze:Iterate","floor":43,"key":"SMITH"},{"data":"bronze:Flail","floor":46,"key":"SMITH"}],"circlet_count":0,"master_deck":["AscendersBane","bronze:Strike","bronze:Strike","bronze:Strike","bronze:Defend","bronze:Defend","bronze:Defend","bronze:Replicate","bronze:Goto","bronze:Iterate+1","bronze:Branch","bronze:InfiniteBeams+1","bronze:Flail+1","bronze:WildBeam","bronze:Boost+1","bronze:OilSpill","bronze:Backtrace+1","bronze:Spike","bronze:Branch","bronze:Library+1","bronze:HardenedForm+1","bronze:Iterate+1","bronze:Iterate+1","bronze:Repair","bronze:OilSpill+1","bronze:AlphaBuild+1","bronze:Flail","Spreading Infection","Replay:Hysterical Blindness","downfall:Haunted","Warcry+1"],"relics":["bronze:PlatinumCore","bronze:SilverBullet","LetterFromLob","downfall:HeartBlessingRed","Question Card","FaceOfCleric","ReplayTheSpireMod:Lightbulb","construct:WeddingRing","bronze:BottledCode","halation:PinkSoulGem","infinitespire:Satchel","HandDrill","Membership Card","halation:AfternoonTea","downfall:ExtraCursedKey","Onion Ring","Lantern","aspiration:IroncladSkillbook","hubris:FunFungus","halation:StarCompass"],"acts_visited":["Exordium","TheCity","TheBeyond"],"potions_floor_usage":[3,4,12,16,16,50,50],"damage_taken":[{"damage":0,"enemies":"2 Louse","floor":2,"turns":2},{"damage":0,"enemies":"Cultist","floor":3,"turns":3},{"damage":0,"enemies":"downfall:FleeingMerchant","floor":4,"turns":4},{"damage":0,"enemies":"Small Slimes","floor":5,"turns":2},{"damage":35,"enemies":"Lagavulin","floor":9,"turns":4},{"damage":5,"enemies":"2 Fungi Beasts","floor":11,"turns":3},{"damage":0,"enemies":"3 Louse","floor":12,"turns":2},{"damage":0,"enemies":"Lots of Slimes","floor":13,"turns":1},{"damage":5,"enemies":"Lots of Slimes","floor":14,"turns":4},{"damage":0,"enemies":"Large Slime","floor":15,"turns":4},{"damage":34,"enemies":"DF_ARCHETYPE_STREAMLINE","floor":16,"turns":8},{"damage":0,"enemies":"downfall:FleeingMerchant","floor":25,"turns":4},{"damage":0,"enemies":"Shell Parasite","floor":28,"turns":1},{"damage":5,"enemies":"Spheric Guardian","floor":29,"turns":3},{"damage":0,"enemies":"Cultist and Chosen","floor":31,"turns":3},{"damage":0,"enemies":"Snecko","floor":32,"turns":2},{"damage":30,"enemies":"IC_MUSHROOM_ARCHETYPE","floor":33,"turns":5},{"damage":3,"enemies":"Orb Walker","floor":36,"turns":2},{"damage":0,"enemies":"downfall:FleeingMerchant","floor":37,"turns":1},{"damage":0,"enemies":"3 Darklings","floor":39,"turns":1},{"damage":0,"enemies":"Transient","floor":44,"turns":5},{"damage":0,"enemies":"Jaw Worm Horde","floor":45,"turns":1},{"damage":0,"enemies":"Writhing Mass","floor":49,"turns":2},{"damage":4,"enemies":"SI_POISON_ARCHETYPE","floor":50,"turns":5}],"seed_played":"5137499111126505420","potions_obtained":[{"floor":3,"key":"EntropicBrew"},{"floor":9,"key":"bronze:BuildAFunctionPotion"},{"floor":13,"key":"Toxic Potion"},{"floor":16,"key":"Cursed Concoction"},{"floor":28,"key":"Milkshake"},{"floor":32,"key":"bronze:FreeFunctionsPotion"}],"is_trial":false,"path_per_floor":["R","M","M","$","M","R","T","?","E","R","M","M","M","?","M","B",null,"R","M","?","?","?","R","T","$","?","R","M","M","R","M","M","B",null,"R","M","$","?","M","T","T","AVR","R","M","M","R","?","?","M","B",null,null],"character_chosen":"THE_AUTOMATON","items_purchased":["bronze:Flail","HandDrill","Membership Card","halation:AfternoonTea","PowerPotion","CultistPotion"],"campfire_rested":1,"item_purchase_floors":[4,25,37,37,37,37],"current_hp_per_floor":[63,63,63,63,63,63,63,63,29,50,46,47,48,44,45,12,61,61,61,61,61,61,61,61,62,62,62,63,59,59,60,61,39,65,65,63,64,64,65,65,65,65,65,72,77,77,77,88,89,90,90],"gold":35,"neow_bonus":"RANDOM_COMMON_RELIC","is_daily":false,"chose_seed":false,"campfire_upgraded":8,"win_rate":0.0,"timestamp":1613899497,"path_taken":["R","M","M","$","M","R","T","?","E","R","M","M","?","?","M","BOSS","R","M","?","?","?","R","T","$","?","R","?","M","R","M","M","BOSS","R","M","$","?","M","?","T","AVR","R","M","M","R","?","?","M","BOSS"],"items_purchased_type":["Card","Relic","Relic","Relic","Potion","Potion"],"build_version":"2020-12-22","purchased_purges":0,"victory":true,"max_hp_per_floor":[70,70,70,70,70,70,70,70,71,71,72,73,74,75,76,77,77,77,77,67,67,67,67,67,68,68,68,69,70,70,71,72,73,73,73,74,75,75,76,76,76,76,76,77,78,78,78,88,89,90,90],"relic_stats":{"FaceOfCleric":20,"counters":[24,72],"HandDrill":[32],"Question Card":25,"obtain_stats":[{"bronze:PlatinumCore":34,"Lantern":41,"bronze:BronzeCore":0,"construct:WeddingRing":17,"downfall:HeartBlessingRed":6,"Question Card":7,"halation:StarCompass":47,"aspiration:IroncladSkillbook":42,"bronze:BottledCode":20,"FaceOfCleric":8,"infinitespire:Satchel":24,"Onion Ring":40,"downfall:ExtraCursedKey":38,"hubris:FunFungus":42,"LetterFromLob":2,"HandDrill":25,"Membership Card":37,"halation:AfternoonTea":37,"bronze:SilverBullet":0,"ReplayTheSpireMod:Lightbulb":9,"halation:PinkSoulGem":22},{"bronze:PlatinumCore":17,"Lantern":20,"bronze:BronzeCore":0,"construct:WeddingRing":11,"downfall:HeartBlessingRed":4,"Question Card":4,"halation:StarCompass":22,"aspiration:IroncladSkillbook":20,"bronze:BottledCode":11,"FaceOfCleric":4,"infinitespire:Satchel":11,"Onion Ring":20,"downfall:ExtraCursedKey":19,"hubris:FunFungus":20,"LetterFromLob":1,"HandDrill":12,"Membership Card":19,"halation:AfternoonTea":19,"bronze:SilverBullet":0,"ReplayTheSpireMod:Lightbulb":5,"halation:PinkSoulGem":11},{"bronze:PlatinumCore":55,"Lantern":59,"bronze:BronzeCore":0,"construct:WeddingRing":37,"downfall:HeartBlessingRed":11,"Question Card":11,"halation:StarCompass":65,"aspiration:IroncladSkillbook":59,"bronze:BottledCode":37,"FaceOfCleric":11,"infinitespire:Satchel":37,"Onion Ring":59,"downfall:ExtraCursedKey":58,"hubris:FunFungus":59,"LetterFromLob":2,"HandDrill":41,"Membership Card":58,"halation:AfternoonTea":58,"bronze:SilverBullet":0,"ReplayTheSpireMod:Lightbulb":15,"halation:PinkSoulGem":37}]},"card_choices":[{"not_picked":["bronze:DelayedSlice","bronze:Overload"],"picked":"bronze:Iterate","floor":2},{"not_picked":["bronze:ClassDefault","bronze:Turbo"],"picked":"bronze:Branch","floor":3},{"not_picked":["bronze:Flail","bronze:CloningBeam"],"picked":"bronze:InfiniteBeams","floor":4},{"not_picked":["bronze:Constructor","bronze:BuggyMess"],"picked":"bronze:WildBeam","floor":5},{"not_picked":["bronze:Invalidate","bronze:OilSpill","bronze:BurnOut"],"picked":"bronze:Boost","floor":9},{"not_picked":["bronze:BuggyMess","bronze:WildBeam","bronze:ForLoop"],"picked":"bronze:OilSpill","floor":11},{"not_picked":["bronze:BugBarrage","bronze:Safeguard","bronze:DelayedSlice"],"picked":"bronze:Backtrace","floor":12},{"not_picked":["bronze:BuggyMess","bronze:Optimize","bronze:Constructor","bronze:Invalidate"],"picked":"SKIP","floor":13},{"not_picked":[],"picked":"bronze:Spike","floor":14},{"not_picked":["bronze:Allocate","bronze:Overheat","bronze:ForceShield"],"picked":"bronze:Branch","floor":14},{"not_picked":["bronze:Constructor","bronze:Deprecate","bronze:BuggyMess"],"picked":"bronze:Library","floor":15},{"not_picked":["bronze:CleanCode","bronze:FindAndReplace","bronze:SpaghettiCode"],"picked":"bronze:HardenedForm","floor":16},{"not_picked":["bronze:FollowUp+1","bronze:Invalidate","bronze:Frontload"],"picked":"bronze:Iterate+1","floor":25},{"not_picked":["bronze:Refactor","bronze:Return","bronze:WildBeam+1","bronze:BitShift"],"picked":"SKIP","floor":28},{"not_picked":["bronze:DigitalCarnage","bronze:Break","bronze:ForceShield"],"picked":"bronze:Iterate+1","floor":29},{"not_picked":["bronze:BronzeArmor","bronze:Frontload","bronze:NullPointer"],"picked":"bronze:Repair","floor":31},{"not_picked":["bronze:TinkerersToolbox","bronze:Philosophize","bronze:Backtrace"],"picked":"bronze:OilSpill+1","floor":32},{"not_picked":["bronze:TinkerersToolbox","bronze:Format","bronze:SpaghettiCode"],"picked":"bronze:AlphaBuild","floor":33},{"not_picked":["bronze:BugBarrage+1","bronze:Turbo+1","bronze:Backtrace","bronze:Shell"],"picked":"SKIP","floor":36},{"not_picked":["bronze:Overheat","bronze:ForceShield","bronze:Backtrace+1","bronze:Deprecate"],"picked":"SKIP","floor":37},{"not_picked":["bronze:Separator","bronze:WhirlingStrike+1","bronze:Philosophize+1"],"picked":"bronze:Flail","floor":39},{"not_picked":["Clash","ReplayTheSpireMod:Strike From Hell+1","Clothesline","bronze:Shield"],"picked":"Warcry+1","floor":44},{"not_picked":["Warcry","Perfected Strike","bronze:Overheat","bronze:Optimize","bronze:DigitalCarnage"],"picked":"SKIP","floor":45},{"not_picked":["Headbutt+1","Bludgeon","Replay:Undeath\u0027s Touch","bronze:Flail","Pommel Strike"],"picked":"SKIP","floor":49}],"player_experience":1115801,"relics_obtained":[{"floor":2,"key":"LetterFromLob"},{"floor":7,"key":"Question Card"},{"floor":9,"key":"ReplayTheSpireMod:Lightbulb"},{"floor":24,"key":"infinitespire:Satchel"},{"floor":40,"key":"Onion Ring"},{"floor":41,"key":"Lantern"}],"event_choices":[{"damage_healed":0,"gold_gain":0,"player_choice":"Trade","damage_taken":0,"relics_obtained":["FaceOfCleric"],"max_hp_gain":0,"max_hp_loss":0,"event_name":"FaceTrader","floor":8,"gold_loss":0},{"damage_healed":0,"gold_gain":0,"player_choice":"Ignored","damage_taken":0,"max_hp_gain":0,"max_hp_loss":0,"event_name":"Vampires","floor":21,"gold_loss":0},{"cards_removed":["bronze:Strike"],"damage_healed":0,"gold_gain":0,"player_choice":"Offered Basic","damage_taken":0,"max_hp_gain":0,"max_hp_loss":0,"event_name":"Bonfire Elementals","floor":26,"gold_loss":0}],"is_beta":false,"boss_relics":[{"not_picked":["Ring of Chaos","aspiration:FutureDiary"],"picked":"construct:WeddingRing"},{"not_picked":["beaked:MawFillet","aspiration:PoetsPen_weak"],"picked":"bronze:PlatinumCore"}],"items_purged_floors":[],"is_endless":false,"potions_floor_spawned":[3,9,11,13,14,16,28,29,32,33,36,39,44],"ascension_level":12}}