{"host":"qnk15saze0ayia2v","time":1613917632,"event":{"mods":["BaseMod","GifTheSpireLib","Koishi","Marisa????????","Minty Spire (QoL Compilation)","Replay The Spire","StSLib","The Necromancer","The Servant 0.9.4"],"gold_per_floor":[118,132,132,152,70,101,176,176,176,196,196,196,196,40,40,137,137,150,164,164,164,164,164,174,174,174,61,61,78,38,65,65,161,161,177,189,204,216,216,216,216,116,116,116,141,156,167,187,187,187,187],"floor_reached":50,"language":"ITA","playtime":3904,"items_purged":["Replay:Sluggish","Overencumbered","Wraith"],"score":510,"play_id":"09be4648-1067-4afe-ac7c-851f9d1d3cfc","local_time":"20210221152712","is_ascension_mode":false,"campfire_choices":[{"data":"Rampage","floor":8,"key":"SMITH"},{"floor":11,"key":"REST"},{"data":"Demonic Infusion","floor":13,"key":"SMITH"},{"floor":15,"key":"DIG"},{"data":"Heavy Blade","floor":23,"key":"SMITH"},{"data":"Rupture","floor":28,"key":"SMITH"},{"floor":32,"key":"REST"},{"floor":40,"key":"REST"}],"circlet_count":0,"master_deck":["Defend_R","Defend_R","Bash","Demonic Infusion+1","Hemokinesis","Cleave","Rampage+1","Shrug It Off+1","Demon Form","Replay:Sluggish","Inflame","Heavy Blade+1","J.A.X.+1","Rupture+1","Pummel","Sword Boomerang","Armaments+1","Twin Strike","CommonCold","Doubt","Rage"],"relics":["Burning Blood","Sundial","Self Forming Clay","Pet Ghost","King of Hearts","Pen Nib","Kintsugi","Eternal Feather","Golden Egg","Cursed Key","Singing Bowl","Pantograph","ReplayTheSpireMod:CursedCoin"],"acts_visited":["Exordium","TheCity","TheBeyond"],"potions_floor_usage":[16,31,31,33,36,38,48,50,50],"damage_taken":[{"damage":5,"enemies":"Small Slimes","floor":1,"turns":5},{"damage":10,"enemies":"Jaw Worm","floor":2,"turns":3},{"damage":2,"enemies":"2 Louse","floor":4,"turns":2},{"damage":35,"enemies":"3 Sentries","floor":6,"turns":8},{"damage":5,"enemies":"Looter","floor":10,"turns":4},{"damage":27,"enemies":"Hexaghost","floor":16,"turns":11},{"damage":9,"enemies":"Chosen","floor":18,"turns":5},{"damage":14,"enemies":"Shell Parasite","floor":19,"turns":5},{"damage":9,"enemies":"Snecko","floor":24,"turns":5},{"damage":19,"enemies":"Sentry and Sphere","floor":29,"turns":4},{"damage":25,"enemies":"Slavers","floor":31,"turns":5},{"damage":43,"enemies":"Champ","floor":33,"turns":7},{"damage":5,"enemies":"3 Shapes","floor":35,"turns":4},{"damage":10,"enemies":"Orb Walker","floor":36,"turns":3},{"damage":22,"enemies":"Maw","floor":37,"turns":6},{"damage":25,"enemies":"Writhing Mass","floor":38,"turns":4},{"damage":39,"enemies":"4 Shapes","floor":46,"turns":5},{"damage":20,"enemies":"Spire Growth","floor":47,"turns":5},{"damage":30,"enemies":"Writhing Mass","floor":48,"turns":5},{"damage":49,"enemies":"Awakened One","floor":50,"turns":6}],"seed_played":"8010011154451306189","potions_obtained":[{"floor":1,"key":"HeartOfIron"},{"floor":16,"key":"Weak Potion"},{"floor":18,"key":"Block Potion"},{"floor":24,"key":"Fire Potion"},{"floor":25,"key":"LiquidMemories"},{"floor":31,"key":"FearPotion"},{"floor":37,"key":"SteroidPotion"},{"floor":47,"key":"ColorlessPotion"},{"floor":49,"key":"LiquidMemories"},{"floor":49,"key":"Venom Potion"}],"is_trial":false,"path_per_floor":["M","M","?","M","$","E","?","R","T","M","R","?","R","$","R","B",null,"M","M","?","?","?","R","M","?","T","$","R","M","?","E","R","B",null,"M","M","M","M","?","R","T","$","T","?","$","M","M","M","R","B"],"character_chosen":"IRONCLAD","items_purchased":["Rampage","King of Hearts","Rupture","ReplayTheSpireMod:CursedCoin"],"campfire_rested":3,"item_purchase_floors":[5,14,27,45],"current_hp_per_floor":[80,76,69,73,73,44,33,33,33,34,58,51,51,51,51,30,80,77,69,69,69,69,69,66,66,66,66,75,62,62,43,76,39,80,80,76,60,41,41,74,74,74,74,74,74,43,31,7,19,0,0],"gold":187,"neow_bonus":"ONE_RANDOM_RARE_CARD","is_daily":false,"chose_seed":false,"campfire_upgraded":4,"win_rate":0.0,"timestamp":1613917632,"path_taken":["M","M","?","M","$","E","?","R","T","M","R","?","R","$","R","BOSS","M","M","?","?","?","R","M","?","T","$","R","?","?","E","R","BOSS","M","M","M","?","?","R","?","$","T","?","$","M","?","?","R","BOSS"],"items_purchased_type":["Card","Relic","Card","Relic"],"build_version":"2020-12-22","purchased_purges":3,"victory":false,"max_hp_per_floor":[80,80,80,80,80,80,80,80,80,80,80,80,80,80,80,80,80,80,80,80,80,80,80,80,80,80,80,80,80,80,80,80,80,80,80,80,80,80,80,80,80,80,80,80,80,82,84,84,84,84,84],"card_choices":[{"not_picked":["Flame Barrier","Pommel Strike"],"picked":"Hemokinesis","floor":1},{"not_picked":["Iron Wave","Flex"],"picked":"Cleave","floor":2},{"not_picked":["Clothesline","Twin Strike","Havoc"],"picked":"SKIP","floor":4},{"not_picked":["Havoc","Massacre"],"picked":"Shrug It Off","floor":6},{"not_picked":["Run Through","Body Slam","ReplayTheSpireMod:Corrosion Curse"],"picked":"SKIP","floor":10},{"not_picked":["Bludgeon","Offering"],"picked":"Demon Form","floor":16},{"not_picked":["Sever Soul","Sentinel+1","True Grit"],"picked":"SKIP","floor":18},{"not_picked":["Cleave","Replay:Undeath\u0027s Touch+1"],"picked":"Inflame","floor":19},{"not_picked":["Carnage","Anger","Wild Strike+1"],"picked":"SKIP","floor":24},{"not_picked":["Fire Breathing","Anger","Pommel Strike"],"picked":"SKIP","floor":29},{"not_picked":["Immolate","Burning Pact"],"picked":"Pummel","floor":31},{"not_picked":["Anger+1","ReplayTheSpireMod:Corrosion Curse+1"],"picked":"Sword Boomerang","floor":35},{"not_picked":["Run Through","ReplayTheSpireMod:Strike From Hell"],"picked":"Armaments+1","floor":36},{"not_picked":["Havoc","Shrug It Off"],"picked":"Twin Strike","floor":37},{"not_picked":["Carnage+1","Dropkick+1","Fire Breathing+1"],"picked":"SKIP","floor":38},{"not_picked":["Cleave","Entrench+1","Thunderclap+1"],"picked":"Singing Bowl","floor":46},{"not_picked":["Clothesline","Pommel Strike","Hemokinesis+1"],"picked":"Singing Bowl","floor":47},{"not_picked":["Clash+1","Run Through+1"],"picked":"Rage","floor":48}],"player_experience":413947,"relics_obtained":[{"floor":6,"key":"Self Forming Clay"},{"floor":9,"key":"Pet Ghost"},{"floor":15,"key":"Pen Nib"},{"floor":26,"key":"Eternal Feather"},{"floor":31,"key":"Golden Egg"},{"floor":41,"key":"Singing Bowl"},{"floor":43,"key":"Pantograph"}],"event_choices":[{"damage_healed":0,"gold_gain":0,"player_choice":"Success","damage_taken":7,"relics_obtained":["Sundial"],"max_hp_gain":0,"max_hp_loss":0,"event_name":"Scrap Ooze","floor":3,"gold_loss":0},{"damage_healed":0,"gold_gain":75,"player_choice":"Gather Gold","damage_taken":11,"max_hp_gain":0,"max_hp_loss":0,"event_name":"World of Goop","floor":7,"gold_loss":0},{"cards_removed":["Strike_R"],"damage_healed":0,"gold_gain":0,"player_choice":"Card Removal","damage_taken":7,"max_hp_gain":0,"max_hp_loss":0,"event_name":"Golden Wing","floor":12,"gold_loss":0},{"damage_healed":0,"gold_gain":0,"player_choice":"Ignored","damage_taken":0,"max_hp_gain":0,"max_hp_loss":0,"event_name":"Ghosts","floor":20,"gold_loss":0},{"damage_healed":0,"gold_gain":0,"player_choice":"Read","damage_taken":0,"max_hp_gain":0,"max_hp_loss":0,"event_name":"The Library","floor":21,"gold_loss":0,"cards_obtained":["Heavy Blade"]},{"damage_healed":0,"gold_gain":0,"player_choice":"Obtain J.A.X.","damage_taken":0,"max_hp_gain":0,"max_hp_loss":0,"event_name":"Drug Dealer","floor":22,"gold_loss":0,"cards_obtained":["J.A.X."]},{"damage_healed":0,"gold_gain":0,"player_choice":"Got Potions","damage_taken":0,"max_hp_gain":0,"max_hp_loss":0,"event_name":"Lab","floor":25,"gold_loss":0},{"damage_healed":0,"gold_gain":0,"player_choice":"Upgraded Two","damage_taken":0,"max_hp_gain":0,"max_hp_loss":0,"event_name":"Designer","floor":30,"gold_loss":40,"cards_upgraded":["Shrug It Off","J.A.X."]},{"cards_removed":["Defend_R"],"damage_healed":0,"gold_gain":0,"player_choice":"Removed Skill","damage_taken":0,"max_hp_gain":0,"max_hp_loss":0,"event_name":"Falling","floor":39,"gold_loss":0},{"damage_healed":0,"gold_gain":0,"player_choice":"Ignored","damage_taken":0,"max_hp_gain":0,"max_hp_loss":0,"event_name":"OrinTheCat","floor":44,"gold_loss":0}],"is_beta":false,"boss_relics":[{"not_picked":["Runic Dome","Abe\u0027s Treasure"],"picked":"Kintsugi"},{"not_picked":["Runic Pyramid","Replay:Ancient Bell"],"picked":"Cursed Key"}],"items_purged_floors":[27,42,45],"is_endless":false,"potions_floor_spawned":[1,10,16,18,24,31,33,37,47],"killed_by":"Awakened One","ascension_level":0}}