{"host":"w14xfy17z3c5mpoi","time":1613948766,"event":{"mods":["AchievementEnabler","BaseMod","Minty Spire (QoL Compilation)","Relic Stats"],"gold_per_floor":[20,34,46,66,81,81,109,124,151,151,171,189,208,236,236,236,236],"floor_reached":16,"language":"ENG","playtime":807,"items_purged":[],"score":183,"play_id":"cee7f97e-d866-447b-b7ec-915c8a30933b","local_time":"20210221180606","is_ascension_mode":true,"campfire_choices":[{"data":"Cloak And Dagger","floor":6,"key":"SMITH"},{"floor":10,"key":"REST"},{"floor":15,"key":"REST"}],"circlet_count":0,"master_deck":["AscendersBane","Strike_G","Strike_G","Strike_G","Strike_G","Strike_G","Defend_G","Defend_G","Defend_G","Defend_G","Defend_G","Survivor","Neutralize","Sucker Punch","Endless Agony","Slice","Bouncing Flask","Cloak And Dagger+1","Catalyst","Glass Knife","Calculated Gamble","Catalyst","Bouncing Flask"],"relics":["Ring of the Snake","Tough Bandages","StoneCalendar","Bag of Preparation","Darkstone Periapt"],"acts_visited":["Exordium"],"potions_floor_usage":[4,13,16,16],"damage_taken":[{"damage":2,"enemies":"2 Louse","floor":1,"turns":4},{"damage":0,"enemies":"Jaw Worm","floor":2,"turns":4},{"damage":4,"enemies":"Small Slimes","floor":3,"turns":4},{"damage":22,"enemies":"Gremlin Gang","floor":4,"turns":5},{"damage":1,"enemies":"2 Fungi Beasts","floor":5,"turns":4},{"damage":19,"enemies":"Gremlin Nob","floor":7,"turns":4},{"damage":5,"enemies":"Exordium Thugs","floor":8,"turns":4},{"damage":0,"enemies":"3 Louse","floor":11,"turns":2},{"damage":0,"enemies":"Blue Slaver","floor":12,"turns":2},{"damage":3,"enemies":"Gremlin Gang","floor":13,"turns":4},{"damage":16,"enemies":"Lagavulin","floor":14,"turns":6},{"damage":37,"enemies":"Slime Boss","floor":16,"turns":10}],"seed_played":"-8972832487352761968","potions_obtained":[{"floor":2,"key":"SteroidPotion"},{"floor":5,"key":"Dexterity Potion"},{"floor":8,"key":"Block Potion"},{"floor":12,"key":"LiquidMemories"},{"floor":14,"key":"SpeedPotion"}],"is_trial":false,"path_per_floor":["M","M","M","M","M","R","E","M","T","R","M","M","M","E","R","B"],"character_chosen":"THE_SILENT","items_purchased":[],"campfire_rested":2,"item_purchase_floors":[],"current_hp_per_floor":[61,61,57,35,34,34,15,10,10,31,31,31,28,12,33,0,0],"gold":236,"neow_bonus":"ONE_RARE_RELIC","is_daily":false,"chose_seed":false,"campfire_upgraded":1,"win_rate":0.0,"timestamp":1613948766,"path_taken":["M","M","M","M","M","R","E","M","T","R","M","M","M","E","R","BOSS"],"items_purchased_type":[],"build_version":"2020-12-22","purchased_purges":0,"victory":false,"max_hp_per_floor":[70,70,70,70,70,70,70,70,70,70,70,70,70,70,70,70,70],"relic_stats":{"Darkstone Periapt":0,"Tough Bandages":[84],"counters":[12,53],"StoneCalendar":[104],"Bag of Preparation":[10],"obtain_stats":[{"Darkstone Periapt":14,"Tough Bandages":0,"StoneCalendar":7,"Bag of Preparation":9,"Ring of the Snake":0},{"Darkstone Periapt":11,"Tough Bandages":0,"StoneCalendar":6,"Bag of Preparation":7,"Ring of the Snake":0},{"Darkstone Periapt":43,"Tough Bandages":0,"StoneCalendar":25,"Bag of Preparation":29,"Ring of the Snake":0}],"Ring of the Snake":[25]},"card_choices":[{"not_picked":["PiercingWail","Concentrate"],"picked":"Sucker Punch","floor":1},{"not_picked":["Dodge and Roll","Prepared"],"picked":"Endless Agony","floor":2},{"not_picked":["Flying Knee","All Out Attack"],"picked":"Slice","floor":3},{"not_picked":["Infinite Blades","Slice"],"picked":"Bouncing Flask","floor":4},{"not_picked":["PiercingWail","Bouncing Flask"],"picked":"Cloak And Dagger","floor":5},{"not_picked":["Dodge and Roll","Distraction"],"picked":"Catalyst","floor":7},{"not_picked":["Dagger Throw","Flechettes"],"picked":"Glass Knife","floor":8},{"not_picked":["Dagger Spray","Underhanded Strike"],"picked":"Calculated Gamble","floor":11},{"not_picked":["Caltrops","Deadly Poison","Finisher"],"picked":"SKIP","floor":12},{"not_picked":["Deadly Poison","Sucker Punch"],"picked":"Catalyst","floor":13},{"not_picked":["PiercingWail","Underhanded Strike"],"picked":"Bouncing Flask","floor":14}],"player_experience":748477,"relics_obtained":[{"floor":7,"key":"StoneCalendar"},{"floor":9,"key":"Bag of Preparation"},{"floor":14,"key":"Darkstone Periapt"}],"event_choices":[],"is_beta":false,"boss_relics":[],"items_purged_floors":[],"is_endless":false,"potions_floor_spawned":[2,5,8,12,14],"killed_by":"Slime Boss","ascension_level":11}}