{"host":"xltl1aroowo69o4n","time":1613868874,"event":{"mods":["BaseMod","Colored Map","Colored Powertips","Downfall","Koishi","Marisa????????","Minty Spire (QoL Compilation)","Replay The Spire","StSLib","The Cursed","The Hierophant","The Mystic","The Necromancer","The Servant 0.9.4"],"gold_per_floor":[99,32,32,32,32,32,32,46,46,60,117,117,136,46,46,46,60,60,60],"floor_reached":18,"language":"ENG","playtime":649,"items_purged":["downfall:Malfunctioning"],"score":103,"play_id":"a762d8c5-7e9d-4788-ab08-a1869eba523c","local_time":"20210220195434","is_ascension_mode":true,"campfire_choices":[{"data":"Koishi:HauntingSlash","floor":1,"key":"SMITH"},{"floor":12,"key":"RECALL"},{"floor":15,"key":"REST"}],"circlet_count":0,"master_deck":["Koishi:BasicStrike+1","Koishi:BasicStrike","Koishi:BasicStrike","Koishi:BasicStrike","Koishi:BasicDefend","Koishi:BasicDefend","Koishi:BasicDefend+1","Koishi:BasicDefend","Koishi:Provoke","Koishi:HauntingSlash+1","ReplayTheSpireMod:Private Reserves+1","Koishi:StrangeCloudFist+1","Koishi:PhantomStrike","Koishi:BloodcurdlingScream","Koishi:Vanish","Koishi:CatchAndRose","Koishi:FidgetySnatcher","Koishi:DreadfulBlow","Koishi:SubterraneanRose"],"relics":["Koishi:ImaginaryFriend","Letter Opener"],"acts_visited":["Exordium"],"potions_floor_usage":[18,18,18],"damage_taken":[{"damage":2,"enemies":"downfall:FleeingMerchant","floor":2,"turns":4},{"damage":0,"enemies":"2 Louse","floor":8,"turns":2},{"damage":0,"enemies":"Small Slimes","floor":10,"turns":2},{"damage":0,"enemies":"Cultist","floor":13,"turns":3},{"damage":15,"enemies":"downfall:FleeingMerchant","floor":14,"turns":4},{"damage":6,"enemies":"Large Slime","floor":17,"turns":5},{"damage":61,"enemies":"SI_SHIV_ARCHETYPE","floor":18,"turns":14}],"seed_played":"-7912636118213191077","potions_obtained":[{"floor":5,"key":"downfall:CursedFountainPotion"},{"floor":8,"key":"AttackPotion"},{"floor":10,"key":"SpeedPotion"},{"floor":11,"key":"LiquidMemories"},{"floor":13,"key":"Languid Potion"}],"is_trial":false,"path_per_floor":["R","$","?","?","?","PTL","PTL","M","T","M","?","R","M","$","R","?","M","B"],"character_chosen":"KOISHI","items_purchased":["Koishi:PhantomStrike"],"campfire_rested":1,"item_purchase_floors":[2],"current_hp_per_floor":[60,58,58,58,58,58,58,60,60,60,60,60,60,45,60,65,59,0,0],"gold":60,"neow_bonus":"RANDOM_COLORLESS","is_daily":false,"chose_seed":false,"campfire_upgraded":1,"win_rate":0.0,"timestamp":1613868874,"path_taken":["R","$","?","?","?","PTL","PTL","?","T","M","?","R","?","$","R","?","M","BOSS"],"items_purchased_type":["Card"],"build_version":"2020-12-13","purchased_purges":1,"victory":false,"max_hp_per_floor":[60,60,60,60,60,60,60,60,60,60,60,60,60,60,60,65,65,65,65],"card_choices":[{"not_picked":["Dark Shackles","Bandage Up"],"picked":"ReplayTheSpireMod:Private Reserves","floor":0},{"not_picked":["Koishi:HeartfeltFancy","Koishi:ReleaseOfTheId"],"picked":"Koishi:StrangeCloudFist","floor":2},{"not_picked":["Koishi:PhantomBarrier","Koishi:YoukaiPolygraph"],"picked":"Koishi:BloodcurdlingScream","floor":8},{"not_picked":["Koishi:BloodcurdlingScream","Koishi:ReflexRadar"],"picked":"Koishi:Vanish","floor":10},{"not_picked":["Koishi:UnansweredLove","Koishi:PhantomStrike"],"picked":"Koishi:CatchAndRose","floor":11},{"not_picked":["Koishi:YoukaiPolygraph","Koishi:EmbersOfLove"],"picked":"Koishi:FidgetySnatcher","floor":13},{"not_picked":["Koishi:BloodcurdlingScream","Koishi:PhantomStrike"],"picked":"Koishi:DreadfulBlow","floor":14},{"not_picked":["Koishi:StrangeCloudFist","Koishi:Untouchable"],"picked":"Koishi:SubterraneanRose","floor":17}],"player_experience":245380,"relics_obtained":[{"floor":9,"key":"Letter Opener"}],"event_choices":[{"damage_healed":0,"gold_gain":0,"player_choice":"Donut","damage_taken":0,"max_hp_gain":5,"max_hp_loss":0,"event_name":"Big Fish","floor":16,"gold_loss":0}],"is_beta":false,"boss_relics":[],"items_purged_floors":[14],"is_endless":false,"potions_floor_spawned":[8,10,13,17],"killed_by":"SI_SHIV_ARCHETYPE","ascension_level":1}}