{"host":"v7dcfm09mlh04wa7","time":1613933557,"event":{"mods":["BaseMod","Minty Spire (QoL Compilation)","StSLib"],"gold_per_floor":[16,16,91,16,32,70,70,70,70,70,101,117,133,158,158,286,286,299,48,48,48,48],"floor_reached":21,"language":"ENG","playtime":1002,"items_purged":["Defend_P","Strike_P"],"score":206,"play_id":"d28f29be-005e-4aee-b4bb-9e359054fbc3","local_time":"20210221135237","is_ascension_mode":true,"campfire_choices":[{"data":"Eruption","floor":7,"key":"SMITH"},{"floor":15,"key":"REST"}],"circlet_count":0,"master_deck":["Strike_P+1","Strike_P+1","Defend_P","Defend_P","Defend_P","Eruption+1","Vigilance","Wish","Crescendo","Wireheading","Scrawl","CrushJoints+1","CutThroughFate+1","MentalFortress","ConjureBlade","CurseOfTheBell"],"relics":["PureWater","Golden Idol","Molten Egg 2","Unceasing Top","CaptainsWheel","Calling Bell","Orichalcum","Frozen Egg 2","FossilizedHelix","Whetstone","MutagenicStrength"],"acts_visited":["Exordium","TheCity"],"potions_floor_usage":[6,11],"damage_taken":[{"damage":0,"enemies":"Jaw Worm","floor":1,"turns":3},{"damage":2,"enemies":"2 Louse","floor":5,"turns":2},{"damage":12,"enemies":"Lagavulin","floor":6,"turns":5},{"damage":40,"enemies":"Gremlin Nob","floor":11,"turns":4},{"damage":0,"enemies":"Small Slimes","floor":12,"turns":2},{"damage":0,"enemies":"Exordium Thugs","floor":13,"turns":3},{"damage":2,"enemies":"2 Fungi Beasts","floor":14,"turns":3},{"damage":31,"enemies":"Hexaghost","floor":16,"turns":8},{"damage":0,"enemies":"Shell Parasite","floor":18,"turns":4},{"damage":0,"enemies":"3 Byrds","floor":21,"turns":2}],"seed_played":"1363994369921788655","potions_obtained":[{"floor":5,"key":"Fire Potion"},{"floor":6,"key":"Weak Potion"},{"floor":12,"key":"PowerPotion"},{"floor":13,"key":"SkillPotion"},{"floor":16,"key":"Swift Potion"}],"is_trial":false,"path_per_floor":["M","?","?","$","M","E","R","?","T","?","E","M","M","M","R","B",null,"M","$","?","M"],"character_chosen":"WATCHER","items_purchased":["Whetstone"],"campfire_rested":1,"item_purchase_floors":[19],"current_hp_per_floor":[72,67,56,56,54,42,42,35,35,57,17,17,17,15,35,4,67,67,67,67,67,67],"gold":48,"neow_bonus":"THREE_RARE_CARDS","is_daily":false,"chose_seed":false,"campfire_upgraded":1,"win_rate":0.0,"timestamp":1613933557,"path_taken":["M","?","?","$","M","E","R","?","T","?","E","M","M","M","R","BOSS","M","$","?","M"],"items_purchased_type":["Relic"],"build_version":"2020-12-22","purchased_purges":2,"victory":false,"max_hp_per_floor":[72,67,67,67,67,67,67,67,67,67,67,67,67,67,67,67,67,67,67,67,67,67],"card_choices":[{"not_picked":["DeusExMachina","Alpha"],"picked":"Wish","floor":0},{"not_picked":["EmptyFist","SashWhip"],"picked":"Crescendo","floor":1},{"not_picked":["Weave","LikeWater"],"picked":"Wireheading","floor":5},{"not_picked":["Protect","WreathOfFlame"],"picked":"Scrawl","floor":6},{"not_picked":["Ragnarok+1","EmptyBody"],"picked":"CrushJoints+1","floor":11},{"not_picked":["Weave+1","Prostrate"],"picked":"CutThroughFate+1","floor":12},{"not_picked":["JustLucky+1","EmptyMind"],"picked":"MentalFortress","floor":13},{"not_picked":["Consecrate+1","Perseverance","BattleHymn"],"picked":"SKIP","floor":14},{"not_picked":["Brilliance+1","Ragnarok+1"],"picked":"ConjureBlade","floor":16},{"not_picked":["FlurryOfBlows+1","Protect+1","FlyingSleeves+1"],"picked":"SKIP","floor":18}],"player_experience":237431,"relics_obtained":[{"floor":6,"key":"Molten Egg 2"},{"floor":9,"key":"Unceasing Top"},{"floor":11,"key":"CaptainsWheel"},{"floor":17,"key":"Orichalcum"},{"floor":17,"key":"Frozen Egg 2"},{"floor":17,"key":"FossilizedHelix"}],"event_choices":[{"damage_healed":0,"gold_gain":0,"player_choice":"Lose Max HP","damage_taken":0,"relics_obtained":["Golden Idol"],"max_hp_gain":0,"max_hp_loss":5,"event_name":"Golden Idol","floor":2,"gold_loss":0},{"damage_healed":0,"gold_gain":75,"player_choice":"Gather Gold","damage_taken":11,"max_hp_gain":0,"max_hp_loss":0,"event_name":"World of Goop","floor":3,"gold_loss":0},{"cards_removed":["Strike_P"],"damage_healed":0,"gold_gain":0,"player_choice":"Card Removal","damage_taken":7,"max_hp_gain":0,"max_hp_loss":0,"event_name":"Golden Wing","floor":8,"gold_loss":0},{"damage_healed":22,"gold_gain":0,"player_choice":"Banana","damage_taken":0,"max_hp_gain":0,"max_hp_loss":0,"event_name":"Big Fish","floor":10,"gold_loss":0},{"damage_healed":0,"gold_gain":0,"player_choice":"Inject Mutagens","damage_taken":0,"relics_obtained":["MutagenicStrength"],"max_hp_gain":0,"max_hp_loss":0,"event_name":"Drug Dealer","floor":20,"gold_loss":0}],"is_beta":false,"boss_relics":[{"not_picked":["Velvet Choker","Black Star"],"picked":"Calling Bell"}],"items_purged_floors":[4,19],"is_endless":false,"potions_floor_spawned":[5,6,12,13,16,18],"killed_by":"3 Byrds","ascension_level":2}}