{"host":"a3gu5zu37ht99mpa","time":1613938894,"event":{"mods":["100% Spire Juice","Act Like it!","BaseMod","Better Silent Start","Better Third Choice","BetterRewards","Conspire","Downfall","Energized Spire","Friendly Minions","GifTheSpireLib","Gold Saver","Gremlin Mod","Halation","Hallownest","Hermit","HololiveMod","JesterMod","Koishi","Lobotomy","LobotomyExtend","Luminous","Minty Spire (QoL Compilation)","Reliquary","Shade Mod","StSLib","Stuff the Spire","The Administrix","The Animator","The Bug Knight","The Cursed","The Hayseed","The Necromancer","The Poker Player","The Runesmith","The Saiyan","The Senshi","The Showman","The Wild Card","Virulent Crown","Wandering Minibosses","WarShipGirlsR/????R mod","Yohane!","Yuyuko","yUi","??????REMEMod"],"gold_per_floor":[114,26,43,43,19,48,48,58,58,58,58,68,78,80,80,80,80],"floor_reached":16,"language":"ENG","playtime":1250,"items_purged":[],"score":127,"play_id":"5cbac109-f6a1-41d3-8fcf-5846574b5746","local_time":"20210221152134","is_ascension_mode":false,"campfire_choices":[{"data":"sneckomod:UnknownRareSkill","floor":7,"key":"SMITH"},{"data":"TheCursedMod:FleshFromBone","floor":15,"key":"SMITH"}],"circlet_count":0,"master_deck":["TheCursedMod:Strike_TheCursed","TheCursedMod:Strike_TheCursed","TheCursedMod:Strike_TheCursed","TheCursedMod:Strike_TheCursed","TheCursedMod:Defend_TheCursed","TheCursedMod:Defend_TheCursed","TheCursedMod:Defend_TheCursed","TheCursedMod:Defend_TheCursed","TheCursedMod:CursedWand","TheCursedMod:CleanUpWorkshop","TheCursedMod:Dregs","sneckomod:UnknownRareSkill+1","TheCursedMod:SmokeScreen","TheCursedMod:SpitefulPlan","TheCursedMod:FleshFromBone+1","TheCursedMod:CursedAmulet","TheCursedMod:Stigma","TheCursedMod:Wield","TheCursedMod:CursedBoomerang","TheCursedMod:VitalStrike","Wellcheers","Laetitia","TheCursedMod:CursedBoomerang"],"relics":["TheCursedMod:BlackMagic101","REME_ComplimentaryCards","CogitoBucket","LetterFromLob","Hallownest:DreamNailRelic","Gambling Chip"],"acts_visited":["Hallownest:Greenpath"],"potions_floor_usage":[6],"damage_taken":[{"damage":4,"enemies":"Hallownest:monsterHuskWarrior","floor":1,"turns":5},{"damage":2,"enemies":"Hallownest:2_Tiktiks_and_1_Crawlid","floor":3,"turns":6},{"damage":0,"enemies":"Hallownest:eliteVengeflyKing","floor":6,"turns":11},{"damage":3,"enemies":"2_ Uuma","floor":8,"turns":5},{"damage":8,"enemies":"Hallownest:monsterFoolEater","floor":12,"turns":6},{"damage":19,"enemies":"Hallownest:MossCreep_and_Mosskin","floor":13,"turns":8},{"damage":18,"enemies":"Hallownest:Guard_and_Warrior","floor":14,"turns":6},{"damage":31,"enemies":"Hallownest:BossHornet","floor":16,"turns":2}],"seed_played":"1184219968579285888","potions_obtained":[{"floor":3,"key":"AttackPotion"},{"floor":14,"key":"Strength Potion"}],"is_trial":false,"path_per_floor":["M","$","M","?","$","E","R","M","T","M","?","M","M","M","R","B"],"character_chosen":"THE_CURSED","items_purchased":["TheCursedMod:SpitefulPlan","TheCursedMod:FleshFromBone","TheCursedMod:CursedAmulet"],"campfire_rested":0,"item_purchase_floors":[2,2,5],"current_hp_per_floor":[71,71,69,69,69,69,69,66,66,66,66,58,39,27,27,0,0],"gold":80,"neow_bonus":"","is_daily":false,"chose_seed":false,"campfire_upgraded":2,"win_rate":0.0,"timestamp":1613938894,"path_taken":["M","$","M","?","?","E","R","M","T","M","?","M","M","?","R","BOSS"],"items_purchased_type":["Card","Card","Card"],"build_version":"2020-12-22","purchased_purges":0,"victory":false,"max_hp_per_floor":[75,75,75,75,75,75,75,75,75,75,75,75,75,75,75,75,75],"card_choices":[{"not_picked":["TheCursedMod:CursedArmor","TheCursedMod:CircleOfFlame"],"picked":"TheCursedMod:SmokeScreen","floor":1},{"not_picked":["TheCursedMod:SpitefulStrike","TheCursedMod:CircleOfFocus","TheCursedMod:Obscuration"],"picked":"SKIP","floor":3},{"not_picked":["TheCursedMod:VitalStrike","TheCursedMod:DoubleShield"],"picked":"TheCursedMod:Stigma","floor":6},{"not_picked":["TheCursedMod:Obscuration","TheCursedMod:FuryStrike"],"picked":"TheCursedMod:Wield","floor":8},{"not_picked":["TheCursedMod:VitalStrike","TheCursedMod:CircleOfAmplification"],"picked":"TheCursedMod:CursedBoomerang","floor":12},{"not_picked":["TheCursedMod:FuryStrike","TheCursedMod:BloodBarrier"],"picked":"TheCursedMod:VitalStrike","floor":13},{"not_picked":["Mercenary","OldLady"],"picked":"Wellcheers","floor":13},{"not_picked":["MeltingLove","Woodsman"],"picked":"Laetitia","floor":14},{"not_picked":["TheCursedMod:TroublousMinions","TheCursedMod:TacticalStrike"],"picked":"TheCursedMod:CursedBoomerang","floor":14}],"player_experience":130899,"relics_obtained":[{"floor":1,"key":"LetterFromLob"},{"floor":6,"key":"Gambling Chip"}],"event_choices":[],"is_beta":false,"boss_relics":[],"items_purged_floors":[],"is_endless":false,"potions_floor_spawned":[3,14],"killed_by":"Hallownest:BossHornet","ascension_level":0}}