{"host":"gn96mxb33x5p409u","time":1613895092,"event":{"mods":["2.2 Compatiblity","AchievementEnabler","Act Like it!","BaseMod","Colored Powertips","Downfall","Hubris","Infinite Spire","Lobotomy","Minty Spire (QoL Compilation)","Replay The Spire","Ruina","StSLib","The Animator"],"gold_per_floor":[99,99,99,99,7,37,37,37,37,62,62,72,72,57,76,180,180,80,92,4,20,39,57,57,91,91,91,91],"floor_reached":26,"language":"ENG","playtime":1399,"items_purged":[],"score":268,"play_id":"dc1698ca-5d2b-4095-83ed-4b932f719fc8","local_time":"20210221101132","is_ascension_mode":true,"campfire_choices":[{"floor":1,"key":"DIG"},{"floor":13,"key":"REST"},{"floor":18,"key":"DIG"}],"circlet_count":0,"master_deck":["bronze:Strike","bronze:Strike","bronze:Strike","bronze:Strike","bronze:Defend","bronze:Defend","bronze:Defend","bronze:Defend","bronze:Replicate","bronze:Goto","bronze:DigitalCarnage","bronze:DelayedSlice+1","bronze:WhirlingStrike","expansioncontent:Chronoboost","bronze:ChosenStrike","bronze:HardenedForm","bronze:FollowUp","bronze:FineTuning","bronze:ThunderWave","bronze:Iterate","ReplayTheSpireMod:IOU","expansioncontent:DashGenerateEvil","bronze:Separator","bronze:Boost"],"relics":["bronze:BronzeCore","downfall:HeartsMalice","Art of War","Replay:Wax Seal","Pear","Ginger","Centennial Puzzle","hubris:ScarierMask","downfall:HeartBlessingBlue","Bronze Scales","Frozen Egg 2","Pen Nib"],"acts_visited":["Exordium","ruina:Briah"],"potions_floor_usage":[16,20,23,25],"damage_taken":[{"damage":0,"enemies":"2 Louse","floor":2,"turns":1},{"damage":0,"enemies":"Jaw Worm","floor":3,"turns":1},{"damage":0,"enemies":"downfall:FleeingMerchant","floor":5,"turns":1},{"damage":21,"enemies":"Lagavulin","floor":6,"turns":5},{"damage":31,"enemies":"3 Sentries","floor":10,"turns":5},{"damage":0,"enemies":"Cultist","floor":12,"turns":2},{"damage":5,"enemies":"downfall:FleeingMerchant","floor":14,"turns":4},{"damage":12,"enemies":"2 Fungi Beasts","floor":15,"turns":2},{"damage":33,"enemies":"DF_ARCHETYPE_STREAMLINE","floor":16,"turns":8},{"damage":18,"enemies":"ruina:3_Bats","floor":19,"turns":4},{"damage":5,"enemies":"downfall:FleeingMerchant","floor":20,"turns":4},{"damage":5,"enemies":"ruina:Nosferatu","floor":21,"turns":2},{"damage":16,"enemies":"ruina:Woodsman","floor":22,"turns":2},{"damage":20,"enemies":"ruina:KnightOfDespair","floor":23,"turns":4},{"damage":33,"enemies":"ruina:Mountain","floor":25,"turns":9},{"damage":10,"enemies":"ruina:KingOfGreed","floor":26,"turns":1}],"seed_played":"6714446019891386218","potions_obtained":[{"floor":10,"key":"bronze:FreeFunctionsPotion"},{"floor":12,"key":"SteroidPotion"},{"floor":15,"key":"Strength Potion"},{"floor":16,"key":"Regen Potion"},{"floor":19,"key":"Death Potion"},{"floor":22,"key":"Fire Potion"}],"is_trial":false,"path_per_floor":["R","M","M","?","$","E","T","T","?","E","T","M","R","$","M","B",null,"R","M","$","M","M","M","T","E","M"],"character_chosen":"THE_AUTOMATON","items_purchased":["expansioncontent:Chronoboost","expansioncontent:DashGenerateEvil"],"campfire_rested":1,"item_purchase_floors":[5,20],"current_hp_per_floor":[70,70,70,70,70,49,49,59,59,28,28,28,52,47,35,2,80,90,72,81,76,60,40,40,7,0,0,0],"gold":91,"neow_bonus":"THREE_ENEMY_KILL","is_daily":false,"chose_seed":false,"campfire_upgraded":0,"win_rate":0.0,"timestamp":1613895092,"path_taken":["R","M","M","?","$","E","T","?","?","E","?","M","R","$","M","BOSS","R","M","?","?","M","M","T","E","M"],"items_purchased_type":["Card","Card"],"build_version":"2020-12-22","purchased_purges":0,"victory":false,"max_hp_per_floor":[70,70,70,70,70,70,70,80,80,80,80,80,80,80,80,80,80,90,90,90,90,90,90,90,90,90,90,90],"card_choices":[{"not_picked":["bronze:BitShift","bronze:DelayedSlice"],"picked":"bronze:DigitalCarnage","floor":2},{"not_picked":["bronze:OilSpill","bronze:Shield"],"picked":"bronze:DelayedSlice","floor":3},{"not_picked":["bronze:DarkDash","bronze:FineTuning"],"picked":"bronze:WhirlingStrike","floor":5},{"not_picked":["bronze:BronzeOrb","bronze:Flail"],"picked":"bronze:ChosenStrike","floor":6},{"not_picked":["bronze:BronzeOrb","bronze:GetLatest"],"picked":"bronze:HardenedForm","floor":10},{"not_picked":["bronze:DelayedSlice","bronze:BronzeArmor","bronze:WhirlingStrike"],"picked":"SKIP","floor":12},{"not_picked":["bronze:BronzeArmor","bronze:Constructor"],"picked":"bronze:FollowUp","floor":14},{"not_picked":["bronze:Allocate","bronze:Shield"],"picked":"bronze:FineTuning","floor":15},{"not_picked":["bronze:BurnOut","bronze:Assembly"],"picked":"bronze:ThunderWave","floor":16},{"not_picked":["bronze:Frontload","bronze:Constructor"],"picked":"bronze:Iterate","floor":19},{"not_picked":["bronze:Deprecate","bronze:FineTuning","bronze:Branch"],"picked":"SKIP","floor":20},{"not_picked":["bronze:Turbo","bronze:Optimize"],"picked":"bronze:Separator","floor":21},{"not_picked":["bronze:Allocate","bronze:WhirlingStrike+1","bronze:BugBarrage+1"],"picked":"SKIP","floor":22},{"not_picked":["bronze:Flail","bronze:BuggyMess","bronze:Branch"],"picked":"SKIP","floor":23},{"not_picked":["bronze:CutThrough","bronze:ForLoop+1"],"picked":"bronze:Boost","floor":25}],"player_experience":550867,"relics_obtained":[{"floor":1,"key":"Art of War"},{"floor":6,"key":"Replay:Wax Seal"},{"floor":8,"key":"Pear"},{"floor":10,"key":"Ginger"},{"floor":11,"key":"Centennial Puzzle"},{"floor":18,"key":"Bronze Scales"},{"floor":24,"key":"Frozen Egg 2"},{"floor":25,"key":"Pen Nib"}],"event_choices":[],"is_beta":false,"boss_relics":[{"not_picked":["Abe\u0027s Treasure","hubris:BlackHole"],"picked":"hubris:ScarierMask"}],"items_purged_floors":[],"is_endless":false,"potions_floor_spawned":[10,12,15,16,19,22],"killed_by":"ruina:KingOfGreed","ascension_level":1}}