{"host":"fr1l74x1jw61j7hk","time":1613922979,"event":{"mods":["BaseMod","Downfall","Minty Spire (QoL Compilation)","StSLib"],"gold_per_floor":[99,110,210,233,247,247,247,147,157,168,168,182,216,231,246,351,351,351,365,365,102,118,133,133,146,160,160,175,188,188,188,188],"floor_reached":30,"language":"ZHS","playtime":2426,"items_purged":["Doubt"],"score":263,"play_id":"93cfd1bf-92a0-4a60-b190-5eb31a0b006d","local_time":"20210221235619","is_ascension_mode":false,"campfire_choices":[{"data":"champ:Taunt","floor":1,"key":"SMITH"},{"data":"champ:StanceDance","floor":6,"key":"SMITH"},{"data":"champ:Execute","floor":8,"key":"SMITH"},{"data":"champ:UltimateStance","floor":18,"key":"SMITH"},{"data":"expansioncontent:DashGenerateEvil","floor":27,"key":"SMITH"}],"circlet_count":0,"master_deck":["champ:Strike","champ:Strike","champ:Defend","champ:Defend","champ:Execute+1","champ:Taunt+1","champ:StanceDance+1","champ:Lariat","champ:Encircle+1","champ:RecklessLeap+1","champ:Duel","champ:FanOfKnives","champ:ShieldThrow","champ:UltimateStance+1","champ:ShieldThrow+1","champ:IgnorePain+1","champ:Lariat+1","champ:SetATrap","champ:Backstep+1","expansioncontent:DashGenerateEvil+1","champ:GutPunch+1","champ:FocusedBerserking","champ:BerserkersShout+1","champ:Shatter","champ:FaceSlap"],"relics":["champ:ChampionCrown","Nunchaku","downfall:HeartBlessingBlue","Darkstone Periapt","Astrolabe","White Beast Statue"],"acts_visited":["Exordium","TheCity"],"potions_floor_usage":[13,16,16,26],"damage_taken":[{"damage":10,"enemies":"Small Slimes","floor":2,"turns":3},{"damage":27,"enemies":"Jaw Worm","floor":5,"turns":3},{"damage":10,"enemies":"2 Louse","floor":9,"turns":2},{"damage":39,"enemies":"Exordium Thugs","floor":10,"turns":4},{"damage":6,"enemies":"Red Slaver","floor":12,"turns":4},{"damage":69,"enemies":"3 Sentries","floor":13,"turns":6},{"damage":40,"enemies":"Gremlin Gang","floor":14,"turns":4},{"damage":20,"enemies":"3 Louse","floor":15,"turns":3},{"damage":67,"enemies":"WA_ARCHETYPE_RETAIN","floor":16,"turns":6},{"damage":30,"enemies":"Chosen","floor":19,"turns":4},{"damage":70,"enemies":"downfall:FleeingMerchant","floor":21,"turns":4},{"damage":29,"enemies":"downfall:LooterAlt2","floor":22,"turns":4},{"damage":40,"enemies":"Snecko","floor":23,"turns":3},{"damage":89,"enemies":"Centurion and Healer","floor":25,"turns":6},{"damage":47,"enemies":"Chosen and Byrds","floor":26,"turns":4},{"damage":57,"enemies":"Shelled Parasite and Fungi","floor":28,"turns":5},{"damage":10,"enemies":"Snecko","floor":29,"turns":4},{"damage":66,"enemies":"Chosen and Byrds","floor":30,"turns":5}],"seed_played":"-1489144315492934954","potions_obtained":[{"floor":5,"key":"SteroidPotion"},{"floor":13,"key":"SpeedPotion"},{"floor":14,"key":"bronze:BurnAndBuffPotion"},{"floor":15,"key":"Fire Potion"},{"floor":23,"key":"FearPotion"},{"floor":25,"key":"Fruit Juice"},{"floor":26,"key":"BlessingOfTheForge"}],"is_trial":false,"path_per_floor":["R","M","?","T","M","R","T","R","M","M","?","M","E","M","M","B",null,"R","M","?","$","M","M","T","M","M","R","M","M","M"],"character_chosen":"THE_CHAMP","items_purchased":["expansioncontent:DashGenerateEvil"],"campfire_rested":0,"item_purchase_floors":[21],"current_hp_per_floor":[99,99,99,99,92,92,92,102,102,93,93,92,73,68,68,52,109,109,109,109,109,90,90,90,66,64,64,52,52,0,0,0],"gold":188,"neow_bonus":"TEN_PERCENT_HP_BONUS","is_daily":false,"chose_seed":false,"campfire_upgraded":5,"win_rate":0.0,"timestamp":1613922979,"path_taken":["R","M","?","?","M","R","T","R","M","M","?","M","E","M","M","BOSS","R","M","?","$","?","M","T","M","M","R","M","M","?"],"items_purchased_type":["Card"],"build_version":"2020-12-22","purchased_purges":1,"victory":false,"max_hp_per_floor":[99,99,99,99,99,99,99,109,109,109,109,109,109,109,109,109,109,109,109,109,109,109,109,109,109,114,114,114,114,114,114,114],"card_choices":[{"not_picked":["champ:BringItOn","champ:PreciseThrust"],"picked":"champ:StanceDance","floor":2},{"not_picked":["champ:CrownThrow","champ:AdrenalArmor"],"picked":"champ:Lariat","floor":5},{"not_picked":["champ:AdrenalArmor","champ:BerserkersShout"],"picked":"champ:Encircle","floor":9},{"not_picked":["champ:GladiatorStyle","champ:Endure"],"picked":"champ:RecklessLeap","floor":10},{"not_picked":["champ:BladeFlurry","champ:FocusedDefense"],"picked":"champ:Duel","floor":12},{"not_picked":["champ:CrownThrow","champ:BringItOn"],"picked":"champ:FanOfKnives","floor":13},{"not_picked":["champ:FanOfKnives","champ:Haymaker","champ:FlashCut"],"picked":"SKIP","floor":14},{"not_picked":["champ:PerfectedStrike","champ:Backstep"],"picked":"champ:ShieldThrow","floor":15},{"not_picked":["champ:DancingMaster","champ:SteelEdge"],"picked":"champ:UltimateStance","floor":16},{"not_picked":["champ:CrownThrow+1","champ:TornadoPunch","champ:PerfectedStrike"],"picked":"SKIP","floor":19},{"not_picked":["champ:GutPunch","champ:StanceDance"],"picked":"champ:Backstep+1","floor":21},{"not_picked":["champ:BerserkersShout","champ:StanceDance"],"picked":"champ:GutPunch+1","floor":22},{"not_picked":["champ:FancyFootwork","champ:SkillfulDodge"],"picked":"champ:FocusedBerserking","floor":23},{"not_picked":["champ:SetATrap+1","champ:Backstep","champ:AdrenalArmor+1"],"picked":"SKIP","floor":25},{"not_picked":["champ:IronFortress","champ:SkillfulDodge"],"picked":"champ:BerserkersShout+1","floor":26},{"not_picked":["champ:Circumvent","champ:DeathBlow"],"picked":"champ:Shatter","floor":28},{"not_picked":["champ:PerfectedStrike","champ:EnGarde"],"picked":"champ:FaceSlap","floor":29}],"player_experience":494425,"relics_obtained":[{"floor":4,"key":"Nunchaku"},{"floor":13,"key":"Darkstone Periapt"},{"floor":24,"key":"White Beast Statue"}],"event_choices":[],"is_beta":false,"boss_relics":[{"not_picked":["Cursed Key","Runic Dome"],"picked":"Astrolabe"}],"items_purged_floors":[21],"is_endless":false,"potions_floor_spawned":[5,13,14,15,23,25,26,28,29],"killed_by":"Chosen and Byrds","ascension_level":0}}