{"host":"0fmi5fguj5lvt8pf","time":1613876975,"event":{"mods":["BaseMod","Colored Map","Curses Come First","Downfall","Minty Spire (QoL Compilation)","Permanent Neow","StSLib"],"gold_per_floor":[99,118,118,118,41,58,84,84,149,174,193,193,210,241,258,360,360,360,380,400,400,33,33,33,33,133,151,51,68,78,328,341,439,439,239,253,253,303,318,353,424,424,437,233,31,51,80,105,119,119,119,146,125,125,125,125],"floor_reached":57,"language":"ENG","playtime":4432,"items_purged":["bronze:Strike","bronze:Defend"],"score":1347,"play_id":"fffe992d-9799-493d-b273-f2b2bca1b4e2","local_time":"20210220190935","is_ascension_mode":false,"campfire_choices":[{"data":"bronze:Goto","floor":1.0,"key":"SMITH"},{"floor":8.0,"key":"REST"},{"floor":12.0,"key":"REST"},{"floor":18.0,"key":"RECALL"},{"data":"bronze:GetLatest","floor":25.0,"key":"SMITH"},{"floor":28,"key":"REST"},{"data":"bronze:HardenedForm","floor":35,"key":"SMITH"},{"data":"bronze:Verify","floor":54,"key":"SMITH"}],"circlet_count":0,"master_deck":["bronze:Replicate","bronze:Goto+1","bronze:Terminator","bronze:WildBeam","bronze:Refactor","bronze:Repulsor","bronze:OilSpill","bronze:Shield","bronze:BronzeOrb","bronze:GetLatest+1","bronze:Terminator","bronze:WildBeam","bronze:InfiniteLoop","bronze:Allocate+1","bronze:InfiniteBeams+1","bronze:TinkerersToolbox+1","bronze:BronzeOrb","bronze:RecursiveStrike","bronze:Shield","bronze:DelayedGuard+1","bronze:DelayedGuard+1","bronze:HardenedForm+1","bronze:Mutator","bronze:FollowUp+1","bronze:Verify+1","bronze:Iterate"],"relics":["bronze:BronzeCore","The Courier","Pen Nib","hexamod:BolsterEngine","Bronze Scales","TungstenRod","Astrolabe","bronze:SilverBullet","Vajra","White Beast Statue","downfall:HeartBlessingRed","SlaversCollar","downfall:HeartBlessingGreen","downfall:HeartBlessingBlue","Bird Faced Urn","Guardian:PocketSentry","HornCleat","Kunai","bronze:CableSpool","PreservedInsect","Anchor","Toy Ornithopter"],"acts_visited":["Exordium","TheCity","TheBeyond","TheEnding"],"potions_floor_usage":[29,30,32,50,50,50,50,56,56],"damage_taken":[{"damage":0.0,"enemies":"2 Louse","floor":2.0,"turns":2.0},{"damage":0.0,"enemies":"downfall:FleeingMerchant","floor":5.0,"turns":4.0},{"damage":11.0,"enemies":"Jaw Worm","floor":6.0,"turns":2.0},{"damage":18.0,"enemies":"3 Sentries","floor":9.0,"turns":7.0},{"damage":0.0,"enemies":"Gremlin Nob","floor":10.0,"turns":3.0},{"damage":0.0,"enemies":"Small Slimes","floor":11.0,"turns":2.0},{"damage":4.0,"enemies":"Exordium Thugs","floor":13.0,"turns":1.0},{"damage":12.0,"enemies":"Lagavulin","floor":14.0,"turns":5.0},{"damage":0.0,"enemies":"Lots of Slimes","floor":15.0,"turns":4.0},{"damage":19.0,"enemies":"IC_STATUS_ARCHETYPE","floor":16.0,"turns":5.0},{"damage":3.0,"enemies":"Chosen","floor":19.0,"turns":3.0},{"damage":9.0,"enemies":"Shell Parasite","floor":20.0,"turns":4.0},{"damage":10.0,"enemies":"downfall:FleeingMerchant","floor":22.0,"turns":4.0},{"damage":14,"enemies":"downfall:LadyInBlue","floor":26,"turns":4},{"damage":3,"enemies":"Chosen and Byrds","floor":27,"turns":3},{"damage":7,"enemies":"Snake Plant","floor":29,"turns":2},{"damage":0,"enemies":"3 Cultists","floor":30,"turns":3},{"damage":0,"enemies":"downfall:FleeingMerchant","floor":31,"turns":1},{"damage":0,"enemies":"Centurion and Healer","floor":32,"turns":4},{"damage":0,"enemies":"DF_ARCHETYPE_CLAW","floor":33,"turns":6},{"damage":18,"enemies":"3 Darklings","floor":36,"turns":3},{"damage":0,"enemies":"3 Darklings","floor":38,"turns":3},{"damage":0,"enemies":"Orb Walker","floor":39,"turns":3},{"damage":0,"enemies":"Giant Head","floor":40,"turns":6},{"damage":0,"enemies":"Sphere and 2 Shapes","floor":43,"turns":4},{"damage":0,"enemies":"Writhing Mass","floor":46,"turns":6},{"damage":0,"enemies":"Reptomancer","floor":47,"turns":4},{"damage":16,"enemies":"Transient","floor":49,"turns":5},{"damage":17,"enemies":"WA_ARCHETYPE_DIVINITY","floor":50,"turns":5},{"damage":11,"enemies":"downfall:CharBossMerchant","floor":52,"turns":6},{"damage":32,"enemies":"downfall:NeowBoss","floor":55,"turns":15},{"damage":73,"enemies":"downfall:NeowBossFinal","floor":56,"turns":12}],"seed_played":"-6272583018626588846","potions_obtained":[{"floor":6.0,"key":"AttackPotion"},{"floor":9.0,"key":"PowerPotion"},{"floor":11.0,"key":"SneckoOil"},{"floor":14.0,"key":"bronze:CleanCodePotion"},{"floor":16.0,"key":"DuplicationPotion"},{"floor":26,"key":"Energy Potion"},{"floor":29,"key":"sneckomod:MuddlingPotion"},{"floor":30,"key":"Strength Potion"},{"floor":32,"key":"Fruit Juice"},{"floor":33,"key":"SneckoOil"},{"floor":43,"key":"EntropicBrew"},{"floor":46,"key":"Regen Potion"},{"floor":52,"key":"PowerPotion"}],"is_trial":false,"path_per_floor":["R","M","?","T","$","M","T","R","?","E","M","R","M","E","M","B",null,"R","M","M","?","$","?","T","R","?","M","R","M","M","$","M","B",null,"R","M","?","?","M","E","T","?","M","$","$","M","E","?","M","B",null,"E","$","R","B","B",null],"character_chosen":"THE_AUTOMATON","items_purchased":["bronze:Repulsor","bronze:RecursiveStrike","bronze:Shield","Vajra","Kunai","bronze:CableSpool","bronze:Iterate"],"campfire_rested":3,"item_purchase_floors":[5,22,22,22,44,45,53],"current_hp_per_floor":[49,49,49,49,49,38,38,59,41,41,41,62,58,46,46,27,70,70,67,58,58,48,48,48,48,34,31,52,45,45,45,50,50,75,85,67,63,63,67,73,73,73,79,79,79,79,83,83,69,56,85,78,78,78,54,1],"gold":125,"neow_bonus":"REMOVE_TWO","is_daily":false,"chose_seed":false,"campfire_upgraded":4,"win_rate":0.0,"timestamp":1613876975,"path_taken":["R","M","?","?","?","M","T","R","?","E","?","R","M","E","M","BOSS","R","M","M","?","$","?","T","R","?","M","R","?","?","?","M","BOSS","R","M","?","?","M","E","T","?","M","?","$","M","E","?","M","BOSS","E","$","R","BOSS","BOSS"],"items_purchased_type":["Card","Card","Card","Relic","Relic","Relic","Card"],"build_version":"2020-12-22","purchased_purges":2,"victory":true,"max_hp_per_floor":[70,70,70,70,70,70,70,70,70,70,70,70,70,70,70,70,70,70,70,70,70,70,70,70,70,70,70,70,70,70,70,75,75,75,85,85,85,85,85,85,85,85,85,85,85,85,85,85,85,85,85,85,85,85,85,85],"card_choices":[{"not_picked":["bronze:Deprecate","bronze:BuggyMess"],"picked":"bronze:Terminator","floor":2.0},{"not_picked":["bronze:Frontload","bronze:ItsAFeature"],"picked":"bronze:Refactor","floor":5.0},{"not_picked":["bronze:Branch","bronze:BugBarrage"],"picked":"bronze:OilSpill","floor":6.0},{"not_picked":["bronze:Deprecate","bronze:BronzeArmor"],"picked":"bronze:Shield","floor":9.0},{"not_picked":["bronze:Repair","bronze:WhirlingStrike"],"picked":"bronze:BronzeOrb","floor":10.0},{"not_picked":["bronze:Flail","bronze:Invalidate","bronze:Backtrace"],"picked":"SKIP","floor":11.0},{"not_picked":["bronze:Allocate","bronze:Invalidate"],"picked":"bronze:GetLatest","floor":13.0},{"not_picked":["bronze:Safeguard","bronze:DigitalCarnage"],"picked":"bronze:Terminator","floor":14.0},{"not_picked":["bronze:ForLoop","bronze:Repair"],"picked":"bronze:WildBeam","floor":15.0},{"not_picked":["bronze:Format","bronze:ThunderWave"],"picked":"bronze:InfiniteLoop","floor":16.0},{"not_picked":["bronze:Deprecate","bronze:Turbo+1"],"picked":"bronze:BronzeOrb","floor":19.0},{"not_picked":["bronze:BuggyMess+1","bronze:WhirlingStrike","bronze:Return"],"picked":"SKIP","floor":20.0},{"not_picked":["bronze:CleanCode","bronze:Shield","bronze:Deprecate+1"],"picked":"SKIP","floor":22.0},{"not_picked":["bronze:Constructor","bronze:BitShift","bronze:Overheat+1"],"picked":"SKIP","floor":27},{"not_picked":["bronze:GetLatest","bronze:Repair+1"],"picked":"bronze:DelayedGuard+1","floor":29},{"not_picked":["bronze:DelayedSlice","bronze:Overload"],"picked":"bronze:DelayedGuard+1","floor":30},{"not_picked":["bronze:FineTuning","bronze:Overheat","bronze:Refactor"],"picked":"SKIP","floor":31},{"not_picked":["bronze:CutThrough+1","bronze:NullPointer"],"picked":"bronze:HardenedForm","floor":32},{"not_picked":["bronze:Library","bronze:Assembly"],"picked":"bronze:Mutator","floor":33},{"not_picked":["bronze:Turbo","bronze:BugBarrage+1"],"picked":"bronze:FollowUp+1","floor":36},{"not_picked":["bronze:HyperBeam","bronze:Terminator+1","bronze:Turbo+1"],"picked":"SKIP","floor":39},{"not_picked":["bronze:Branch","bronze:Constructor","bronze:Optimize+1"],"picked":"SKIP","floor":40},{"not_picked":["bronze:ItsAFeature+1","bronze:DarkDash","bronze:BronzeOrb+1"],"picked":"SKIP","floor":43},{"not_picked":["bronze:Flail+1","bronze:WildBeam","bronze:Constructor"],"picked":"SKIP","floor":46},{"not_picked":["bronze:ShipIt","bronze:WildBeam+1","bronze:InfiniteBeams+1"],"picked":"SKIP","floor":47},{"not_picked":["bronze:Deprecate+1","bronze:CutThrough+1","bronze:Constructor"],"picked":"SKIP","floor":49},{"not_picked":["bronze:Optimize","bronze:Overload+1"],"picked":"bronze:Verify","floor":52}],"player_experience":1506800,"relics_obtained":[{"floor":4.0,"key":"The Courier"},{"floor":7.0,"key":"Pen Nib"},{"floor":9.0,"key":"hexamod:BolsterEngine"},{"floor":10.0,"key":"Bronze Scales"},{"floor":14.0,"key":"TungstenRod"},{"floor":26,"key":"White Beast Statue"},{"floor":38,"key":"Bird Faced Urn"},{"floor":40,"key":"Guardian:PocketSentry"},{"floor":41,"key":"HornCleat"},{"floor":47,"key":"PreservedInsect"},{"floor":48,"key":"Anchor"},{"floor":52,"key":"Toy Ornithopter"}],"event_choices":[],"is_beta":false,"boss_relics":[{"not_picked":["Sozu","sneckomod:SneckoTalon"],"picked":"Astrolabe"},{"not_picked":["Calling Bell","bronze:ElectromagneticCoil"],"picked":"SlaversCollar"}],"items_purged_floors":[22,31],"is_endless":false,"potions_floor_spawned":[6,9,11,14,16,19,27,29,30,31,32,33,36,38,39,40,43,46,47,49,52],"ascension_level":0}}