{"host":"61ejhfsushs0xmcl","time":1613921896,"event":{"mods":["ATMod(阿瑾Mod)","Act Like it!","BaseMod","Colored Map","Gold Saver","Minty Spire (QoL Compilation)","MostiFishMod","Remilia（蕾米莉亚）","Spicy Shops","StSLib","TestMod","The Marked","[IsaacMod]以撒尖塔","【遗物卡牌】REMEMod","篝火指南"],"gold_per_floor":[1220,1220,1220,1220,1234,1234,1265,1265,1265,1308,1333,898,928,501,501,652,652,670,689,702,702,515,548,561,601,601,91,126,126,147,506,506,629,629,648,667,265,606,409,448,473,473,473,512,834,868,889,1051,837,962,962,1381,876,961,990],"floor_reached":56,"language":"ZHS","playtime":1649,"items_purged":["Defend_RM","Defend_RM","Defend_RM","Defend_RM","RedMoon","Strike_RM","Strike_RM","Strike_RM","Decay"],"score":2544,"play_id":"09569278-dc14-4762-84be-4ce5a4a2e77f","local_time":"20210221233816","is_ascension_mode":true,"campfire_choices":[{"data":"Barricade","floor":6.0,"key":"SMITH"},{"data":"AT_ChampionStep","floor":8.0,"key":"SMITH"},{"floor":15.0,"key":"RECALL"},{"data":"HunterOfTheNight","floor":29.0,"key":"SMITH"},{"data":"QueenOfMidnight","floor":32.0,"key":"SMITH"}],"circlet_count":0,"master_deck":["AT_ChampionStep+1","Barricade+1","RedNightlessCastle+1","QueenOfMidnight+1","HunterOfTheNight+1","AT_ChampionStep+1","EquivalentExchange+1","BloodHunter+1"],"relics":["ScarletHat","AT_ATBox","REME_ComplimentaryCards","testmod-TestBox","HushsDoor","D6","testmod-NegativeEmotionEnhancer","PatriotShield","NeowsBlessing","SynthV:TestCard","DaveBox","ExusiaiGun","Golden Idol","Turnip","testmod-ArcanaOfDestiny","BFFS","AT_ImmortalShieldbow","Odd Mushroom","SteamSale","REME_CardOfGreed","Question Card","testmod-Prudence","BelialBook","DollysMirror","TuHaoJin","BookOfRevelations","DeadEye","RedBat","HowToJump","Chemical X","testmod-Alchemist","Shuriken","BloodDonationBag","AT_TrinityForce","Sling","Orichalcum","Oddly Smooth Stone","CeramicFish","ClockworkSouvenir","Pear","Blue Candle","PreservedInsect","PunchingBag","testmod-IndustrialRevolution","AT_MibuBalloonWealth","testmod-LifeArmor","Orrery","SalivaCoin","Mummified Hand","testmod-OneHitWonder","BionicSphere","Habit","AT_BellowingDragoncrestRing","Bag of Marbles","Technique","Leech"],"acts_visited":["Exordium","TheCity","TheBeyond","TheEnding"],"potions_floor_usage":[55,55,55,55],"damage_taken":[{"damage":0.0,"enemies":"Small Slimes","floor":1.0,"turns":1.0},{"damage":0.0,"enemies":"Jaw Worm","floor":5.0,"turns":1.0},{"damage":0.0,"enemies":"3 Sentries","floor":7.0,"turns":2.0},{"damage":0.0,"enemies":"Lagavulin","floor":10.0,"turns":1.0},{"damage":0.0,"enemies":"2 Louse","floor":11.0,"turns":2.0},{"damage":0.0,"enemies":"The Mushroom Lair","floor":13.0,"turns":2.0},{"damage":0.0,"enemies":"Hexaghost","floor":16.0,"turns":1.0},{"damage":0.0,"enemies":"Chosen","floor":18.0,"turns":1.0},{"damage":0.0,"enemies":"Shell Parasite","floor":19.0,"turns":1.0},{"damage":0.0,"enemies":"Chosen and Byrds","floor":20.0,"turns":1.0},{"damage":0.0,"enemies":"Book of Stabbing","floor":23.0,"turns":1.0},{"damage":0.0,"enemies":"Cultist and Chosen","floor":24.0,"turns":1.0},{"damage":0.0,"enemies":"Gremlin Leader","floor":25.0,"turns":1.0},{"damage":0.0,"enemies":"Slavers","floor":28.0,"turns":1.0},{"damage":0.0,"enemies":"Centurion and Healer","floor":30.0,"turns":1.0},{"damage":0.0,"enemies":"Gremlin Leader","floor":31.0,"turns":1.0},{"damage":0.0,"enemies":"Automaton","floor":33.0,"turns":1.0},{"damage":0.0,"enemies":"3 Shapes","floor":35.0,"turns":2.0},{"damage":0.0,"enemies":"3 Darklings","floor":36.0,"turns":2.0},{"damage":0.0,"enemies":"Mind Bloom Boss Battle","floor":38.0,"turns":2.0},{"damage":0.0,"enemies":"Nemesis","floor":40.0,"turns":1.0},{"damage":0.0,"enemies":"Jaw Worm Horde","floor":41.0,"turns":2.0},{"damage":0.0,"enemies":"Giant Head","floor":44.0,"turns":1.0},{"damage":0.0,"enemies":"Maw","floor":45.0,"turns":1.0},{"damage":0.0,"enemies":"Nemesis","floor":46.0,"turns":1.0},{"damage":7.0,"enemies":"4 Shapes","floor":47.0,"turns":4.0},{"damage":0.0,"enemies":"Awakened One","floor":50.0,"turns":2.0},{"damage":0,"enemies":"Shield and Spear","floor":54,"turns":2},{"damage":0,"enemies":"Delirium","floor":55,"turns":4}],"seed_played":"2218125428634624758","potions_obtained":[{"floor":5.0,"key":"SkillPotion"},{"floor":13.0,"key":"testmod-EscapePotion"},{"floor":16.0,"key":"BlessingOfTheForge"},{"floor":18.0,"key":"testmod-TestPotion"},{"floor":31.0,"key":"Energy Potion"},{"floor":33.0,"key":"BlessingOfTheForge"},{"floor":38.0,"key":"testmod-SpacePotion"},{"floor":41.0,"key":"SteroidPotion"},{"floor":44.0,"key":"SkillPotion"},{"floor":54,"key":"Swift Potion"}],"is_trial":false,"path_per_floor":["M","?","?","?","M","R","E","R","T","E","M","$","?","$","R","B",null,"M","M","M","?","$","E","M","E","T","$","E","R","M","E","R","B",null,"M","M","$","?","$","E","M","?","T","E","M","E","M","?","R","B",null,"R","$","E","B",null],"character_chosen":"REMILIA","items_purchased":["AT_ImmortalShieldbow","SteamSale","REME_CardOfGreed","Question Card","REME_GoldPotion","BelialBook","FairyPotion","HunterOfTheNight","DollysMirror","BloodDonationMachine","RedBat","HowToJump","Chemical X","Sling","Orichalcum","Oddly Smooth Stone","CeramicFish","ClockworkSouvenir","Pear","testmod-IndustrialRevolution","AT_MibuBalloonWealth","testmod-LifeArmor","Orrery","SalivaCoin","Mummified Hand","testmod-OneHitWonder","BionicSphere","Habit","AT_BellowingDragoncrestRing","Bag of Marbles","Technique"],"campfire_rested":0,"item_purchase_floors":[12,14,14,14,14,17,17,22,22,27,27,27,27,37,37,37,37,39,39,49,49,49,49,52,52,52,53,53,53,53,53],"current_hp_per_floor":[71,76,76,56,58,58,62,62,62,65,68,68,73,73,73,75,68,69,70,71,71,71,72,73,74,74,74,75,75,76,1,1,3,54,58,69,69,9,19,21,29,29,29,81,41,49,48,1,1,74,87,15,15,18,93],"gold":990,"neow_bonus":"THREE_ENEMY_KILL","is_daily":false,"chose_seed":false,"campfire_upgraded":4,"win_rate":0.0,"timestamp":1613921896,"path_taken":["M","?","?","?","M","R","E","R","T","E","M","$","?","?","R","BOSS","M","M","?","?","?","E","M","E","T","$","E","R","M","E","R","BOSS","M","M","$","?","?","E","M","?","T","E","M","E","M","?","R","BOSS","R","$","E","BOSS"],"items_purchased_type":["Relic","Relic","Relic","Relic","Potion","Relic","Potion","Card","Relic","Relic","Relic","Relic","Relic","Relic","Relic","Relic","Relic","Relic","Relic","Relic","Relic","Relic","Relic","Relic","Relic","Relic","Relic","Relic","Relic","Relic","Relic"],"build_version":"2020-12-22","purchased_purges":9,"victory":true,"max_hp_per_floor":[76,81,81,81,82,82,83,83,83,84,85,85,86,86,86,87,68,69,70,71,71,71,72,73,74,74,74,75,75,76,77,77,78,71,72,73,73,74,84,85,86,86,86,87,88,89,90,90,90,91,91,91,91,92,93],"card_choices":[{"not_picked":[],"picked":"ChaosCard","floor":0.0},{"not_picked":["RedRainbow","MastersStateliness"],"picked":"RedNightlessCastle","floor":1.0},{"not_picked":["Septette","BlasphemousPunishment","UnstableMagic","CharismaGuard","BombardNight"],"picked":"SKIP","floor":5.0},{"not_picked":["VampireClaw","VampireFantasy","RedRainbow","BombardNight","DiffusionOfMisfortune"],"picked":"SKIP","floor":7.0},{"not_picked":["StarOfDavid","CurseOfVladTepes","BloodHunter","NightLord","ScarletDream"],"picked":"SKIP","floor":10.0},{"not_picked":["StarOfDavid","NightDance","BloodHunter","ScarletImprint","MastersStateliness"],"picked":"SKIP","floor":11.0},{"not_picked":["BloodyHallows","TricksterDevil","HellCatastrophe","HeartBreak","CurseOfVladTepes"],"picked":"QueenOfMidnight","floor":16.0},{"not_picked":["LeisurelyOfLord+1","BloodyMagicSquare","BadLadyScramble","ChainGang+1","Stigmanizer","VampireKiss"],"picked":"SKIP","floor":18.0},{"not_picked":["BloodHunter","SuperhumanBloodyKnife","UnderTheZenith+1","VampireKiss","VampireClaw+1","RedRainbow+1"],"picked":"SKIP","floor":19.0},{"not_picked":["UnderTheZenith","BloodAndWine","MastersStateliness+1","EndlessAdversity","BombardNight","BlasphemousPunishment+1"],"picked":"SKIP","floor":20.0},{"not_picked":["GlobalNightmare","NightLord","HunterOfTheNight","Stigmanizer","ChainGang","ReincarnationDial"],"picked":"SKIP","floor":23.0},{"not_picked":["UltimateOffering+1","NightDance","UnderTheZenith+1","CurseOfVladTepes","FitfulNightmare","BloodHunter+1"],"picked":"SKIP","floor":24.0},{"not_picked":["Septette","GlobalNightmare","VampireFantasy","ScarletImprint+1","KillingBlow","UnstableMagic"],"picked":"SKIP","floor":25.0},{"not_picked":["ScarletDevil","UnstableMagic","ScarletGensokyo+1","StarOfDavid","Stigmanizer","ScarletDream"],"picked":"SKIP","floor":28.0},{"not_picked":["FavorOfDestiny","NightDance+1","ScarletNetherworld+1","ScarletSymphony+1","DevilSight","BloodHunter"],"picked":"SKIP","floor":30.0},{"not_picked":["CharismaGuard+1","FitfulNightmare+1","Stigmanizer","BadLadyScramble","BloodAndWine+1"],"picked":"EquivalentExchange","floor":31.0},{"not_picked":["CharismaGuard+1","ForbiddenFruit","ReincarnationDial+1","FitfulNightmare","UnderTheZenith+1"],"picked":"BloodHunter+1","floor":35.0},{"not_picked":["ScarletImprint+1","StarOfDavid+1","BloodHunter","ChainGang","ScarletDevil","BlasphemousPunishment"],"picked":"SKIP","floor":36.0},{"not_picked":["RedRainbow","BadLadyScramble","UltimateOffering","FavorOfDestiny+1","VampireKiss","EternalNight+1"],"picked":"SKIP","floor":40.0},{"not_picked":["BloodyMagicSquare+1","EmergencyRegeneration+1","VampireSweep+1","ScarletNetherworld","SuperhumanBloodyKnife","StarOfDavid+1"],"picked":"SKIP","floor":41.0},{"not_picked":["BloodAndWine+1","UnstableMagic+1","RedNightlessCastle","DevilSight+1","ScarletMeister","UnderTheZenith+1"],"picked":"SKIP","floor":44.0},{"not_picked":["SuperhumanBloodyKnife","BloodHunter+1","DiffusionOfMisfortune+1","UnderTheZenith+1","UnstableMagic+1","RedRainbow+1"],"picked":"SKIP","floor":45.0},{"not_picked":["ScarletNetherworld+1","ChainGang+1","EndlessAdversity+1","ScarletDevil+1","NightDance+1","BatForm"],"picked":"SKIP","floor":46.0},{"not_picked":["VampireFantasy+1","StarOfDavid","BloodHunter","NightDance","TwelveNightmare","BlasphemousPunishment+1"],"picked":"SKIP","floor":47.0},{"not_picked":["DemonKingCradle","BadLadyScramble+1","Ultimatum+1","NightDance+1","RedMagic","FavorOfDestiny+1"],"picked":"SKIP","floor":54}],"player_experience":918153,"relics_obtained":[{"floor":1.0,"key":"SynthV:TestCard"},{"floor":7.0,"key":"Turnip"},{"floor":9.0,"key":"testmod-ArcanaOfDestiny"},{"floor":10.0,"key":"BFFS"},{"floor":13.0,"key":"Odd Mushroom"},{"floor":23.0,"key":"TuHaoJin"},{"floor":25.0,"key":"BookOfRevelations"},{"floor":26.0,"key":"DeadEye"},{"floor":28.0,"key":"testmod-Alchemist"},{"floor":31.0,"key":"Shuriken"},{"floor":40.0,"key":"Blue Candle"},{"floor":44.0,"key":"PreservedInsect"},{"floor":46.0,"key":"PunchingBag"},{"floor":54,"key":"Leech"}],"event_choices":[{"damage_healed":0.0,"max_hp_gain":5.0,"max_hp_loss":0.0,"gold_gain":0.0,"event_name":"Big Fish","player_choice":"Donut","floor":2.0,"gold_loss":0.0,"damage_taken":0.0},{"damage_healed":0.0,"max_hp_gain":0.0,"max_hp_loss":0.0,"gold_gain":0.0,"event_name":"给自己的盒子","player_choice":"Swap Relic","floor":3.0,"relics_lost":["DaveBox"],"gold_loss":0.0,"damage_taken":0.0,"relics_obtained":["DaveBox"]},{"damage_healed":0.0,"max_hp_gain":0.0,"max_hp_loss":0.0,"gold_gain":0.0,"event_name":"Golden Idol","player_choice":"Take Damage","floor":4.0,"gold_loss":0.0,"damage_taken":20.0,"relics_obtained":["Golden Idol"]},{"damage_healed":0.0,"max_hp_gain":0.0,"max_hp_loss":0.0,"gold_gain":0.0,"event_name":"Mushrooms","player_choice":"Fought Mushrooms","floor":13.0,"gold_loss":0.0,"damage_taken":0.0},{"cards_removed":["Strike_RM"],"damage_healed":0.0,"max_hp_gain":0.0,"max_hp_loss":0.0,"gold_gain":0.0,"event_name":"Back to Basics","player_choice":"Elegance","floor":21.0,"gold_loss":0.0,"damage_taken":0.0},{"damage_healed":0.0,"max_hp_gain":0.0,"max_hp_loss":0.0,"gold_gain":0.0,"event_name":"MindBloom","player_choice":"Fight","floor":38.0,"gold_loss":0.0,"damage_taken":0.0},{"cards_removed":["ScarletShoot"],"damage_healed":0.0,"max_hp_gain":0.0,"max_hp_loss":0.0,"gold_gain":0.0,"event_name":"Falling","player_choice":"Removed Attack","floor":42.0,"gold_loss":0.0,"damage_taken":0.0},{"damage_healed":0.0,"max_hp_gain":0.0,"max_hp_loss":0.0,"gold_gain":0.0,"event_name":"SecretPortal","player_choice":"Ignored","floor":48.0,"gold_loss":0.0,"damage_taken":0.0}],"is_beta":false,"boss_relics":[{"not_picked":["REME_DemonsWealth","MagicMushroom"],"picked":"testmod-Prudence"},{"not_picked":[]},{"not_picked":["FeatherPendant","Astrolabe"],"picked":"AT_TrinityForce"},{"not_picked":[]}],"items_purged_floors":[12,12,14,17,22,27,34,37,52],"is_endless":false,"potions_floor_spawned":[5,13,16,18,23,31,33,38,41,44,45,54],"ascension_level":8}}