{"host":"rkc66x5lvwcew90n","time":1613932864,"event":{"mods":["BaseMod","Hermit","Koishi","Marisa????????","Minty Spire (QoL Compilation)","StSLib","SuperFastMode","The Servant 0.9.4"],"gold_per_floor":[113,288,138,155,430,465,465,481,481,509,189,214,225,240,240,345,345,364,289,41,41,41,73,73,73,73,84,112,112,137,149,149,250,250,260,35,51,0,0,33,33,44,44,71,81,81,81,81,81,81],"floor_reached":51,"language":"ENG","playtime":3476,"items_purged":["Doubt","Sever Soul"],"score":830,"play_id":"91e5e226-210c-48c9-bc43-ffbff86c4910","local_time":"20210221104104","is_ascension_mode":true,"campfire_choices":[{"data":"Metallicize","floor":7,"key":"SMITH"},{"floor":15,"key":"REST"},{"floor":32,"key":"REST"},{"floor":41,"key":"REST"},{"data":"Inflame","floor":47,"key":"SMITH"},{"floor":49,"key":"REST"}],"circlet_count":0,"master_deck":["Strike_R+1","Strike_R+1","Strike_R+1","Strike_R+1","Defend_R+1","Defend_R+1","Defend_R+1","Bash+1","Thunderclap+1","Metallicize+1","True Grit+1","Clash+1","Iron Wave+1","Inflame+1","Headbutt+1","Clothesline+1","Berserk+1","Whirlwind+1","RitualDagger+1","Dropkick+1","Inflame+1","Juggernaut+1","Reaper+1","Inflame+1","Feed+1","Shockwave+1","Pommel Strike+1","Madness+1","Madness+1","Warcry+1"],"relics":["Burning Blood","CaptainsWheel","Bottled Tornado","Mercury Hourglass","Whetstone","Ancient Tea Set","Sozu","Molten Egg 2","Bronze Scales","Singing Bowl","Unceasing Top","Nloth\u0027s Gift","Toxic Egg 2","Empty Cage","Sling","Red Mask","Vajra","Meat on the Bone","Paper Frog","Mark of the Bloom"],"acts_visited":["Exordium","TheCity","TheBeyond"],"potions_floor_usage":[28],"damage_taken":[{"damage":5,"enemies":"Cultist","floor":1,"turns":4},{"damage":0,"enemies":"2 Louse","floor":4,"turns":3},{"damage":34,"enemies":"Gremlin Nob","floor":6,"turns":5},{"damage":4,"enemies":"Small Slimes","floor":8,"turns":4},{"damage":14,"enemies":"3 Sentries","floor":10,"turns":12},{"damage":6,"enemies":"2 Fungi Beasts","floor":13,"turns":4},{"damage":2,"enemies":"3 Louse","floor":14,"turns":2},{"damage":62,"enemies":"The Guardian","floor":16,"turns":10},{"damage":27,"enemies":"2 Thieves","floor":18,"turns":3},{"damage":18,"enemies":"Gremlin Leader","floor":23,"turns":7},{"damage":15,"enemies":"3 Byrds","floor":27,"turns":3},{"damage":11,"enemies":"Slavers","floor":28,"turns":4},{"damage":12,"enemies":"Gremlin Leader","floor":30,"turns":4},{"damage":16,"enemies":"Centurion and Healer","floor":31,"turns":4},{"damage":44,"enemies":"Champ","floor":33,"turns":8},{"damage":11,"enemies":"3 Darklings","floor":35,"turns":4},{"damage":17,"enemies":"Orb Walker","floor":37,"turns":3},{"damage":48,"enemies":"Nemesis","floor":40,"turns":5},{"damage":11,"enemies":"Maw","floor":42,"turns":6},{"damage":13,"enemies":"Giant Head","floor":44,"turns":7},{"damage":11,"enemies":"4 Shapes","floor":45,"turns":6},{"damage":16,"enemies":"Donu and Deca","floor":50,"turns":4}],"seed_played":"-1219623573779287146","potions_obtained":[{"floor":4,"key":"BloodPotion"},{"floor":10,"key":"BloodPotion"},{"floor":13,"key":"Fire Potion"}],"is_trial":false,"path_per_floor":["M","?","$","M","?","E","R","M","T","E","$","T","M","M","R","B",null,"M","?","$","?","?","E","?","?","T","M","E","?","E","M","R","B",null,"M","$","M","?","?","E","R","M","T","E","M","?","R","?","R","B",null],"character_chosen":"IRONCLAD","items_purchased":["Metallicize","Whetstone","Inflame","Molten Egg 2","Sling","Shockwave+1"],"campfire_rested":4,"item_purchase_floors":[3,11,11,20,36,36],"current_hp_per_floor":[88,88,88,88,88,60,60,62,62,54,54,54,54,58,84,28,88,67,67,67,67,61,49,49,78,78,69,64,64,58,58,84,50,88,90,90,86,86,75,57,84,91,91,98,104,104,104,104,104,88],"gold":81,"neow_bonus":"TEN_PERCENT_HP_BONUS","is_daily":false,"chose_seed":false,"campfire_upgraded":2,"win_rate":0.0,"timestamp":1613932864,"path_taken":["M","?","$","M","?","E","R","?","T","E","$","?","M","M","R","BOSS","M","?","$","?","?","E","?","?","T","M","E","?","E","M","R","BOSS","M","$","M","?","?","E","R","M","T","E","M","?","R","?","R","BOSS"],"items_purchased_type":["Card","Relic","Card","Relic","Relic","Card"],"build_version":"2020-12-22","purchased_purges":2,"victory":true,"max_hp_per_floor":[88,88,88,88,88,88,88,88,88,88,88,88,88,88,88,88,88,88,88,88,88,88,88,88,88,88,88,88,88,88,88,88,88,88,90,90,90,90,90,92,92,96,96,98,104,104,104,104,104,104],"card_choices":[{"not_picked":["Twin Strike","Clothesline"],"picked":"Thunderclap","floor":1},{"not_picked":["Power Through","Thunderclap"],"picked":"True Grit","floor":4},{"not_picked":["Clash","Power Through"],"picked":"Sever Soul","floor":6},{"not_picked":["Limit Break","Thunderclap"],"picked":"Clash","floor":8},{"not_picked":["Pummel","Battle Trance"],"picked":"Iron Wave","floor":10},{"not_picked":["Thunderclap","Perfected Strike"],"picked":"Headbutt","floor":13},{"not_picked":["Cleave","Fiend Fire"],"picked":"Clothesline","floor":14},{"not_picked":["Offering","Fiend Fire"],"picked":"Berserk","floor":16},{"not_picked":["Warcry","Anger+1"],"picked":"Whirlwind","floor":18},{"not_picked":["Twin Strike+1","Anger+1"],"picked":"Dropkick+1","floor":23},{"not_picked":["Burning Pact","Heavy Blade+1"],"picked":"Inflame","floor":27},{"not_picked":["Shrug It Off","Carnage+1"],"picked":"Juggernaut","floor":28},{"not_picked":["Body Slam+1","Searing Blow+1"],"picked":"Reaper+1","floor":30},{"not_picked":["Combust","Burning Pact+1"],"picked":"Inflame+1","floor":31},{"not_picked":["Corruption","Brutality"],"picked":"Feed+1","floor":33},{"not_picked":["Twin Strike+1","Fire Breathing+1","Dual Wield+1"],"picked":"Singing Bowl","floor":35},{"not_picked":["Spot Weakness+1","Combust+1"],"picked":"Pommel Strike+1","floor":37},{"not_picked":["Disarm+1","Thunderclap+1","Bludgeon+1"],"picked":"Singing Bowl","floor":40},{"not_picked":["Cleave+1","Headbutt+1"],"picked":"Warcry+1","floor":42},{"not_picked":["Headbutt+1","Perfected Strike+1","Brutality"],"picked":"Singing Bowl","floor":44},{"not_picked":["Cleave+1","Fire Breathing+1","Sword Boomerang+1"],"picked":"Singing Bowl","floor":45}],"player_experience":279368,"relics_obtained":[{"floor":6,"key":"CaptainsWheel"},{"floor":9,"key":"Bottled Tornado"},{"floor":10,"key":"Mercury Hourglass"},{"floor":12,"key":"Ancient Tea Set"},{"floor":23,"key":"Bronze Scales"},{"floor":26,"key":"Singing Bowl"},{"floor":28,"key":"Unceasing Top"},{"floor":30,"key":"Toxic Egg 2"},{"floor":40,"key":"Vajra"},{"floor":43,"key":"Meat on the Bone"},{"floor":44,"key":"Paper Frog"}],"event_choices":[{"damage_healed":0,"gold_gain":175,"player_choice":"AGREE","damage_taken":0,"max_hp_gain":0,"max_hp_loss":0,"event_name":"Liars Game","floor":2,"gold_loss":0,"cards_obtained":["Doubt"]},{"damage_healed":0,"gold_gain":275,"player_choice":"Desecrate","damage_taken":0,"max_hp_gain":0,"max_hp_loss":0,"event_name":"Golden Shrine","floor":5,"gold_loss":0,"cards_obtained":["Regret"]},{"cards_removed":["Regret"],"damage_healed":0,"gold_gain":0,"player_choice":"Gave Gold","damage_taken":0,"max_hp_gain":0,"max_hp_loss":0,"event_name":"Beggar","floor":19,"gold_loss":75},{"damage_healed":0,"gold_gain":0,"player_choice":"Stole Relic","damage_taken":0,"relics_obtained":["Juzu Bracelet"],"max_hp_gain":0,"max_hp_loss":0,"event_name":"Addict","floor":21,"gold_loss":0,"cards_obtained":["Shame"]},{"damage_healed":0,"gold_gain":0,"player_choice":"Joined the Cult","damage_taken":6,"max_hp_gain":0,"max_hp_loss":0,"event_name":"Nest","floor":22,"gold_loss":0,"cards_obtained":["RitualDagger"]},{"damage_healed":0,"gold_gain":0,"player_choice":"Upgraded","damage_taken":0,"max_hp_gain":0,"max_hp_loss":0,"event_name":"Upgrade Shrine","floor":24,"gold_loss":0,"cards_upgraded":["Inflame"]},{"damage_healed":29,"gold_gain":0,"player_choice":"Heal","damage_taken":0,"max_hp_gain":0,"max_hp_loss":0,"event_name":"The Library","floor":25,"gold_loss":0},{"damage_healed":0,"gold_gain":0,"player_choice":"Traded Relic","damage_taken":0,"relics_obtained":["Nloth\u0027s Gift"],"max_hp_gain":0,"max_hp_loss":0,"event_name":"N\u0027loth","floor":29,"relics_lost":["Juzu Bracelet"],"gold_loss":0},{"damage_healed":0,"gold_gain":0,"player_choice":"Paid","damage_taken":0,"relics_obtained":["Red Mask"],"max_hp_gain":0,"max_hp_loss":0,"event_name":"Tomb of Lord Red Mask","floor":38,"gold_loss":51},{"damage_healed":0,"gold_gain":0,"player_choice":"Embrace Madness","damage_taken":11,"max_hp_gain":0,"max_hp_loss":0,"event_name":"Winding Halls","floor":39,"gold_loss":0,"cards_obtained":["Madness","Madness"]},{"cards_removed":["Defend_R"],"damage_healed":0,"gold_gain":0,"player_choice":"Removed Skill","damage_taken":0,"max_hp_gain":0,"max_hp_loss":0,"event_name":"Falling","floor":46,"gold_loss":0},{"damage_healed":0,"gold_gain":0,"player_choice":"Upgrade","damage_taken":0,"relics_obtained":["Mark of the Bloom"],"max_hp_gain":0,"max_hp_loss":0,"event_name":"MindBloom","floor":48,"gold_loss":0,"cards_upgraded":["Strike_R","Strike_R","Strike_R","Defend_R","Defend_R","Defend_R","Bash","Thunderclap","True Grit","Iron Wave","Headbutt","Clothesline","Berserk","Whirlwind","Juggernaut"]}],"is_beta":false,"boss_relics":[{"not_picked":["Mark of Pain","Busted Crown"],"picked":"Sozu"},{"not_picked":["Runic Dome","Cursed Key"],"picked":"Empty Cage"}],"items_purged_floors":[3,11],"is_endless":false,"potions_floor_spawned":[4,10,13,23,27,28,37,40,45],"ascension_level":1}}