{"host":"bakf0s4odzu8z5xt","time":1613886695,"event":{"mods":["2.2 Compatiblity","BaseMod","Downfall","Friendly Minions","Minty Spire (QoL Compilation)","StSLib"],"gold_per_floor":[99,116,126,145,161,25,52,69,69,69,69,98,112,138,150,254,254,154,164,180,380,145,178,223,123,8,18,29,29,39,39,58,158,158,58,70,80,129,140,140,140,140,140,167,167,52,52,52,68,68,68,99,24,24,24,24],"floor_reached":57,"language":"ENG","playtime":5036,"items_purged":["Guardian:Strike_Guardian","Guardian:Strike_Guardian"],"score":1484,"play_id":"985b3350-9a6c-4fdc-a21f-b44e8e615b3c","local_time":"20210220235135","is_ascension_mode":true,"campfire_choices":[{"data":"Guardian:TwinSlam","floor":1.0,"key":"SMITH"},{"data":"Guardian:FloatingOrbs","floor":9.0,"key":"SMITH"},{"data":"Guardian:FloatingOrbs","floor":11.0,"key":"SMITH"},{"data":"Guardian:Orbwalk","floor":18.0,"key":"SMITH"},{"floor":25.0,"key":"RECALL"},{"data":"Guardian:StasisField","floor":29.0,"key":"SMITH"},{"data":"Guardian:Suspension","floor":35.0,"key":"SMITH"},{"data":"Guardian:Repulse","floor":40.0,"key":"SMITH"},{"data":"Guardian:TemporalShield","floor":42.0,"key":"SMITH"},{"data":"Guardian:TemporalShield","floor":45.0,"key":"SMITH"},{"data":"Guardian:DecasProtection","floor":54.0,"key":"SMITH"}],"circlet_count":0,"master_deck":["Guardian:Defend_Guardian","Guardian:Defend_Guardian","Guardian:Defend_Guardian","Guardian:CurlUp","Guardian:FloatingOrbs+1","Guardian:FloatingOrbs+1","Guardian:PrimingBeam","Guardian:Orbwalk+1","Guardian:Suspension+1","Guardian:TemporalShield+1","Guardian:TemporalShield+1","Guardian:StasisField+1","Guardian:Recover+1","Guardian:FloatingOrbs+1","Guardian:Repulse+1","Guardian:ShieldCharger","Guardian:VentSteam+1","Guardian:FuturePlans+1","Guardian:ExploitGems","Guardian:DecasProtection+1","Guardian:Incinerate"],"relics":["Guardian:ModeShifter","Nunchaku","Akabeko","Anchor","Coffee Dripper","downfall:HeartBlessingGreen","PreservedInsect","hexamod:CandleOfCauterizing","downfall:HeartBlessingBlue","Empty Cage","downfall:HeartBlessingRed","Bird Faced Urn","Slimebound:PreparedRelic","Guardian:PickAxe","Ornamental Fan","Blue Candle","Lantern"],"acts_visited":["Exordium","TheCity","TheBeyond","TheEnding"],"potions_floor_usage":[56,56],"damage_taken":[{"damage":8.0,"enemies":"Jaw Worm","floor":2.0,"turns":4.0},{"damage":5.0,"enemies":"Small Slimes","floor":3.0,"turns":4.0},{"damage":0.0,"enemies":"Cultist","floor":4.0,"turns":4.0},{"damage":8.0,"enemies":"Blue Slaver","floor":5.0,"turns":5.0},{"damage":2.0,"enemies":"downfall:FleeingMerchant","floor":6.0,"turns":4.0},{"damage":7.0,"enemies":"downfall:LooterAlt","floor":8.0,"turns":3.0},{"damage":0.0,"enemies":"3 Sentries","floor":12.0,"turns":3.0},{"damage":3.0,"enemies":"3 Louse","floor":13.0,"turns":2.0},{"damage":10.0,"enemies":"Lagavulin","floor":14.0,"turns":4.0},{"damage":0.0,"enemies":"2 Fungi Beasts","floor":15.0,"turns":3.0},{"damage":13.0,"enemies":"IC_STATUS_ARCHETYPE","floor":16.0,"turns":5.0},{"damage":0.0,"enemies":"downfall:LooterAlt2","floor":19.0,"turns":5.0},{"damage":0.0,"enemies":"3 Byrds","floor":20.0,"turns":5.0},{"damage":0.0,"enemies":"downfall:FleeingMerchant","floor":22.0,"turns":4.0},{"damage":19.0,"enemies":"Gremlin Leader","floor":23.0,"turns":6.0},{"damage":14.0,"enemies":"downfall:FleeingMerchant","floor":26.0,"turns":4.0},{"damage":0.0,"enemies":"Shelled Parasite and Fungi","floor":27.0,"turns":5.0},{"damage":0.0,"enemies":"Cultist and Chosen","floor":28.0,"turns":5.0},{"damage":6.0,"enemies":"Snake Plant","floor":30.0,"turns":4.0},{"damage":0.0,"enemies":"Snecko","floor":32.0,"turns":4.0},{"damage":2.0,"enemies":"WA_ARCHETYPE_CALM","floor":33.0,"turns":7.0},{"damage":0.0,"enemies":"3 Shapes","floor":36.0,"turns":5.0},{"damage":15.0,"enemies":"3 Darklings","floor":37.0,"turns":5.0},{"damage":11.0,"enemies":"2 Orb Walkers","floor":38.0,"turns":5.0},{"damage":0.0,"enemies":"Spire Growth","floor":39.0,"turns":4.0},{"damage":0.0,"enemies":"Transient","floor":43.0,"turns":2.0},{"damage":0.0,"enemies":"Giant Head","floor":44.0,"turns":5.0},{"damage":0.0,"enemies":"downfall:FleeingMerchant","floor":46.0,"turns":4.0},{"damage":0.0,"enemies":"4 Shapes","floor":49.0,"turns":5.0},{"damage":16.0,"enemies":"DF_ARCHETYPE_ORBS","floor":50.0,"turns":8.0},{"damage":0.0,"enemies":"downfall:CharBossMerchant","floor":52.0,"turns":7.0},{"damage":2.0,"enemies":"downfall:NeowBoss","floor":55.0,"turns":11.0},{"damage":47,"enemies":"downfall:NeowBossFinal","floor":56,"turns":11}],"seed_played":"-5320791483907992520","potions_obtained":[{"floor":2.0,"key":"BlessingOfTheForge"},{"floor":3.0,"key":"Explosive Potion"},{"floor":4.0,"key":"Explosive Potion"},{"floor":13.0,"key":"Regen Potion"},{"floor":14.0,"key":"Energy Potion"},{"floor":23.0,"key":"Guardian:AcceleratePotion"},{"floor":27.0,"key":"Dexterity Potion"},{"floor":32.0,"key":"champ:CounterPotion"},{"floor":33.0,"key":"FearPotion"},{"floor":37.0,"key":"EntropicBrew"},{"floor":38.0,"key":"Fruit Juice"},{"floor":49.0,"key":"Swift Potion"}],"is_trial":false,"path_per_floor":["R","M","M","M","M","$","T","M","R","?","R","E","M","E","M","B",null,"R","M","M","?","$","E","T","R","$","M","M","R","M","?","M","B",null,"R","M","M","?","M","R","T","R","M","E","R","$","?","?","M","B",null,"E","$","R","B","B",null],"character_chosen":"GUARDIAN","items_purchased":["Guardian:Gem_White","Guardian:FloatingOrbs","PreservedInsect","Ornamental Fan","Guardian:ExploitGems","Guardian:DecasProtection","DistilledChaos","Guardian:Gem_Green","Guardian:Incinerate"],"campfire_rested":0,"item_purchase_floors":[6,6,22,46,46,46,46,53,53],"current_hp_per_floor":[72,64,59,59,51,49,49,42,42,42,42,42,39,41,41,28,96,96,96,96,96,96,77,77,87,73,73,73,73,67,67,67,65,106,106,106,91,85,95,95,95,95,105,111,111,111,111,106,111,99,111,111,111,111,109,72],"gold":24,"neow_bonus":"TWENTY_PERCENT_HP_BONUS","is_daily":false,"chose_seed":false,"campfire_upgraded":10,"win_rate":0.0,"timestamp":1613886695,"path_taken":["R","M","M","M","M","$","T","M","R","?","R","E","M","E","M","BOSS","R","M","M","?","$","E","T","R","$","M","M","R","?","?","M","BOSS","R","M","M","?","M","R","T","R","M","E","R","$","?","?","M","BOSS","E","$","R","BOSS","BOSS"],"items_purchased_type":["Card","Card","Relic","Relic","Card","Card","Potion","Card","Card"],"build_version":"2020-12-22","purchased_purges":2,"victory":true,"max_hp_per_floor":[96,96,96,96,96,96,96,96,96,96,96,96,96,96,96,96,96,96,96,96,96,96,96,96,106,106,106,106,106,106,106,106,106,106,106,106,106,111,111,111,111,111,111,111,111,111,111,111,111,111,111,111,111,111,111,111],"card_choices":[{"not_picked":["Guardian:WalkerClaw","Guardian:MultiBeam"],"picked":"Guardian:FloatingOrbs","floor":2.0},{"not_picked":["Guardian:Suspension","Guardian:Reroute"],"picked":"Guardian:Gem_Fragmented","floor":3.0},{"not_picked":["Guardian:Reroute","Guardian:PrimingBeam","Guardian:TemporalShield"],"picked":"SKIP","floor":4.0},{"not_picked":["Guardian:RollAttack","Guardian:Gem_Lightblue","Guardian:TimeCapacitor"],"picked":"SKIP","floor":5.0},{"not_picked":["Guardian:Gem_Green","Guardian:BronzeOrb"],"picked":"Guardian:Gem_Synthetic","floor":6.0},{"not_picked":["Guardian:Gem_Lightblue","Guardian:CrystalBeam"],"picked":"Guardian:PrimingBeam","floor":8.0},{"not_picked":["Guardian:FuturePlans","Guardian:PolyBeam"],"picked":"Guardian:Orbwalk","floor":12.0},{"not_picked":["Guardian:ChargeCore","Guardian:MultiBeam"],"picked":"Guardian:Suspension","floor":13.0},{"not_picked":["Guardian:Gem_Cyan","Guardian:PiercingHide"],"picked":"Guardian:TemporalShield","floor":14.0},{"not_picked":["Guardian:Gem_Purple","Guardian:ChargeCore"],"picked":"Guardian:TemporalShield","floor":15.0},{"not_picked":["Guardian:HyperBeam_Guardian","Guardian:FierceBash"],"picked":"Guardian:StasisField","floor":16.0},{"not_picked":["Guardian:ArmoredProtocol","Guardian:ChargeUp"],"picked":"Guardian:Recover+1","floor":19.0},{"not_picked":["Guardian:ChargeCore","Guardian:Gem_Yellow"],"picked":"Guardian:Gem_Red","floor":20.0},{"not_picked":["Guardian:WalkerClaw","Guardian:PrimingBeam"],"picked":"Guardian:FloatingOrbs+1","floor":22.0},{"not_picked":["Guardian:BronzeOrb","Guardian:SpikerProtocol","Guardian:DonusPower"],"picked":"SKIP","floor":23.0},{"not_picked":["Guardian:Reroute","Guardian:ChargeUp"],"picked":"Guardian:Repulse","floor":26.0},{"not_picked":["Guardian:DonusPower+1","Guardian:Gem_Fragmented","Guardian:VentSteam"],"picked":"SKIP","floor":27.0},{"not_picked":["Guardian:Incinerate","Guardian:DonusPower","Guardian:Gem_Green"],"picked":"SKIP","floor":28.0},{"not_picked":["Guardian:SentryBeam","Guardian:PrismaticBeam"],"picked":"Guardian:ShieldCharger","floor":30.0},{"not_picked":["Guardian:TemporalStrike","Guardian:ChargeCore+1"],"picked":"Guardian:VentSteam+1","floor":32.0},{"not_picked":["Guardian:CompilePackage","Guardian:FastForward"],"picked":"Guardian:Gem_Synthetic","floor":33.0},{"not_picked":["Guardian:PrismaticBarrier","Guardian:PrimingBeam+1","Guardian:BronzeArmor+1"],"picked":"SKIP","floor":36.0},{"not_picked":["Guardian:SentryBeam","Guardian:PrimingBeam"],"picked":"Guardian:FuturePlans+1","floor":37.0},{"not_picked":["Guardian:MultiBeam","Guardian:Gem_Lightblue","Guardian:PiercingHide"],"picked":"SKIP","floor":39.0},{"not_picked":["Guardian:MultiBeam","Guardian:PrimingBeam+1","Guardian:GuardianWhirl"],"picked":"SKIP","floor":44.0},{"not_picked":["Guardian:CrystalBeam","Guardian:EvasiveProtocol+1","Guardian:RollAttack"],"picked":"SKIP","floor":46.0},{"not_picked":["Guardian:Gem_Purple","Guardian:SpikerProtocol+1"],"picked":"Guardian:Gem_White","floor":49.0},{"not_picked":["Guardian:FierceBash","Guardian:ShieldSpikes+1"],"picked":"Guardian:Gem_Green","floor":52.0}],"player_experience":2252253,"relics_obtained":[{"floor":7.0,"key":"Nunchaku"},{"floor":12.0,"key":"Akabeko"},{"floor":14.0,"key":"Anchor"},{"floor":23.0,"key":"hexamod:CandleOfCauterizing"},{"floor":38.0,"key":"Bird Faced Urn"},{"floor":41.0,"key":"Slimebound:PreparedRelic"},{"floor":44.0,"key":"Guardian:PickAxe"},{"floor":52.0,"key":"Lantern"}],"event_choices":[{"damage_healed":0.0,"max_hp_gain":0.0,"max_hp_loss":0.0,"gold_gain":0.0,"event_name":"Mysterious Sphere","player_choice":"Fight","floor":38.0,"gold_loss":0.0,"damage_taken":0.0},{"cards_removed":["Guardian:TwinSlam"],"damage_healed":0.0,"max_hp_gain":0.0,"max_hp_loss":0.0,"gold_gain":0.0,"event_name":"Falling","player_choice":"Removed Attack","floor":47.0,"gold_loss":0.0,"damage_taken":0.0}],"is_beta":false,"boss_relics":[{"not_picked":["bronze:MakeshiftBattery","Fusion Hammer"],"picked":"Coffee Dripper"},{"not_picked":["Velvet Choker","SlaversCollar"],"picked":"Empty Cage"}],"items_purged_floors":[22,26],"is_endless":false,"potions_floor_spawned":[2,3,4,13,14,23,27,32,33,37,38,43,49],"ascension_level":4}}