{"host":"1lxw72ckkilnkgp7","time":1613914795,"event":{"mods":["ATMod(阿瑾Mod)","BaseMod","BetterRewards","Custom Start","Marisa（F雨　魔理沙）","Minty Spire (QoL Compilation)","Quick Restart","Replay The Spire","Shop Mod","StSLib","The Servant 0.9.4","[IsaacMod]以撒尖塔","[功能]功能增强和修复MOD"],"gold_per_floor":[117,117,132,212,212,239,239,274,298,298,298,316,316,327,327,426,426,426,442,442,454,428,428,453,453,453,531,531,531,531,550,550,655,655,655,655,618,636,636,636,636,636,636,636,636,610,610,610,676,676],"floor_reached":51,"language":"ZHS","playtime":538,"items_purged":[],"score":1194,"play_id":"251dbca7-a2d4-4b98-bec6-1d3173061ce3","local_time":"20210221213955","daily_mods":["Time Dilation","Flight"],"is_ascension_mode":false,"campfire_choices":[{"data":"Searing Blow+40","floor":15,"key":"SMITH"},{"data":"Searing Blow+41","floor":23,"key":"SMITH"},{"data":"Searing Blow+42","floor":25,"key":"SMITH"},{"data":"Searing Blow+43","floor":29,"key":"SMITH"},{"data":"Searing Blow+44","floor":30,"key":"SMITH"},{"data":"Searing Blow+45","floor":32,"key":"SMITH"},{"data":"Searing Blow+46","floor":40,"key":"SMITH"},{"data":"Searing Blow+47","floor":42,"key":"SMITH"},{"data":"Searing Blow+48","floor":45,"key":"SMITH"}],"circlet_count":0,"master_deck":["Deep Breath+1","Enlightenment+1","Backflip+1","Searing Blow+49","Meteor Strike+1"],"relics":["HushsDoor","Void"],"acts_visited":["Exordium","TheCity","TheBeyond"],"potions_floor_usage":[20],"damage_taken":[{"damage":0,"enemies":"Cultist","floor":1,"turns":1},{"damage":0,"enemies":"2 Louse","floor":3,"turns":1},{"damage":0,"enemies":"Replay:BlueRogue","floor":6,"turns":1},{"damage":0,"enemies":"Lagavulin","floor":7,"turns":1},{"damage":0,"enemies":"3 Sentries","floor":8,"turns":1},{"damage":0,"enemies":"Lagavulin","floor":10,"turns":1},{"damage":0,"enemies":"Small Slimes","floor":11,"turns":1},{"damage":0,"enemies":"Looter","floor":12,"turns":1},{"damage":0,"enemies":"2 Fungi Beasts","floor":13,"turns":2},{"damage":0,"enemies":"3 Louse","floor":14,"turns":1},{"damage":0,"enemies":"Fading Forest","floor":16,"turns":1},{"damage":0,"enemies":"Spheric Guardian","floor":18,"turns":1},{"damage":0,"enemies":"3 Byrds","floor":19,"turns":1},{"damage":0,"enemies":"Centurion and Healer","floor":21,"turns":1},{"damage":0,"enemies":"Slavers","floor":24,"turns":1},{"damage":0,"enemies":"Sentry and Sphere","floor":31,"turns":1},{"damage":0,"enemies":"Automaton","floor":33,"turns":1},{"damage":0,"enemies":"3 Shapes","floor":35,"turns":1},{"damage":0,"enemies":"3 Darklings","floor":38,"turns":1},{"damage":0,"enemies":"R_Hoarder","floor":41,"turns":1},{"damage":0,"enemies":"Time Eater","floor":50,"turns":1}],"seed_played":"1298246842772651446","potions_obtained":[{"floor":20,"key":"CultistPotion"},{"floor":20,"key":"Fruit Juice"},{"floor":20,"key":"Death Potion"}],"is_trial":true,"path_per_floor":["M","$","M","?","$","E","E","E","T","E","M","M","M","M","R","B",null,"M","M","?","M","$","R","E","R","T","?","$","R","R","M","R","B",null,"M","?","$","M","?","R","E","R","T","?","R","$","$","?","R","B",null],"character_chosen":"IRONCLAD","items_purchased":["Block Potion","Milkshake","FearPotion"],"campfire_rested":0,"item_purchase_floors":[22,37,46],"current_hp_per_floor":[80,80,80,65,65,65,65,65,65,65,65,65,65,65,65,65,80,80,80,85,85,85,85,85,85,85,70,70,70,70,70,70,70,85,85,85,85,85,85,85,85,85,85,85,85,85,85,85,85,85],"gold":676,"neow_bonus":"","is_daily":false,"chose_seed":false,"campfire_upgraded":9,"win_rate":0.0,"timestamp":1613914795,"path_taken":["M","$","?","?","?","E","E","E","T","E","M","M","M","M","R","BOSS","M","M","?","?","$","R","E","R","T","?","$","R","R","?","R","BOSS","M","?","$","?","?","R","E","R","T","?","R","$","$","?","R","BOSS"],"items_purchased_type":["Potion","Potion","Potion"],"build_version":"2020-12-22","purchased_purges":0,"victory":true,"max_hp_per_floor":[80,80,80,80,80,80,80,80,80,80,80,80,80,80,80,80,80,80,80,85,85,85,85,85,85,85,85,85,85,85,85,85,85,85,85,85,85,85,85,85,85,85,85,85,85,85,85,85,85,85],"card_choices":[{"not_picked":["Pummel","Shrug It Off","Replay:Undeath\u0027s Touch"],"picked":"SKIP","floor":1},{"not_picked":["Heavy Blade","Combust","Wild Strike"],"picked":"SKIP","floor":3},{"not_picked":["Cleave","Limit Break","Body Slam"],"picked":"SKIP","floor":6},{"not_picked":["ReplayTheSpireMod:LeadingStrike","Headbutt","Flame Barrier"],"picked":"SKIP","floor":7},{"not_picked":["AT_GerminateFire","ReplayTheSpireMod:Corrosion Curse","Pommel Strike"],"picked":"SKIP","floor":8},{"not_picked":["ReplayTheSpireMod:Strike From Hell","Havoc","Twin Strike"],"picked":"SKIP","floor":10},{"not_picked":["ReplayTheSpireMod:Limb From Limb","Eclipse","Bomb"],"picked":"SKIP","floor":11},{"not_picked":["Body Slam","Sever Soul","Cleave"],"picked":"SKIP","floor":12},{"not_picked":["Headbutt","Clash","Anger"],"picked":"SKIP","floor":13},{"not_picked":["Thunderclap","Wild Strike","Flex"],"picked":"SKIP","floor":14},{"not_picked":["Heavy Blade","Intimidate","AT_ManFootWork"],"picked":"SKIP","floor":18},{"not_picked":["Metallicize","Life Link+1","Ghostly Armor"],"picked":"SKIP","floor":19},{"not_picked":["Wild Strike","ReplayTheSpireMod:Strike From Hell","Twin Strike+1"],"picked":"SKIP","floor":21},{"not_picked":["AT_GerminateFire+1","Eclipse","ReplayTheSpireMod:Limb From Limb"],"picked":"SKIP","floor":24},{"not_picked":["Dropkick+1","Uppercut+1","Clash"],"picked":"SKIP","floor":31},{"not_picked":["Thunderclap","Armaments+1","Flex+1"],"picked":"SKIP","floor":35},{"not_picked":["True Grit","Reckless Charge","Body Slam+1"],"picked":"SKIP","floor":38},{"not_picked":["Body Slam","ReplayTheSpireMod:Stacked+1","Pommel Strike"],"picked":"SKIP","floor":41}],"player_experience":150556,"relics_obtained":[{"floor":8,"key":"Replay:Baseball"},{"floor":9,"key":"ReplayFunnel"}],"event_choices":[{"damage_healed":0,"gold_gain":0,"player_choice":"Got Potions","damage_taken":0,"max_hp_gain":0,"max_hp_loss":0,"event_name":"Lab","floor":20,"gold_loss":0},{"damage_healed":0,"gold_gain":0,"player_choice":"Ignored","damage_taken":0,"max_hp_gain":0,"max_hp_loss":0,"event_name":"Mysterious Sphere","floor":36,"gold_loss":0},{"damage_healed":0,"gold_gain":0,"player_choice":"Ignored","damage_taken":0,"max_hp_gain":0,"max_hp_loss":0,"event_name":"Tomb of Lord Red Mask","floor":39,"gold_loss":0},{"cards_removed":["Skim"],"damage_healed":0,"gold_gain":0,"player_choice":"Removed Skill","damage_taken":0,"max_hp_gain":0,"max_hp_loss":0,"event_name":"Falling","floor":48,"gold_loss":0}],"is_beta":false,"boss_relics":[{"not_picked":["Replay:Ancient Bell","AT_TrinityForce","EctoplasmExtend"]},{"not_picked":["Snecko Heart","Abe\u0027s Treasure"],"picked":"ReplayTheSpireMod:DimensionalGlitch"},{"not_picked":[]}],"items_purged_floors":[],"is_endless":false,"potions_floor_spawned":[6,6,7,8,10,11,11,12,13,14,14,16,16,21,24,24,24,33,35,35,38],"ascension_level":0}}