{"host":"8is2j71l4wmybkoi","time":1613923504,"event":{"mods":["AchievementEnabler","BaseMod","Colored Map","DeckTracker","Minty Spire (QoL Compilation)","Rare Cards Sparkle","Relic Stats","StSLib","SuperFastMode"],"gold_per_floor":[366,366,383,16,16,47,47,64,64,76,76,108,133,50,50,125,125,143,160,160,170,181,211,211,239,239,252,252,252,266,293,293,365,365,378,378,398,414,432,460,460,460,460,491,491,491,491,241,241,241,241,241,36,70,70],"floor_reached":56,"language":"KOR","playtime":3143,"items_purged":["Strike_G","Strike_G","Defend_G"],"score":2195,"play_id":"faadec53-9432-4918-8c63-9e75e4155c61","local_time":"20210222010504","is_ascension_mode":true,"campfire_choices":[{"data":"Neutralize","floor":7.0,"key":"SMITH"},{"data":"Blade Dance","floor":11.0,"key":"SMITH"},{"data":"Concentrate","floor":15.0,"key":"SMITH"},{"floor":24.0,"key":"REST"},{"floor":29.0,"key":"REST"},{"floor":32.0,"key":"REST"},{"data":"Wraith Form v2","floor":41.0,"key":"SMITH"},{"floor":42.0,"key":"REST"},{"data":"A Thousand Cuts","floor":45.0,"key":"SMITH"},{"floor":47.0,"key":"RECALL"},{"data":"Calculated Gamble","floor":49.0,"key":"SMITH"},{"data":"Acrobatics","floor":52.0,"key":"SMITH"}],"circlet_count":0,"master_deck":["AscendersBane","Strike_G","Strike_G","Defend_G","Defend_G","Defend_G","Survivor","Neutralize+1","Finisher","Blade Dance+1","Dagger Spray","Acrobatics+1","Adrenaline","Concentrate+1","Envenom+1","Well Laid Plans+1","Footwork+1","A Thousand Cuts+1","Blade Dance","PiercingWail","Wraith Form v2+1","Storm of Steel","Prepared+1","Acrobatics+1","Calculated Gamble+1","Cloak And Dagger+1","Backflip+1","Calculated Gamble+1","Blur"],"relics":["Ring of the Snake","Singing Bowl","Kunai","Turnip","Orichalcum","WingedGreaves","Pocketwatch","SlaversCollar","Prayer Wheel","Mummified Hand","Tough Bandages","Cursed Key","Mercury Hourglass","Centennial Puzzle","Medical Kit","Akabeko"],"acts_visited":["Exordium","TheCity","TheBeyond","TheEnding"],"potions_floor_usage":[55,55],"damage_taken":[{"damage":8.0,"enemies":"Jaw Worm","floor":1.0,"turns":6.0},{"damage":2.0,"enemies":"2 Louse","floor":3.0,"turns":3.0},{"damage":7.0,"enemies":"3 Sentries","floor":6.0,"turns":6.0},{"damage":0.0,"enemies":"Cultist","floor":8.0,"turns":2.0},{"damage":0.0,"enemies":"Red Slaver","floor":10.0,"turns":4.0},{"damage":0.0,"enemies":"Gremlin Nob","floor":12.0,"turns":3.0},{"damage":9.0,"enemies":"3 Sentries","floor":13.0,"turns":7.0},{"damage":5.0,"enemies":"Hexaghost","floor":16.0,"turns":7.0},{"damage":9.0,"enemies":"Shell Parasite","floor":18.0,"turns":6.0},{"damage":0.0,"enemies":"3 Byrds","floor":19.0,"turns":2.0},{"damage":15.0,"enemies":"Shelled Parasite and Fungi","floor":21.0,"turns":5.0},{"damage":6.0,"enemies":"Chosen and Byrds","floor":22.0,"turns":4.0},{"damage":14.0,"enemies":"Gremlin Leader","floor":23.0,"turns":5.0},{"damage":13.0,"enemies":"Slavers","floor":25.0,"turns":4.0},{"damage":9.0,"enemies":"3 Cultists","floor":27.0,"turns":5.0},{"damage":14.0,"enemies":"Shelled Parasite and Fungi","floor":30.0,"turns":6.0},{"damage":11.0,"enemies":"Book of Stabbing","floor":31.0,"turns":7.0},{"damage":28.0,"enemies":"Champ","floor":33.0,"turns":9.0},{"damage":2.0,"enemies":"3 Shapes","floor":35.0,"turns":5.0},{"damage":0.0,"enemies":"Orb Walker","floor":37.0,"turns":3.0},{"damage":0.0,"enemies":"Sphere and 2 Shapes","floor":38.0,"turns":7.0},{"damage":0.0,"enemies":"Maw","floor":39.0,"turns":7.0},{"damage":32.0,"enemies":"Nemesis","floor":40.0,"turns":8.0},{"damage":0.0,"enemies":"Reptomancer","floor":44.0,"turns":3.0},{"damage":0.0,"enemies":"Donu and Deca","floor":50.0,"turns":7.0},{"damage":27.0,"enemies":"Shield and Spear","floor":54.0,"turns":6.0},{"damage":16,"enemies":"The Heart","floor":55,"turns":7}],"seed_played":"8212149987256939603","potions_obtained":[{"floor":3.0,"key":"DuplicationPotion"},{"floor":10.0,"key":"Swift Potion"},{"floor":16.0,"key":"Explosive Potion"},{"floor":21.0,"key":"FearPotion"},{"floor":22.0,"key":"SpeedPotion"},{"floor":23.0,"key":"Fire Potion"},{"floor":31.0,"key":"EntropicBrew"},{"floor":33.0,"key":"PowerPotion"},{"floor":37.0,"key":"DuplicationPotion"},{"floor":40.0,"key":"CultistPotion"}],"is_trial":false,"path_per_floor":["M","?","M","$","?","E","R","M","T","M","R","E","E","$","R","B",null,"M","M","?","M","M","E","R","E","T","M","?","R","M","E","R","B",null,"M","?","M","M","M","E","R","R","T","E","R","?","R","$","R","B",null,"R","$","E","B",null],"character_chosen":"THE_SILENT","items_purchased":["Kunai","Blade Dance","PowerPotion","Concentrate","Medical Kit","Blur"],"campfire_rested":4,"item_purchase_floors":[4,4,14,14,48,53],"current_hp_per_floor":[51,40,40,40,40,35,35,35,35,35,35,37,28,28,28,23,55,48,50,50,35,29,15,36,23,23,16,16,37,27,16,38,10,60,62,62,64,64,64,34,34,59,59,59,59,59,59,59,59,59,78,78,78,53,37],"gold":70,"neow_bonus":"TWO_FIFTY_GOLD","is_daily":false,"chose_seed":false,"campfire_upgraded":7,"win_rate":0.0,"timestamp":1613923504,"path_taken":["M","?","M","$","?","E","R","?","T","M","R","E","E","?","R","BOSS","M","M","?","M","M","E","R","E","T","M","?","R","M","E","R","BOSS","M","?","M","M","M","E","R","R","T","E","R","?","R","$","R","BOSS","R","$","E","BOSS"],"items_purchased_type":["Relic","Card","Potion","Card","Relic","Card"],"build_version":"2020-12-22","purchased_purges":3,"victory":true,"max_hp_per_floor":[60,60,62,62,62,64,64,64,64,64,64,66,66,66,66,66,66,68,70,70,70,70,70,70,70,70,72,72,72,76,76,76,76,76,80,80,82,82,82,84,84,84,84,84,84,84,84,84,84,84,84,84,84,86,86],"relic_stats":{"Singing Bowl":26,"counters":[27,144],"Orichalcum":[162],"Cursed Key":0,"Medical Kit":[11],"Mercury Hourglass":[83],"Tough Bandages":[588],"Centennial Puzzle":[6],"Mummified Hand":[63],"Prayer Wheel":6,"Turnip":[20],"Kunai":[149],"obtain_stats":[{"Singing Bowl":2,"Orichalcum":9,"Cursed Key":34,"Medical Kit":48,"Akabeko":54,"Mercury Hourglass":40,"SlaversCollar":17,"Tough Bandages":31,"Centennial Puzzle":44,"Mummified Hand":25,"Prayer Wheel":23,"Turnip":6,"WingedGreaves":12,"Kunai":4,"Ring of the Snake":0,"Pocketwatch":13},{"Singing Bowl":1,"Orichalcum":4,"Cursed Key":18,"Medical Kit":24,"Akabeko":26,"Mercury Hourglass":23,"SlaversCollar":8,"Tough Bandages":17,"Centennial Puzzle":24,"Mummified Hand":14,"Prayer Wheel":13,"Turnip":3,"WingedGreaves":6,"Kunai":2,"Ring of the Snake":0,"Pocketwatch":7},{"Singing Bowl":6,"Orichalcum":17,"Cursed Key":91,"Medical Kit":124,"Akabeko":137,"Mercury Hourglass":121,"SlaversCollar":38,"Tough Bandages":82,"Centennial Puzzle":124,"Mummified Hand":64,"Prayer Wheel":60,"Turnip":15,"WingedGreaves":24,"Kunai":9,"Ring of the Snake":0,"Pocketwatch":31}],"Ring of the Snake":[54],"Pocketwatch":[45]},"card_choices":[{"not_picked":["Slice","Poisoned Stab"],"picked":"Finisher","floor":1.0},{"not_picked":["Bane","Deflect","Concentrate"],"picked":"Singing Bowl","floor":3.0},{"not_picked":["Riddle With Holes","Flying Knee","Concentrate"],"picked":"Singing Bowl","floor":6.0},{"not_picked":["Catalyst","Blade Dance"],"picked":"Dagger Spray","floor":8.0},{"not_picked":["Dagger Throw","Catalyst"],"picked":"Acrobatics","floor":10.0},{"not_picked":["Dodge and Roll","Sucker Punch","Deflect"],"picked":"Singing Bowl","floor":12.0},{"not_picked":["Bouncing Flask","Slice"],"picked":"Adrenaline","floor":13.0},{"not_picked":["Die Die Die","Phantasmal Killer"],"picked":"Envenom","floor":16.0},{"not_picked":["Underhanded Strike","Bane","Flying Knee"],"picked":"Singing Bowl","floor":18.0},{"not_picked":["Deflect","Prepared","Predator"],"picked":"Singing Bowl","floor":19.0},{"not_picked":["Setup","Catalyst"],"picked":"Well Laid Plans+1","floor":21.0},{"not_picked":["Outmaneuver","Backstab"],"picked":"Footwork+1","floor":22.0},{"not_picked":["Blade Dance","Flying Knee"],"picked":"A Thousand Cuts","floor":23.0},{"not_picked":["Catalyst","Heel Hook"],"picked":"Blade Dance","floor":25.0},{"not_picked":["Predator+1","Slice","Setup"],"picked":"Singing Bowl","floor":27.0},{"not_picked":["Footwork","Predator"],"picked":"PiercingWail","floor":27.0},{"not_picked":["Noxious Fumes+1","Dodge and Roll","Skewer"],"picked":"Singing Bowl","floor":30.0},{"not_picked":["Deflect+1","Eviscerate","Underhanded Strike"],"picked":"Singing Bowl","floor":30.0},{"not_picked":["Heel Hook","Acrobatics"],"picked":"Wraith Form v2","floor":31.0},{"not_picked":["Die Die Die","After Image"],"picked":"Storm of Steel","floor":33.0},{"not_picked":["Underhanded Strike","Flechettes","Dodge and Roll"],"picked":"Singing Bowl","floor":35.0},{"not_picked":["Bane","Flechettes+1","Blade Dance"],"picked":"Singing Bowl","floor":35.0},{"not_picked":["Deadly Poison+1","Dodge and Roll","Envenom"],"picked":"Singing Bowl","floor":37.0},{"not_picked":["Backstab","Infinite Blades+1"],"picked":"Prepared+1","floor":37.0},{"not_picked":["All Out Attack","Dagger Spray"],"picked":"Acrobatics+1","floor":38.0},{"not_picked":["Skewer","Leg Sweep"],"picked":"Calculated Gamble","floor":38.0},{"not_picked":["Outmaneuver+1","Dodge and Roll"],"picked":"Cloak And Dagger+1","floor":39.0},{"not_picked":["Prepared","Deflect"],"picked":"Backflip+1","floor":39.0},{"not_picked":["Crippling Poison","Concentrate","Deadly Poison+1"],"picked":"Singing Bowl","floor":40.0},{"not_picked":["Phantasmal Killer","Eviscerate"],"picked":"Calculated Gamble+1","floor":44.0},{"not_picked":["Blade Dance","Deflect","Crippling Poison"],"picked":"Singing Bowl","floor":54.0}],"player_experience":1292500,"relics_obtained":[{"floor":6.0,"key":"Turnip"},{"floor":9.0,"key":"Orichalcum"},{"floor":12.0,"key":"WingedGreaves"},{"floor":13.0,"key":"Pocketwatch"},{"floor":23.0,"key":"Prayer Wheel"},{"floor":25.0,"key":"Mummified Hand"},{"floor":31.0,"key":"Tough Bandages"},{"floor":40.0,"key":"Mercury Hourglass"},{"floor":44.0,"key":"Centennial Puzzle"},{"floor":54.0,"key":"Akabeko"}],"event_choices":[{"damage_healed":0.0,"max_hp_gain":0.0,"max_hp_loss":0.0,"gold_gain":0.0,"event_name":"Scrap Ooze","player_choice":"Success","floor":2.0,"gold_loss":0.0,"damage_taken":11.0,"relics_obtained":["Singing Bowl"]},{"cards_removed":["Defend_G"],"damage_healed":0.0,"max_hp_gain":0.0,"max_hp_loss":0.0,"gold_gain":0.0,"event_name":"Bonfire Elementals","player_choice":"Offered Basic","floor":5.0,"gold_loss":0.0,"damage_taken":0.0},{"cards_removed":["Strike_G"],"damage_healed":0.0,"max_hp_gain":0.0,"max_hp_loss":0.0,"gold_gain":0.0,"event_name":"Back to Basics","player_choice":"Elegance","floor":20.0,"gold_loss":0.0,"damage_taken":0.0},{"damage_healed":0.0,"max_hp_gain":0.0,"max_hp_loss":0.0,"gold_gain":0.0,"event_name":"Vampires","player_choice":"Ignored","floor":28.0,"gold_loss":0.0,"damage_taken":0.0},{"damage_healed":0.0,"max_hp_gain":0.0,"max_hp_loss":0.0,"gold_gain":0.0,"event_name":"Tomb of Lord Red Mask","player_choice":"Ignored","floor":36.0,"gold_loss":0.0,"damage_taken":0.0},{"damage_healed":0.0,"max_hp_gain":0.0,"max_hp_loss":0.0,"gold_gain":0.0,"event_name":"Upgrade Shrine","player_choice":"Upgraded","floor":46.0,"gold_loss":0.0,"damage_taken":0.0,"cards_upgraded":["Envenom"]}],"is_beta":false,"boss_relics":[{"not_picked":["Philosopher\u0027s Stone","Ring of the Serpent"],"picked":"SlaversCollar"},{"not_picked":["Runic Pyramid","Astrolabe"],"picked":"Cursed Key"}],"items_purged_floors":[4,48,53],"is_endless":false,"potions_floor_spawned":[3,10,16,21,22,23,31,33,37,39,40,54],"ascension_level":15}}