{"host":"yfi73559mxreacvo","time":1613869760,"event":{"mods":["AchievementEnabler","Act Like it!","Aspiration","BaseMod","Better Third Choice","BetterRewards","Colored Map","Conspire","Evolution","GifTheSpireLib","Halation","HexUI Lib","Highlight Path","Hubris","Minty Spire (QoL Compilation)","Prisma Mod","Railgun Mod","Reliquary","Replay The Spire","StSLib","Stuff the Spire","Wandering Minibosses"],"gold_per_floor":[110,127,127,144,144,144,177,195,241,256,284,284,284,284,284,388,388,406,416,326,342,121,149,149,49,49,74,74,74,84,118,168,266,266,278,291,291,304,404,435,164,193,216,228,240,256,282,307,307,307,307,307,23,58,58],"floor_reached":56,"language":"ENG","playtime":1764,"items_purged":["PrismaMod:ChloeCommonAttack","PrismaMod:ChloeCommonDefend","PrismaMod:ChloeCommonAttack"],"score":1669,"play_id":"ccdc0ac3-cf51-464c-a98c-b823f927e4f6","local_time":"20210220200920","is_ascension_mode":true,"campfire_choices":[{"data":"PrismaMod:ChloeExcalibur","floor":6,"key":"SMITH"},{"floor":13,"key":"RECALL"},{"data":"PrismaMod:ChloeCommonDefend","floor":15,"key":"PURGE"},{"data":"PrismaMod:ChloeAnyPowerTrace","floor":24,"key":"SMITH"},{"data":"PrismaMod:ChloeCommonDefend","floor":49,"key":"PURGE"},{"data":"PrismaMod:ChloeUnlimitedBladeWorks","floor":52,"key":"SMITH"}],"circlet_count":0,"master_deck":["TheRailgun:Level_6+1","PrismaMod:ChloeCommonAttack","PrismaMod:ChloeCommonAttack+1","PrismaMod:ChloeCommonDefend","PrismaMod:ChloeCheapAttack","PrismaMod:ChloeCheapDefend","PrismaMod:ChloeExcalibur+1","PrismaMod:ChloeDemonicTutor+1","PrismaMod:ChloeCheapDefendTwo","PrismaMod:ChloeAnyPowerTrace+1","PrismaMod:ChloeChristmas+1","StuffTheSpire:Rapture","PrismaMod:ChloeUnlimitedBladeWorks+1","PrismaMod:ChloeCarnivalDefend","PrismaMod:ChloeChristmas+1","PrismaMod:ChloeGaeBolg","PrismaMod:ChloeCarnivalAttack"],"relics":["PrismaMod:PrismaTraceOn","EVO:Axolotl","NeowsBlessing","StrikeDummy","reliquary:Stiletto","SlaversCollar","wanderingMiniBosses:CarrionFlame","Lantern","reliquary:RoseTintedGlasses","White Beast Statue","Replay:Baseball","reliquary:RosewoodLute","StuffTheSpire:MayFlowers","conspire:DecoderRing","PreservedInsect","Art of War","CaptainsWheel","Happy Flower"],"acts_visited":["Exordium","TheCity","TheBeyond","TheEnding"],"potions_floor_usage":[19,19,19,31,55],"damage_taken":[{"damage":0,"enemies":"Small Slimes","floor":1,"turns":1},{"damage":0,"enemies":"Cultist","floor":2,"turns":1},{"damage":0,"enemies":"Jaw Worm","floor":4,"turns":1},{"damage":0,"enemies":"Gremlin Nob","floor":7,"turns":1},{"damage":1,"enemies":"Looter","floor":8,"turns":3},{"damage":0,"enemies":"Large Slime","floor":10,"turns":2},{"damage":0,"enemies":"3 Sentries","floor":11,"turns":5},{"damage":19,"enemies":"Slime Boss","floor":16,"turns":7},{"damage":0,"enemies":"Spheric Guardian","floor":18,"turns":2},{"damage":4,"enemies":"Chosen","floor":19,"turns":6},{"damage":0,"enemies":"Snecko","floor":21,"turns":4},{"damage":0,"enemies":"conspire:SneckoGhost","floor":23,"turns":4},{"damage":0,"enemies":"Book of Stabbing","floor":27,"turns":2},{"damage":0,"enemies":"Shelled Parasite and Fungi","floor":30,"turns":2},{"damage":0,"enemies":"Replay:Snechameleon","floor":31,"turns":2},{"damage":21,"enemies":"conspire:MysteriousRune","floor":33,"turns":5},{"damage":0,"enemies":"3 Darklings","floor":35,"turns":2},{"damage":0,"enemies":"3 Shapes","floor":36,"turns":2},{"damage":0,"enemies":"Sphere and 2 Shapes","floor":38,"turns":1},{"damage":0,"enemies":"Giant Head","floor":40,"turns":1},{"damage":0,"enemies":"R_Hoarder","floor":42,"turns":3},{"damage":0,"enemies":"4 Shapes","floor":44,"turns":1},{"damage":0,"enemies":"Spire Growth","floor":45,"turns":1},{"damage":0,"enemies":"Sphere and 2 Shapes","floor":46,"turns":1},{"damage":0,"enemies":"Giant Head","floor":47,"turns":1},{"damage":0,"enemies":"conspire:MimicChest","floor":48,"turns":2},{"damage":0,"enemies":"conspire:OrnateMirror","floor":50,"turns":2},{"damage":0,"enemies":"Shield and Spear","floor":54,"turns":1},{"damage":9,"enemies":"The Heart","floor":55,"turns":4}],"seed_played":"-2497339335015487197","potions_obtained":[{"floor":1,"key":"GamblersBrew"},{"floor":4,"key":"Block Potion"},{"floor":7,"key":"SkillPotion"},{"floor":19,"key":"Strength Potion"},{"floor":21,"key":"Toxic Potion"},{"floor":23,"key":"conspire:TimeTravelPotion"},{"floor":27,"key":"AttackPotion"},{"floor":31,"key":"Venom Potion"},{"floor":33,"key":"BlessingOfTheForge"},{"floor":36,"key":"EssenceOfSteel"},{"floor":45,"key":"DuplicationPotion"},{"floor":46,"key":"DuplicationPotion"},{"floor":47,"key":"Adrenaline Potion"}],"is_trial":false,"path_per_floor":["M","M","?","M","?","R","E","M","T","M","E","?","R","?","R_BF","B",null,"M","M","?","M","$","E","R","$","T","E","?","$","M","E","R_BF","B",null,"M","M","?","M","?","E","$","E","T","M","M","M","E","?","R_BF","B",null,"R","$","E","B",null],"character_chosen":"CHLOE","items_purchased":["Lantern","PrismaMod:ChloeCarnivalDefend","Happy Flower","PrismaMod:ChloeCarnivalAttack"],"campfire_rested":0,"item_purchase_floors":[22,41,53,53],"current_hp_per_floor":[75,75,75,75,75,75,75,74,74,75,75,75,75,75,75,56,75,75,71,71,75,75,75,75,75,75,75,57,57,72,75,75,60,75,75,75,75,75,75,75,75,75,75,75,75,75,75,75,75,75,75,75,75,75,75],"gold":58,"neow_bonus":"THREE_ENEMY_KILL","is_daily":false,"chose_seed":false,"campfire_upgraded":3,"win_rate":0.0,"timestamp":1613869760,"path_taken":["M","M","?","?","?","R","E","M","T","M","E","?","R","?","R_BF","BOSS","M","?","?","?","$","E","R","$","T","E","?","?","?","E","R_BF","BOSS","M","M","?","M","?","E","$","E","T","M","M","?","E","?","R_BF","BOSS","R","$","E","BOSS"],"items_purchased_type":["Relic","Card","Relic","Card"],"build_version":"2020-12-22","purchased_purges":3,"victory":true,"max_hp_per_floor":[75,75,75,75,75,75,75,75,75,75,75,75,75,75,75,75,75,75,75,75,75,75,75,75,75,75,75,75,75,75,75,75,75,75,75,75,75,75,75,75,75,75,75,75,75,75,75,75,75,75,75,75,75,75,75],"card_choices":[{"not_picked":["PrismaMod:ChloeUncommonAOEAttack","PrismaMod:ChloeDemonicTutor"],"picked":"PrismaMod:ChloeExcalibur","floor":1},{"not_picked":["PrismaMod:ChloeExhaustOne","PrismaMod:ChloeRitsuka"],"picked":"PrismaMod:ChloeDemonicTutor","floor":2},{"not_picked":["PrismaMod:ChloeExhaustOne","PrismaMod:ChloeExcalibur","PrismaMod:ChloeCommonAOEAttack"],"picked":"SKIP","floor":4},{"not_picked":["PrismaMod:ChloeCheapAttackTwo","PrismaMod:ChloeCheapDefendTwo","PrismaMod:ChloeCommonAOEAttack"],"picked":"SKIP","floor":7},{"not_picked":["PrismaMod:ChloeRuleBreaker","PrismaMod:ChloeCheapAttackTwo","PrismaMod:ChloeCheapAttack"],"picked":"SKIP","floor":8},{"not_picked":["PrismaMod:ChloeExhaustTwo","PrismaMod:ChloeMordred","PrismaMod:ChloeCheapAttackTwo"],"picked":"SKIP","floor":10},{"not_picked":["PrismaMod:ChloeRuleBreaker","PrismaMod:ChloeExhaustOne"],"picked":"PrismaMod:ChloeCheapDefendTwo","floor":11},{"not_picked":["PrismaMod:ChloeAnyUncommonTrace","PrismaMod:ChloeDoubleRelicSpeed"],"picked":"PrismaMod:ChloeAnyPowerTrace","floor":16},{"not_picked":["PrismaMod:ChloeCheapAttack","PrismaMod:ChloeCommonAOEAttack+1","PrismaMod:ChloeExhaustOne"],"picked":"SKIP","floor":18},{"not_picked":["PrismaMod:ChloeMaid","PrismaMod:ChloeCheapDefend+1","PrismaMod:ChloeExhaustOne"],"picked":"SKIP","floor":19},{"not_picked":["PrismaMod:ChloeCheapDefendTwo","PrismaMod:ChloeCheapDefend","PrismaMod:ChloeExhaustOne"],"picked":"SKIP","floor":21},{"not_picked":["PrismaMod:ChloeMaid","PrismaMod:ChloeCarnivalAOEAttack"],"picked":"PrismaMod:ChloeChristmas+1","floor":23},{"not_picked":["PrismaMod:ChloeCheapDefend","PrismaMod:ChloeRitsuka","PrismaMod:ChloeExhaustTwo+1"],"picked":"SKIP","floor":27},{"not_picked":["PrismaMod:ChloeCheapAttack","PrismaMod:ChloeDiscardRecovery","PrismaMod:ChloeCheapDefend"],"picked":"SKIP","floor":30},{"not_picked":["PrismaMod:ChloeCarnivalAOEAttack","PrismaMod:ChloeUncommonAttack","PrismaMod:ChloeMaid"],"picked":"SKIP","floor":31},{"not_picked":["PrismaMod:ChloeAnyCommonTrace","PrismaMod:ChloeCarnivalDefend"],"picked":"PrismaMod:ChloeUnlimitedBladeWorks","floor":33},{"not_picked":["PrismaMod:ChloeDiscardRecovery+1","PrismaMod:ChloeExcalibur+1","PrismaMod:ChloeExhaustTwo"],"picked":"SKIP","floor":35},{"not_picked":["PrismaMod:ChloeBetterTracePools+1","PrismaMod:ChloeCheapAttack","PrismaMod:ChloeExcalibur+1"],"picked":"SKIP","floor":36},{"not_picked":["PrismaMod:ChloeDiscardRecovery","PrismaMod:ChloeBetterTracePools+1","PrismaMod:ChloeCheapDefendTwo+1"],"picked":"SKIP","floor":38},{"not_picked":["PrismaMod:ChloeEyeOfTheEuryale+1","PrismaMod:ChloeBetterTracePools+1","PrismaMod:ChloeDoubleRelicSpeed"],"picked":"SKIP","floor":40},{"not_picked":["PrismaMod:ChloeDiscardRecovery+1","PrismaMod:ChloeCheapAttackTwo+1","PrismaMod:ChloeExcalibur+1"],"picked":"SKIP","floor":42},{"not_picked":["PrismaMod:ChloeUncommonDefend+1","PrismaMod:ChloeMaid"],"picked":"PrismaMod:ChloeChristmas+1","floor":44},{"not_picked":["PrismaMod:ChloeCheapDefend","PrismaMod:ChloeDiscardRecovery"],"picked":"PrismaMod:ChloeGaeBolg","floor":45},{"not_picked":["PrismaMod:ChloeCheapDefendTwo+1","PrismaMod:ChloeCheapAttack","PrismaMod:ChloeCommonAOEAttack"],"picked":"SKIP","floor":46},{"not_picked":["PrismaMod:ChloeDiscardRecovery","PrismaMod:ChloeExhaustOne","PrismaMod:ChloeCheapDefend"],"picked":"SKIP","floor":47},{"not_picked":["PrismaMod:ChloeDevil","PrismaMod:ChloeDemonicTutor","PrismaMod:ChloeRhongomyniad+1"],"picked":"SKIP","floor":54}],"player_experience":529224,"relics_obtained":[{"floor":7,"key":"StrikeDummy"},{"floor":11,"key":"reliquary:Stiletto"},{"floor":21,"key":"wanderingMiniBosses:CarrionFlame"},{"floor":23,"key":"reliquary:RoseTintedGlasses"},{"floor":26,"key":"White Beast Statue"},{"floor":27,"key":"Replay:Baseball"},{"floor":31,"key":"reliquary:RosewoodLute"},{"floor":40,"key":"StuffTheSpire:MayFlowers"},{"floor":42,"key":"conspire:DecoderRing"},{"floor":43,"key":"PreservedInsect"},{"floor":47,"key":"Art of War"},{"floor":48,"key":"CaptainsWheel"}],"event_choices":[{"damage_healed":0,"gold_gain":0,"player_choice":"Bought 0 Potions","damage_taken":0,"max_hp_gain":0,"max_hp_loss":0,"event_name":"The Woman in Blue","floor":3,"gold_loss":0},{"damage_healed":0,"gold_gain":0,"cards_transformed":["PrismaMod:ChloeCommonDefend"],"player_choice":"Transformed","damage_taken":0,"max_hp_gain":0,"max_hp_loss":0,"event_name":"Transmorgrifier","floor":14,"gold_loss":0,"cards_obtained":["PrismaMod:ChloeUncommonAOEAttack"]},{"cards_removed":["PrismaMod:ChloeUncommonAOEAttack"],"damage_healed":0,"gold_gain":0,"player_choice":"Upgrade and Remove","damage_taken":0,"max_hp_gain":0,"max_hp_loss":0,"event_name":"Designer","floor":20,"gold_loss":90,"cards_upgraded":["PrismaMod:ChloeCommonAttack"]},{"damage_healed":0,"gold_gain":100,"player_choice":"Pray","damage_taken":0,"max_hp_gain":0,"max_hp_loss":0,"event_name":"Golden Shrine","floor":39,"gold_loss":0}],"is_beta":false,"boss_relics":[{"not_picked":["aspiration:DefectSkillbook","Busted Crown"],"picked":"SlaversCollar"},{"not_picked":["reliquary:ThirdArm","aspiration:RunicSpoon","reliquary:KinkedSpring"]}],"items_purged_floors":[22,25,41],"is_endless":false,"potions_floor_spawned":[1,4,7,16,19,21,23,27,30,31,33,35,36,38,40,42,44,45,46,47,48,54],"ascension_level":1}}