{"host":"1a8lb11wemezctea","time":1613931079,"event":{"mods":["BaseMod","Colored Powertips","Highlight Path","Minty Spire (QoL Compilation)"],"gold_per_floor":[119,138,157,35,45,45,45,45,118,118,153,169,204,230,242,358,370,392,423,59,159,10,40,53,88,88,106,126,126,151,167,167,272,272,283,300,300,300,61,93,93,119,168,178,178,195,195,207,207,207,207,207,29,62,62,62],"floor_reached":55,"language":"ENG","playtime":3504,"items_purged":["Strike_R","Strike_R"],"score":1099,"play_id":"d48e2aab-ed15-45b2-abb2-049de8dcf2b3","local_time":"20210221131119","is_ascension_mode":true,"campfire_choices":[{"data":"Armaments","floor":6.0,"key":"SMITH"},{"data":"Inflame","floor":8.0,"key":"SMITH"},{"data":"True Grit","floor":15.0,"key":"SMITH"},{"data":"Spot Weakness","floor":29.0,"key":"SMITH"},{"data":"Heavy Blade","floor":32.0,"key":"SMITH"},{"data":"Rage","floor":41.0,"key":"SMITH"},{"floor":45.0,"key":"RECALL"},{"data":"Whirlwind","floor":47.0,"key":"SMITH"},{"data":"Pummel","floor":49.0,"key":"SMITH"},{"data":"Disarm","floor":52.0,"key":"SMITH"}],"circlet_count":0,"master_deck":["Strike_R","Defend_R+1","Defend_R+1","Bash","Inflame+1","Dropkick","Pummel+1","Armaments+1","Combust","Spot Weakness+1","Whirlwind+1","Shrug It Off","True Grit+1","Reaper","Ghostly Armor","Burning Pact","Heavy Blade+1","Disarm+1","Clothesline+1","Rage+1","Bloodletting","Heavy Blade+1","Twin Strike+1","Shrug It Off+1","Rage+1","Twin Strike","True Grit+1","Warcry+1","Headbutt+1","Impervious"],"relics":["Burning Blood","Anchor","Pantograph","MawBank","Coffee Dripper","Centennial Puzzle","Akabeko","Blood Vial","Eternal Feather","HornCleat","MealTicket","Astrolabe","Bottled Tornado","Bag of Marbles","Smiling Mask","Oddly Smooth Stone","Strawberry"],"acts_visited":["Exordium","TheCity","TheBeyond","TheEnding"],"potions_floor_usage":[54,55,55],"damage_taken":[{"damage":14.0,"enemies":"Small Slimes","floor":1.0,"turns":4.0},{"damage":3.0,"enemies":"2 Louse","floor":2.0,"turns":3.0},{"damage":7.0,"enemies":"Jaw Worm","floor":3.0,"turns":3.0},{"damage":25.0,"enemies":"Exordium Thugs","floor":5.0,"turns":7.0},{"damage":12.0,"enemies":"Lagavulin","floor":11.0,"turns":5.0},{"damage":0.0,"enemies":"Red Slaver","floor":12.0,"turns":2.0},{"damage":25.0,"enemies":"Gremlin Nob","floor":13.0,"turns":4.0},{"damage":7.0,"enemies":"Exordium Wildlife","floor":14.0,"turns":4.0},{"damage":33.0,"enemies":"Slime Boss","floor":16.0,"turns":9.0},{"damage":15.0,"enemies":"2 Thieves","floor":18.0,"turns":3.0},{"damage":1.0,"enemies":"Chosen","floor":19.0,"turns":4.0},{"damage":26.0,"enemies":"Gremlin Leader","floor":23.0,"turns":6.0},{"damage":6.0,"enemies":"Snake Plant","floor":24.0,"turns":3.0},{"damage":1.0,"enemies":"Book of Stabbing","floor":25.0,"turns":5.0},{"damage":14.0,"enemies":"Chosen and Byrds","floor":27.0,"turns":5.0},{"damage":1.0,"enemies":"Snecko","floor":28.0,"turns":4.0},{"damage":55.0,"enemies":"Gremlin Leader","floor":30.0,"turns":7.0},{"damage":3.0,"enemies":"3 Cultists","floor":31.0,"turns":5.0},{"damage":72.0,"enemies":"Automaton","floor":33.0,"turns":8.0},{"damage":3.0,"enemies":"Orb Walker","floor":35.0,"turns":3.0},{"damage":12.0,"enemies":"3 Darklings","floor":36.0,"turns":3.0},{"damage":103.0,"enemies":"Reptomancer","floor":40.0,"turns":7.0},{"damage":56.0,"enemies":"Giant Head","floor":42.0,"turns":8.0},{"damage":0.0,"enemies":"Jaw Worm Horde","floor":44.0,"turns":1.0},{"damage":45.0,"enemies":"Transient","floor":46.0,"turns":5.0},{"damage":0.0,"enemies":"3 Darklings","floor":48.0,"turns":1.0},{"damage":97.0,"enemies":"Awakened One","floor":50.0,"turns":13.0},{"damage":86,"enemies":"Shield and Spear","floor":54,"turns":7},{"damage":62,"enemies":"The Heart","floor":55,"turns":5}],"seed_played":"2787538979967691991","potions_obtained":[{"floor":1.0,"key":"EntropicBrew"},{"floor":3.0,"key":"SteroidPotion"},{"floor":5.0,"key":"Regen Potion"},{"floor":12.0,"key":"FairyPotion"},{"floor":14.0,"key":"GamblersBrew"},{"floor":19.0,"key":"ElixirPotion"},{"floor":23.0,"key":"PowerPotion"},{"floor":27.0,"key":"Strength Potion"},{"floor":28.0,"key":"DistilledChaos"},{"floor":42.0,"key":"SpeedPotion"},{"floor":44.0,"key":"GamblersBrew"},{"floor":54,"key":"Strength Potion"}],"is_trial":false,"path_per_floor":["M","M","M","$","M","R","?","R","T","?","E","M","E","M","R","B",null,"M","M","$","?","$","E","M","E","T","M","M","R","E","M","R","B",null,"M","M","?","?","$","E","R","E","T","M","R","M","R","M","R","B",null,"R","$","E","B"],"character_chosen":"IRONCLAD","items_purchased":["Armaments","Centennial Puzzle","Heavy Blade","Disarm","Akabeko","Bottled Tornado","DuplicationPotion","CultistPotion"],"campfire_rested":0,"item_purchase_floors":[4,20,20,20,22,39,53,53],"current_hp_per_floor":[72,75,74,74,55,55,48,48,48,30,38,44,25,24,24,22,72,83,88,88,88,88,88,88,88,88,85,88,88,83,88,88,22,72,77,73,73,73,88,32,47,22,22,30,45,15,30,38,53,8,68,83,88,25,0,0],"gold":62,"neow_bonus":"TEN_PERCENT_HP_BONUS","is_daily":false,"chose_seed":false,"campfire_upgraded":9,"win_rate":0.0,"timestamp":1613931079,"path_taken":["M","M","M","$","M","R","?","R","T","?","E","M","E","M","R","BOSS","M","M","$","?","?","E","M","E","T","?","M","R","E","M","R","BOSS","M","M","?","?","$","E","R","E","T","M","R","M","R","M","R","BOSS","R","$","E","BOSS"],"items_purchased_type":["Card","Relic","Card","Card","Relic","Relic","Potion","Potion"],"build_version":"2020-12-22","purchased_purges":2,"victory":false,"max_hp_per_floor":[88,88,88,88,88,88,88,88,88,88,88,88,88,88,88,88,88,88,88,88,88,88,88,88,88,88,88,88,88,88,88,88,88,88,88,88,88,88,88,88,88,88,88,88,88,88,88,88,88,88,88,88,88,95,95,95],"card_choices":[{"not_picked":["Sword Boomerang","Havoc"],"picked":"Inflame","floor":1.0},{"not_picked":["Flex","Dual Wield"],"picked":"Dropkick","floor":2.0},{"not_picked":["Intimidate","Sever Soul"],"picked":"Pummel","floor":3.0},{"not_picked":["Sentinel","Sever Soul"],"picked":"Combust","floor":5.0},{"not_picked":["Disarm","Dropkick"],"picked":"Spot Weakness","floor":11.0},{"not_picked":["Sword Boomerang","Ghostly Armor"],"picked":"Whirlwind","floor":12.0},{"not_picked":["Wild Strike","Dual Wield"],"picked":"Shrug It Off","floor":13.0},{"not_picked":["Anger","Dropkick"],"picked":"True Grit","floor":14.0},{"not_picked":["Corruption","Berserk"],"picked":"Reaper","floor":16.0},{"not_picked":["Perfected Strike","True Grit"],"picked":"Ghostly Armor","floor":18.0},{"not_picked":["Reckless Charge","Clash"],"picked":"Burning Pact","floor":19.0},{"not_picked":["Shrug It Off","Entrench"],"picked":"Clothesline+1","floor":23.0},{"not_picked":["Pommel Strike","Armaments","Power Through"],"picked":"SKIP","floor":24.0},{"not_picked":["Pommel Strike","Armaments","Power Through"],"picked":"SKIP","floor":24.0},{"not_picked":["Iron Wave","Intimidate+1"],"picked":"Rage","floor":25.0},{"not_picked":["Entrench","Body Slam+1","Blood for Blood+1"],"picked":"SKIP","floor":27.0},{"not_picked":["Anger+1","Wild Strike"],"picked":"Bloodletting","floor":28.0},{"not_picked":["Sever Soul","Pummel","Inflame"],"picked":"SKIP","floor":30.0},{"not_picked":["Pommel Strike+1","Clash"],"picked":"Heavy Blade+1","floor":31.0},{"not_picked":["Clash","Thunderclap+1"],"picked":"Twin Strike","floor":35.0},{"not_picked":["Clothesline","Cleave"],"picked":"True Grit+1","floor":36.0},{"not_picked":["Second Wind","Spot Weakness"],"picked":"Warcry+1","floor":40.0},{"not_picked":["Burning Pact","Shrug It Off","Power Through"],"picked":"SKIP","floor":42.0},{"not_picked":["Armaments+1","Pommel Strike+1","Carnage"],"picked":"SKIP","floor":44.0},{"not_picked":["Dark Embrace","Clash+1","Reckless Charge"],"picked":"SKIP","floor":46.0},{"not_picked":["Headbutt+1","Disarm","Power Through+1"],"picked":"SKIP","floor":48.0},{"not_picked":["Disarm","Power Through+1"],"picked":"Headbutt+1","floor":48.0},{"not_picked":["True Grit+1","Shrug It Off+1"],"picked":"Impervious","floor":54}],"player_experience":287364,"relics_obtained":[{"floor":11.0,"key":"Pantograph"},{"floor":13.0,"key":"MawBank"},{"floor":23.0,"key":"Blood Vial"},{"floor":25.0,"key":"Eternal Feather"},{"floor":26.0,"key":"HornCleat"},{"floor":30.0,"key":"MealTicket"},{"floor":40.0,"key":"Bag of Marbles"},{"floor":42.0,"key":"Smiling Mask"},{"floor":43.0,"key":"Oddly Smooth Stone"},{"floor":54,"key":"Strawberry"}],"event_choices":[{"damage_healed":0.0,"max_hp_gain":0.0,"max_hp_loss":0.0,"gold_gain":0.0,"event_name":"Scrap Ooze","player_choice":"Success","floor":7.0,"gold_loss":0.0,"damage_taken":7.0,"relics_obtained":["Anchor"]},{"damage_healed":0.0,"max_hp_gain":0.0,"max_hp_loss":0.0,"gold_gain":0.0,"event_name":"Shining Light","player_choice":"Entered Light","floor":10.0,"gold_loss":0.0,"damage_taken":18.0,"cards_upgraded":["Defend_R","Defend_R"]},{"damage_healed":0.0,"max_hp_gain":0.0,"max_hp_loss":0.0,"gold_gain":100.0,"event_name":"Golden Shrine","player_choice":"Pray","floor":21.0,"gold_loss":0.0,"damage_taken":0.0},{"cards_removed":["Defend_R"],"damage_healed":0.0,"max_hp_gain":0.0,"max_hp_loss":0.0,"gold_gain":0.0,"event_name":"Falling","player_choice":"Removed Skill","floor":37.0,"gold_loss":0.0,"damage_taken":0.0},{"damage_healed":0.0,"max_hp_gain":0.0,"max_hp_loss":0.0,"gold_gain":0.0,"event_name":"SensoryStone","player_choice":"Memory 1","floor":38.0,"gold_loss":0.0,"damage_taken":0.0}],"is_beta":false,"boss_relics":[{"not_picked":["Empty Cage","Runic Dome"],"picked":"Coffee Dripper"},{"not_picked":["Cursed Key","Velvet Choker"],"picked":"Astrolabe"}],"items_purged_floors":[4,20],"is_endless":false,"potions_floor_spawned":[1,3,5,12,14,19,23,24,27,28,42,44,54],"killed_by":"The Heart","ascension_level":8}}