{"host":"imy0w7zcgpxryx7c","time":1613889420,"event":{"mods":["AchievementEnabler","BaseMod","Colored Map","Colored Powertips","Minty Spire (QoL Compilation)","Relic Sorter","StSLib"],"gold_per_floor":[114,114,126,126,145,145,164,199,225,225,225,239,256,276,276,374,374,388,240,240,252,252,283,295,341,353,365,365],"floor_reached":27,"language":"ENG","playtime":2249,"items_purged":["Defend_B"],"score":392,"play_id":"b7fa2936-22a6-4a8d-b19f-e03ae6e9f698","local_time":"20210221013700","is_ascension_mode":true,"campfire_choices":[{"data":"Defragment","floor":6,"key":"SMITH"},{"floor":10,"key":"REST"},{"data":"Dualcast","floor":15,"key":"SMITH"},{"data":"Chill","floor":24,"key":"SMITH"}],"circlet_count":0,"master_deck":["AscendersBane","Strike_B+1","Zap+1","Dualcast+1","BootSequence","Defragment+1","Conserve Battery","Go for the Eyes","Scrape+1","FTL","FTL","Fission+1","Lockon","White Noise","Chill+1"],"relics":["Cracked Core","Whetstone","Regal Pillow","Busted Crown","MawBank","Question Card","Blue Candle"],"acts_visited":["Exordium","TheCity"],"potions_floor_usage":[7,8,13,21],"damage_taken":[{"damage":1,"enemies":"Cultist","floor":1,"turns":4},{"damage":0,"enemies":"Jaw Worm","floor":3,"turns":3},{"damage":0,"enemies":"2 Louse","floor":5,"turns":3},{"damage":2,"enemies":"Exordium Thugs","floor":7,"turns":3},{"damage":38,"enemies":"Gremlin Nob","floor":8,"turns":5},{"damage":0,"enemies":"2 Fungi Beasts","floor":12,"turns":4},{"damage":8,"enemies":"Gremlin Gang","floor":13,"turns":3},{"damage":0,"enemies":"Blue Slaver","floor":14,"turns":2},{"damage":5,"enemies":"Hexaghost","floor":16,"turns":7},{"damage":2,"enemies":"3 Byrds","floor":18,"turns":5},{"damage":0,"enemies":"Chosen","floor":21,"turns":3},{"damage":11,"enemies":"Book of Stabbing","floor":23,"turns":3},{"damage":24,"enemies":"Gremlin Leader","floor":25,"turns":4},{"damage":29,"enemies":"Book of Stabbing","floor":27,"turns":3}],"seed_played":"-9180043244824345483","potions_obtained":[{"floor":1,"key":"Swift Potion"},{"floor":5,"key":"ColorlessPotion"},{"floor":8,"key":"SkillPotion"},{"floor":13,"key":"ColorlessPotion"},{"floor":18,"key":"Dexterity Potion"}],"is_trial":false,"path_per_floor":["M","?","M","?","M","R","M","E","T","R","?","M","M","M","R","B",null,"M","$","?","M","?","E","R","E","T","E"],"character_chosen":"DEFECT","items_purchased":["Lockon"],"campfire_rested":1,"item_purchase_floors":[19],"current_hp_per_floor":[67,67,67,60,60,60,58,20,20,55,55,55,47,47,47,42,62,60,60,60,60,60,49,49,25,25,0,0],"gold":365,"neow_bonus":"REMOVE_TWO","is_daily":false,"chose_seed":false,"campfire_upgraded":3,"win_rate":0.0,"timestamp":1613889420,"path_taken":["M","?","M","?","M","R","M","E","T","R","?","M","M","M","R","BOSS","M","$","?","M","?","E","R","E","T","E"],"items_purchased_type":["Card"],"build_version":"2020-12-22","purchased_purges":1,"victory":false,"max_hp_per_floor":[68,68,68,68,68,68,68,68,68,68,68,68,68,68,68,68,68,68,68,68,68,68,68,68,68,68,68,68],"card_choices":[{"not_picked":["Undo","Lockon"],"picked":"BootSequence","floor":1},{"not_picked":["Hologram","Streamline"],"picked":"Defragment","floor":3},{"not_picked":["Reprogram","Hologram"],"picked":"Conserve Battery","floor":5},{"not_picked":["Creative AI","Barrage"],"picked":"Go for the Eyes","floor":7},{"not_picked":["White Noise","Hologram"],"picked":"Scrape","floor":8},{"not_picked":["Leap","Stack"],"picked":"FTL","floor":12},{"not_picked":["Turbo","Aggregate"],"picked":"FTL","floor":13},{"not_picked":["Rip and Tear","Self Repair","Ball Lightning"],"picked":"SKIP","floor":14},{"not_picked":["Hyperbeam","Buffer"],"picked":"Fission","floor":16},{"not_picked":["Double Energy"],"picked":"SKIP","floor":18},{"not_picked":["Redo"],"picked":"SKIP","floor":21},{"not_picked":["Aggregate"],"picked":"SKIP","floor":23},{"not_picked":["Consume"],"picked":"SKIP","floor":25}],"player_experience":481244,"relics_obtained":[{"floor":8,"key":"Whetstone"},{"floor":9,"key":"Regal Pillow"},{"floor":23,"key":"MawBank"},{"floor":25,"key":"Question Card"},{"floor":26,"key":"Blue Candle"}],"event_choices":[{"damage_healed":0,"gold_gain":0,"player_choice":"Grow","damage_taken":0,"max_hp_gain":0,"max_hp_loss":0,"event_name":"Living Wall","floor":2,"gold_loss":0,"cards_upgraded":["Zap"]},{"cards_removed":["Strike_B"],"damage_healed":0,"gold_gain":0,"player_choice":"Card Removal","damage_taken":7,"max_hp_gain":0,"max_hp_loss":0,"event_name":"Golden Wing","floor":4,"gold_loss":0},{"cards_removed":["Defend_B"],"damage_healed":0,"gold_gain":0,"player_choice":"Offered Basic","damage_taken":0,"max_hp_gain":0,"max_hp_loss":0,"event_name":"Bonfire Elementals","floor":11,"gold_loss":0},{"damage_healed":0,"gold_gain":0,"cards_transformed":["Defend_B","Defend_B"],"player_choice":"Became Test Subject","damage_taken":0,"max_hp_gain":0,"max_hp_loss":0,"event_name":"Drug Dealer","floor":20,"gold_loss":0,"cards_obtained":["White Noise","Chill"]},{"damage_healed":0,"gold_gain":0,"player_choice":"Upgraded","damage_taken":0,"max_hp_gain":0,"max_hp_loss":0,"event_name":"Upgrade Shrine","floor":22,"gold_loss":0,"cards_upgraded":["Fission"]}],"is_beta":false,"boss_relics":[{"not_picked":["Snecko Eye","Tiny House"],"picked":"Busted Crown"}],"items_purged_floors":[19],"is_endless":false,"potions_floor_spawned":[1,5,8,13,18],"killed_by":"Book of Stabbing","ascension_level":11}}