{"host":"23qk1co0p3p8qz56","time":1613880874,"event":{"mods":["100% Spire Juice","AchievementEnabler","Act Like it!","Arknights","BaseMod","Better Note","Better Third Choice","BetterRewards","CapriCore","Chen","Colored Map","DNKmod","Downfall","Friendly Minions","Gensokyo","Gold Saver","Halation","HololiveMod","KinomotoSakuraMod(木之本?)","Koishi","KomeijiMod","Lobotomy","LobotomyExtend","Mari Mod (Legacy)","Mari\u0027s V1 Patch","Marisa（霧雨　魔理沙）","Minty Spire (QoL Compilation)","MostiFishMod","Prisma Mod","Railgun Mod","Reimu（博??梦）","Remilia（蕾米莉?）","RumiaBox-露米?的神秘盒子","StSLib","The Administrix","The Alterego","The Animator","The Immortal","The Senshi","Waifu the Spire","WarShipGirlsR/??少女R mod","Yakumo Yukari mod","Yohane!","Yuyuko"],"gold_per_floor":[10012,10012,9855,9510,9526,9526,9552,9552,9627,9657,9675,9058,9071,9071,9071,9166,9166,9166,8528,8528,8528,8528,8528,8528,8528,8528,8528,8528,8528,8528,8528,8528,8528,8528,8528,7974,7974,7974,7974,7504,7504,7504],"floor_reached":43,"language":"ENG","playtime":3275,"items_purged":[],"score":1320,"play_id":"2059bca1-0252-4572-9829-634f68e8eab5","local_time":"20210220211434","is_ascension_mode":false,"campfire_choices":[{"data":"Capacitor","floor":6,"key":"SMITH"},{"data":"MostiFishMod:GatherIntelligence","floor":8,"key":"SMITH"},{"floor":15,"key":"RECALL"},{"data":"Storm","floor":23,"key":"SMITH"},{"data":"Hello World","floor":28,"key":"SMITH"},{"data":"MostiFishMod:LinkProtocol","floor":32,"key":"SMITH"},{"data":"Amplify","floor":39,"key":"SMITH"}],"circlet_count":0,"master_deck":["Strike_B","Strike_B","Defend_B","Defend_B","Defend_B","Defend_B","Zap","Dualcast","Doom and Gloom","Capacitor+1","MostiFishMod:GatherIntelligence+1","Static Discharge","Skim","Melter","Hologram","Coolheaded","MostiFishMod:LinkProtocol+1","Storm+1","Amplify+1","Lockon","Fusion","MostiFishMod:StrandedSiren","Heatsinks","White Noise+1","Cold Snap+1","Redo","Hello World+1","MostiFishMod:DeathFromBelow+1","Rainbow+1","MostiFishMod:Culaccino+1","Creative AI+1","Buffer+1","MostiFishMod:InterfaceCompatibility+1"],"relics":["Cracked Core","halation:Gekota","Pantograph","DaveBox","ArrowTower","SynthV:TestCard","LetterFromLob","Strange Spoon","Bag of Marbles","Kunai","halation:TwoAmDonut","ScarletDevilRocket","Ectoplasm","InkBottle","Pen Nib","BrkXgEgg","Bottled Lightning","GodSword1","Juzu Bracelet","ChiXiaoBlade","MagicDraw4","Mastiff:ReiMu","NitorisBag","halation:Thesaurus","Gremlin Horn","PreservedInsect"],"acts_visited":["Exordium","TheCity","TheBeyond","TheEnding"],"potions_floor_usage":[20,20,20,20,29,33,42,42],"damage_taken":[{"damage":0,"enemies":"Cultist","floor":1,"turns":2},{"damage":7,"enemies":"Small Slimes","floor":5,"turns":2},{"damage":0,"enemies":"3 Sentries","floor":7,"turns":3},{"damage":0,"enemies":"Gremlin Nob","floor":10,"turns":2},{"damage":0,"enemies":"Jaw Worm","floor":11,"turns":1},{"damage":0,"enemies":"Large Slime","floor":13,"turns":3},{"damage":4,"enemies":"The Guardian","floor":16,"turns":6},{"damage":0,"enemies":"Chosen","floor":18,"turns":4},{"damage":0,"enemies":"2 Thieves","floor":20,"turns":1},{"damage":0,"enemies":"Snake Plant","floor":21,"turns":2},{"damage":12,"enemies":"Centurion and Healer","floor":22,"turns":4},{"damage":2,"enemies":"Shelled Parasite and Fungi","floor":24,"turns":3},{"damage":14,"enemies":"Book of Stabbing","floor":25,"turns":3},{"damage":27,"enemies":"Slavers","floor":29,"turns":2},{"damage":27,"enemies":"Collector","floor":33,"turns":5},{"damage":15,"enemies":"Orb Walker","floor":35,"turns":2},{"damage":21,"enemies":"Time Eater","floor":37,"turns":5},{"damage":39,"enemies":"Shield and Spear","floor":41,"turns":4},{"damage":42,"enemies":"The Heart","floor":42,"turns":6}],"seed_played":"-479975212727502516","potions_obtained":[{"floor":1,"key":"ColorlessPotion"},{"floor":5,"key":"Guardian:BlockOnCardUsePotion"},{"floor":7,"key":"LiquidMemories"},{"floor":10,"key":"PowerPotion"},{"floor":18,"key":"SteroidPotion"},{"floor":22,"key":"sneckomod:MuddlingPotion"},{"floor":24,"key":"Ancient Potion"},{"floor":33,"key":"ZuzhouPotion:ReiMu"}],"is_trial":false,"path_per_floor":["M","?","$","$","M","R","E","R","T","E","M","$","M","M","R","B",null,"M","$","M","M","M","R","M","E","T","?","R","E","?","?","R","B",null,"M","$","B",null,"R","$","E","B",null],"character_chosen":"DEFECT","items_purchased":["Capacitor","MostiFishMod:GatherIntelligence","Static Discharge","Skim","Melter","Strange Spoon","halation:TwoAmDonut","ScarletDevilRocket","Amplify","Lockon","Heatsinks","InkBottle","Pen Nib","BrkXgEgg","MagicDraw4","Mastiff:ReiMu","NitorisBag","Buffer+1","halation:Thesaurus","Ancient Potion","AttackPotion","Fire Potion"],"campfire_rested":0,"item_purchase_floors":[3,3,4,4,4,4,12,12,12,12,19,19,19,19,36,36,36,40,40,40,40,40],"current_hp_per_floor":[550,550,550,550,543,543,543,543,543,543,543,543,543,543,543,546,550,550,550,550,550,538,538,536,522,522,522,522,495,440,440,440,438,550,535,535,529,550,550,550,511,494],"gold":7504,"neow_bonus":"TEN_PERCENT_HP_BONUS","is_daily":false,"chose_seed":false,"campfire_upgraded":6,"win_rate":0.0,"timestamp":1613880874,"path_taken":["M","?","?","$","M","R","E","R","T","E","M","$","M","M","R","BOSS","M","$","M","M","M","R","M","E","T","?","R","E","?","?","R","BOSS","M","$","BOSS","R","$","E","BOSS"],"items_purchased_type":["Card","Card","Card","Card","Card","Relic","Relic","Relic","Card","Card","Card","Relic","Relic","Relic","Relic","Relic","Relic","Card","Relic","Potion","Potion","Potion"],"build_version":"2020-12-22","purchased_purges":0,"victory":true,"max_hp_per_floor":[550,550,550,550,550,550,550,550,550,550,550,550,550,550,550,550,550,550,550,550,550,550,550,550,550,550,550,550,550,550,550,550,550,550,550,550,550,550,550,550,550,550],"card_choices":[{"not_picked":["Rip and Tear","Barrage"],"picked":"Doom and Gloom","floor":1},{"not_picked":["Barrage","Consume","Reprogram","Chaos"],"picked":"Hologram","floor":5},{"not_picked":["Glacier","Beam Cell","Go for the Eyes","MostiFishMod:PushDownKick"],"picked":"Coolheaded","floor":7},{"not_picked":["MostiFishMod:Overload","Coolheaded","Stack","Conserve Battery"],"picked":"MostiFishMod:LinkProtocol","floor":10},{"not_picked":["Darkness","Capacitor","Gash","Streamline"],"picked":"Storm","floor":11},{"not_picked":["Stack","Consume","Steam","Storm"],"picked":"Fusion","floor":13},{"not_picked":["Machine Learning","MostiFishMod:ReadyAimFire","Electrodynamics","MostiFishMod:SeaWaves"],"picked":"MostiFishMod:StrandedSiren","floor":16},{"not_picked":["Beam Cell","Streamline","Compile Driver","MostiFishMod:GatherIntelligence","Stack"],"picked":"SKIP","floor":18},{"not_picked":["Ball Lightning","FTL","Consume","Scrape+1"],"picked":"White Noise","floor":20},{"not_picked":["Glacier+1","Leap+1","Stack+1","Sweeping Beam+1"],"picked":"Cold Snap+1","floor":21},{"not_picked":["Hologram","Rip and Tear","Barrage","MostiFishMod:FluxCapactior"],"picked":"Redo","floor":22},{"not_picked":["Conserve Battery+1","Gash","Compile Driver","Redo"],"picked":"Hello World","floor":24},{"not_picked":["MostiFishMod:ReprogramOld","Sweeping Beam","Genetic Algorithm","Reprogram"],"picked":"MostiFishMod:DeathFromBelow+1","floor":25},{"not_picked":["Streamline+1","Sweeping Beam","Beam Cell","Coolheaded"],"picked":"MostiFishMod:Culaccino+1","floor":29},{"not_picked":["MostiFishMod:StrandedSiren+1","All For One+1","MostiFishMod:ATRI+1","Seek+1"],"picked":"Creative AI+1","floor":33},{"not_picked":["Coolheaded","Barrage","Cold Snap+1","Steam","Redo"],"picked":"SKIP","floor":35},{"not_picked":["Melter","Compile Driver+1","Heatsinks+1","Blizzard+1"],"picked":"MostiFishMod:InterfaceCompatibility+1","floor":41}],"player_experience":222949,"relics_obtained":[{"floor":1,"key":"SynthV:TestCard"},{"floor":1,"key":"LetterFromLob"},{"floor":7,"key":"Bag of Marbles"},{"floor":10,"key":"Kunai"},{"floor":25,"key":"Bottled Lightning"},{"floor":26,"key":"GodSword1"},{"floor":29,"key":"Juzu Bracelet"},{"floor":41,"key":"PreservedInsect"}],"event_choices":[{"cards_removed":["Strike_B"],"damage_healed":0,"gold_gain":0,"player_choice":"Purged","damage_taken":0,"max_hp_gain":0,"max_hp_loss":0,"event_name":"Purifier","floor":2,"gold_loss":0},{"damage_healed":0,"gold_gain":0,"cards_transformed":["Strike_B"],"player_choice":"Transformed","damage_taken":0,"max_hp_gain":0,"max_hp_loss":0,"event_name":"Transmorgrifier","floor":27,"gold_loss":0,"cards_obtained":["Rainbow"]},{"damage_healed":0,"gold_gain":75,"player_choice":"Touch","damage_taken":55,"max_hp_gain":0,"max_hp_loss":0,"event_name":"FaceTrader","floor":30,"gold_loss":0},{"damage_healed":0,"gold_gain":0,"player_choice":"Upgraded","damage_taken":0,"max_hp_gain":0,"max_hp_loss":0,"event_name":"Upgrade Shrine","floor":31,"gold_loss":0,"cards_upgraded":["White Noise"]}],"is_beta":false,"boss_relics":[{"not_picked":["OneHitWonderSystem","halation:Prosthetics"],"picked":"Ectoplasm"},{"not_picked":["Coffee Dripper","GuanYuAspect"],"picked":"ChiXiaoBlade"}],"items_purged_floors":[],"is_endless":false,"potions_floor_spawned":[1,5,7,10,18,22,24,33],"ascension_level":0}}