{"host":"y9t3brv5y5t41vuj","time":1613916897,"event":{"mods":["AchievementEnabler","BaseMod","BetterRewards","Block Reminder","Colored Map","Colored Powertips","Conspire","Highlight Path","Hubris","Infinite Spire","Minty Spire (QoL Compilation)","Quick Restart","Replay The Spire","Shop Mod","StSLib","SuperFastMode","Unceasing Turn Reminder"],"gold_per_floor":[114,289,389,406,406,406,424,424,424,439,78,78,111,111,111,211,211,226,236,251,251,268,268,268,268],"floor_reached":24,"language":"ENG","playtime":864,"items_purged":["Strike_R","Strike_R","Doubt"],"score":316,"play_id":"b6083b16-cb25-48ff-8aca-76e4e4ff1f68","local_time":"20210221151457","is_ascension_mode":false,"campfire_choices":[{"data":"Evolve","floor":6,"key":"SMITH"},{"data":"infinitespire:OneForAll","floor":8,"key":"SMITH"},{"data":"Metallicize","floor":12,"key":"SMITH"},{"floor":15,"key":"REST"}],"circlet_count":0,"master_deck":["Strike_R","Defend_R","Defend_R","Defend_R","Evolve+1","Wild Strike","Power Through","Metallicize+1","infinitespire:OneForAll+1","Bash","Battle Trance","conspire:Purge","Iron Wave","Power Through"],"relics":["Burning Blood","MerchantsRug","Bag of Marbles","infinitespire:CheckeredPen","StoneCalendar","Smiling Mask","Sozu","hubris:BottledHeart"],"acts_visited":["Exordium","TheCity"],"potions_floor_usage":[23,23,23],"damage_taken":[{"damage":2,"enemies":"Small Slimes","floor":1,"turns":4},{"damage":1,"enemies":"Jaw Worm","floor":4,"turns":5},{"damage":1,"enemies":"Cultist","floor":7,"turns":4},{"damage":10,"enemies":"Large Slime","floor":10,"turns":8},{"damage":14,"enemies":"3 Sentries","floor":13,"turns":7},{"damage":34,"enemies":"The Guardian","floor":16,"turns":9},{"damage":10,"enemies":"Chosen","floor":18,"turns":4},{"damage":11,"enemies":"Spheric Guardian","floor":19,"turns":5},{"damage":23,"enemies":"Chosen and Byrds","floor":20,"turns":7},{"damage":0,"enemies":"Snake Plant","floor":22,"turns":4},{"damage":0,"enemies":"Nightmare","floor":23,"turns":8}],"seed_played":"3679054859505995193","potions_obtained":[{"floor":1,"key":"LiquidMemories"},{"floor":7,"key":"SmokeBomb"},{"floor":13,"key":"Elixir"}],"is_trial":false,"path_per_floor":["M","?","?","M","T","R","M","R","T","M","$","R","E","?","R","B",null,"M","M","M","?","M","NM","?"],"character_chosen":"IRONCLAD","items_purchased":["MerchantsRug","Evolve","Wild Strike","hubris:Zylophone","Power Through","Bag of Marbles","Metallicize","StoneCalendar"],"campfire_rested":1,"item_purchase_floors":[0,0,0,0,0,0,0,11],"current_hp_per_floor":[42,42,42,47,47,47,52,52,52,48,48,48,40,40,64,36,80,76,71,54,1,1,1,0,0],"gold":268,"neow_bonus":"","is_daily":false,"chose_seed":false,"campfire_upgraded":3,"win_rate":0.0,"timestamp":1613916897,"path_taken":["M","?","?","?","?","R","M","R","T","?","$","R","E","?","R","BOSS","M","M","M","?","M","NM","?"],"items_purchased_type":["Relic","Card","Card","Relic","Card","Relic","Card","Relic"],"build_version":"2020-12-22","purchased_purges":3,"victory":false,"max_hp_per_floor":[80,80,80,80,80,80,80,80,80,80,80,80,80,80,80,80,80,80,80,80,1,1,1,1,1],"card_choices":[{"not_picked":["Anger","Replay:Undeath\u0027s Touch","Pommel Strike"],"picked":"SKIP","floor":1},{"not_picked":["Perfected Strike","True Grit","Rage"],"picked":"SKIP","floor":4},{"not_picked":["Twin Strike","Cleave"],"picked":"infinitespire:OneForAll","floor":7},{"not_picked":["ReplayTheSpireMod:Strike From Hell","Sentinel","Body Slam"],"picked":"SKIP","floor":10},{"not_picked":["Power Through","Havoc","Inflame"],"picked":"SKIP","floor":13},{"not_picked":["Replay:Many Hands","Double Tap"],"picked":"conspire:Purge","floor":16},{"not_picked":["Perfected Strike","Havoc","Flame Barrier"],"picked":"SKIP","floor":18},{"not_picked":["hubris:ReadiedAction","Clash","Sword Boomerang+1"],"picked":"SKIP","floor":19},{"not_picked":["Armaments","Flex"],"picked":"Iron Wave","floor":20},{"not_picked":["ReplayTheSpireMod:Muscle Training","Shrug It Off"],"picked":"Power Through","floor":22}],"player_experience":542306,"relics_obtained":[{"floor":5,"key":"infinitespire:CheckeredPen"},{"floor":9,"key":"Quantum Egg"},{"floor":13,"key":"Smiling Mask"}],"event_choices":[{"damage_healed":0,"gold_gain":175,"player_choice":"AGREE","damage_taken":0,"max_hp_gain":0,"max_hp_loss":0,"event_name":"Liars Game","floor":2,"gold_loss":0,"cards_obtained":["Doubt"]},{"damage_healed":0,"gold_gain":100,"player_choice":"Gold","damage_taken":0,"max_hp_gain":0,"max_hp_loss":0,"event_name":"Wheel of Change","floor":3,"gold_loss":0},{"damage_healed":0,"gold_gain":0,"player_choice":"3 cards matched","damage_taken":0,"max_hp_gain":0,"max_hp_loss":0,"event_name":"Match and Keep!","floor":14,"gold_loss":0,"cards_obtained":["Immolate","Bash","Battle Trance"]},{"damage_healed":0,"gold_gain":0,"player_choice":"3 cards matched","damage_taken":0,"max_hp_gain":0,"max_hp_loss":0,"event_name":"Match and Keep!","floor":14,"gold_loss":0,"cards_obtained":["Immolate","Bash","Battle Trance"]}],"is_beta":false,"boss_relics":[{"not_picked":["Replay:Bronze Core","hubris:HollowSoul"],"picked":"Sozu"}],"items_purged_floors":[0,0,11],"is_endless":false,"potions_floor_spawned":[1,7,13,20,22,23],"ascension_level":0}}