{"host":"iv24d026eac8pm4e","time":1613903768,"event":{"mods":["BaseMod","Minty Spire (QoL Compilation)"],"gold_per_floor":[115,128,142,161,161,161,436,465,490,14,24,37,53,79,79,151,151,168,178,196,196,196,228,228,228,228],"floor_reached":25,"language":"ENG","playtime":1214,"items_purged":["Regret"],"score":645,"play_id":"ef5e3710-dabf-4bc7-b396-402bef68c547","local_time":"20210221023608","is_ascension_mode":true,"campfire_choices":[{"floor":6,"key":"REST"},{"data":"Accuracy","floor":15,"key":"SMITH"}],"circlet_count":0,"master_deck":["AscendersBane","Defend_G","Defend_G","Defend_G","Defend_G+1","Defend_G","Survivor","Neutralize","Blade Dance","Cloak And Dagger","Dagger Throw+1","Dagger Throw","After Image","Underhanded Strike","PiercingWail","Eviscerate","Accuracy+1","Infinite Blades","Venomology","Underhanded Strike","Eviscerate+1","Footwork","Tactician","Bite","Bite","Bite","Bite","Bite","Escape Plan","Writhe"],"relics":["Runic Pyramid","Orichalcum","Toy Ornithopter","FossilizedHelix","Strawberry","HoveringKite","Dead Branch","Pocketwatch"],"acts_visited":["Exordium","TheCity"],"potions_floor_usage":[8,14,16,18,19,19,20],"damage_taken":[{"damage":0,"enemies":"2 Louse","floor":1,"turns":4},{"damage":1,"enemies":"Cultist","floor":2,"turns":4},{"damage":7,"enemies":"Jaw Worm","floor":3,"turns":4},{"damage":14,"enemies":"Exordium Wildlife","floor":4,"turns":7},{"damage":21,"enemies":"Lagavulin","floor":8,"turns":6},{"damage":0,"enemies":"2 Fungi Beasts","floor":11,"turns":3},{"damage":0,"enemies":"Blue Slaver","floor":12,"turns":3},{"damage":0,"enemies":"Looter","floor":13,"turns":3},{"damage":0,"enemies":"Gremlin Nob","floor":14,"turns":4},{"damage":0,"enemies":"Slime Boss","floor":16,"turns":7},{"damage":9,"enemies":"Shell Parasite","floor":18,"turns":5},{"damage":11,"enemies":"Spheric Guardian","floor":19,"turns":4},{"damage":9,"enemies":"Centurion and Healer","floor":20,"turns":7},{"damage":60,"enemies":"Slavers","floor":23,"turns":8},{"damage":21,"enemies":"Book of Stabbing","floor":25,"turns":4}],"seed_played":"87473198937822668","potions_obtained":[{"floor":2,"key":"SmokeBomb"},{"floor":4,"key":"Block Potion"},{"floor":13,"key":"DistilledChaos"},{"floor":14,"key":"Swift Potion"},{"floor":16,"key":"Weak Potion"},{"floor":20,"key":"FearPotion"}],"is_trial":false,"path_per_floor":["M","M","M","M","?","R","?","E","T","$","M","M","M","E","R","B",null,"M","M","M","?","?","E","?","E"],"character_chosen":"THE_SILENT","items_purchased":["FossilizedHelix","Underhanded Strike"],"campfire_rested":1,"item_purchase_floors":[10,10],"current_hp_per_floor":[59,58,51,37,17,36,36,15,15,15,15,15,15,27,27,32,63,59,58,54,54,51,13,13,0,0],"gold":228,"neow_bonus":"BOSS_RELIC","is_daily":false,"chose_seed":false,"campfire_upgraded":1,"win_rate":0.0,"timestamp":1613903768,"path_taken":["M","M","M","M","?","R","?","E","T","$","?","M","M","E","R","BOSS","M","M","M","?","?","E","?","E"],"items_purchased_type":["Relic","Card"],"build_version":"2020-12-22","purchased_purges":1,"victory":false,"max_hp_per_floor":[66,66,66,66,66,66,66,66,66,66,66,66,66,73,73,73,73,73,73,73,73,51,51,51,51,51],"card_choices":[{"not_picked":["Poisoned Stab","PiercingWail"],"picked":"Blade Dance","floor":1},{"not_picked":["Sucker Punch","Quick Slash"],"picked":"Cloak And Dagger","floor":2},{"not_picked":["Eviscerate","Bane"],"picked":"Dagger Throw","floor":3},{"not_picked":["Slice","Dagger Spray"],"picked":"Dagger Throw","floor":4},{"not_picked":["Infinite Blades","Acrobatics"],"picked":"After Image","floor":8},{"not_picked":["Acrobatics","Bane"],"picked":"PiercingWail","floor":11},{"not_picked":["PiercingWail","Choke"],"picked":"Eviscerate","floor":12},{"not_picked":["Setup","Endless Agony"],"picked":"Accuracy","floor":13},{"not_picked":["Slice","Prepared"],"picked":"Infinite Blades","floor":14},{"not_picked":["Die Die Die","Phantasmal Killer"],"picked":"Venomology","floor":16},{"not_picked":["Dodge and Roll","Backflip"],"picked":"Underhanded Strike","floor":18},{"not_picked":["Cloak And Dagger","Outmaneuver"],"picked":"Eviscerate+1","floor":19},{"not_picked":["Dodge and Roll","Slice"],"picked":"Footwork","floor":20},{"not_picked":["Bane","Eviscerate"],"picked":"Escape Plan","floor":23}],"player_experience":2548861,"relics_obtained":[{"floor":8,"key":"Orichalcum"},{"floor":9,"key":"Toy Ornithopter"},{"floor":14,"key":"Strawberry"},{"floor":23,"key":"Dead Branch"}],"event_choices":[{"damage_healed":0,"gold_gain":0,"player_choice":"Entered Light","damage_taken":20,"max_hp_gain":0,"max_hp_loss":0,"event_name":"Shining Light","floor":5,"gold_loss":0,"cards_upgraded":["Defend_G","Dagger Throw"]},{"damage_healed":0,"gold_gain":275,"player_choice":"Desecrate","damage_taken":0,"max_hp_gain":0,"max_hp_loss":0,"event_name":"Golden Shrine","floor":7,"gold_loss":0,"cards_obtained":["Regret"]},{"damage_healed":0,"gold_gain":0,"player_choice":"Read","damage_taken":0,"max_hp_gain":0,"max_hp_loss":0,"event_name":"The Library","floor":21,"gold_loss":0,"cards_obtained":["Tactician"]},{"damage_healed":0,"gold_gain":0,"player_choice":"Became a vampire","damage_taken":0,"max_hp_gain":0,"max_hp_loss":22,"event_name":"Vampires","floor":22,"gold_loss":0,"cards_obtained":["Bite","Bite","Bite","Bite","Bite"]},{"damage_healed":0,"gold_gain":0,"player_choice":"Opened","damage_taken":0,"relics_obtained":["Pocketwatch"],"max_hp_gain":0,"max_hp_loss":0,"event_name":"The Mausoleum","floor":24,"gold_loss":0,"cards_obtained":["Writhe"]}],"is_beta":false,"boss_relics":[{"not_picked":["Empty Cage","Busted Crown"],"picked":"HoveringKite"}],"items_purged_floors":[10],"is_endless":false,"potions_floor_spawned":[2,4,13,14,16,20],"killed_by":"Book of Stabbing","ascension_level":20}}