{"host":"xc18ixkpjvqrt8st","time":1613880371,"event":{"mods":["Act Like it!","BaseMod","Better Match","Better Third Choice","Conspire","Hallownest","Hermit","Hubris","Jorbs\u0027s Wanderer Trilogy","Minty Spire (QoL Compilation)","Reliquary","Robot Space Explorer","Shade Mod","Shop Mod","Spicy Shops","Spire Arcade","StSLib","The Animator","The Jungle","The Sage"],"gold_per_floor":[110,110,10,49,19,19,87,87,87,87,87,121,190,35,35,167,167,166,209,209,209,54,54,116,116,116,215,249,312,312,312,312,442,442,457,479,60,93,93],"floor_reached":38,"language":"ENG","playtime":2048,"items_purged":[],"score":429,"play_id":"04146218-1aa8-4a71-93a8-4a604cde5d2d","local_time":"20210220220611","is_ascension_mode":true,"campfire_choices":[{"floor":6,"key":"REST"},{"floor":8,"key":"REST"},{"floor":11,"key":"REST"},{"floor":15,"key":"REST"},{"floor":23,"key":"REST"},{"floor":25,"key":"REST"},{"floor":30,"key":"RECALL"},{"floor":32,"key":"REST"}],"circlet_count":0,"master_deck":["animator:Strike_Overlord","animator:Defend_Overlord","animator:Strike","animator:Strike","animator:Strike","animator:Defend","animator:Defend","animator:Defend","animator:Cocytus","animator:Demiurge","animator:Cocytus","conspire:SpireCoStock+1","conspire:SpireCoStock","animator:YaoHaDucy+1","animator:SwordMaiden","animator:Priestess","animator:Mitsuba","animator:HigakiRinne","CurseOfTheBell","animator:Togame+1","animator:PandorasActor","animator:Witch","animator:Chris","animator:Kazuma+1","animator:Eris","animator:Sonic","animator:CowGirl","animator:HigakiRinne","Parasite"],"relics":["animator:LivingPicture","animator:TheMissingPiece","Anchor","hubris:Icosahedron","betterThird:SlimedRelic","reliquary:TuningFork","Regal Pillow","Calling Bell","Potion Belt","hubris:DeckOfHolding","Girya","reliquary:FingerTrap","reliquary:RosewoodLute","Nilry\u0027s Codex","conspire:SlowCooker","reliquary:JackalopeAntler"],"acts_visited":["Exordium","TheCity","TheBeyond"],"potions_floor_usage":[16,19,28,33,38],"damage_taken":[{"damage":3,"enemies":"Jaw Worm","floor":1,"turns":5},{"damage":0,"enemies":"2 Louse","floor":4,"turns":2},{"damage":42,"enemies":"3 Sentries","floor":7,"turns":15},{"damage":0,"enemies":"Small Slimes","floor":12,"turns":3},{"damage":2,"enemies":"Blue Slaver","floor":13,"turns":5},{"damage":56,"enemies":"Slime Boss","floor":16,"turns":14},{"damage":14,"enemies":"2 Thieves","floor":18,"turns":4},{"damage":0,"enemies":"Chosen","floor":19,"turns":5},{"damage":38,"enemies":"Book of Stabbing","floor":24,"turns":9},{"damage":13,"enemies":"Centurion and Healer","floor":28,"turns":12},{"damage":0,"enemies":"Shelled Parasite and Fungi","floor":29,"turns":8},{"damage":48,"enemies":"hubris:MusketHawk","floor":33,"turns":14},{"damage":59,"enemies":"3 Darklings","floor":35,"turns":11},{"damage":5,"enemies":"Orb Walker","floor":36,"turns":5},{"damage":45,"enemies":"Writhing Mass","floor":38,"turns":9}],"seed_played":"2272000369690776437","potions_obtained":[{"floor":1,"key":"Ancient Potion"},{"floor":18,"key":"EssenceOfSteel"},{"floor":24,"key":"Block Potion"},{"floor":28,"key":"SneckoOil"},{"floor":36,"key":"Block Potion"}],"is_trial":false,"path_per_floor":["M","?","?","M","?","R","E","R","T","?","R","M","M","$","R","B",null,"M","M","?","?","$","R","E","R","T","?","M","M","R","?","R","B",null,"M","M","$","M"],"character_chosen":"THE_ANIMATOR","items_purchased":["Regal Pillow","reliquary:FingerTrap","animator:HigakiRinne","reliquary:JackalopeAntler"],"campfire_rested":7,"item_purchase_floors":[14,22,37,37],"current_hp_per_floor":[63,63,63,63,52,66,24,43,43,30,49,50,48,48,67,11,67,53,53,56,56,56,70,32,68,68,68,55,56,56,40,71,23,71,15,14,14,0,0],"gold":93,"neow_bonus":"RANDOM_COMMON_RELIC","is_daily":false,"chose_seed":false,"campfire_upgraded":0,"win_rate":0.0,"timestamp":1613880371,"path_taken":["M","?","?","M","?","R","E","R","T","?","R","M","?","?","R","BOSS","M","?","?","?","$","R","E","R","T","?","M","M","R","?","R","BOSS","M","M","$","M"],"items_purchased_type":["Relic","Relic","Card","Relic"],"build_version":"2020-12-22","purchased_purges":0,"victory":false,"max_hp_per_floor":[66,66,66,66,66,66,66,66,66,66,66,67,67,67,67,67,67,67,67,70,70,70,70,70,70,70,70,70,71,71,71,71,71,71,71,72,72,72,72],"card_choices":[{"not_picked":["animator:HiiragiShinya","animator:Kazuma"],"picked":"animator:Cocytus","floor":1},{"not_picked":["animator:Shalltear","animator:Evileye"],"picked":"animator:YaoHaDucy","floor":4},{"not_picked":["animator:Sonic","animator:Genos"],"picked":"animator:SwordMaiden","floor":7},{"not_picked":["animator:DwarfShaman","animator:Spearman"],"picked":"animator:Priestess","floor":12},{"not_picked":["animator:Cocytus","animator:Kazuma"],"picked":"animator:Mitsuba","floor":13},{"not_picked":["animator:Eris","animator:Ainz"],"picked":"animator:HigakiRinne","floor":16},{"not_picked":["animator:Cocytus","animator:SilverFang+1"],"picked":"animator:Togame+1","floor":18},{"not_picked":["animator:Demiurge","animator:Entoma"],"picked":"animator:PandorasActor","floor":19},{"not_picked":["animator:Priestess","animator:CowGirl"],"picked":"animator:Witch","floor":24},{"not_picked":["animator:Konayuki","animator:FeridBathory"],"picked":"animator:Chris","floor":28},{"not_picked":["animator:Spearman+1","animator:Bozes"],"picked":"animator:Kazuma+1","floor":29},{"not_picked":["animator:Saitama","animator:GoblinSlayer"],"picked":"animator:Eris","floor":33},{"not_picked":["animator:Priestess","animator:Mitsuba+1"],"picked":"animator:Sonic","floor":35},{"not_picked":["animator:Spearman","animator:Witch"],"picked":"animator:CowGirl","floor":36}],"player_experience":676468,"relics_obtained":[{"floor":7,"key":"reliquary:TuningFork"},{"floor":17,"key":"Potion Belt"},{"floor":17,"key":"hubris:DeckOfHolding"},{"floor":17,"key":"Girya"},{"floor":24,"key":"reliquary:RosewoodLute"},{"floor":31,"key":"Nilry\u0027s Codex"}],"event_choices":[{"damage_healed":0,"gold_gain":0,"player_choice":"Invest 2","damage_taken":0,"max_hp_gain":0,"max_hp_loss":0,"event_name":"conspire:Investor","floor":3,"gold_loss":0},{"damage_healed":0,"gold_gain":0,"player_choice":"Slimed","damage_taken":11,"max_hp_gain":0,"max_hp_loss":0,"event_name":"betterThird:BetterGoop","floor":5,"gold_loss":30},{"damage_healed":43,"gold_gain":0,"player_choice":"Upgrade","damage_taken":13,"max_hp_gain":0,"max_hp_loss":66,"event_name":"betterThird:BetterShining","floor":10,"gold_loss":0,"cards_upgraded":["animator:YaoHaDucy","conspire:SpireCoStock"]},{"damage_healed":0,"gold_gain":99,"player_choice":"Steal","damage_taken":0,"max_hp_gain":0,"max_hp_loss":0,"event_name":"betterThird:BetterNest","floor":27,"gold_loss":0},{"damage_healed":0,"gold_gain":0,"player_choice":"Obtained Book","damage_taken":16,"max_hp_gain":0,"max_hp_loss":0,"event_name":"Cursed Tome","floor":31,"gold_loss":0}],"is_beta":false,"boss_relics":[{"not_picked":["reliquary:RedPaperclip","Fusion Hammer"],"picked":"Calling Bell"},{"not_picked":["hubris:VirtuousBlindfold","hubris:Stopwatch"],"picked":"conspire:SlowCooker"}],"items_purged_floors":[],"is_endless":false,"potions_floor_spawned":[1,18,24,28,36],"killed_by":"Writhing Mass","ascension_level":2}}