{"host":"9ndbo4kgsfoemf7y","time":1613897645,"event":{"mods":["AchievementEnabler","BaseMod","Colored Map","DeckTracker","Keyboard Shortcuts","Minty Spire (QoL Compilation)","Permanent Neow","Quick Restart","Relic Stats","StSLib","SuperFastMode"],"gold_per_floor":[359,24,38,54,54,54,54,69,69,69,69,85,99,124,124,124,124],"floor_reached":16,"language":"KOR","playtime":581,"items_purged":["Defend_B"],"score":158,"play_id":"ab05203a-335a-40c7-b8ca-5647b0892fa9","local_time":"20210221175405","is_ascension_mode":true,"campfire_choices":[{"data":"Hologram","floor":6.0,"key":"SMITH"},{"floor":10,"key":"REST"},{"data":"White Noise","floor":15,"key":"SMITH"}],"circlet_count":0,"master_deck":["AscendersBane","Strike_B","Strike_B","Strike_B","Defend_B","Defend_B","Defend_B","Zap","Dualcast","Genetic Algorithm","Defragment","Hologram+1","Self Repair","Stack","Tempest","White Noise+1","Auto Shields"],"relics":["Cracked Core","Medical Kit","Singing Bowl","Pen Nib","Pear","Art of War"],"acts_visited":["Exordium"],"potions_floor_usage":[8,16],"damage_taken":[{"damage":1.0,"enemies":"Cultist","floor":1.0,"turns":3.0},{"damage":3.0,"enemies":"Small Slimes","floor":3.0,"turns":3.0},{"damage":15.0,"enemies":"Jaw Worm","floor":4.0,"turns":4.0},{"damage":7,"enemies":"Exordium Thugs","floor":8,"turns":4},{"damage":8,"enemies":"2 Fungi Beasts","floor":12,"turns":4},{"damage":22,"enemies":"3 Louse","floor":13,"turns":4},{"damage":14,"enemies":"Lagavulin","floor":14,"turns":7},{"damage":39,"enemies":"The Guardian","floor":16,"turns":16}],"seed_played":"5039497217949501069","potions_obtained":[{"floor":1.0,"key":"Explosive Potion"},{"floor":3.0,"key":"BlessingOfTheForge"},{"floor":8,"key":"Energy Potion"}],"is_trial":false,"path_per_floor":["M","$","M","M","?","R","?","M","T","R","T","M","M","E","R","B"],"character_chosen":"DEFECT","items_purchased":["Defragment","Hologram","Medical Kit"],"campfire_rested":1,"item_purchase_floors":[2,2,2],"current_hp_per_floor":[67,67,64,56,56,56,23,25,25,46,56,57,42,35,35,0,0],"gold":124,"neow_bonus":"TWO_FIFTY_GOLD","is_daily":false,"chose_seed":false,"campfire_upgraded":2,"win_rate":0.0,"timestamp":1613897645,"path_taken":["M","$","M","M","?","R","?","M","T","R","?","M","M","E","R","BOSS"],"items_purchased_type":["Card","Card","Relic"],"build_version":"2020-12-22","purchased_purges":1,"victory":false,"max_hp_per_floor":[68,68,68,68,68,68,68,70,70,70,80,82,82,82,82,82,82],"relic_stats":{"Singing Bowl":4,"counters":[8,45],"Pen Nib":[0],"Art of War":[10],"Medical Kit":[0],"obtain_stats":[{"Pear":11,"Singing Bowl":7,"Pen Nib":9,"Art of War":14,"Cracked Core":0,"Medical Kit":2},{"Pear":4,"Singing Bowl":3,"Pen Nib":4,"Art of War":7,"Cracked Core":0,"Medical Kit":1},{"Pear":14,"Singing Bowl":10,"Pen Nib":14,"Art of War":29,"Cracked Core":0,"Medical Kit":3}]},"card_choices":[{"not_picked":["Rip and Tear","Steam Power"],"picked":"Genetic Algorithm","floor":1.0},{"not_picked":["Skim","Redo"],"picked":"Self Repair","floor":3.0},{"not_picked":["Rebound","Compile Driver"],"picked":"Stack","floor":4.0},{"not_picked":["Skim","Gash","Auto Shields"],"picked":"Singing Bowl","floor":8},{"not_picked":["Beam Cell","Tempest","Rebound"],"picked":"Singing Bowl","floor":12},{"not_picked":["Leap","Rebound"],"picked":"White Noise","floor":13},{"not_picked":["Tempest","Stack"],"picked":"Auto Shields","floor":14}],"player_experience":877444,"relics_obtained":[{"floor":9,"key":"Pen Nib"},{"floor":11,"key":"Pear"},{"floor":14,"key":"Art of War"}],"event_choices":[{"damage_healed":0.0,"max_hp_gain":0.0,"max_hp_loss":0.0,"gold_gain":0.0,"cards_transformed":["Strike_B"],"event_name":"Living Wall","player_choice":"Change","floor":5.0,"gold_loss":0.0,"damage_taken":0.0,"cards_obtained":["Tempest"]},{"damage_healed":0.0,"max_hp_gain":0.0,"max_hp_loss":0.0,"gold_gain":0.0,"event_name":"Scrap Ooze","player_choice":"Success","floor":7.0,"gold_loss":0.0,"damage_taken":33.0,"relics_obtained":["Singing Bowl"]}],"is_beta":false,"boss_relics":[],"items_purged_floors":[2],"is_endless":false,"potions_floor_spawned":[1,3,8,14],"killed_by":"The Guardian","ascension_level":11}}