{"host":"pgqo2okrcsmr67kt","time":1613915253,"event":{"mods":["BaseMod","Colored Map","Colored Powertips","Downfall","Hermit","Marisa£®ÏF”Í°°ƒß¿Ì…≥£©","Minty Spire (QoL Compilation)","Reimu£®≤©¿ˆ¡È√Œ£©","Remilia£®¿Ÿ√◊¿Ú—«£©","Replay The Spire","Shop Mod","StSLib","SuperFastMode","The Bug Knight","The Cursed","The Poker Player","The Servant 0.9.4"],"gold_per_floor":[112,112,112,125,75,90,90,148,175,202,202,236,236,250,250,349,349,259,259,259,259,279,279,290,290,290,290,290,290],"floor_reached":28,"language":"ZHS","playtime":1298,"items_purged":[],"score":222,"play_id":"ccbbb20a-9f82-4c70-919d-263fa9910169","local_time":"20210221214733","is_ascension_mode":false,"campfire_choices":[{"data":"Armaments","floor":7,"key":"SMITH"},{"data":"Shrug It Off","floor":11,"key":"SMITH"},{"data":"Barricade","floor":13,"key":"SMITH"},{"data":"Pommel Strike","floor":15,"key":"SMITH"},{"floor":23,"key":"REST"},{"data":"Juggernaut","floor":25,"key":"SMITH"}],"circlet_count":0,"master_deck":["Strike_R","Strike_R","Strike_R","Strike_R+1","Strike_R","Defend_R","Defend_R","Defend_R","Defend_R","Bash+1","Armaments+1","Body Slam","Shrug It Off+1","Shrug It Off","ReplayReversal","Barricade+1","Pommel Strike+1","Juggernaut+1","Bloodletting","Doubt","Body Slam","Body Slam","Pain"],"relics":["Burning Blood","NeowsBlessing","Vajra","Toy Ornithopter","Strawberry","Calipers","Ring of Chaos","Ring of Hypnosis","Mirror","WarpedTongs"],"acts_visited":["Exordium","TheCity"],"potions_floor_usage":[10,24],"damage_taken":[{"damage":0,"enemies":"2 Louse","floor":1,"turns":1},{"damage":0,"enemies":"Small Slimes","floor":4,"turns":1},{"damage":0,"enemies":"Cultist","floor":6,"turns":1},{"damage":14,"enemies":"Gremlin Nob","floor":10,"turns":4},{"damage":31,"enemies":"3 Sentries","floor":12,"turns":10},{"damage":0,"enemies":"Large Slime","floor":14,"turns":8},{"damage":11,"enemies":"The Guardian","floor":16,"turns":11},{"damage":26,"enemies":"2 Thieves","floor":18,"turns":5},{"damage":20,"enemies":"Snake Plant","floor":22,"turns":6},{"damage":36,"enemies":"Centurion and Healer","floor":24,"turns":7},{"damage":10,"enemies":"3 Cultists","floor":28,"turns":3}],"seed_played":"-8687480501684163451","potions_obtained":[{"floor":1,"key":"ZuzhouPotion:ReiMu"},{"floor":8,"key":"SteroidPotion"},{"floor":16,"key":"Elixir"},{"floor":22,"key":"Fire Potion"}],"is_trial":false,"path_per_floor":["M","?","?","M","$","M","R","?","T","E","R","E","R","M","R","B",null,"M","?","?","?","M","R","M","R","T","?","M"],"character_chosen":"IRONCLAD","items_purchased":["Shrug It Off"],"campfire_rested":1,"item_purchase_floors":[5],"current_hp_per_floor":[80,64,80,80,80,80,80,60,60,64,64,39,39,45,45,40,87,67,50,50,50,36,63,38,38,38,38,28,28],"gold":290,"neow_bonus":"THREE_ENEMY_KILL","is_daily":false,"chose_seed":false,"campfire_upgraded":5,"win_rate":0.0,"timestamp":1613915253,"path_taken":["M","?","?","M","$","M","R","?","T","E","R","E","R","M","R","BOSS","M","?","?","?","M","R","?","R","T","?","M"],"items_purchased_type":["Card"],"build_version":"2020-12-22","purchased_purges":0,"victory":false,"max_hp_per_floor":[80,80,80,80,80,80,80,80,80,87,87,87,87,87,87,87,87,87,92,92,92,92,92,92,92,92,92,92,92],"card_choices":[{"not_picked":["Run Through","Searing Blow"],"picked":"Armaments","floor":1},{"not_picked":["Uppercut","Armaments"],"picked":"Body Slam","floor":4},{"not_picked":["Twin Strike","Cleave"],"picked":"Shrug It Off","floor":6},{"not_picked":["Replay:Undeath\u0027s Touch","Dropkick"],"picked":"ReplayReversal","floor":8},{"not_picked":["Abandon","Perfected Strike","ReplayTheSpireMod:Muscle Training"],"picked":"SKIP","floor":10},{"not_picked":["Pommel Strike","Cleave"],"picked":"Barricade","floor":12},{"not_picked":["Thunderclap","Anger"],"picked":"Pommel Strike","floor":14},{"not_picked":["Bludgeon","Hemogenesis"],"picked":"Juggernaut","floor":16},{"not_picked":["Thunderclap","Feel No Pain"],"picked":"Bloodletting","floor":18},{"not_picked":["Replay:Undeath\u0027s Touch","Headbutt+1","Twin Strike"],"picked":"SKIP","floor":22},{"not_picked":["Twin Strike","Warcry"],"picked":"Body Slam","floor":24}],"player_experience":191,"relics_obtained":[{"floor":8,"key":"Vajra"},{"floor":9,"key":"Toy Ornithopter"},{"floor":10,"key":"Strawberry"},{"floor":12,"key":"Calipers"},{"floor":20,"key":"Ring of Hypnosis"},{"floor":26,"key":"Mirror"}],"event_choices":[{"damage_healed":0,"gold_gain":0,"player_choice":"Entered Light","damage_taken":16,"max_hp_gain":0,"max_hp_loss":0,"event_name":"Shining Light","floor":2,"gold_loss":0,"cards_upgraded":["Strike_R","Bash"]},{"damage_healed":26,"gold_gain":0,"player_choice":"Banana","damage_taken":0,"max_hp_gain":0,"max_hp_loss":0,"event_name":"Big Fish","floor":3,"gold_loss":0},{"damage_healed":0,"gold_gain":0,"player_choice":"Shed Blood","damage_taken":22,"max_hp_gain":5,"max_hp_loss":0,"event_name":"Forgotten Altar","floor":19,"gold_loss":0},{"damage_healed":0,"gold_gain":0,"player_choice":"Copied","damage_taken":0,"max_hp_gain":0,"max_hp_loss":0,"event_name":"Duplicator","floor":21,"gold_loss":0,"cards_obtained":["Body Slam"]},{"damage_healed":0,"gold_gain":0,"player_choice":"Rummage","damage_taken":0,"relics_obtained":["WarpedTongs"],"max_hp_gain":0,"max_hp_loss":0,"event_name":"Accursed Blacksmith","floor":27,"gold_loss":0,"cards_obtained":["Pain"]}],"is_beta":false,"boss_relics":[{"not_picked":["ReplayTheSpireMod:DimensionalGlitch","ChewingGum"],"picked":"Ring of Chaos"}],"items_purged_floors":[],"is_endless":false,"potions_floor_spawned":[1,16,22],"killed_by":"3 Cultists","ascension_level":0}}