{"host":"w2kjv12xyhtt0cv2","time":1613907400,"event":{"mods":["100% Spire Juice","Act Like it!","BaseMod","Colored Map","Friendly Minions","Gensokyo","GifTheSpireLib","Highlight Path","Hubris","Marisa（F雨　魔理沙）","Minty Spire (QoL Compilation)","Prisma Mod","Quick Restart","Reimu（博丽灵梦）","Relic Stats","Reliquary","Replay The Spire","Robot Space Explorer","RumiaBox-露米娅的神秘盒子","Shop Mod","Spicy Shops","StSLib","The Bug Knight","The Cursed","The Dragon Tamer","The Servant 0.9.4","UnlockEverythingMod","Waifu the Spire","[功能]功能增强和修复MOD","【功能Mod】Neow奖励","【遗物卡牌】REMEMod","没有小屋子和绿帽子啦"],"gold_per_floor":[218,85,110,110,126,161,161,194,194,219,231,245,277,293,293,396,396,411,444,38,38,38,38],"floor_reached":22,"language":"ZHS","playtime":1753,"items_purged":["HollowMod:NailStrikeStart","HollowMod:NailStrikeStart"],"score":367,"play_id":"03e34a3b-3842-464c-b180-9de45797362e","local_time":"20210221193640","is_ascension_mode":true,"campfire_choices":[{"data":"HollowMod:LifebloodCore","floor":7,"key":"SMITH"},{"data":"HollowMod:GreatSlash","floor":15,"key":"SMITH"}],"circlet_count":0,"master_deck":["HollowMod:QuickDashStart","HollowMod:QuickDashStart","HollowMod:FocusHealStart","HollowMod:PogoStrike","PrismaMod:IllyaInstallLancer","HollowMod:LifebloodCore+1","HollowMod:GreatSlash+1","HollowMod:MonarchWings","HollowMod:MonarchWings","HollowMod:SharpenedNail","Impatience"],"relics":["HollowMod:KingsSoulRelic","REME_ComplimentaryCards","REME_PuzzleBoxRelic","Smiling Mask","StrikeDummy","hubris:GlazedTorus","PreservedInsect","hubris:ToyBattleship","Blue Candle","Replay:Grab Bag","Coffee Dripper","reliquary:Craggleroot","HollowMod:GreatKnightMask","Strange Spoon","Bag of Marbles"],"acts_visited":["Gensokyo:Gensokyo","TheCity"],"potions_floor_usage":[6,6,14,16],"damage_taken":[{"damage":9,"enemies":"Gensokyo:Gryphon","floor":1,"turns":4},{"damage":4,"enemies":"Gensokyo:Python","floor":5,"turns":3},{"damage":13,"enemies":"Gensokyo:Cirno","floor":6,"turns":5},{"damage":0,"enemies":"Gensokyo:Mamizou","floor":8,"turns":7},{"damage":0,"enemies":"Gensokyo:Aya","floor":10,"turns":6},{"damage":0,"enemies":"Gensokyo:2_Kodama","floor":11,"turns":2},{"damage":0,"enemies":"Gensokyo:LivingMonolith","floor":12,"turns":3},{"damage":2,"enemies":"Gensokyo:Cirno","floor":13,"turns":5},{"damage":8,"enemies":"Gensokyo:Gryphon_and_Rabbit","floor":14,"turns":3},{"damage":0,"enemies":"Gensokyo:Reimu","floor":16,"turns":6},{"damage":1,"enemies":"Spheric Guardian","floor":18,"turns":3},{"damage":0,"enemies":"HollowMod:Zote","floor":19,"turns":2},{"damage":39,"enemies":"Chosen","floor":22,"turns":5}],"seed_played":"9114082964422106935","potions_obtained":[{"floor":1,"key":"Explosive Potion"},{"floor":5,"key":"Fire Potion"},{"floor":10,"key":"Weak Potion"},{"floor":13,"key":"Explosive Potion"},{"floor":14,"key":"Venom Potion"}],"is_trial":false,"path_per_floor":["M","$","T","?","M","E","R","E","T","E","M","M","E","M","R","B",null,"M","?","$","?","M"],"character_chosen":"THE_BUGKNIGHT","items_purchased":["REME_PuzzleBoxRelic","Strange Spoon","Bag of Marbles","Impatience"],"campfire_rested":0,"item_purchase_floors":[2,20,20,20],"current_hp_per_floor":[72,72,72,42,48,41,41,53,53,59,59,65,69,61,61,61,75,74,74,74,74,41,41],"gold":38,"neow_bonus":"HUNDRED_GOLD","is_daily":false,"chose_seed":false,"campfire_upgraded":2,"win_rate":0.0,"timestamp":1613907400,"path_taken":["M","$","?","?","M","E","R","E","T","E","M","M","E","M","R","BOSS","M","?","$","?","M"],"items_purchased_type":["Relic","Relic","Relic","Card"],"build_version":"2020-12-22","purchased_purges":2,"victory":false,"max_hp_per_floor":[75,75,75,75,75,75,75,75,75,75,75,75,75,75,75,75,75,75,75,75,75,75,75],"relic_stats":{"Strange Spoon":[2],"counters":[13,53],"Blue Candle":[0],"PreservedInsect":28,"Smiling Mask":50,"obtain_stats":[{"Blue Candle":13,"Replay:Grab Bag":17,"HollowMod:VesselMask":0,"HollowMod:GreatKnightMask":19,"PreservedInsect":9,"Smiling Mask":3,"Strange Spoon":20,"reliquary:Craggleroot":17,"hubris:ToyBattleship":10,"Coffee Dripper":17,"Bag of Marbles":20,"REME_PuzzleBoxRelic":2,"StrikeDummy":6,"REME_ComplimentaryCards":0,"hubris:GlazedTorus":8,"HollowMod:KingsSoulRelic":17},{"Blue Candle":8,"Replay:Grab Bag":10,"HollowMod:VesselMask":0,"HollowMod:GreatKnightMask":12,"PreservedInsect":4,"Smiling Mask":1,"Strange Spoon":12,"reliquary:Craggleroot":10,"hubris:ToyBattleship":5,"Coffee Dripper":10,"Bag of Marbles":12,"REME_PuzzleBoxRelic":1,"StrikeDummy":3,"REME_ComplimentaryCards":0,"hubris:GlazedTorus":4,"HollowMod:KingsSoulRelic":10},{"Blue Candle":35,"Replay:Grab Bag":44,"HollowMod:VesselMask":0,"HollowMod:GreatKnightMask":49,"PreservedInsect":19,"Smiling Mask":4,"Strange Spoon":49,"reliquary:Craggleroot":44,"hubris:ToyBattleship":25,"Coffee Dripper":44,"Bag of Marbles":49,"REME_PuzzleBoxRelic":4,"StrikeDummy":12,"REME_ComplimentaryCards":0,"hubris:GlazedTorus":19,"HollowMod:KingsSoulRelic":44}]},"card_choices":[{"not_picked":["HollowMod:InfectedCysts","HollowMod:GoodIntentions","HollowMod:PerfectDash"],"picked":"SKIP","floor":1},{"not_picked":["HollowMod:ChannelNail","HollowMod:ShadowDash","HollowMod:ShapeofUnn"],"picked":"SKIP","floor":5},{"not_picked":["HollowMod:BrokenVessel","HollowMod:DungDefenderAura"],"picked":"HollowMod:LifebloodCore","floor":6},{"not_picked":["HollowMod:BlackTendrils","HollowMod:LifebloodCocoon"],"picked":"HollowMod:GreatSlash","floor":8},{"not_picked":["HollowMod:TaintedHusks","HollowMod:VengefulVoid","HollowMod:FastStrike"],"picked":"SKIP","floor":10},{"not_picked":["HollowMod:HowlingWraiths","HollowMod:SiblingsSouls","HollowMod:MonomonsArchive"],"picked":"SKIP","floor":11},{"not_picked":["HollowMod:PureNailStrike","HollowMod:SoulStrike"],"picked":"HollowMod:MonarchWings","floor":12},{"not_picked":["HollowMod:LifebloodCocoon","HollowMod:RecoilStrike"],"picked":"HollowMod:MonarchWings","floor":13},{"not_picked":["HollowMod:MonarchWings","HollowMod:GoodIntentions","HollowMod:DoubleDash"],"picked":"SKIP","floor":14},{"not_picked":["HollowMod:ShadowDash","HollowMod:SiblingsShadow+1","HollowMod:CloakDash"],"picked":"SKIP","floor":18},{"not_picked":["HollowMod:BrokenVessel","HollowMod:GoodIntentions"],"picked":"HollowMod:SharpenedNail","floor":19}],"player_experience":257914,"relics_obtained":[{"floor":3,"key":"Smiling Mask"},{"floor":6,"key":"StrikeDummy"},{"floor":8,"key":"hubris:GlazedTorus"},{"floor":9,"key":"PreservedInsect"},{"floor":10,"key":"hubris:ToyBattleship"},{"floor":13,"key":"Blue Candle"},{"floor":19,"key":"HollowMod:GreatKnightMask"}],"event_choices":[],"is_beta":false,"boss_relics":[{"not_picked":["hubris:CrackedHourglass","hubris:BlackHole"],"picked":"Replay:Grab Bag"},{"not_picked":["Runic Dome","SlaversCollar"],"picked":"Coffee Dripper"},{"not_picked":["Velvet Choker","Cursed Key"],"picked":"reliquary:Craggleroot"},{"not_picked":["hubris:Stopwatch","Snecko Eye"],"picked":"HollowMod:KingsSoulRelic"}],"items_purged_floors":[2,20],"is_endless":false,"potions_floor_spawned":[1,5,10,13,14],"killed_by":"Chosen","ascension_level":2}}