{"host":"dr01x95rw3kaiuk5","time":1613892708,"event":{"mods":["ATMod(°¢èªMod)","Act Like it!","Arknights","BaseMod","Colored Powertips","Conspire","Energized Spire","Friendly Minions","Gensokyo","GifTheSpireLib","Minty Spire (QoL Compilation)","MostiFishMod","Reliquary","Remilia£¨ÀÙÃ×ÀòÑÇ£©","Replay The Spire","Shop Mod","Spicy Shops","StSLib","TestMod","UnlockEverythingMod","[IsaacMod]ÒÔÈö¼âËþ","¡¾ÒÅÎï¿¨ÅÆ¡¿REMEMod"],"gold_per_floor":[360,117,130,180,200,235,253,87,114,128,128,144,159,185,185,262,262,276,276,290,0,0,0,33,33,59,59,59,78,177,189,189,260,260,279,289,352,370,96,96,127,127,127,155,166,198,208,237,237,237,237,237,237,115,146,146],"floor_reached":57,"language":"ZHS","playtime":2178,"items_purged":["Strike_R","Bash","Defend_R","Defend_R"],"score":3679,"play_id":"22fd3cc6-336b-4c66-a22e-9377df6a4d6a","local_time":"20210221153148","is_ascension_mode":true,"campfire_choices":[{"data":"Armaments","floor":11.0,"key":"SMITH"},{"data":"Sword Boomerang","floor":15.0,"key":"SMITH"},{"data":"AT_BodySlamDance","floor":23,"key":"SMITH"},{"data":"Metallicize","floor":25,"key":"SMITH"},{"data":"Shrug It Off","floor":27,"key":"SMITH"},{"data":"Defend_R","floor":32,"key":"SMITH"},{"data":"AT_BodySlamDance","floor":40,"key":"SMITH"},{"data":"Warcry","floor":42,"key":"SMITH"},{"floor":49,"key":"RECALL"},{"data":"Entrench","floor":53,"key":"SMITH"}],"circlet_count":0,"master_deck":["AscendersBane","Strike_R","Strike_R","Strike_R","Strike_R","Defend_R+1","Defend_R","AT_KingSlayer+1","Armaments+1","Sword Boomerang+1","Thunderclap","Entrench+1","Warcry+1","Metallicize+1","Pummel","MostiFishMod:Chiaki+1","AT_BodySlamDance+1","Shrug It Off+1","Ghostly Armor+1","Limit Break+1","Heavy Blade+1","AT_BodySlamDance+1","AT_ShrugMaster","Entrench+1","Offering+1","AT_Dispersion+1"],"relics":["Burning Blood","testmod-TestBox","HushsDoor","AT_ATBox","DaveBox","REME_ComplimentaryCards","BrkXgEgg","BelialBook","testmod-IndustrialRevolution","SynthV:TestCard","AT_SunfireAegis","NineVolt","BookOfRevelations","Bag of Marbles","SynthV:C4","AT_RedNoBalance","Painkiller Herb","reliquary:SharkskinSheath","testmod-Charity","TheBean","AT_ChloranthyRing","testmod-Muramasa","reliquary:GummyVitamins","RhineSuit","AT_BellowingDragoncrestRing","Pantograph","BFFS","testmod-Hope","DeadEye","reliquary:Vitrine"],"acts_visited":["Exordium","TheCity","TheBeyond","TheEnding"],"potions_floor_usage":[56,56,56],"damage_taken":[{"damage":15.0,"enemies":"2 Louse","floor":1.0,"turns":2.0},{"damage":0.0,"enemies":"Cultist","floor":3.0,"turns":2.0},{"damage":39.0,"enemies":"Hiden Room Battle","floor":4.0,"turns":6.0},{"damage":0.0,"enemies":"ats:Genji","floor":5.0,"turns":1.0},{"damage":0.0,"enemies":"Gremlin Nob","floor":6.0,"turns":2.0},{"damage":17.0,"enemies":"Gremlin Gang","floor":7.0,"turns":4.0},{"damage":0.0,"enemies":"Exordium Thugs","floor":10.0,"turns":2.0},{"damage":0.0,"enemies":"3 Louse","floor":12.0,"turns":2.0},{"damage":0.0,"enemies":"2 Fungi Beasts","floor":13.0,"turns":3.0},{"damage":0.0,"enemies":"Lagavulin","floor":14.0,"turns":2.0},{"damage":0.0,"enemies":"Slime Boss","floor":16.0,"turns":1.0},{"damage":0,"enemies":"Shell Parasite","floor":18,"turns":3},{"damage":0,"enemies":"conspire:FuzzyDice","floor":20,"turns":3},{"damage":0,"enemies":"conspire:SneckoGhost","floor":24,"turns":1},{"damage":0,"enemies":"3 Cultists","floor":29,"turns":1},{"damage":0,"enemies":"Colosseum Slavers","floor":30,"turns":1},{"damage":0,"enemies":"Colosseum Nobs","floor":30,"turns":2},{"damage":0,"enemies":"Centurion and Healer","floor":31,"turns":2},{"damage":0,"enemies":"Champ","floor":33,"turns":1},{"damage":0,"enemies":"3 Darklings","floor":35,"turns":2},{"damage":0,"enemies":"Orb Walker","floor":36,"turns":1},{"damage":0,"enemies":"4 Shapes","floor":38,"turns":2},{"damage":0,"enemies":"R_Hoarder","floor":41,"turns":1},{"damage":0,"enemies":"Giant Head","floor":44,"turns":2},{"damage":0,"enemies":"Writhing Mass","floor":45,"turns":1},{"damage":0,"enemies":"Reptomancer","floor":46,"turns":2},{"damage":0,"enemies":"3 Darklings","floor":47,"turns":1},{"damage":0,"enemies":"Giant Head","floor":48,"turns":1},{"damage":0,"enemies":"Donu and Deca","floor":50,"turns":2},{"damage":0,"enemies":"Time Eater","floor":51,"turns":2},{"damage":6,"enemies":"Shield and Spear","floor":55,"turns":1},{"damage":4,"enemies":"The Heart","floor":56,"turns":4}],"seed_played":"8966846505061746006","potions_obtained":[{"floor":1.0,"key":"BlessingOfTheForge"},{"floor":3.0,"key":"testmod-SpacePotion"},{"floor":4.0,"key":"FearPotion"},{"floor":7.0,"key":"DistilledChaos"},{"floor":10.0,"key":"SneckoOil"},{"floor":14.0,"key":"PowerPotion"},{"floor":24,"key":"Weak Potion"},{"floor":41,"key":"SkillPotion"},{"floor":45,"key":"Flashbang"}],"is_trial":false,"path_per_floor":["M","$","M","?","M","E","M","$","T","M","R","M","M","E","R","B",null,"?","?","?","T","?","T","E","T","T","T","?","?","?","?","T","B",null,"?","?","?","?","T","T","E","T","T","E","?","E","?","E","T","B","B",null,"T","T","E","B",null],"character_chosen":"IRONCLAD","items_purchased":["AT_SunfireAegis","Entrench+1","testmod-Charity","AT_BellowingDragoncrestRing","AT_Dispersion+1"],"campfire_rested":0,"item_purchase_floors":[2,8,21,39,54],"current_hp_per_floor":[41,41,47,14,20,26,15,15,15,21,21,27,33,39,39,43,67,43,43,43,43,43,43,44,44,45,45,45,45,58,65,65,72,75,77,78,64,71,71,71,78,78,78,82,83,84,85,86,86,86,86,86,86,86,87,87],"gold":146,"neow_bonus":"TWO_FIFTY_GOLD","is_daily":false,"chose_seed":false,"campfire_upgraded":9,"win_rate":0.0,"timestamp":1613892708,"path_taken":["M","$","M","?","M","E","?","$","T","?","R","M","M","E","R","BOSS","?","?","?","?","?","T","E","T","T","T","?","?","?","?","T","BOSS","?","?","?","?","T","T","E","T","T","E","?","E","?","E","T","BOSS","BOSS","T","T","E","BOSS"],"items_purchased_type":["Relic","Card","Relic","Relic","Card"],"build_version":"2020-12-22","purchased_purges":4,"victory":true,"max_hp_per_floor":[75,75,75,75,75,75,75,75,75,75,75,75,75,75,75,75,75,75,75,75,75,75,75,76,76,77,77,77,78,79,80,80,81,76,77,78,79,80,80,80,81,81,81,82,83,84,85,86,86,86,86,86,86,86,87,87],"card_choices":[{"not_picked":[],"picked":"ChaosCard","floor":0.0},{"not_picked":["Replay:Undeath\u0027s Touch","Run Through"],"picked":"Bomb","floor":1.0},{"not_picked":["Uppercut","Rampage","Evolve","Warcry"],"picked":"Armaments","floor":3.0},{"not_picked":["Searing Blow","Shrug It Off","True Grit","AT_CaressingTears"],"picked":"Sword Boomerang","floor":4.0},{"not_picked":["Wild Strike","AT_IchimonjiDouble","Power Through","Body Slam","Twin Strike"],"picked":"SKIP","floor":5.0},{"not_picked":["MostiFishMod:BrandingRite","ReplayTheSpireMod:LeadingStrike","True Grit","Wild Strike"],"picked":"MostiFishMod:RainCloud+1","floor":6.0},{"not_picked":["Anger","Dropkick","AT_IchimonjiDouble","Replay:Undeath\u0027s Touch"],"picked":"Thunderclap","floor":7.0},{"not_picked":["Anger","Heavy Blade","REME_Cut","Havoc"],"picked":"Warcry","floor":10.0},{"not_picked":["Run Through","Immolate+1","Clash","Anger"],"picked":"Bomb","floor":12.0},{"not_picked":["Replay:Undeath\u0027s Touch","Perfected Strike","Pommel Strike","Wild Strike"],"picked":"Metallicize","floor":13.0},{"not_picked":["Clothesline","Twin Strike","Hemokinesis","Replay:Undeath\u0027s Touch"],"picked":"Pummel","floor":14.0},{"not_picked":["REME_ACTH+1","REME_TheLastStrike+1","MostiFishMod:404NotFound+1","MostiFishMod:CullingBlade+1"],"picked":"MostiFishMod:Chiaki+1","floor":16.0},{"not_picked":["Battle Trance","Headbutt","Shrug It Off","Body Slam"],"picked":"AT_BodySlamDance","floor":18},{"not_picked":["AT_IchimonjiDouble","Bloodletting","Pummel","Metallicize"],"picked":"Shrug It Off","floor":20},{"not_picked":["Iron Wave","Ghostly Armor","Rage","Warcry","Headbutt"],"picked":"SKIP","floor":24},{"not_picked":["Brutality+1","ReplayTheSpireMod:Muscle Training","Heavy Blade","Thunderclap"],"picked":"Ghostly Armor+1","floor":29},{"not_picked":["Wild Strike","Sentinel","Run Through","Feel No Pain","True Grit"],"picked":"SKIP","floor":31},{"not_picked":["Demon Form+1","Impervious+1","Juggernaut+1","MostiFishMod:OrdinaryWorld+1"],"picked":"Limit Break+1","floor":33},{"not_picked":["Abandon","Cleave","Thunderclap","conspire:ExplosiveBarrier"],"picked":"Heavy Blade+1","floor":35},{"not_picked":["ReplayTheSpireMod:Stacked","Disarm","Perfected Strike","Carnage+1"],"picked":"AT_BodySlamDance","floor":36},{"not_picked":["Havoc","Perfected Strike+1","Pommel Strike","Twin Strike","Replay:Undeath\u0027s Touch"],"picked":"SKIP","floor":38},{"not_picked":["Armaments","Dual Wield","Reaper+1","Infernal Blade","Massacre"],"picked":"SKIP","floor":41},{"not_picked":["Reckless Charge","AT_BodySlamDance","Warcry","ReplayTheSpireMod:Corrosion Curse","conspire:ExplosiveBarrier+1"],"picked":"SKIP","floor":44},{"not_picked":["Feel No Pain","Body Slam","Whirlwind+1","Perfected Strike"],"picked":"AT_ShrugMaster","floor":45},{"not_picked":["Disarm","MostiFishMod:#F4004","ReplayTheSpireMod:Stacked+1","Evolve"],"picked":"Entrench","floor":46},{"not_picked":["Hemokinesis","Carnage","Heavy Blade","Body Slam"],"picked":"Offering+1","floor":47},{"not_picked":["REME_Scribble","Bloodletting","Cleave+1","True Grit","Iron Wave"],"picked":"SKIP","floor":48},{"not_picked":["REME_FearOfPain","Warcry+1","Flex","ReplayTheSpireMod:Strike From Hell","Power Through"],"picked":"SKIP","floor":55}],"player_experience":230570,"relics_obtained":[{"floor":1.0,"key":"SynthV:TestCard"},{"floor":4.0,"key":"NineVolt"},{"floor":4.0,"key":"BookOfRevelations"},{"floor":6.0,"key":"Bag of Marbles"},{"floor":9.0,"key":"SynthV:C4"},{"floor":14.0,"key":"AT_SilverBalance"},{"floor":19,"key":"reliquary:SharkskinSheath"},{"floor":24,"key":"TheBean"},{"floor":26,"key":"AT_ChloranthyRing"},{"floor":30,"key":"testmod-Muramasa"},{"floor":30,"key":"reliquary:GummyVitamins"},{"floor":41,"key":"Pantograph"},{"floor":44,"key":"BFFS"},{"floor":46,"key":"testmod-Hope"},{"floor":48,"key":"DeadEye"},{"floor":55,"key":"reliquary:Vitrine"}],"event_choices":[{"damage_healed":0.0,"max_hp_gain":0.0,"max_hp_loss":0.0,"gold_gain":0.0,"event_name":"HidenRoomEvent","player_choice":"Fight","floor":4.0,"gold_loss":0.0,"damage_taken":0.0},{"damage_healed":0,"gold_gain":0,"player_choice":"Relic","damage_taken":0,"max_hp_gain":0,"max_hp_loss":0,"event_name":"Wheel of Change","floor":19,"gold_loss":0},{"damage_healed":0,"gold_gain":0,"player_choice":"Ignored","damage_taken":0,"max_hp_gain":0,"max_hp_loss":0,"event_name":"Vampires","floor":22,"gold_loss":0},{"damage_healed":0,"gold_gain":0,"player_choice":"Fight","damage_taken":0,"max_hp_gain":0,"max_hp_loss":0,"event_name":"Colosseum","floor":30,"gold_loss":0},{"damage_healed":0,"gold_gain":0,"player_choice":"Fought Nobs","damage_taken":0,"max_hp_gain":0,"max_hp_loss":0,"event_name":"Colosseum","floor":30,"gold_loss":0}],"is_beta":false,"boss_relics":[{"not_picked":["energizedSpire:NeverEndingSparkler","energizedSpire:HugeHouse"],"picked":"Painkiller Herb"},{"not_picked":[]},{"not_picked":["MagicMushroom","energizedSpire:OgreHead"],"picked":"RhineSuit"},{"not_picked":[]}],"items_purged_floors":[2,8,21,34],"is_endless":false,"potions_floor_spawned":[1,3,4,7,10,14,24,29,33,41,45,47],"ascension_level":20}}