{"host":"ovivighfa421z0zp","time":1613897845,"event":{"mods":["BaseMod","Colored Map","DeckTracker","Keyboard Shortcuts","Minty Spire (QoL Compilation)","Permanent Neow","Quick Restart","Replay The Spire","StSLib","SuperFastMode","The Cursed"],"gold_per_floor":[153,191,4,55,107,107,157,191,191,191,270,284,284,39,39,39,39],"floor_reached":16,"language":"KOR","playtime":535,"items_purged":[],"score":166,"play_id":"5413fd57-08a6-47c7-94bc-1853d96ba00e","local_time":"20210221175725","is_ascension_mode":true,"campfire_choices":[{"data":"TheCursedMod:AbyssShockwave","floor":6,"key":"SMITH"},{"floor":10,"key":"REST"}],"circlet_count":0,"master_deck":["AscendersBane","TheCursedMod:Strike_TheCursed","TheCursedMod:Strike_TheCursed+1","TheCursedMod:Strike_TheCursed","TheCursedMod:Defend_TheCursed","TheCursedMod:Defend_TheCursed","TheCursedMod:Defend_TheCursed","TheCursedMod:Defend_TheCursed","TheCursedMod:CursedWand","TheCursedMod:CleanUpWorkshop","TheCursedMod:Dregs","HandOfGreed","TheCursedMod:CursedShiv","TheCursedMod:SurpriseAttack","TheCursedMod:AntiAging","TheCursedMod:AntiAging","TheCursedMod:LuckyCharm","TheCursedMod:SpitefulStrike","TheCursedMod:AbyssShockwave+1","TheCursedMod:CircleOfAbyss","TheCursedMod:CursedStaff","TheCursedMod:AbyssShockwave+1","TheCursedMod:Grudge","TheCursedMod:BlessingInDisguise+1"],"relics":["TheCursedMod:BlackMagic101","TheCursedMod:Tack","Divine Protection","Toxic Egg 2"],"acts_visited":["Exordium"],"potions_floor_usage":[7],"damage_taken":[{"damage":6,"enemies":"Small Slimes","floor":1,"turns":4},{"damage":8,"enemies":"Jaw Worm","floor":2,"turns":4},{"damage":6,"enemies":"2 Louse","floor":4,"turns":6},{"damage":20,"enemies":"Large Slime","floor":5,"turns":7},{"damage":35,"enemies":"Lagavulin","floor":7,"turns":8},{"damage":8,"enemies":"Blue Slaver","floor":8,"turns":2},{"damage":11,"enemies":"Lots of Slimes","floor":11,"turns":10},{"damage":0,"enemies":"Looter","floor":12,"turns":2},{"damage":28,"enemies":"The Guardian","floor":16,"turns":5}],"seed_played":"-6869030610485644477","potions_obtained":[{"floor":2,"key":"Weak Potion"},{"floor":5,"key":"FairyPotion"},{"floor":11,"key":"Energy Potion"}],"is_trial":false,"path_per_floor":["M","M","$","M","M","R","E","M","T","R","M","M","?","$","R_BF","B"],"character_chosen":"THE_CURSED","items_purchased":["TheCursedMod:AntiAging","TheCursedMod:LuckyCharm","Toxic Egg 2"],"campfire_rested":1,"item_purchase_floors":[3,3,14],"current_hp_per_floor":[62,54,54,52,36,36,5,24,24,48,41,43,26,26,26,0,0],"gold":39,"neow_bonus":"RANDOM_COLORLESS_2","is_daily":false,"chose_seed":false,"campfire_upgraded":1,"win_rate":0.0,"timestamp":1613897845,"path_taken":["M","M","$","M","M","R","E","M","T","R","M","M","?","$","R_BF","BOSS"],"items_purchased_type":["Card","Card","Relic"],"build_version":"2020-12-22","purchased_purges":0,"victory":false,"max_hp_per_floor":[68,68,68,72,76,76,80,80,80,80,84,86,86,86,86,88,88],"card_choices":[{"not_picked":["Sadistic Nature","Poisoned Strike"],"picked":"HandOfGreed","floor":0},{"not_picked":["TheCursedMod:TacticalStrike","TheCursedMod:SaltUponWound"],"picked":"TheCursedMod:CursedShiv","floor":1},{"not_picked":["TheCursedMod:RavingStaff","TheCursedMod:ReleasedKnowledge"],"picked":"TheCursedMod:SurpriseAttack","floor":2},{"not_picked":["TheCursedMod:Wield","TheCursedMod:CursedShiv"],"picked":"TheCursedMod:SpitefulStrike","floor":4},{"not_picked":["TheCursedMod:DemonSword","TheCursedMod:CircleOfWindfury"],"picked":"TheCursedMod:AbyssShockwave","floor":5},{"not_picked":["TheCursedMod:CircleOfFlame","TheCursedMod:SpitefulPray"],"picked":"TheCursedMod:CircleOfAbyss","floor":7},{"not_picked":["TheCursedMod:Torture","TheCursedMod:CircleOfCorruption"],"picked":"TheCursedMod:CursedStaff","floor":8},{"not_picked":["TheCursedMod:SoulCrush","TheCursedMod:RavingStaff"],"picked":"TheCursedMod:AbyssShockwave","floor":11},{"not_picked":["TheCursedMod:SaltUponWound","TheCursedMod:Torture"],"picked":"TheCursedMod:Grudge","floor":12}],"player_experience":784803,"relics_obtained":[{"floor":7,"key":"TheCursedMod:Tack"},{"floor":9,"key":"Divine Protection"}],"event_choices":[{"damage_healed":0,"gold_gain":0,"player_choice":"Entered Light","damage_taken":17,"max_hp_gain":0,"max_hp_loss":0,"event_name":"Shining Light","floor":13,"gold_loss":0,"cards_upgraded":["TheCursedMod:Strike_TheCursed","TheCursedMod:AbyssShockwave"]}],"is_beta":false,"boss_relics":[],"items_purged_floors":[],"is_endless":false,"potions_floor_spawned":[2,5,11],"killed_by":"The Guardian","ascension_level":12}}