{"host":"5ddwedapke4fsx0r","time":1613946374,"event":{"mods":["BaseMod","Minty Spire (QoL Compilation)","StSLib"],"gold_per_floor":[110,110,125,135,149,149,161,161,186,214,214,228,255,269,269,365,365,376,74,74,85,10,10,37,37,37,51,68,100,100,127,127,227,227,239,256,268,268,268,268,268],"floor_reached":40,"language":"ENG","playtime":2672,"items_purged":[],"score":573,"play_id":"fc6a51a2-2556-4520-a270-95e0ded9a9db","local_time":"20210221232614","is_ascension_mode":true,"campfire_choices":[{"data":"Dagger Spray","floor":6.0,"key":"SMITH"},{"data":"Bouncing Flask","floor":8.0,"key":"SMITH"},{"data":"Deadly Poison","floor":11.0,"key":"SMITH"},{"data":"Noxious Fumes","floor":15.0,"key":"SMITH"},{"data":"Footwork","floor":23.0,"key":"SMITH"},{"floor":25.0,"key":"REST"},{"floor":32.0,"key":"REST"}],"circlet_count":0,"master_deck":["Strike_G","Defend_G","Defend_G+1","Defend_G","Defend_G","Defend_G","Survivor","Neutralize","Dagger Spray+1","Bouncing Flask+1","Footwork+1","Riddle With Holes","Poisoned Stab","Backflip+1","Deadly Poison+1","PiercingWail","Noxious Fumes+1","Burst","CurseOfTheBell","Blade Dance","Deflect","Choke+1","Concentrate","Corpse Explosion","Escape Plan+1","Backflip+1","Noxious Fumes+1"],"relics":["Ring of the Snake","Snake Skull","War Paint","Calling Bell","Bag of Marbles","Eternal Feather","Ginger","Torii","Happy Flower","Paper Crane","Tingsha","Nilry\u0027s Codex","Darkstone Periapt","HoveringKite","Dead Branch"],"acts_visited":["Exordium","TheCity","TheBeyond"],"potions_floor_usage":[37],"damage_taken":[{"damage":0.0,"enemies":"Small Slimes","floor":1.0,"turns":6.0},{"damage":0.0,"enemies":"Cultist","floor":3.0,"turns":3.0},{"damage":2.0,"enemies":"2 Louse","floor":4.0,"turns":4.0},{"damage":0.0,"enemies":"Looter","floor":5.0,"turns":4.0},{"damage":3.0,"enemies":"Blue Slaver","floor":7.0,"turns":5.0},{"damage":8.0,"enemies":"Gremlin Nob","floor":10.0,"turns":3.0},{"damage":0.0,"enemies":"2 Fungi Beasts","floor":12.0,"turns":2.0},{"damage":9.0,"enemies":"3 Sentries","floor":13.0,"turns":7.0},{"damage":0.0,"enemies":"Looter","floor":14.0,"turns":2.0},{"damage":2.0,"enemies":"Hexaghost","floor":16.0,"turns":7.0},{"damage":0.0,"enemies":"Shell Parasite","floor":18.0,"turns":2.0},{"damage":4.0,"enemies":"3 Byrds","floor":21.0,"turns":4.0},{"damage":37.0,"enemies":"Slavers","floor":24.0,"turns":6.0},{"damage":0.0,"enemies":"Sentry and Sphere","floor":27.0,"turns":3.0},{"damage":1.0,"enemies":"Snecko","floor":28.0,"turns":4.0},{"damage":25.0,"enemies":"Gremlin Leader","floor":29.0,"turns":7.0},{"damage":2.0,"enemies":"Slavers","floor":31.0,"turns":4.0},{"damage":25.0,"enemies":"Automaton","floor":33.0,"turns":8.0},{"damage":40,"enemies":"3 Darklings","floor":35,"turns":5},{"damage":1,"enemies":"3 Shapes","floor":36,"turns":4},{"damage":10,"enemies":"Jaw Worm Horde","floor":37,"turns":3},{"damage":71,"enemies":"Reptomancer","floor":40,"turns":3}],"seed_played":"-2223623622844106620","potions_obtained":[{"floor":1.0,"key":"Poison Potion"},{"floor":3.0,"key":"SkillPotion"},{"floor":12.0,"key":"DuplicationPotion"},{"floor":13.0,"key":"SneckoOil"},{"floor":27.0,"key":"Block Potion"},{"floor":31.0,"key":"SkillPotion"},{"floor":36,"key":"Fruit Juice"}],"is_trial":false,"path_per_floor":["M","?","M","M","M","R","M","R","T","E","R","M","E","M","R","B",null,"M","$","?","M","?","R","E","R","T","M","M","E","?","E","R","B",null,"M","M","M","?","?","E"],"character_chosen":"THE_SILENT","items_purchased":["Torii"],"campfire_rested":2,"item_purchase_floors":[19],"current_hp_per_floor":[63,63,63,61,61,61,58,58,58,50,50,50,41,41,41,39,57,57,57,57,53,53,63,26,56,56,56,55,30,14,12,42,17,52,12,11,6,59,59,0,0],"gold":268,"neow_bonus":"REMOVE_TWO","is_daily":false,"chose_seed":false,"campfire_upgraded":5,"win_rate":0.0,"timestamp":1613946374,"path_taken":["M","?","M","?","M","R","M","R","T","E","R","M","E","?","R","BOSS","M","$","?","M","?","R","E","R","T","M","M","E","?","E","R","BOSS","M","M","M","?","?","E"],"items_purchased_type":["Relic"],"build_version":"2020-12-22","purchased_purges":0,"victory":false,"max_hp_per_floor":[63,63,63,63,63,63,63,63,63,63,63,63,63,63,63,63,63,63,63,63,63,63,63,63,63,63,63,63,63,63,63,63,63,63,63,63,68,59,59,59,59],"card_choices":[{"not_picked":["Terror","Underhanded Strike"],"picked":"Dagger Spray","floor":1.0},{"not_picked":["Cloak And Dagger","Acrobatics"],"picked":"Footwork","floor":3.0},{"not_picked":["Acrobatics","Setup"],"picked":"Riddle With Holes","floor":4.0},{"not_picked":["Quick Slash","Cloak And Dagger"],"picked":"Poisoned Stab","floor":5.0},{"not_picked":["Quick Slash","Slice"],"picked":"Backflip","floor":7.0},{"not_picked":["Adrenaline","Skewer"],"picked":"Deadly Poison","floor":10.0},{"not_picked":["Poisoned Stab","Bane"],"picked":"PiercingWail","floor":12.0},{"not_picked":["Acrobatics","Deadly Poison","Predator"],"picked":"SKIP","floor":13.0},{"not_picked":["Calculated Gamble","All Out Attack"],"picked":"Noxious Fumes","floor":14.0},{"not_picked":["Die Die Die","Venomology"],"picked":"Burst","floor":16.0},{"not_picked":["Blur","Outmaneuver"],"picked":"Blade Dance","floor":18.0},{"not_picked":["Endless Agony+1","Prepared","Predator"],"picked":"SKIP","floor":21.0},{"not_picked":["Poisoned Stab+1","Tactician+1","Flechettes+1"],"picked":"SKIP","floor":24.0},{"not_picked":["Bane","Backflip"],"picked":"Deflect","floor":27.0},{"not_picked":["Expertise","After Image"],"picked":"Choke+1","floor":28.0},{"not_picked":["Prepared","Caltrops","Cloak And Dagger"],"picked":"SKIP","floor":29.0},{"not_picked":["Poisoned Stab","Blur"],"picked":"Concentrate","floor":31.0},{"not_picked":["Storm of Steel","Glass Knife"],"picked":"Corpse Explosion","floor":33.0},{"not_picked":["Quick Slash","PiercingWail+1"],"picked":"Escape Plan+1","floor":35},{"not_picked":["Calculated Gamble","Bouncing Flask"],"picked":"Backflip+1","floor":36},{"not_picked":["Dagger Throw+1","Bane+1"],"picked":"Noxious Fumes+1","floor":37}],"player_experience":379541,"relics_obtained":[{"floor":10.0,"key":"Snake Skull"},{"floor":13.0,"key":"War Paint"},{"floor":17.0,"key":"Bag of Marbles"},{"floor":17.0,"key":"Eternal Feather"},{"floor":17.0,"key":"Ginger"},{"floor":24.0,"key":"Happy Flower"},{"floor":26.0,"key":"Paper Crane"},{"floor":29.0,"key":"Tingsha"},{"floor":30.0,"key":"Nilry\u0027s Codex"},{"floor":31.0,"key":"Darkstone Periapt"},{"floor":39,"key":"Dead Branch"}],"event_choices":[{"damage_healed":0.0,"max_hp_gain":0.0,"max_hp_loss":0.0,"gold_gain":0.0,"event_name":"Match and Keep!","player_choice":"1 cards matched","floor":2.0,"gold_loss":0.0,"damage_taken":0.0,"cards_obtained":["Bouncing Flask"]},{"cards_removed":["Strike_G"],"damage_healed":0.0,"max_hp_gain":0.0,"max_hp_loss":0.0,"gold_gain":0.0,"event_name":"Back to Basics","player_choice":"Elegance","floor":20.0,"gold_loss":0.0,"damage_taken":0.0},{"cards_removed":["Strike_G"],"damage_healed":0.0,"max_hp_gain":0.0,"max_hp_loss":0.0,"gold_gain":0.0,"event_name":"Beggar","player_choice":"Gave Gold","floor":22.0,"gold_loss":75.0,"damage_taken":0.0},{"damage_healed":0.0,"max_hp_gain":0.0,"max_hp_loss":0.0,"gold_gain":0.0,"event_name":"Cursed Tome","player_choice":"Obtained Book","floor":30.0,"gold_loss":0.0,"damage_taken":16.0},{"damage_healed":59,"gold_gain":0,"player_choice":"Heal","damage_taken":0,"max_hp_gain":0,"max_hp_loss":9,"event_name":"The Moai Head","floor":38,"gold_loss":0},{"damage_healed":0,"gold_gain":0,"player_choice":"Relic","damage_taken":0,"max_hp_gain":0,"max_hp_loss":0,"event_name":"Wheel of Change","floor":39,"gold_loss":0}],"is_beta":false,"boss_relics":[{"not_picked":["SacredBark","Runic Dome"],"picked":"Calling Bell"},{"not_picked":["Pandora\u0027s Box","Busted Crown"],"picked":"HoveringKite"}],"items_purged_floors":[],"is_endless":false,"potions_floor_spawned":[1,3,12,13,16,27,31,36],"killed_by":"Reptomancer","ascension_level":5}}