{"host":"soyfmymeou4emntr","time":1613942139,"event":{"mods":["BaseMod","Minty Spire (QoL Compilation)","Permanent Neow","Relic Sorter","Relic Stats","StSLib"],"gold_per_floor":[216,491,506,94,109,109,135,135,135,149,167,180,180,254,254,325,325,336,20,39,39,39],"floor_reached":21,"language":"ENG","playtime":3348,"items_purged":["Regret"],"score":362,"play_id":"a1fba236-0a1e-47c7-bcf5-f1171c476869","local_time":"20210221141539","is_ascension_mode":true,"campfire_choices":[{"data":"Loop","floor":6.0,"key":"SMITH"},{"floor":8.0,"key":"REST"},{"data":"Capacitor","floor":13.0,"key":"SMITH"},{"floor":15.0,"key":"REST"}],"circlet_count":0,"master_deck":["AscendersBane","Strike_B","Strike_B","Strike_B","Strike_B","Defend_B","Defend_B","Defend_B","Defend_B","Zap","Dualcast","Genetic Algorithm","Coolheaded","Loop+1","Lockon","Sunder","Loop","Capacitor+1","Sweeping Beam","Coolheaded","Reinforced Body","White Noise","Coolheaded","Seek","Doom and Gloom","Barrage","Cold Snap"],"relics":["FrozenCore","Lantern","Prayer Wheel","Bottled Flame","Calipers"],"acts_visited":["Exordium","TheCity"],"potions_floor_usage":[21],"damage_taken":[{"damage":4.0,"enemies":"2 Louse","floor":1.0,"turns":3.0},{"damage":4.0,"enemies":"Cultist","floor":3.0,"turns":4.0},{"damage":2.0,"enemies":"Jaw Worm","floor":5.0,"turns":3.0},{"damage":49.0,"enemies":"Gremlin Nob","floor":7.0,"turns":5.0},{"damage":0.0,"enemies":"2 Fungi Beasts","floor":10.0,"turns":2.0},{"damage":1.0,"enemies":"3 Louse","floor":11.0,"turns":2.0},{"damage":2.0,"enemies":"Looter","floor":12.0,"turns":2.0},{"damage":26.0,"enemies":"Hexaghost","floor":16.0,"turns":15.0},{"damage":7.0,"enemies":"Spheric Guardian","floor":18.0,"turns":11.0},{"damage":27.0,"enemies":"Shell Parasite","floor":20.0,"turns":9.0},{"damage":40,"enemies":"Masked Bandits","floor":21,"turns":3}],"seed_played":"-5754827979780624012","potions_obtained":[{"floor":3.0,"key":"Explosive Potion"},{"floor":10.0,"key":"Fire Potion"},{"floor":16.0,"key":"FocusPotion"},{"floor":18.0,"key":"Regen Potion"}],"is_trial":false,"path_per_floor":["M","?","M","$","M","R","E","R","T","M","M","M","R","?","R","B",null,"M","$","M","?"],"character_chosen":"DEFECT","items_purchased":["Lantern","Loop","Lockon","Calipers"],"campfire_rested":2,"item_purchase_floors":[4,4,4,19],"current_hp_per_floor":[60,60,56,56,54,54,5,26,26,26,25,23,23,23,44,18,58,51,51,39,0,0],"gold":39,"neow_bonus":"HUNDRED_GOLD","is_daily":false,"chose_seed":false,"campfire_upgraded":2,"win_rate":0.0,"timestamp":1613942139,"path_taken":["M","?","M","$","M","R","E","R","T","M","M","?","R","?","R","BOSS","M","$","M","?"],"items_purchased_type":["Relic","Card","Card","Relic"],"build_version":"2020-12-22","purchased_purges":1,"victory":false,"max_hp_per_floor":[71,71,71,71,71,71,71,71,71,71,71,71,71,71,71,71,71,71,71,71,71,71],"relic_stats":{"counters":[11,59],"Prayer Wheel":5,"obtain_stats":[{"Lantern":4,"Bottled Flame":9,"Calipers":19,"Prayer Wheel":7,"Cracked Core":0,"FrozenCore":17},{"Lantern":2,"Bottled Flame":4,"Calipers":9,"Prayer Wheel":4,"Cracked Core":0,"FrozenCore":8},{"Lantern":7,"Bottled Flame":15,"Calipers":47,"Prayer Wheel":15,"Cracked Core":0,"FrozenCore":36}],"FrozenCore":[8]},"card_choices":[{"not_picked":["Sweeping Beam","Double Energy"],"picked":"Genetic Algorithm","floor":1.0},{"not_picked":["Genetic Algorithm","Gash"],"picked":"Coolheaded","floor":3.0},{"not_picked":["Hello World","Scrape"],"picked":"Sunder","floor":5.0},{"not_picked":["Machine Learning","FTL"],"picked":"Loop","floor":7.0},{"not_picked":["Leap","Double Energy"],"picked":"Capacitor","floor":10.0},{"not_picked":["Gash","Lockon"],"picked":"Sweeping Beam","floor":10.0},{"not_picked":["Loop","FTL"],"picked":"Coolheaded","floor":11.0},{"not_picked":["Leap","Rebound"],"picked":"Reinforced Body","floor":11.0},{"not_picked":["Beam Cell","Scrape"],"picked":"White Noise","floor":12.0},{"not_picked":["Sweeping Beam","Go for the Eyes"],"picked":"Coolheaded","floor":12.0},{"not_picked":["All For One","Buffer"],"picked":"Seek","floor":16.0},{"not_picked":["Beam Cell","Double Energy"],"picked":"Doom and Gloom","floor":18.0},{"not_picked":["Rebound","Go for the Eyes"],"picked":"Barrage","floor":18.0},{"not_picked":["Compile Driver","Lockon"],"picked":"Cold Snap","floor":20.0},{"not_picked":["Rebound","Creative AI","Hologram"],"picked":"SKIP","floor":20.0}],"player_experience":3487338,"relics_obtained":[{"floor":7.0,"key":"Prayer Wheel"},{"floor":9.0,"key":"Bottled Flame"}],"event_choices":[{"damage_healed":0.0,"max_hp_gain":0.0,"max_hp_loss":0.0,"gold_gain":275.0,"event_name":"Golden Shrine","player_choice":"Desecrate","floor":2.0,"gold_loss":0.0,"damage_taken":0.0,"cards_obtained":["Regret"]},{"damage_healed":0.0,"max_hp_gain":0.0,"max_hp_loss":0.0,"gold_gain":74.0,"event_name":"Golden Wing","player_choice":"Gained Gold","floor":14.0,"gold_loss":0.0,"damage_taken":0.0},{"damage_healed":0,"gold_gain":0,"player_choice":"Fought Bandits","damage_taken":0,"max_hp_gain":0,"max_hp_loss":0,"event_name":"Masked Bandits","floor":21,"gold_loss":0}],"is_beta":false,"boss_relics":[{"not_picked":["Sozu","Empty Cage"],"picked":"FrozenCore"}],"items_purged_floors":[4],"is_endless":false,"potions_floor_spawned":[3,10,11,12,16,18],"killed_by":"Masked Bandits","ascension_level":20}}