{"host":"od06gsur5w60l0yz","time":1613948618,"event":{"mods":["BaseMod","Better Match","Better Third Choice","Colored Map","Dio Mod","Downfall","GifTheSpireLib","Googly Eyes","Hermit","Hubris","Minty Spire (QoL Compilation)","Reliquary","Replay The Spire","StSLib","The Cursed","The Forsaken","The Necromancer","The Senshi"],"gold_per_floor":[109,126,51,67,67,102,113,147,147,147,166,166,194,214,214,312,312,330,347,357,357,413,438,448,476,476,507,582,600,625,642,642,747,747,762,609,609,609,609,644,644,677,677,705,705,705,705,721,721,721,721,721,19,51,51],"floor_reached":56,"language":"ENG","playtime":6287,"items_purged":[],"score":1580,"play_id":"98c28865-1a84-4e0c-ab9d-026180b196ec","local_time":"20210221200337","is_ascension_mode":true,"campfire_choices":[{"data":"theSenshi:MoonPrismPowerMakeUp","floor":10.0,"key":"SMITH"},{"floor":15.0,"key":"RECALL"},{"data":"theSenshi:MoonCrisisMakeUp","floor":32.0,"key":"SMITH"},{"data":"theSenshi:SailorJupiterAssists","floor":41.0,"key":"SMITH"},{"data":"theSenshi:JupitersPower","floor":47.0,"key":"SMITH"},{"data":"theSenshi:SailorMercuryAssists","floor":47.0,"key":"SMITH"},{"data":"theSenshi:MoonGorgeousMeditation","floor":49.0,"key":"SMITH"},{"data":"theSenshi:MoonTiaraMagic","floor":49.0,"key":"SMITH"},{"data":"theSenshi:RoseThrow","floor":52.0,"key":"SMITH"}],"circlet_count":0,"master_deck":["theSenshi:SailorKick+1","theSenshi:SailorKick+1","theSenshi:SailorKick+1","theSenshi:SailorKick+1","theSenshi:SailorBlock+1","theSenshi:SailorBlock+1","theSenshi:SailorBlock+1","theSenshi:SailorBlock+1","theSenshi:RoseThrow+1","theSenshi:MoonPrismPowerMakeUp+1","theSenshi:SailorJupiterAssists+1","theSenshi:SailorMercuryAssists+1","theSenshi:MoonGorgeousMeditation+1","theSenshi:WarriorOfTheMoon+1","theSenshi:JupitersPower+1","theSenshi:MoonTiaraMagic+1","theSenshi:SchoolBag+1","theSenshi:TallSilhouette+1","theSenshi:MoonsReflection+1","theSenshi:SailorCosmosAssists+1","theSenshi:CrisisMakeUp+1","theSenshi:MoonHealingEscalation+1","theSenshi:UranusStrength+1","theSenshi:RainbowMoonHeartAche+1","theSenshi:MoonCrisisMakeUp+1","theSenshi:MoonGorgeousMeditation+1","theSenshi:YouCanTalk+1","theSenshi:MoonCosmicPowerMakeUp+1","theSenshi:JupitersPower+1","theSenshi:SailorStarMakerAssists+1","hubris:Insight+1","theSenshi:MoonCrystalPowerMakeUp","theSenshi:MoonCrystalPowerMakeUp","theSenshi:WarriorOfTheMoon+1"],"relics":["theSenshi:TransformationBroochRelic","hubris:Icosahedron","reliquary:PartyBalloon","Toxic Egg 2","Tiny Chest","Bird Faced Urn","Sozu","Juzu Bracelet","reliquary:IridiumChain","reliquary:ExpiredCoupon","reliquary:QuartzCube","reliquary:Sod","theForsaken:Lifeblossom","reliquary:WritOfMandamus","Omamori","hubris:64BitClover","Replay:WaspNest","Replay:Bottled Eggs","hubris:CuriousFeather","Replay:Arrowhead","Bottled Flame","reliquary:Bookmark","War Paint","theSenshi:TransformationPenRelic"],"acts_visited":["Exordium","TheCity","TheBeyond","TheEnding"],"potions_floor_usage":[],"damage_taken":[{"damage":0.0,"enemies":"2 Louse","floor":1.0,"turns":2.0},{"damage":0.0,"enemies":"Cultist","floor":2.0,"turns":3.0},{"damage":0.0,"enemies":"Small Slimes","floor":4.0,"turns":3.0},{"damage":8.0,"enemies":"Replay:BlueRogue","floor":6.0,"turns":7.0},{"damage":6.0,"enemies":"3 Louse","floor":7.0,"turns":4.0},{"damage":6.0,"enemies":"3 Sentries","floor":8.0,"turns":6.0},{"damage":5.0,"enemies":"Looter","floor":11.0,"turns":3.0},{"damage":3.0,"enemies":"Gremlin Nob","floor":13.0,"turns":4.0},{"damage":4.0,"enemies":"2 Fungi Beasts","floor":14.0,"turns":4.0},{"damage":34.0,"enemies":"The Guardian","floor":16.0,"turns":11.0},{"damage":11.0,"enemies":"2 Thieves","floor":18.0,"turns":3.0},{"damage":5.0,"enemies":"3 Byrds","floor":19.0,"turns":5.0},{"damage":1.0,"enemies":"Snecko","floor":20.0,"turns":5.0},{"damage":29.0,"enemies":"Book of Stabbing","floor":23.0,"turns":7.0},{"damage":3.0,"enemies":"Centurion and Healer","floor":24.0,"turns":23.0},{"damage":12.0,"enemies":"Slavers","floor":25.0,"turns":5.0},{"damage":1.0,"enemies":"Replay:Snechameleon","floor":27.0,"turns":5.0},{"damage":11.0,"enemies":"Snake Plant","floor":29.0,"turns":7.0},{"damage":0.0,"enemies":"Book of Stabbing","floor":30.0,"turns":5.0},{"damage":10.0,"enemies":"Sentry and Sphere","floor":31.0,"turns":7.0},{"damage":43.0,"enemies":"Pondfish","floor":33.0,"turns":9.0},{"damage":0.0,"enemies":"Orb Walker","floor":35.0,"turns":4.0},{"damage":0.0,"enemies":"Giant Head","floor":40.0,"turns":8.0},{"damage":0.0,"enemies":"R_Hoarder","floor":42.0,"turns":8.0},{"damage":2.0,"enemies":"Giant Head","floor":44.0,"turns":9.0},{"damage":36.0,"enemies":"3 Darklings","floor":48.0,"turns":7.0},{"damage":47.0,"enemies":"hubris:GrandSnecko","floor":50.0,"turns":11.0},{"damage":42,"enemies":"Shield and Spear","floor":54,"turns":7},{"damage":71,"enemies":"The Heart","floor":55,"turns":7}],"seed_played":"-3431284364086716927","potions_obtained":[{"floor":6.0,"key":"FearPotion"},{"floor":7.0,"key":"sneckomod:MuddlingPotion"},{"floor":8.0,"key":"Ancient Potion"},{"floor":11.0,"key":"BlessingOfTheForge"},{"floor":16.0,"key":"Fruit Juice"}],"is_trial":false,"path_per_floor":["M","M","?","M","?","E","M","E","T","R","M","$","E","M","R_BF","B",null,"M","M","M","?","?","E","M","E","T","E","?","M","E","M","R","B",null,"M","$","T","?","?","E","R","E","T","E","?","T","R","M","R","B",null,"R","$","E","B",null],"character_chosen":"THE_SENSHI","items_purchased":["Omamori","hubris:Insight+1","theSenshi:MoonCrystalPowerMakeUp","Bottled Flame","reliquary:Bookmark","War Paint"],"campfire_rested":0,"item_purchase_floors":[36,53,53,53,53,53],"current_hp_per_floor":[75,75,75,75,75,67,61,55,55,55,50,50,47,43,43,9,80,69,66,67,67,47,20,80,78,78,80,72,80,80,80,80,59,80,80,80,80,80,80,80,80,80,80,80,80,80,80,70,70,51,80,80,80,49,8],"gold":51,"neow_bonus":"THREE_CARDS","is_daily":false,"chose_seed":false,"campfire_upgraded":8,"win_rate":0.0,"timestamp":1613948617,"path_taken":["M","M","?","?","?","E","M","E","T","R","M","$","E","M","R_BF","BOSS","M","M","M","?","?","E","M","E","T","E","?","M","E","M","R","BOSS","M","$","?","?","?","E","R","E","T","E","?","?","R","M","R","BOSS","R","$","E","BOSS"],"items_purchased_type":["Relic","Card","Card","Relic","Relic","Relic"],"build_version":"2020-12-22","purchased_purges":0,"victory":true,"max_hp_per_floor":[75,75,75,75,75,75,75,75,75,75,75,75,75,75,75,75,80,80,80,80,80,80,80,80,80,80,80,80,80,80,80,80,80,80,80,80,80,80,80,80,80,80,80,80,80,80,80,80,80,80,80,80,80,80,80],"card_choices":[{"not_picked":["theSenshi:SailorVenusAssists","theSenshi:MoonsReflection"],"picked":"theSenshi:SailorJupiterAssists","floor":0.0},{"not_picked":["theSenshi:TuxedoSmokingBomber","theSenshi:MoonlightKnight"],"picked":"theSenshi:SailorMercuryAssists","floor":1.0},{"not_picked":["theSenshi:YouCanTalk","theSenshi:Overload","theSenshi:Sidestep"],"picked":"SKIP","floor":2.0},{"not_picked":["theSenshi:StarlightHoneymoonTherapyKiss+1","theSenshi:FatedKiss+1"],"picked":"theSenshi:MoonGorgeousMeditation+1","floor":3.0},{"not_picked":["theSenshi:LunaSensingAllies+1","theSenshi:SailorCosmosAssists+1"],"picked":"theSenshi:WarriorOfTheMoon+1","floor":3.0},{"not_picked":["theSenshi:SilverMoonCrystalPowerKiss+1","theSenshi:StarlightHoneymoonTherapyKiss+1"],"picked":"theSenshi:JupitersPower+1","floor":3.0},{"not_picked":["theSenshi:SchoolBag","theSenshi:LunasBite","theSenshi:LateForSchool"],"picked":"SKIP","floor":4.0},{"not_picked":["theSenshi:MoonSpiralHeartAttack","theSenshi:MoonPrincessHalation","theSenshi:Sidestep"],"picked":"SKIP","floor":6.0},{"not_picked":["theSenshi:SailorMercuryAssists","theSenshi:Sidestep"],"picked":"theSenshi:MoonTiaraMagic","floor":7.0},{"not_picked":["theSenshi:ChibiMoonsLove+1","theSenshi:OdangoHead+1"],"picked":"theSenshi:SchoolBag+1","floor":8.0},{"not_picked":["theSenshi:HesSoDreamy+1","theSenshi:MoonTiaraMagic"],"picked":"theSenshi:TallSilhouette+1","floor":11.0},{"not_picked":["theSenshi:InTheNameOfTheMoon+1","theSenshi:SailorUranusAssists"],"picked":"theSenshi:MoonsReflection+1","floor":13.0},{"not_picked":["theSenshi:MoonTwilightFlash","theSenshi:LunasBite","theSenshi:MoonPrincessHalation"],"picked":"SKIP","floor":14.0},{"not_picked":["theSenshi:IWillPunishYou+1","theSenshi:ChibiMoonsLove+1"],"picked":"theSenshi:SailorCosmosAssists+1","floor":16.0},{"not_picked":["theSenshi:SailorVenusAssists+1","theSenshi:MoonKick","theSenshi:SchoolBag+1"],"picked":"SKIP","floor":18.0},{"not_picked":["theSenshi:InTheNickOfTime+1","theSenshi:TallSilhouette+1","theSenshi:SailorJupiterAssists"],"picked":"SKIP","floor":19.0},{"not_picked":["theSenshi:SailorMarsAssists","theSenshi:Sidestep+1"],"picked":"theSenshi:CrisisMakeUp","floor":20.0},{"not_picked":["theSenshi:TuxedoSmokingBomber","theSenshi:IWillPunishYou+1"],"picked":"theSenshi:MoonHealingEscalation+1","floor":22.0},{"not_picked":["theSenshi:MoonPower","theSenshi:SailorJupiterAssists","theSenshi:SailorStarFighterAssists"],"picked":"SKIP","floor":23.0},{"not_picked":["theSenshi:LunaWiseMentor+1","theSenshi:LateForSchool+1"],"picked":"theSenshi:UranusStrength+1","floor":24.0},{"not_picked":["theSenshi:MoonPunch","theSenshi:MoonTwilightFlash","theSenshi:SailorPlanetPower+1"],"picked":"SKIP","floor":25.0},{"not_picked":["theSenshi:MoonsReflection+1","theSenshi:MoonCrystalPowerMakeUp","theSenshi:Sidestep+1"],"picked":"SKIP","floor":27.0},{"not_picked":["theSenshi:TallSilhouette+1","theSenshi:MoonPrincessHalation+1"],"picked":"theSenshi:RainbowMoonHeartAche+1","floor":29.0},{"not_picked":["theSenshi:MoonPrincessHalation","theSenshi:MoonCrystalPowerMakeUp","theSenshi:SteeledNerves+1"],"picked":"SKIP","floor":30.0},{"not_picked":["theSenshi:MoonPunch+1","theSenshi:Sidestep+1"],"picked":"theSenshi:MoonCrisisMakeUp","floor":31.0},{"not_picked":["theSenshi:FatedKiss","theSenshi:SilverCrystal"],"picked":"theSenshi:MoonGorgeousMeditation","floor":33.0},{"not_picked":["theSenshi:SchoolBag+1","theSenshi:SupersonicWaves","theSenshi:NeptunesGrace+1"],"picked":"SKIP","floor":35.0},{"not_picked":["theSenshi:SailorMarsAssists+1","theSenshi:SailorPlanetPower"],"picked":"theSenshi:YouCanTalk+1","floor":40.0},{"not_picked":["theSenshi:TuxedoMaskAssists+1","theSenshi:SupersonicWaves"],"picked":"theSenshi:MoonCosmicPowerMakeUp","floor":42.0},{"not_picked":["theSenshi:LunasBite","theSenshi:SailorChibiMoonAssists+1"],"picked":"theSenshi:JupitersPower","floor":44.0},{"not_picked":["theSenshi:SailorChibiMoonAssists+1","theSenshi:SailorVenusAssists+1"],"picked":"theSenshi:SailorStarMakerAssists+1","floor":48.0},{"not_picked":["theSenshi:MoonsReflection+1","theSenshi:SailorStarFighterAssists"],"picked":"theSenshi:WarriorOfTheMoon+1","floor":54}],"player_experience":251568,"relics_obtained":[{"floor":6.0,"key":"reliquary:PartyBalloon"},{"floor":8.0,"key":"Toxic Egg 2"},{"floor":9.0,"key":"Tiny Chest"},{"floor":13.0,"key":"reliquary:FerryPass"},{"floor":16.0,"key":"Bird Faced Urn"},{"floor":22.0,"key":"Juzu Bracelet"},{"floor":23.0,"key":"reliquary:IridiumChain"},{"floor":25.0,"key":"reliquary:ExpiredCoupon"},{"floor":26.0,"key":"reliquary:QuartzCube"},{"floor":27.0,"key":"reliquary:Sod"},{"floor":30.0,"key":"theForsaken:Lifeblossom"},{"floor":40.0,"key":"hubris:64BitClover"},{"floor":42.0,"key":"Replay:WaspNest"},{"floor":43.0,"key":"Replay:Bottled Eggs"},{"floor":44.0,"key":"hubris:CuriousFeather"},{"floor":46.0,"key":"Replay:Arrowhead"},{"floor":54,"key":"theSenshi:TransformationPenRelic"}],"event_choices":[{"damage_healed":0.0,"max_hp_gain":0.0,"max_hp_loss":0.0,"gold_gain":0.0,"event_name":"betterMatch:BetterMatch","player_choice":"3","floor":3.0,"gold_loss":0.0,"damage_taken":0.0,"cards_obtained":["betterMatch:RareCard"]},{"damage_healed":0.0,"max_hp_gain":0.0,"max_hp_loss":8.0,"gold_gain":0.0,"event_name":"betterThird:BetterWriting","player_choice":"Simplicity","floor":21.0,"gold_loss":0.0,"damage_taken":0.0},{"damage_healed":0.0,"max_hp_gain":0.0,"max_hp_loss":0.0,"gold_gain":75.0,"event_name":"FaceTrader","player_choice":"Touch","floor":28.0,"gold_loss":0.0,"damage_taken":8.0},{"damage_healed":0.0,"max_hp_gain":0.0,"max_hp_loss":0.0,"gold_gain":0.0,"event_name":"Tomb of Lord Red Mask","player_choice":"Ignored","floor":39.0,"gold_loss":0.0,"damage_taken":0.0}],"is_beta":false,"boss_relics":[{"not_picked":["bronze:MakeshiftBattery","hubris:RunicObelisk"],"picked":"Sozu"},{"not_picked":["Replay:Ancient Bell","reliquary:KinkedSpring"],"picked":"reliquary:WritOfMandamus"}],"items_purged_floors":[],"is_endless":false,"potions_floor_spawned":[6,7,8,11,16,20,23,24,29,33,35,48],"ascension_level":4}}