{"host":"b68zjtx2wn01pixa","time":1613951696,"event":{"mods":["BaseMod","Colored Map","Infinite Spire","Minty Spire (QoL Compilation)","Relic Stats","StSLib","SuperFastMode"],"gold_per_floor":[119,119,133,133,152,192,213,213,239,279,279,279,319,338,338,458,458,428,428],"floor_reached":18,"language":"ENG","playtime":520,"items_purged":[],"score":189,"play_id":"8a568dc8-ca2a-4a5b-bbee-003dd9034e64","local_time":"20210221185456","is_ascension_mode":true,"campfire_choices":[{"data":"Barrage","floor":8,"key":"SMITH"},{"data":"Ball Lightning","floor":15,"key":"SMITH"}],"circlet_count":0,"master_deck":["Strike_B","Strike_B","Strike_B","Strike_B","Defend_B","Defend_B+1","Defend_B","Defend_B","Zap","Dualcast","Hologram","Lockon+1","Ball Lightning+1","Barrage+1","Undo","Conserve Battery","Amplify","Electrodynamics","Cold Snap","Seek"],"relics":["Cracked Core","Golden Idol","Blood Vial","Juzu Bracelet","Boot","Unceasing Top","Velvet Choker"],"acts_visited":["Exordium","TheCity"],"potions_floor_usage":[13,16],"damage_taken":[{"damage":0,"enemies":"Small Slimes","floor":1,"turns":3},{"damage":0,"enemies":"2 Louse","floor":3,"turns":4},{"damage":0,"enemies":"Cultist","floor":5,"turns":3},{"damage":10,"enemies":"Lagavulin","floor":6,"turns":4},{"damage":18,"enemies":"Lots of Slimes","floor":7,"turns":3},{"damage":9,"enemies":"3 Sentries","floor":10,"turns":7},{"damage":5,"enemies":"Gremlin Nob","floor":13,"turns":3},{"damage":0,"enemies":"Large Slime","floor":14,"turns":4},{"damage":42,"enemies":"The Guardian","floor":16,"turns":10},{"damage":7,"enemies":"2 Thieves","floor":18,"turns":2}],"seed_played":"-5440160054878769864","potions_obtained":[{"floor":5,"key":"Fire Potion"},{"floor":10,"key":"FearPotion"},{"floor":14,"key":"Regen Potion"},{"floor":16,"key":"Swift Potion"}],"is_trial":false,"path_per_floor":["M","?","M","?","M","E","M","R","T","E","?","?","E","M","R","B",null,"M"],"character_chosen":"DEFECT","items_purchased":[],"campfire_rested":0,"item_purchase_floors":[],"current_hp_per_floor":[82,76,76,61,61,51,35,35,35,28,28,76,71,73,73,48,76,69,69],"gold":428,"neow_bonus":"TEN_PERCENT_HP_BONUS","is_daily":false,"chose_seed":false,"campfire_upgraded":2,"win_rate":0.0,"timestamp":1613951696,"path_taken":["M","?","M","?","M","E","M","R","T","E","?","?","E","M","R","BOSS","M"],"items_purchased_type":[],"build_version":"2020-12-22","purchased_purges":0,"victory":false,"max_hp_per_floor":[82,76,76,76,76,76,76,76,76,76,76,76,76,76,76,76,76,76,76],"relic_stats":{"Blood Vial":8,"counters":[10,43],"Golden Idol":63,"Juzu Bracelet":1,"Boot":[0],"obtain_stats":[{"Blood Vial":6,"Golden Idol":2,"Velvet Choker":17,"Juzu Bracelet":9,"Cracked Core":0,"Boot":10,"Unceasing Top":13},{"Blood Vial":4,"Golden Idol":1,"Velvet Choker":9,"Juzu Bracelet":5,"Cracked Core":0,"Boot":6,"Unceasing Top":7},{"Blood Vial":14,"Golden Idol":3,"Velvet Choker":41,"Juzu Bracelet":17,"Cracked Core":0,"Boot":24,"Unceasing Top":27}],"Unceasing Top":[0]},"card_choices":[{"not_picked":["Rebound","White Noise"],"picked":"Hologram","floor":1},{"not_picked":["Redo","Consume"],"picked":"Lockon","floor":3},{"not_picked":["Storm","Conserve Battery"],"picked":"Ball Lightning","floor":5},{"not_picked":["Steam","Skim"],"picked":"Barrage","floor":6},{"not_picked":["Reprogram","Redo"],"picked":"Undo","floor":7},{"not_picked":["Rebound","Steam"],"picked":"Conserve Battery","floor":10},{"not_picked":["Storm","Self Repair"],"picked":"Electrodynamics","floor":13},{"not_picked":["Leap","Steam"],"picked":"Cold Snap","floor":14},{"not_picked":["Biased Cognition","Amplify"],"picked":"Seek","floor":16}],"player_experience":815204,"relics_obtained":[{"floor":6,"key":"Blood Vial"},{"floor":9,"key":"Juzu Bracelet"},{"floor":10,"key":"Boot"},{"floor":13,"key":"Unceasing Top"}],"event_choices":[{"damage_healed":0,"gold_gain":0,"player_choice":"Lose Max HP","damage_taken":0,"relics_obtained":["Golden Idol"],"max_hp_gain":0,"max_hp_loss":6,"event_name":"Golden Idol","floor":2,"gold_loss":0},{"damage_healed":0,"gold_gain":0,"player_choice":"Entered Light","damage_taken":15,"max_hp_gain":0,"max_hp_loss":0,"event_name":"Shining Light","floor":4,"gold_loss":0,"cards_upgraded":["Defend_B","Lockon"]},{"damage_healed":0,"gold_gain":0,"player_choice":"1 cards matched","damage_taken":0,"max_hp_gain":0,"max_hp_loss":0,"event_name":"Match and Keep!","floor":11,"gold_loss":0,"cards_obtained":["Amplify"]},{"damage_healed":48,"gold_gain":0,"player_choice":"Full Heal","damage_taken":0,"max_hp_gain":0,"max_hp_loss":0,"event_name":"Wheel of Change","floor":12,"gold_loss":0}],"is_beta":false,"boss_relics":[{"not_picked":["Snecko Eye","Runic Dome"],"picked":"Velvet Choker"}],"items_purged_floors":[],"is_endless":false,"potions_floor_spawned":[5,10,14,16],"killed_by":"2 Thieves","ascension_level":1}}