{"host":"4w9vompg42n13q24","time":1613944477,"event":{"mods":["Aspiration","BaseMod","Better Third Choice","Colored Map","Colored Powertips","DeckTracker","Downfall","GifTheSpireLib","Glutton Mod","Hermit","Highlight Path","Hubris","Minty Spire (QoL Compilation)","Relic Stats","StSLib","Stuff the Spire","The Druid","The Necromancer","Trackpad"],"gold_per_floor":[99,115,115,115,125,25,25,51,51,68,68,82,101,114,127,226,226,126,146,158,79,64,64,113,98,98,110,110,128,144,157,170,272,272,172,182,182,198,215,215,239,239,195,195,205,205,205,240,256,256,256,285,33,33,33,33],"floor_reached":57,"language":"ENG","playtime":5361,"items_purged":["bronze:Strike","StuffTheSpire:Ambrosia+1"],"score":1259,"play_id":"7a2988f0-eb81-4ead-b657-a90168adfa34","local_time":"20210221225437","is_ascension_mode":true,"campfire_choices":[{"floor":1,"key":"RECALL"},{"data":"bronze:Replicate","floor":6,"key":"SMITH"},{"data":"bronze:WhirlingStrike","floor":9,"key":"SMITH"},{"data":"bronze:Library","floor":18,"key":"SMITH"},{"data":"StuffTheSpire:Ambrosia","floor":23,"key":"SMITH"},{"data":"bronze:Philosophize","floor":26,"key":"SMITH"},{"data":"bronze:Goto","floor":35,"key":"SMITH"},{"data":"bronze:Verify","floor":46,"key":"SMITH"},{"data":"bronze:Return","floor":54,"key":"SMITH"}],"circlet_count":0,"master_deck":["bronze:Strike","bronze:Defend","bronze:Defend","bronze:Defend","bronze:Defend","bronze:Replicate+1","bronze:Goto+1","bronze:Repair","bronze:ForceShield","bronze:WhirlingStrike+1","bronze:ForceShield","bronze:Shell","bronze:Return+1","bronze:Philosophize+1","bronze:Library+1","bronze:Iterate+1","bronze:Iterate+1","bronze:Format","bronze:BronzeOrb+1","bronze:AlphaBuild","bronze:Verify+1","bronze:Repulsor+1"],"relics":["bronze:BronzeCore","bronze:ProtectiveGoggles","downfall:HeartBlessingRed","StuffTheSpire:DarkSteelAnvil","Bag of Marbles","Coffee Dripper","downfall:HeartBlessingGreen","Sozu","downfall:HeartBlessingBlue","bronze:BottledCode","Boot","hubris:CuriousFeather","hubris:Icosahedron","Toxic Egg 2","hubris:Reverence","aspiration:HummingbirdHeart","Strawberry"],"acts_visited":["Exordium","TheCity","TheBeyond","TheEnding"],"potions_floor_usage":[16,43,50,50],"damage_taken":[{"damage":0,"enemies":"2 Louse","floor":2,"turns":3},{"damage":0,"enemies":"Small Slimes","floor":5,"turns":5},{"damage":40,"enemies":"3 Sentries","floor":8,"turns":11},{"damage":0,"enemies":"Cultist","floor":10,"turns":2},{"damage":6,"enemies":"2 Fungi Beasts","floor":12,"turns":3},{"damage":0,"enemies":"Blue Slaver","floor":13,"turns":1},{"damage":4,"enemies":"Red Slaver","floor":14,"turns":3},{"damage":0,"enemies":"downfall:LooterAlt","floor":15,"turns":3},{"damage":22,"enemies":"SI_SHIV_ARCHETYPE","floor":16,"turns":9},{"damage":0,"enemies":"Spheric Guardian","floor":19,"turns":4},{"damage":6,"enemies":"Shell Parasite","floor":20,"turns":5},{"damage":0,"enemies":"downfall:FleeingMerchant","floor":22,"turns":4},{"damage":0,"enemies":"downfall:FleeingMerchant","floor":25,"turns":4},{"damage":15,"enemies":"Snake Plant","floor":27,"turns":3},{"damage":0,"enemies":"Shelled Parasite and Fungi","floor":29,"turns":5},{"damage":3,"enemies":"Sentry and Sphere","floor":30,"turns":5},{"damage":9,"enemies":"Centurion and Healer","floor":31,"turns":3},{"damage":0,"enemies":"Snecko","floor":32,"turns":4},{"damage":0,"enemies":"IC_MUSHROOM_ARCHETYPE","floor":33,"turns":8},{"damage":1,"enemies":"3 Darklings","floor":36,"turns":3},{"damage":0,"enemies":"3 Shapes","floor":38,"turns":1},{"damage":20,"enemies":"Maw","floor":39,"turns":5},{"damage":2,"enemies":"downfall:FleeingMerchant","floor":43,"turns":4},{"damage":2,"enemies":"Spire Growth","floor":45,"turns":4},{"damage":40,"enemies":"Nemesis","floor":48,"turns":5},{"damage":0,"enemies":"Sphere and 2 Shapes","floor":49,"turns":3},{"damage":78,"enemies":"DF_ARCHETYPE_ORBS","floor":50,"turns":7},{"damage":52,"enemies":"downfall:CharBossMerchant","floor":52,"turns":8},{"damage":2,"enemies":"downfall:NeowBoss","floor":55,"turns":9},{"damage":83,"enemies":"downfall:NeowBossFinal","floor":56,"turns":8}],"seed_played":"4395420666792242162","potions_obtained":[{"floor":2,"key":"SteroidPotion"},{"floor":5,"key":"PowerPotion"},{"floor":15,"key":"LiquidMemories"},{"floor":16,"key":"Weak Potion"}],"is_trial":false,"path_per_floor":["R","M","?","?","M","R","T","E","R","M","?","M","M","M","M","B",null,"R","M","M","?","$","R","T","$","R","M","?","M","M","M","M","B",null,"R","M","?","M","M","?","T","?","$","?","M","R","T","E","M","B",null,"E","$","R","B","B",null],"character_chosen":"THE_AUTOMATON","items_purchased":["hubris:CuriousFeather","Strawberry"],"campfire_rested":0,"item_purchase_floors":[43,53],"current_hp_per_floor":[70,70,70,70,70,70,70,30,30,30,35,36,36,39,46,35,75,75,75,75,75,76,76,76,79,79,67,67,77,84,85,94,97,97,107,109,109,112,100,100,100,100,107,107,110,110,110,75,85,17,121,72,79,79,84,8],"gold":33,"neow_bonus":"RANDOM_COMMON_RELIC","is_daily":false,"chose_seed":false,"campfire_upgraded":8,"win_rate":0.0,"timestamp":1613944477,"path_taken":["R","M","?","?","?","R","T","E","R","M","?","M","M","M","M","BOSS","R","M","M","?","$","R","T","$","R","M","?","?","M","M","M","BOSS","R","M","?","M","M","?","T","?","$","?","M","R","?","E","M","BOSS","E","$","R","BOSS","BOSS"],"items_purchased_type":["Relic","Relic"],"build_version":"2020-12-22","purchased_purges":2,"victory":true,"max_hp_per_floor":[70,70,70,70,70,70,70,70,70,70,75,75,75,75,75,75,75,75,75,75,75,76,76,76,79,79,82,82,85,88,91,94,97,97,107,110,110,113,116,106,106,106,109,109,112,112,112,115,118,121,121,124,131,131,131,131],"relic_stats":{"Sozu":5,"counters":[30,142],"Boot":[118],"obtain_stats":[{"bronze:BronzeCore":0,"downfall:HeartBlessingRed":6,"downfall:HeartBlessingGreen":18,"aspiration:HummingbirdHeart":52,"Boot":41,"Sozu":34,"bronze:BottledCode":40,"hubris:Icosahedron":44,"bronze:ProtectiveGoggles":0,"downfall:HeartBlessingBlue":35,"Strawberry":53,"StuffTheSpire:DarkSteelAnvil":7,"hubris:CuriousFeather":43,"Bag of Marbles":8,"Coffee Dripper":17,"Toxic Egg 2":47,"hubris:Reverence":48},{"bronze:BronzeCore":0,"downfall:HeartBlessingRed":2,"downfall:HeartBlessingGreen":9,"aspiration:HummingbirdHeart":28,"Boot":22,"Sozu":19,"bronze:BottledCode":22,"hubris:Icosahedron":23,"bronze:ProtectiveGoggles":0,"downfall:HeartBlessingBlue":19,"Strawberry":28,"StuffTheSpire:DarkSteelAnvil":2,"hubris:CuriousFeather":23,"Bag of Marbles":3,"Coffee Dripper":9,"Toxic Egg 2":24,"hubris:Reverence":25},{"bronze:BronzeCore":0,"downfall:HeartBlessingRed":8,"downfall:HeartBlessingGreen":40,"aspiration:HummingbirdHeart":125,"Boot":94,"Sozu":85,"bronze:BottledCode":94,"hubris:Icosahedron":98,"bronze:ProtectiveGoggles":0,"downfall:HeartBlessingBlue":85,"Strawberry":125,"StuffTheSpire:DarkSteelAnvil":8,"hubris:CuriousFeather":98,"Bag of Marbles":19,"Coffee Dripper":40,"Toxic Egg 2":102,"hubris:Reverence":107}]},"card_choices":[{"not_picked":["bronze:WhirlingStrike","bronze:Constructor"],"picked":"bronze:Repair","floor":2},{"not_picked":["bronze:DelayedGuard","bronze:InfiniteBeams"],"picked":"bronze:WhirlingStrike","floor":5},{"not_picked":["bronze:BitShift","bronze:Refactor"],"picked":"bronze:ForceShield","floor":8},{"not_picked":["bronze:Separator","bronze:WildBeam","bronze:DarkDash"],"picked":"SKIP","floor":10},{"not_picked":["bronze:CutThrough","bronze:Overheat"],"picked":"bronze:Shell","floor":12},{"not_picked":["bronze:BuggyMess","bronze:BronzeArmor"],"picked":"bronze:Return","floor":13},{"not_picked":["bronze:DelayedGuard","bronze:Refactor","bronze:BitShift"],"picked":"SKIP","floor":14},{"not_picked":["bronze:Safeguard","bronze:BitShift"],"picked":"bronze:Philosophize","floor":15},{"not_picked":["bronze:RecursiveStrike","bronze:BurnOut"],"picked":"bronze:Library","floor":16},{"not_picked":["bronze:WhirlingStrike","bronze:Overheat+1","bronze:InfiniteBeams+1"],"picked":"SKIP","floor":19},{"not_picked":["bronze:BitShift","bronze:Refactor"],"picked":"bronze:Iterate+1","floor":20},{"not_picked":["bronze:ForLoop+1","bronze:Overheat"],"picked":"bronze:Iterate+1","floor":22},{"not_picked":["bronze:BronzeArmor","bronze:Overheat"],"picked":"bronze:Format","floor":25},{"not_picked":["bronze:FollowUp","bronze:FineTuning","bronze:BitShift+1"],"picked":"SKIP","floor":27},{"not_picked":["bronze:DelayedGuard","bronze:Frontload","bronze:Flail"],"picked":"SKIP","floor":29},{"not_picked":["bronze:Overheat","bronze:ClassDefault"],"picked":"bronze:BronzeOrb+1","floor":30},{"not_picked":["bronze:DelayedSlice+1","bronze:Branch","bronze:Optimize"],"picked":"SKIP","floor":31},{"not_picked":["bronze:DarkDash","bronze:DelayedGuard","bronze:FineTuning"],"picked":"SKIP","floor":32},{"not_picked":["bronze:Format","bronze:SpaghettiCode"],"picked":"bronze:AlphaBuild","floor":33},{"not_picked":["bronze:Shield","bronze:Fortify+1","bronze:BuggyMess+1"],"picked":"SKIP","floor":36},{"not_picked":["bronze:InfiniteBeams+1","bronze:OilSpill","bronze:Overload+1"],"picked":"SKIP","floor":38},{"not_picked":["bronze:BuggyMess","bronze:WildBeam+1"],"picked":"bronze:Verify","floor":39},{"not_picked":["bronze:Optimize","bronze:BuggyMess","bronze:OilSpill"],"picked":"SKIP","floor":43},{"not_picked":["bronze:ChosenStrike+1","bronze:Overheat+1","bronze:Frontload+1"],"picked":"SKIP","floor":45},{"not_picked":["bronze:ItsAFeature","bronze:ChildClass+1"],"picked":"bronze:Repulsor+1","floor":48},{"not_picked":["bronze:ForLoop+1","bronze:BuggyMess+1","bronze:DelayedSlice"],"picked":"SKIP","floor":49},{"not_picked":["bronze:BitShift+1","bronze:Refactor+1","bronze:BugBarrage+1"],"picked":"SKIP","floor":52}],"player_experience":690428,"relics_obtained":[{"floor":7,"key":"StuffTheSpire:DarkSteelAnvil"},{"floor":8,"key":"Bag of Marbles"},{"floor":41,"key":"Boot"},{"floor":47,"key":"Toxic Egg 2"},{"floor":48,"key":"hubris:Reverence"},{"floor":52,"key":"aspiration:HummingbirdHeart"}],"event_choices":[{"damage_healed":0,"gold_gain":0,"player_choice":"Donut","damage_taken":0,"max_hp_gain":5,"max_hp_loss":0,"event_name":"Big Fish","floor":11,"gold_loss":0},{"cards_removed":["bronze:Strike"],"damage_healed":0,"gold_gain":0,"player_choice":"Offered Basic","damage_taken":0,"max_hp_gain":0,"max_hp_loss":0,"event_name":"Bonfire Elementals","floor":28,"gold_loss":0}],"is_beta":false,"boss_relics":[{"not_picked":["trackpad:Trackpad","Black Star"],"picked":"Coffee Dripper"},{"not_picked":["Pandora\u0027s Box","Busted Crown"],"picked":"Sozu"}],"items_purged_floors":[43,53],"is_endless":false,"potions_floor_spawned":[2,5,15,16,20,27,33,36,39,45,48,52],"ascension_level":1}}