{"host":"pifa3o3uv2a0m12r","time":1613904328,"event":{"mods":["AchievementEnabler","BaseMod","Colored Map","Minty Spire (QoL Compilation)","StSLib","SuperFastMode"],"gold_per_floor":[113,113,32,32,32,32,64,121,121,155,175,175,216,230,230,230,230],"floor_reached":16,"language":"FRA","playtime":378,"items_purged":[],"score":174,"play_id":"690c17e1-66a1-4b3a-90dd-39f2cda24f8e","local_time":"20210221004528","is_ascension_mode":true,"campfire_choices":[{"data":"Bane","floor":6,"key":"SMITH"},{"floor":15,"key":"REST"}],"circlet_count":0,"master_deck":["Strike_G","Strike_G","Strike_G","Strike_G","Strike_G","Defend_G","Defend_G","Defend_G","Defend_G","Defend_G","Survivor","Neutralize","Bane+1","Bouncing Flask+1","Bane","Night Terror","Dodge and Roll","Catalyst","Caltrops+1"],"relics":["Ring of the Snake","NeowsBlessing","Vajra","Ninja Scroll","Frozen Egg 2","Golden Idol","PreservedInsect"],"acts_visited":["Exordium"],"potions_floor_usage":[16,16],"damage_taken":[{"damage":0,"enemies":"Small Slimes","floor":1,"turns":1},{"damage":0,"enemies":"3 Sentries","floor":7,"turns":1},{"damage":0,"enemies":"Gremlin Nob","floor":10,"turns":1},{"damage":6,"enemies":"Jaw Worm","floor":11,"turns":2},{"damage":7,"enemies":"3 Sentries","floor":13,"turns":7},{"damage":0,"enemies":"2 Louse","floor":14,"turns":2},{"damage":73,"enemies":"Slime Boss","floor":16,"turns":10}],"seed_played":"4519373256689127385","potions_obtained":[{"floor":7,"key":"SneckoOil"},{"floor":13,"key":"ColorlessPotion"},{"floor":14,"key":"Block Potion"}],"is_trial":false,"path_per_floor":["M","?","$","?","?","R","E","?","T","E","M","?","E","M","R","B"],"character_chosen":"THE_SILENT","items_purchased":["Bouncing Flask"],"campfire_rested":1,"item_purchase_floors":[3],"current_hp_per_floor":[70,75,75,75,75,75,75,75,75,75,69,51,44,44,66,0,0],"gold":230,"neow_bonus":"THREE_ENEMY_KILL","is_daily":false,"chose_seed":false,"campfire_upgraded":1,"win_rate":0.0,"timestamp":1613904328,"path_taken":["M","?","$","?","?","R","E","?","T","E","M","?","E","M","R","BOSS"],"items_purchased_type":["Card"],"build_version":"2020-12-22","purchased_purges":0,"victory":false,"max_hp_per_floor":[70,75,75,75,75,75,75,75,75,75,75,75,75,75,75,75,75],"card_choices":[{"not_picked":["Underhanded Strike","PiercingWail"],"picked":"Bane","floor":1},{"not_picked":["Slice","Acrobatics"],"picked":"Bane","floor":7},{"not_picked":["Eviscerate","Footwork+1"],"picked":"Night Terror","floor":10},{"not_picked":["Flying Knee","Acrobatics"],"picked":"Dodge and Roll","floor":11},{"not_picked":["Calculated Gamble","Backflip"],"picked":"Catalyst","floor":13},{"not_picked":["Prepared","Backstab"],"picked":"Caltrops+1","floor":14}],"player_experience":134096,"relics_obtained":[{"floor":7,"key":"Vajra"},{"floor":9,"key":"Ninja Scroll"},{"floor":10,"key":"Frozen Egg 2"},{"floor":13,"key":"PreservedInsect"}],"event_choices":[{"damage_healed":0,"gold_gain":0,"player_choice":"Donut","damage_taken":0,"max_hp_gain":5,"max_hp_loss":0,"event_name":"Big Fish","floor":2,"gold_loss":0},{"damage_healed":0,"gold_gain":0,"player_choice":"Grow","damage_taken":0,"max_hp_gain":0,"max_hp_loss":0,"event_name":"Living Wall","floor":4,"gold_loss":0,"cards_upgraded":["Bouncing Flask"]},{"damage_healed":0,"gold_gain":0,"player_choice":"Ignored","damage_taken":0,"max_hp_gain":0,"max_hp_loss":0,"event_name":"Liars Game","floor":5,"gold_loss":0},{"damage_healed":0,"gold_gain":57,"player_choice":"Gained Gold","damage_taken":0,"max_hp_gain":0,"max_hp_loss":0,"event_name":"Golden Wing","floor":8,"gold_loss":0},{"damage_healed":0,"gold_gain":0,"player_choice":"Take Damage","damage_taken":18,"relics_obtained":["Golden Idol"],"max_hp_gain":0,"max_hp_loss":0,"event_name":"Golden Idol","floor":12,"gold_loss":0}],"is_beta":false,"boss_relics":[],"items_purged_floors":[],"is_endless":false,"potions_floor_spawned":[7,13,14],"killed_by":"Slime Boss","ascension_level":1}}