{"host":"xo0glkmxta74xh34","time":1613941687,"event":{"mods":["BaseMod","Downfall","Minty Spire (QoL Compilation)","Reliquary","Replay The Spire","StSLib"],"gold_per_floor":[99,99,99,0,10,10,57,93,102,120,42,61,70,91,120,225,225,234,244,264,274,292,211,211,211,287,296,206,241,250,283,296,406,406,415,442,618,618,644,678,749,60,69,110,19,54,54,80,107,107],"floor_reached":51,"language":"ENG","playtime":4099,"items_purged":["ReplayTheSpireMod:Splinters","Guardian:Defend_Guardian","downfall:Malfunctioning"],"score":1315,"play_id":"492c19c1-2572-46f2-ba7e-3b5372d42c29","local_time":"20210221150807","is_ascension_mode":true,"campfire_choices":[{"floor":1.0,"key":"DIG"},{"data":"Guardian:TwinSlam","floor":9,"key":"SMITH"},{"data":"Guardian:TimeSifter","floor":13,"key":"SMITH"},{"data":"Guardian:RollAttack","floor":18,"key":"SMITH"},{"floor":27,"key":"REST"},{"data":"Guardian:DecasProtection","floor":30,"key":"SMITH"},{"data":"Guardian:BronzeOrb","floor":35,"key":"SMITH"},{"data":"Guardian:PrismaticBeam","floor":43,"key":"SMITH"},{"data":"Guardian:RevengeProtocol","floor":45,"key":"SMITH"},{"floor":47,"key":"REST"}],"circlet_count":0,"master_deck":["Guardian:CurlUp","Guardian:TwinSlam+1","Guardian:SpikerProtocol","Guardian:BronzeOrb+1","Guardian:PrismaticBeam+1","Guardian:BronzeOrb","Guardian:BronzeArmor","Guardian:TimeSifter+1","Guardian:TimeBomb","Guardian:RollAttack+1","Guardian:SpikerProtocol","Guardian:ConstructionForm","Guardian:GuardianWhirl","Guardian:ShieldSpikes+1","Guardian:DecasProtection+1","Guardian:BronzeOrb","Guardian:PiercingHide","Guardian:RevengeProtocol+1","Guardian:DonusPower","Guardian:Recover","Guardian:Gem_Red","Guardian:ChargeUp+1","Guardian:Harden+1","Guardian:TimeCapacitor","Guardian:BronzeOrb+1","Guardian:Gem_Purple","Guardian:Preprogram","Writhe","Guardian:AncientConstruct","Guardian:DecasProtection+1","Guardian:SpikerProtocol"],"relics":["Guardian:ModeShifter","downfall:HeartsMalice","Replay:PocketPolymizer","Replay:Wax Seal","Lee\u0027s Waffle","WingedGreaves","CeramicFish","Guardian:PickAxe","Snecko Heart","reliquary:TridentHead","downfall:ExtraCursedKey","ReplayTheSpireMod:Lightbulb","reliquary:Knoch","Divine Protection","Honey Jar","ReplayTheSpireMod:Ring of Collecting","Ring of Chaos","reliquary:HotPoker","Ring of Peace","Bronze Scales","Guardian:StasisUpgradeRelic","reliquary:PorcupineQuills","Question Card","Toxic Egg 2","downfall:HeartBlessingGreen","Darkstone Periapt"],"acts_visited":["Exordium","TheCity","TheBeyond"],"potions_floor_usage":[16,16,16,29,29,37,49,50,50],"damage_taken":[{"damage":0.0,"enemies":"Small Slimes","floor":2.0,"turns":1.0},{"damage":0.0,"enemies":"2 Louse","floor":3.0,"turns":1.0},{"damage":0.0,"enemies":"downfall:FleeingMerchant","floor":4.0,"turns":1.0},{"damage":1.0,"enemies":"Cultist","floor":5.0,"turns":4.0},{"damage":5,"enemies":"Lagavulin Event","floor":8,"turns":7},{"damage":4,"enemies":"Large Slime","floor":11,"turns":8},{"damage":1,"enemies":"downfall:LooterAlt","floor":12,"turns":3},{"damage":7,"enemies":"Exordium Wildlife","floor":14,"turns":3},{"damage":15,"enemies":"2 Fungi Beasts","floor":15,"turns":3},{"damage":35,"enemies":"WA_ARCHETYPE_RETAIN","floor":16,"turns":9},{"damage":4,"enemies":"Shell Parasite","floor":19,"turns":4},{"damage":2,"enemies":"Chosen","floor":20,"turns":5},{"damage":0,"enemies":"Snecko","floor":21,"turns":3},{"damage":9,"enemies":"Shelled Parasite and Fungi","floor":22,"turns":3},{"damage":0,"enemies":"downfall:FleeingMerchant","floor":23,"turns":4},{"damage":0,"enemies":"downfall:FleeingMerchant","floor":28,"turns":4},{"damage":2,"enemies":"Slavers","floor":29,"turns":5},{"damage":0,"enemies":"Gremlin Leader","floor":31,"turns":4},{"damage":0,"enemies":"Centurion and Healer","floor":32,"turns":4},{"damage":0,"enemies":"SI_MIRROR_ARCHETYPE","floor":33,"turns":9},{"damage":0,"enemies":"3 Darklings","floor":36,"turns":3},{"damage":0,"enemies":"downfall:FleeingMerchant","floor":37,"turns":4},{"damage":0,"enemies":"Orb Walker","floor":39,"turns":3},{"damage":0,"enemies":"R_Hoarder","floor":40,"turns":6},{"damage":0,"enemies":"Giant Head","floor":44,"turns":7},{"damage":24,"enemies":"R_Hoarder","floor":46,"turns":7},{"damage":0,"enemies":"Maw","floor":48,"turns":7},{"damage":0,"enemies":"Transient","floor":49,"turns":5},{"damage":10,"enemies":"DF_ARCHETYPE_ORBS","floor":50,"turns":8}],"seed_played":"4552133206397200192","potions_obtained":[{"floor":5.0,"key":"Regen Potion"},{"floor":11,"key":"Energy Potion"},{"floor":14,"key":"DuplicationPotion"},{"floor":16,"key":"hexamod:SoulburnPotion"},{"floor":19,"key":"Guardian:BlockOnCardUsePotion"},{"floor":26,"key":"FearPotion"},{"floor":29,"key":"Death Potion"},{"floor":32,"key":"Fire Potion"},{"floor":39,"key":"PowerPotion"},{"floor":40,"key":"Languid Potion"},{"floor":48,"key":"DistilledChaos"}],"is_trial":false,"path_per_floor":["R","M","M","$","M","?","T","?","R","?","M","M","R","M","M","B",null,"R","M","M","M","M","$","T","?","?","R","$","E","R","E","M","B",null,"R","M","$","?","M","E","T","$","R","E","R","E","R","M","M","B",null],"character_chosen":"GUARDIAN","items_purchased":["Replay:Wax Seal","Lee\u0027s Waffle","Guardian:DecasProtection","Guardian:TimeCapacitor","Guardian:StasisUpgradeRelic","reliquary:PorcupineQuills","Question Card"],"campfire_rested":2,"item_purchase_floors":[4,4,23,37,42,42,42],"current_hp_per_floor":[72,72,72,87,86,86,86,75,75,75,71,70,70,63,48,28,72,72,68,66,66,57,57,57,57,57,83,83,81,81,81,81,81,86,86,86,86,86,86,87,87,87,87,87,87,63,87,87,87,77],"gold":107,"neow_bonus":"THREE_ENEMY_KILL","is_daily":false,"chose_seed":false,"campfire_upgraded":7,"win_rate":0.0,"timestamp":1613941687,"path_taken":["R","M","M","$","M","?","T","?","R","?","?","M","R","M","M","BOSS","R","M","M","M","M","$","T","?","?","R","$","E","R","E","M","BOSS","R","M","$","?","M","E","T","$","R","E","R","E","R","M","M","BOSS"],"items_purchased_type":["Relic","Relic","Card","Card","Relic","Relic","Relic"],"build_version":"2020-12-22","purchased_purges":3,"victory":true,"max_hp_per_floor":[80,80,80,87,87,87,87,87,87,87,87,87,87,87,87,87,87,87,87,87,87,87,87,87,87,87,87,87,87,87,87,87,87,87,87,87,87,87,87,87,87,87,87,87,87,87,87,87,87,87],"card_choices":[{"not_picked":["Guardian:Repulse","Guardian:BodySlam"],"picked":"Guardian:SpikerProtocol","floor":2.0},{"not_picked":["Guardian:PrimingBeam","Guardian:Gem_Cyan"],"picked":"Guardian:BronzeOrb","floor":3.0},{"not_picked":["Guardian:Recover","Guardian:Gem_Lightblue"],"picked":"Guardian:Gem_White","floor":4.0},{"not_picked":["Guardian:Gem_Red","Guardian:Reroute"],"picked":"Guardian:PrismaticBeam","floor":5.0},{"not_picked":["Guardian:Planning","Guardian:TemporalStrike"],"picked":"Guardian:TimeBomb","floor":11},{"not_picked":["Guardian:Reroute","Guardian:Preprogram","Guardian:ChargeCore"],"picked":"SKIP","floor":12},{"not_picked":["Guardian:EvasiveProtocol","Guardian:RollAttack"],"picked":"Guardian:Gem_Synthetic","floor":14},{"not_picked":["Guardian:Orbwalk","Guardian:Gem_Green"],"picked":"Guardian:SpikerProtocol","floor":15},{"not_picked":["Guardian:BaubleBeam","Guardian:SphericShield"],"picked":"Guardian:ConstructionForm","floor":16},{"not_picked":["Guardian:Gem_White","Guardian:Emergency+1","Guardian:ChargeCore"],"picked":"SKIP","floor":19},{"not_picked":["Guardian:PiercingHide","Guardian:PolyBeam+1"],"picked":"Guardian:ShieldSpikes+1","floor":20},{"not_picked":["Guardian:ShieldCharger","Guardian:Incinerate+1","Guardian:Reroute"],"picked":"SKIP","floor":21},{"not_picked":["Guardian:ShieldCharger","Guardian:Reroute","Guardian:Preprogram"],"picked":"SKIP","floor":22},{"not_picked":["Guardian:RollAttack","Guardian:PrismaticBeam","Guardian:TemporalShield"],"picked":"SKIP","floor":23},{"not_picked":["Guardian:Planning","Guardian:ConstructionForm"],"picked":"Guardian:BronzeOrb","floor":26},{"not_picked":["Guardian:Emergency+1","Guardian:Gem_Red"],"picked":"Guardian:PiercingHide","floor":26},{"not_picked":["Guardian:Gem_Fragmented","Guardian:Reroute","Guardian:PolyBeam"],"picked":"SKIP","floor":28},{"not_picked":["Guardian:SentryBeam","Guardian:Gem_Lightblue"],"picked":"Guardian:DonusPower","floor":29},{"not_picked":["Guardian:Suspension","Guardian:WalkerClaw","Guardian:ChargeCore"],"picked":"SKIP","floor":31},{"not_picked":["Guardian:ChargeCore","Guardian:Planning","Guardian:ShieldCharger"],"picked":"SKIP","floor":32},{"not_picked":["Guardian:GatlingBeam","Guardian:BaubleBeam"],"picked":"Guardian:Gem_Synthetic","floor":33},{"not_picked":["Guardian:PiercingHide","Guardian:Repulse","Guardian:ShieldSpikes"],"picked":"Guardian:ChargeUp+1","floor":36},{"not_picked":["Guardian:StasisField","Guardian:BronzeArmor","Guardian:Incinerate+1"],"picked":"Guardian:Harden+1","floor":37},{"not_picked":["Guardian:BronzeArmor","Guardian:WalkerClaw+1","Guardian:TemporalShield"],"picked":"Guardian:BronzeOrb+1","floor":39},{"not_picked":["Guardian:Gem_White","Guardian:Gem_Fragmented","Guardian:PiercingHide+1"],"picked":"Guardian:Gem_Purple","floor":40},{"not_picked":["Guardian:ChargeCore+1","Guardian:PiercingHide+1","Guardian:VentSteam+1","Guardian:EvasiveProtocol+1"],"picked":"Guardian:Gem_Yellow","floor":44},{"not_picked":["Guardian:Suspension+1","Guardian:ArmoredProtocol+1","Guardian:Harden+1","Guardian:Gem_Green"],"picked":"Guardian:AncientConstruct","floor":46},{"not_picked":["Guardian:PrismaticBarrier+1","Guardian:RefractedBeam","Guardian:PolyBeam","Guardian:Gem_Cyan"],"picked":"Guardian:DecasProtection+1","floor":48},{"not_picked":["Guardian:BodySlam+1","Guardian:ShieldCharger+1","Guardian:Recover+1","Guardian:Gem_Green"],"picked":"Guardian:SpikerProtocol","floor":49}],"player_experience":529372,"relics_obtained":[{"floor":1.0,"key":"Replay:PocketPolymizer"},{"floor":7,"key":"CeramicFish"},{"floor":24,"key":"reliquary:TridentHead"},{"floor":26,"key":"ReplayTheSpireMod:Lightbulb"},{"floor":29,"key":"reliquary:Knoch"},{"floor":31,"key":"Divine Protection"},{"floor":38,"key":"ReplayTheSpireMod:Ring of Collecting"},{"floor":38,"key":"Ring of Chaos"},{"floor":40,"key":"reliquary:HotPoker"},{"floor":41,"key":"Ring of Peace"},{"floor":41,"key":"Bronze Scales"},{"floor":44,"key":"Toxic Egg 2"},{"floor":46,"key":"Darkstone Periapt"}],"event_choices":[],"is_beta":false,"boss_relics":[{"not_picked":["Painkiller Herb","Guardian:StasisSlotReductionRelic"],"picked":"Snecko Heart"},{"not_picked":["Coffee Dripper","Kintsugi"],"picked":"Honey Jar"}],"items_purged_floors":[28,37,42],"is_endless":false,"potions_floor_spawned":[5,8,11,14,15,16,19,29,32,39,40,48],"ascension_level":9}}