{"host":"as7albp2mcgkylj3","time":1613919533,"event":{"mods":["2.2 Compatiblity","AchievementEnabler","BaseMod","Colored Map","DeckTracker","Googly Eyes","Highlight Path","Minty Spire (QoL Compilation)","StSLib","SuperFastMode"],"gold_per_floor":[110,130,130,55,55,55,65,85,85,102,102,121,172,72,72,176,176,194,211,211,230,230,230,230,230],"floor_reached":24,"language":"ITA","playtime":363,"items_purged":["Defend_P","Strike_P"],"score":188,"play_id":"d3b90dc9-4b86-4570-8ec5-5a9ddce7e75f","local_time":"20210221155853","is_ascension_mode":false,"campfire_choices":[{"data":"Eruption","floor":6,"key":"SMITH"},{"data":"Consecrate","floor":11,"key":"SMITH"},{"floor":15,"key":"REST"},{"floor":23,"key":"REST"}],"circlet_count":0,"master_deck":["Strike_P","Strike_P","Strike_P","Defend_P","Defend_P","Eruption+1","Vigilance","Consecrate+1"],"relics":["PureWater"],"acts_visited":["Exordium","TheCity"],"potions_floor_usage":[16,16,16,16],"damage_taken":[{"damage":9,"enemies":"2 Louse","floor":1,"turns":2},{"damage":0,"enemies":"Small Slimes","floor":2,"turns":2},{"damage":11,"enemies":"Jaw Worm","floor":7,"turns":2},{"damage":7,"enemies":"Exordium Thugs","floor":8,"turns":3},{"damage":6,"enemies":"Exordium Wildlife","floor":10,"turns":2},{"damage":16,"enemies":"Blue Slaver","floor":12,"turns":3},{"damage":59,"enemies":"The Guardian","floor":16,"turns":11},{"damage":15,"enemies":"Spheric Guardian","floor":18,"turns":3},{"damage":15,"enemies":"Chosen","floor":19,"turns":3},{"damage":30,"enemies":"Snecko","floor":21,"turns":4},{"damage":0,"enemies":"Shelled Parasite and Fungi","floor":24,"turns":1}],"seed_played":"997851886056522884","potions_obtained":[{"floor":1,"key":"FearPotion"},{"floor":7,"key":"Regen Potion"},{"floor":12,"key":"EntropicBrew"},{"floor":16,"key":"LiquidMemories"}],"is_trial":false,"path_per_floor":["M","M","?","$","?","R","M","M","T","M","R","M","T","$","R","B",null,"M","M","?","M","?","R","M"],"character_chosen":"WATCHER","items_purchased":[],"campfire_rested":2,"item_purchase_floors":[],"current_hp_per_floor":[70,70,70,70,75,75,64,57,57,51,51,35,35,35,60,16,84,69,54,54,24,24,49,49,49],"gold":230,"neow_bonus":"TEN_PERCENT_HP_BONUS","is_daily":false,"chose_seed":false,"campfire_upgraded":2,"win_rate":0.0,"timestamp":1613919533,"path_taken":["M","M","?","$","?","R","M","M","T","M","R","?","?","?","R","BOSS","M","M","?","?","?","R","M"],"items_purchased_type":[],"build_version":"2020-12-22","purchased_purges":2,"victory":false,"max_hp_per_floor":[79,79,79,79,84,84,84,84,84,84,84,84,84,84,84,84,84,84,84,84,84,84,84,84,84],"card_choices":[{"not_picked":["ReachHeaven","Wireheading","Wallop"],"picked":"SKIP","floor":1},{"not_picked":["Swivel","Protect","JustLucky"],"picked":"SKIP","floor":2},{"not_picked":["CutThroughFate","SashWhip","Halt"],"picked":"SKIP","floor":7},{"not_picked":["EmptyFist","WindmillStrike","Halt"],"picked":"SKIP","floor":8},{"not_picked":["Nirvana","LikeWater"],"picked":"Consecrate","floor":10},{"not_picked":["Meditate","Prostrate","ClearTheMind"],"picked":"SKIP","floor":12},{"not_picked":["Prostrate","ThirdEye","Study"],"picked":"SKIP","floor":18},{"not_picked":["CutThroughFate+1","Study","FearNoEvil"],"picked":"SKIP","floor":19},{"not_picked":["EmptyMind+1","CrushJoints","FlyingSleeves+1"],"picked":"SKIP","floor":21}],"player_experience":482662,"relics_obtained":[],"event_choices":[{"damage_healed":0,"gold_gain":0,"player_choice":"Ignored","damage_taken":0,"max_hp_gain":0,"max_hp_loss":0,"event_name":"Golden Idol","floor":3,"gold_loss":0},{"damage_healed":0,"gold_gain":0,"player_choice":"Donut","damage_taken":0,"max_hp_gain":5,"max_hp_loss":0,"event_name":"Big Fish","floor":5,"gold_loss":0},{"cards_removed":["Defend_P"],"damage_healed":0,"gold_gain":0,"player_choice":"Offered Basic","damage_taken":0,"max_hp_gain":0,"max_hp_loss":0,"event_name":"Bonfire Elementals","floor":20,"gold_loss":0},{"damage_healed":0,"gold_gain":0,"player_choice":"Ignored","damage_taken":0,"max_hp_gain":0,"max_hp_loss":0,"event_name":"WeMeetAgain","floor":22,"gold_loss":0}],"is_beta":false,"boss_relics":[{"not_picked":["Sozu","SlaversCollar","Busted Crown"]}],"items_purged_floors":[4,14],"is_endless":false,"potions_floor_spawned":[1,7,12,16,21],"killed_by":"Shelled Parasite and Fungi","ascension_level":0}}