{"host":"tf5skwcwe0vlu2md","time":1613910713,"event":{"mods":["BaseMod","Downfall","Highlight Path","Minty Spire (QoL Compilation)","Quick Restart","StSLib","The Hierophant"],"gold_per_floor":[109,120,137,12,12,12,22,54,54,6,28,40,5,332,332,431,431,417,119,134,151,183,183,203,203,278,278,313,325,343,343,343],"floor_reached":31,"playtime":1716,"items_purged":["Defend_B","Strike_B"],"score":332,"play_id":"f72832ba-e87b-47f2-893a-85254aa09ad2","local_time":"20210221233153","is_ascension_mode":true,"campfire_choices":[{"data":"Consume","floor":6,"key":"SMITH"},{"data":"Zap","floor":15,"key":"SMITH"},{"floor":23,"key":"REST"},{"floor":25,"key":"REST"}],"circlet_count":0,"master_deck":["Strike_B","Strike_B","Strike_B","Defend_B","Defend_B","Zap+1","Dualcast","Consume+1","Leap","Cold Snap","Ball Lightning","Leap","Cold Snap","Ball Lightning","Seek","CurseOfTheBell","Rainbow","Capacitor","Loop","Rebound","Capacitor","Consume+1","Rebound+1","Barrage+1"],"relics":["Cracked Core","Blue Candle","Ginger","Odd Mushroom","Old Coin","Calling Bell","Nunchaku","Pantograph","Mango","PreservedInsect","Red Mask","White Beast Statue","Lizard Tail"],"acts_visited":["Exordium","TheCity"],"potions_floor_usage":[2,8,14,14,16,22,28,28,29],"damage_taken":[{"damage":0,"enemies":"2 Louse","floor":1,"turns":3},{"damage":1,"enemies":"Cultist","floor":2,"turns":3},{"damage":4,"enemies":"Small Slimes","floor":3,"turns":3},{"damage":10,"enemies":"Gremlin Gang","floor":7,"turns":4},{"damage":5,"enemies":"Gremlin Nob","floor":8,"turns":4},{"damage":11,"enemies":"The Mushroom Lair","floor":11,"turns":5},{"damage":0,"enemies":"Large Slime","floor":12,"turns":4},{"damage":10,"enemies":"Lagavulin","floor":14,"turns":4},{"damage":22,"enemies":"Hexaghost","floor":16,"turns":9},{"damage":15,"enemies":"2 Thieves","floor":18,"turns":4},{"damage":0,"enemies":"Spheric Guardian","floor":20,"turns":3},{"damage":25,"enemies":"Shelled Parasite and Fungi","floor":21,"turns":6},{"damage":49,"enemies":"Masked Bandits","floor":22,"turns":5},{"damage":8,"enemies":"Snecko","floor":24,"turns":5},{"damage":28,"enemies":"Book of Stabbing","floor":28,"turns":6},{"damage":39,"enemies":"3 Cultists","floor":29,"turns":6},{"damage":29,"enemies":"Snake Plant","floor":30,"turns":4},{"damage":19,"enemies":"Slavers","floor":31,"turns":1}],"seed_played":"6100586630275595074","potions_obtained":[{"floor":1,"key":"EssenceOfDarkness"},{"floor":8,"key":"AttackPotion"},{"floor":11,"key":"LiquidBronze"},{"floor":18,"key":"Swift Potion"},{"floor":22,"key":"GamblersBrew"},{"floor":28,"key":"LiquidMemories"},{"floor":29,"key":"Swift Potion"},{"floor":30,"key":"GamblersBrew"}],"is_trial":false,"path_per_floor":["M","M","M","$","?","R","M","E","T","$","?","M","?","E","R","B",null,"M","$","M","M","?","R","M","R","T","?","E","M","M","E"],"character_chosen":"DEFECT","items_purchased":["ColorlessPotion","AttackPotion","PreservedInsect","Explosive Potion"],"campfire_rested":2,"item_purchase_floors":[4,10,19,19],"current_hp_per_floor":[82,81,77,77,77,77,67,62,62,62,51,51,71,61,61,39,96,81,81,81,56,7,35,27,55,55,55,27,48,19,0,0],"gold":343,"neow_bonus":"TEN_PERCENT_HP_BONUS","is_daily":false,"chose_seed":false,"campfire_upgraded":2,"win_rate":0.0,"timestamp":1613910713,"path_taken":["M","M","M","$","?","R","M","E","T","?","?","M","?","E","R","BOSS","M","$","M","M","?","R","M","R","T","?","E","?","?","E"],"items_purchased_type":["Potion","Potion","Relic","Potion"],"build_version":"2020-12-13","purchased_purges":2,"victory":false,"max_hp_per_floor":[82,82,82,82,82,82,82,82,82,82,82,82,82,82,82,82,96,96,96,96,96,96,96,96,96,96,96,96,96,96,96,96],"card_choices":[{"not_picked":["Recycle","Conserve Battery"],"picked":"Consume","floor":1},{"not_picked":["Stack","Barrage"],"picked":"Leap","floor":2},{"not_picked":["Lockon","Steam"],"picked":"Cold Snap","floor":3},{"not_picked":["Genetic Algorithm","Rebound"],"picked":"Ball Lightning","floor":7},{"not_picked":["Doom and Gloom","Recycle"],"picked":"Leap","floor":8},{"not_picked":["BootSequence","Force Field"],"picked":"Cold Snap","floor":11},{"not_picked":["Beam Cell","Fusion"],"picked":"Ball Lightning","floor":12},{"not_picked":["Amplify","Force Field","Gash"],"picked":"SKIP","floor":14},{"not_picked":["Hyperbeam","All For One"],"picked":"Seek","floor":16},{"not_picked":["Barrage+1","Streamline"],"picked":"Rainbow","floor":18},{"not_picked":["Blizzard","Cold Snap"],"picked":"Capacitor","floor":20},{"not_picked":["Ball Lightning","FTL"],"picked":"Loop","floor":21},{"not_picked":["Chaos","Reprogram"],"picked":"Rebound","floor":22},{"not_picked":["Gash","Chill+1"],"picked":"Capacitor","floor":24},{"not_picked":["Melter","Thunder Strike"],"picked":"Rebound+1","floor":28},{"not_picked":["Reprogram+1","Go for the Eyes","Streamline"],"picked":"SKIP","floor":29},{"not_picked":["Rebound","Stack+1"],"picked":"Barrage+1","floor":30}],"player_experience":307347,"relics_obtained":[{"floor":8,"key":"Blue Candle"},{"floor":9,"key":"Ginger"},{"floor":11,"key":"Odd Mushroom"},{"floor":14,"key":"Old Coin"},{"floor":17,"key":"Nunchaku"},{"floor":17,"key":"Pantograph"},{"floor":17,"key":"Mango"},{"floor":22,"key":"Red Mask"},{"floor":26,"key":"White Beast Statue"},{"floor":28,"key":"Lizard Tail"}],"event_choices":[{"cards_removed":["Defend_B"],"damage_healed":0,"gold_gain":0,"player_choice":"Offered Basic","damage_taken":0,"max_hp_gain":0,"max_hp_loss":0,"event_name":"Bonfire Elementals","floor":5,"gold_loss":0},{"damage_healed":0,"gold_gain":0,"player_choice":"Fought Mushrooms","damage_taken":0,"max_hp_gain":0,"max_hp_loss":0,"event_name":"Mushrooms","floor":11,"gold_loss":0},{"damage_healed":20,"gold_gain":0,"player_choice":"Healed","damage_taken":0,"max_hp_gain":0,"max_hp_loss":0,"event_name":"The Cleric","floor":13,"gold_loss":35},{"damage_healed":0,"gold_gain":0,"player_choice":"Fought Bandits","damage_taken":0,"max_hp_gain":0,"max_hp_loss":0,"event_name":"Masked Bandits","floor":22,"gold_loss":0},{"damage_healed":0,"gold_gain":0,"player_choice":"Copied","damage_taken":0,"max_hp_gain":0,"max_hp_loss":0,"event_name":"Duplicator","floor":27,"gold_loss":0,"cards_obtained":["Consume"]}],"is_beta":false,"boss_relics":[{"not_picked":["Tiny House","Busted Crown"],"picked":"Calling Bell"}],"items_purged_floors":[4,19],"is_endless":false,"potions_floor_spawned":[1,8,11,12,18,22,28,29,30],"killed_by":"Slavers","ascension_level":3}}