{"host":"ifvrsrzj00f2ebkn","time":1613914885,"event":{"mods":["BaseMod","Bestiary","BetterRewards","Block Reminder","Colored Map","Colored Powertips","Defuse TimeMaze Blight","Downfall","Minty Spire (QoL Compilation)","Permanent Neow","Quick Restart","Shop Mod","Spicy Shops","StSLib","Thieving Mod","????"],"gold_per_floor":[399,418,418,432,193,225,225,237,237,266,5,5,5,35,52,156,156,156,168,180,191,51,51,51,82,82,82,82,102,102,129,139,236,236,236,253,253,271,321,340,340,340,0,0,30,30,30,63,83,185,185,185,185],"floor_reached":52,"language":"ENG","playtime":4368,"items_purged":["True Grit","True Grit","True Grit","Twin Strike","Armaments"],"score":1507,"play_id":"76a6e302-1a14-4745-9be5-6978f3f3948d","local_time":"20210221214125","daily_mods":["SealedDeck","Red Cards","Heirloom","Time Dilation","Flight","DeadlyEvents","Elite Swarm"],"is_ascension_mode":true,"campfire_choices":[{"data":"Armaments","floor":1.0,"key":"SMITH"},{"data":"Iron Wave","floor":9.0,"key":"SMITH"},{"data":"Barricade","floor":12.0,"key":"SMITH"},{"data":"Iron Wave","floor":13.0,"key":"SMITH"},{"data":"Shrug It Off","floor":18.0,"key":"SMITH"},{"data":"Body Slam","floor":23.0,"key":"SMITH"},{"data":"Shrug It Off","floor":26.0,"key":"SMITH"},{"data":"Demon Form","floor":28.0,"key":"SMITH"},{"data":"Iron Wave","floor":30.0,"key":"SMITH"},{"data":"Body Slam","floor":35.0,"key":"SMITH"},{"data":"Whirlwind","floor":42.0,"key":"SMITH"},{"floor":44.0,"key":"REST"},{"data":"Power Through","floor":46.0,"key":"SMITH"},{"data":"Cleave","floor":47.0,"key":"SMITH"}],"circlet_count":0,"master_deck":["AscendersBane","Rampage","Power Through+1","Shrug It Off+1","Shrug It Off+1","Iron Wave+1","Demon Form+1","Iron Wave+1","Barricade+1","Shrug It Off+1","Whirlwind+1","Body Slam+1","Shrug It Off+1","Flex+1","Body Slam+1","Iron Wave+1","Body Slam+1","Shrug It Off+1"],"relics":["Burning Blood","MerchantsRug","Question Card","Omamori","Dream Catcher","Sozu","Letter Opener","Red Mask","downfall:KnowingSkull","Orichalcum","SlaversCollar","Magic Flower","Blood Vial","Eternal Feather","hexamod:BolsterEngine","Empty Cage"],"acts_visited":["Exordium","TheCity","TheBeyond","Exordium"],"potions_floor_usage":[],"damage_taken":[{"damage":0.0,"enemies":"Jaw Worm","floor":2.0,"turns":4.0},{"damage":0.0,"enemies":"Cultist","floor":4.0,"turns":5.0},{"damage":0.0,"enemies":"downfall:FleeingMerchant","floor":5.0,"turns":4.0},{"damage":18.0,"enemies":"Lagavulin","floor":6.0,"turns":9.0},{"damage":0.0,"enemies":"2 Louse","floor":8.0,"turns":4.0},{"damage":6.0,"enemies":"3 Sentries","floor":10.0,"turns":10.0},{"damage":1.0,"enemies":"downfall:FleeingMerchant","floor":11.0,"turns":4.0},{"damage":47.0,"enemies":"Gremlin Nob","floor":14.0,"turns":7.0},{"damage":0.0,"enemies":"Large Slime","floor":15.0,"turns":4.0},{"damage":0.0,"enemies":"IC_STATUS_ARCHETYPE","floor":16.0,"turns":14.0},{"damage":0.0,"enemies":"Shell Parasite","floor":19.0,"turns":6.0},{"damage":4.0,"enemies":"Spheric Guardian","floor":20.0,"turns":4.0},{"damage":6.0,"enemies":"Centurion and Healer","floor":21.0,"turns":5.0},{"damage":20.0,"enemies":"downfall:FleeingMerchant","floor":22.0,"turns":4.0},{"damage":16.0,"enemies":"Masked Bandits","floor":25.0,"turns":5.0},{"damage":1.0,"enemies":"Cultist and Chosen","floor":29.0,"turns":5.0},{"damage":7.0,"enemies":"Book of Stabbing","floor":31.0,"turns":4.0},{"damage":0.0,"enemies":"Snake Plant","floor":32.0,"turns":2.0},{"damage":6.0,"enemies":"WA_ARCHETYPE_CALM","floor":33.0,"turns":7.0},{"damage":8.0,"enemies":"Orb Walker","floor":36.0,"turns":4.0},{"damage":0.0,"enemies":"3 Darklings","floor":38.0,"turns":4.0},{"damage":9.0,"enemies":"2 Orb Walkers","floor":39.0,"turns":4.0},{"damage":22.0,"enemies":"Maw","floor":40.0,"turns":6.0},{"damage":19.0,"enemies":"downfall:FleeingMerchant","floor":43.0,"turns":4.0},{"damage":10.0,"enemies":"Nemesis","floor":45.0,"turns":5.0},{"damage":9.0,"enemies":"Reptomancer","floor":48.0,"turns":4.0},{"damage":6.0,"enemies":"Jaw Worm Horde","floor":49.0,"turns":4.0},{"damage":18.0,"enemies":"DF_ARCHETYPE_ORBS","floor":50.0,"turns":5.0}],"seed_played":"-303329900223778773","potions_obtained":[{"floor":2.0,"key":"DistilledChaos"},{"floor":6.0,"key":"DistilledChaos"},{"floor":14.0,"key":"ColorlessPotion"},{"floor":15.0,"key":"HeartOfIron"},{"floor":16.0,"key":"PowerPotion"}],"is_trial":true,"path_per_floor":["R","M","?","M","$","E","T","M","R","E","$","R","R","E","M","B",null,"R","M","M","M","$","R","T","?","R","?","R","M","R","E","M","B",null,"R","M","?","M","?","M","T","R","$","R","E","R","R","E","M","B",null,"R"],"character_chosen":"IRONCLAD","items_purchased":["MerchantsRug","Whirlwind"],"campfire_rested":1,"item_purchase_floors":[5,11],"current_hp_per_floor":[72,78,78,80,80,68,68,74,74,74,79,79,79,38,44,50,73,73,79,80,80,66,66,66,56,56,51,51,56,56,55,61,61,75,75,73,73,79,76,63,63,63,56,80,79,80,80,80,80,71,78,80,80],"gold":185,"neow_bonus":"","is_daily":false,"chose_seed":false,"campfire_upgraded":13,"win_rate":0.0,"timestamp":1613914885,"path_taken":["R","M","?","?","$","E","T","M","R","?","$","R","R","E","M","BOSS","R","M","M","M","$","R","T","?","R","?","R","M","R","?","M","BOSS","R","M","?","M","?","?","T","R","$","R","E","R","R","?","M","BOSS","R"],"items_purchased_type":["Relic","Card"],"build_version":"2020-12-22","purchased_purges":5,"victory":false,"max_hp_per_floor":[80,80,80,80,80,80,80,80,80,80,80,80,80,80,80,80,80,80,80,80,80,80,80,80,80,80,80,80,80,80,80,80,80,80,80,80,80,80,80,80,80,80,80,80,80,80,80,80,80,80,80,80,80],"card_choices":[{"not_picked":["Shockwave","Havoc"],"picked":"Armaments","floor":2.0},{"not_picked":["Clothesline","Battle Trance","Dark Embrace"],"picked":"SKIP","floor":4.0},{"not_picked":["Clothesline","Battle Trance","Dark Embrace"],"picked":"SKIP","floor":4.0},{"not_picked":["Blood for Blood","Clash"],"picked":"Iron Wave","floor":5.0},{"not_picked":["Feed","Double Tap"],"picked":"Demon Form","floor":6.0},{"not_picked":["Metallicize","Thunderclap","Heavy Blade"],"picked":"Iron Wave","floor":8.0},{"not_picked":["Juggernaut","Offering","Impervious"],"picked":"Barricade","floor":10.0},{"not_picked":["Immolate","Intimidate","Sword Boomerang"],"picked":"Shrug It Off","floor":11.0},{"not_picked":["Feed","Double Tap","Corruption","Limit Break"],"picked":"SKIP","floor":14.0},{"not_picked":["Thunderclap","Ghostly Armor","Evolve","Rupture"],"picked":"SKIP","floor":15.0},{"not_picked":["Clothesline","Armaments","Anger"],"picked":"Body Slam","floor":19.0},{"not_picked":["Battle Trance","Armaments","Pummel"],"picked":"Shrug It Off+1","floor":20.0},{"not_picked":["Disarm","Wild Strike","Uppercut","True Grit"],"picked":"SKIP","floor":21.0},{"not_picked":["Pummel","Feed","Berserk"],"picked":"Flex+1","floor":22.0},{"not_picked":["Sever Soul+1","Hemokinesis+1","Clash"],"picked":"Body Slam+1","floor":25.0},{"not_picked":["Whirlwind+1","Rupture","Armaments"],"picked":"Iron Wave","floor":29.0},{"not_picked":["Feed","Immolate","Impervious","Demon Form"],"picked":"SKIP","floor":31.0},{"not_picked":["Headbutt+1","Twin Strike","Havoc"],"picked":"Body Slam","floor":32.0},{"not_picked":["Perfected Strike","Sentinel","Pommel Strike+1"],"picked":"Shrug It Off+1","floor":36.0},{"not_picked":["Burning Pact+1","Pommel Strike","Shrug It Off","Warcry+1"],"picked":"SKIP","floor":38.0},{"not_picked":["Flame Barrier","Searing Blow+1","Whirlwind+1","Sword Boomerang"],"picked":"SKIP","floor":40.0},{"not_picked":["Seeing Red+1","Perfected Strike","Pommel Strike+1","Warcry+1"],"picked":"SKIP","floor":43.0},{"not_picked":["Limit Break","Offering","Corruption","Juggernaut"],"picked":"SKIP","floor":45.0},{"not_picked":["Feed","Impervious","Juggernaut","Exhume"],"picked":"SKIP","floor":48.0},{"not_picked":["Clash+1","Rampage+1","Searing Blow","Perfected Strike+1"],"picked":"SKIP","floor":49.0}],"player_experience":55694,"relics_obtained":[{"floor":6.0,"key":"Question Card"},{"floor":7.0,"key":"Omamori"},{"floor":10.0,"key":"Centennial Puzzle"},{"floor":14.0,"key":"Dream Catcher"},{"floor":24.0,"key":"Letter Opener"},{"floor":25.0,"key":"Red Mask"},{"floor":31.0,"key":"Orichalcum"},{"floor":39.0,"key":"Magic Flower"},{"floor":41.0,"key":"Blood Vial"},{"floor":45.0,"key":"Eternal Feather"},{"floor":48.0,"key":"hexamod:BolsterEngine"}],"event_choices":[{"damage_healed":0.0,"max_hp_gain":0.0,"max_hp_loss":0.0,"gold_gain":0.0,"event_name":"Accursed Blacksmith","player_choice":"Forge","floor":3.0,"gold_loss":0.0,"damage_taken":0.0,"cards_upgraded":["Shrug It Off"]},{"damage_healed":0.0,"max_hp_gain":0.0,"max_hp_loss":0.0,"gold_gain":0.0,"event_name":"Masked Bandits","player_choice":"Fought Bandits","floor":25.0,"gold_loss":0.0,"damage_taken":0.0},{"damage_healed":0.0,"max_hp_gain":0.0,"max_hp_loss":0.0,"gold_gain":0.0,"event_name":"Mysterious Sphere","player_choice":"Fight","floor":39.0,"gold_loss":0.0,"damage_taken":0.0}],"is_beta":false,"boss_relics":[{"not_picked":["Snecko Eye","Ectoplasm"],"picked":"Sozu"},{"not_picked":["Astrolabe","Tiny House"],"picked":"SlaversCollar"},{"not_picked":["Coffee Dripper","Black Blood"],"picked":"Empty Cage"}],"items_purged_floors":[5,11,22,43,43],"is_endless":true,"potions_floor_spawned":[2,6,14,15,16,19,31,39,40,45,48,49,50],"ascension_level":10}}