{"host":"1lxw72ckkilnkgp7","time":1613920337,"event":{"mods":["ATMod(阿瑾Mod)","BaseMod","BetterRewards","Custom Start","Marisa（F雨　魔理沙）","Minty Spire (QoL Compilation)","Quick Restart","Replay The Spire","Shop Mod","StSLib","The Servant 0.9.4","[IsaacMod]以撒尖塔","[功能]功能增强和修复MOD"],"gold_per_floor":[12,24,169,169,164,274,274,333,360,461,512,665,665,665,665,1351,1351,1393,1393,1393,1393,1393,1598,1748,1957,1957,2112,2270,2425,2425,2492,2492,3214,3214,3251,3251,3305,3460,3460,3616,3616,3775,3800,4074,4074,4247,4424,4586,4586,4829,4974,4974,4974,4974,5263,6001,6001],"floor_reached":56,"language":"ZHS","playtime":2954,"items_purged":["Overencumbered","Rearm"],"score":3565,"play_id":"e3613be5-2a98-4aa3-9dd2-09cea54eb904","local_time":"20210221231217","daily_mods":["Heirloom","Flight","DeadlyEvents","Elite Swarm"],"is_ascension_mode":true,"campfire_choices":[{"floor":13,"key":"RECALL"},{"data":"SilverBlades","floor":15,"key":"SMITH"},{"data":"Alleviate","floor":30,"key":"SMITH"},{"floor":32,"key":"REST"},{"floor":53,"key":"REST"}],"circlet_count":0,"master_deck":["FlawlessForm+1","FloweringNight+1","Embodiment+1","SilverBlades+1","ShiftingGears+1","DualDimension+1","InstantArmor+1","Hightail+1","Rearm+1","Exchange+1","KillingDoll+1","SoulSculpture+1","Sunlight+1","Desolation+1","Gouge+1","Ghostly+1","AT_LightSaberMaster+1","Enlightenment+1","Calculated Gamble+1","Prepared+1","Reflex+1","Tactician+1","Creative AI+1","Echo Form+1","Double Energy+1","AT_EssenceShift+1","Rearm+1","Embodiment+1","TheWorld+1","MurderousAura+1","SilverBlades+1","Alleviate+1","SoulSculpture+1","DualDimension+1"],"relics":["Uniform","AT_ATBox","HushsDoor","KeepersGift","GuppysHead","AT_BellowingDragoncrestRing","Ice Cream","SplendidAttire","Calipers","AT_SeraphEmbrace","AT_Manta","Replay:Baseball","EctoplasmExtend","StoneMask","PaperSwan","Runic Pyramid","Quantum Egg","Bottled Lightning","AT_Manta","AT_MibuBalloonWealth","ReplayTheSpireMod:CursedCoin","PocketWatch","Broom","Dream Catcher","AT_BellDemon","Unceasing Top","AT_TheCollector","AT_PhaseBoots","Blood Vial","Lee\u0027s Waffle","Toy Ornithopter","BelialBook","GnawedLeaf","Garlic","Philosopher\u0027s Stone","AT_BladeRuinedKing","Gremlin Horn","Shuriken","ClockworkSouvenir","War Paint","Kunai","Guide Book","Oddly Smooth Stone","StoneCalendar","Torii","TheBible","AT_RabadonDeathcap","OldScarf","Darkstone Periapt","Potion Belt","Replay:Bottled Eggs","Snack Pack","Strawberry","Mirror","D4","PunchingBag","Replay:WaspNest","Replay:Rubber Ducky","DeathBook","MysterySword","MoneyPower","Bag of Marbles","Bird Faced Urn","Smiling Mask","Divine Protection","Pen Nib","Art of War","Mango","Iron Hammer","Whetstone","Replay:Bandana","Lantern","BookOfRevelations","Gremlin Food","HowToJump","Du-Vu Doll","Pantograph","Replay:Ringing Soul","White Beast Statue","Pan","Thread and Needle","AnarchistCookbook"],"acts_visited":["Exordium","TheCity","TheBeyond","TheEnding"],"potions_floor_usage":[39,56,56],"damage_taken":[{"damage":0.0,"enemies":"2 Louse","floor":1.0,"turns":1.0},{"damage":0.0,"enemies":"Jaw Worm","floor":2.0,"turns":1.0},{"damage":0.0,"enemies":"3 Sentries","floor":6.0,"turns":3.0},{"damage":0,"enemies":"Gremlin Nob","floor":8,"turns":1},{"damage":0,"enemies":"3 Sentries","floor":10,"turns":1},{"damage":0,"enemies":"Lagavulin","floor":11,"turns":1},{"damage":0,"enemies":"Gremlin Nob","floor":12,"turns":2},{"damage":0,"enemies":"Slime Boss","floor":16,"turns":1},{"damage":0,"enemies":"Chosen","floor":18,"turns":4},{"damage":0,"enemies":"Slavers","floor":23,"turns":1},{"damage":0,"enemies":"Book of Stabbing","floor":24,"turns":1},{"damage":0,"enemies":"Slavers","floor":25,"turns":2},{"damage":0,"enemies":"Replay:Snechameleon","floor":27,"turns":1},{"damage":0,"enemies":"Book of Stabbing","floor":28,"turns":1},{"damage":0,"enemies":"Gremlin Leader","floor":29,"turns":1},{"damage":0,"enemies":"2 Thieves","floor":31,"turns":1},{"damage":0,"enemies":"Automaton","floor":33,"turns":2},{"damage":0,"enemies":"Orb Walker","floor":35,"turns":1},{"damage":0,"enemies":"Giant Head","floor":38,"turns":2},{"damage":0,"enemies":"Nemesis","floor":40,"turns":1},{"damage":0,"enemies":"R_Hoarder","floor":42,"turns":2},{"damage":0,"enemies":"Reptomancer","floor":44,"turns":2},{"damage":0,"enemies":"R_Hoarder","floor":46,"turns":2},{"damage":0,"enemies":"Nemesis","floor":47,"turns":2},{"damage":0,"enemies":"R_Hoarder","floor":48,"turns":2},{"damage":0,"enemies":"Replay:Hell Engine","floor":50,"turns":1},{"damage":0,"enemies":"Time Eater","floor":51,"turns":2},{"damage":0,"enemies":"Shield and Spear","floor":55,"turns":1}],"seed_played":"-6942855401753162991","potions_obtained":[{"floor":1.0,"key":"Weak Potion"},{"floor":2.0,"key":"SkillPotion"},{"floor":23,"key":"Swift Potion"},{"floor":28,"key":"Swift Potion"},{"floor":35,"key":"DistilledChaos"},{"floor":40,"key":"Swift Potion"},{"floor":47,"key":"Elixir"}],"is_trial":true,"path_per_floor":["M","M","$","?","$","E","T","E","T","E","E","E","R","$","R","B",null,"M","$","?","$","$","E","E","E","T","E","E","E","R","M","R","B",null,"M","?","?","E","$","E","$","E","T","E","T","E","E","E","R","B","B",null,"R","$","E","B"],"character_chosen":"THE_SERVANT","items_purchased":["AT_MibuBalloonWealth","ReplayTheSpireMod:CursedCoin","Rearm","Lee\u0027s Waffle","Toy Ornithopter","SilverBlades","Gremlin Horn","Shuriken","ClockworkSouvenir","War Paint","PowerPotion","Kunai","Guide Book","Oddly Smooth Stone","Divine Protection","Fruit Juice","Mango","Pan"],"campfire_rested":2,"item_purchase_floors":[3,3,5,14,14,14,19,19,21,21,21,22,22,22,39,39,41,54],"current_hp_per_floor":[60,63,63,63,63,66,66,67,67,70,71,72,72,79,79,80,80,81,81,81,81,81,84,85,88,88,89,97,98,98,100,100,101,101,102,102,69,74,84,99,113,124,124,125,125,126,127,128,128,130,131,131,131,131,133,137,137],"gold":6001,"neow_bonus":"","is_daily":false,"chose_seed":false,"campfire_upgraded":2,"win_rate":0.0,"timestamp":1613920337,"path_taken":["M","M","$","?","$","E","?","E","T","E","E","E","R","$","R","BOSS","M","$","?","$","$","E","E","E","T","E","E","E","R","M","R","BOSS","M","?","?","?","$","E","$","E","T","E","?","E","E","E","R","BOSS","BOSS","R","$","E","BOSS"],"items_purchased_type":["Relic","Relic","Card","Relic","Relic","Card","Relic","Relic","Relic","Relic","Potion","Relic","Relic","Relic","Relic","Potion","Relic","Relic"],"build_version":"2020-12-22","purchased_purges":2,"victory":false,"max_hp_per_floor":[62,63,63,63,63,66,66,67,67,70,71,72,72,79,79,80,80,81,81,81,81,81,84,85,88,88,89,97,98,98,100,100,101,101,102,102,102,103,108,109,123,124,124,125,125,126,127,128,128,130,131,131,131,131,133,137,137],"card_choices":[{"not_picked":["FastForward","ShatteredReality","MoonPhase"],"picked":"SKIP","floor":1.0},{"not_picked":["StarChef","Rewind","Spin"],"picked":"SKIP","floor":1.0},{"not_picked":["Reset","Ricochet","Rewind"],"picked":"SKIP","floor":1.0},{"not_picked":["ReturningBlade","StarChef","Starlight"],"picked":"SKIP","floor":2.0},{"not_picked":["Spin","TimeTheft","Defy"],"picked":"SKIP","floor":2.0},{"not_picked":["Spin","Alleviate","Orbit"],"picked":"SKIP","floor":2.0},{"not_picked":["Deny","Sunlight"],"picked":"Embodiment","floor":6.0},{"not_picked":["PendulumOfEternity","TrueSight"],"picked":"TheWorld","floor":8},{"not_picked":["SoulSculpture","TrueSight","Dilation"],"picked":"SKIP","floor":10},{"not_picked":["Duplication","LightFlow"],"picked":"MurderousAura","floor":11},{"not_picked":["TrueSight","SilverMatrix","Sunlight"],"picked":"SKIP","floor":12},{"not_picked":["BestPractice","Shuttle+1"],"picked":"Alleviate","floor":18},{"not_picked":["Spin","WasteNot","FanOfKnives"],"picked":"SKIP","floor":18},{"not_picked":["SurpressingFire","Unruled","WasteNot"],"picked":"SKIP","floor":18},{"not_picked":["FlawlessForm","Sunlight","LightFlow"],"picked":"SKIP","floor":23},{"not_picked":["Duplication","MurderousAura","SilverMatrix"],"picked":"SKIP","floor":24},{"not_picked":["SoulSculpture","KillingDoll","ForgedInTime"],"picked":"SKIP","floor":25},{"not_picked":["Dilation","MurderousAura","LightFlow"],"picked":"SKIP","floor":27},{"not_picked":["PendulumOfEternity","Deny","Initiator"],"picked":"SKIP","floor":28},{"not_picked":["SilverMatrix","Duplication","TrueSight"],"picked":"SKIP","floor":29},{"not_picked":["TimeWarp+1","Unruled","Spin"],"picked":"SKIP","floor":31},{"not_picked":["DoubleEdge","SpecialFormula","Unruled"],"picked":"SKIP","floor":31},{"not_picked":["ShatteredReality","TimeWarp","Unruled"],"picked":"SKIP","floor":31},{"not_picked":["FloweringNight","Initiator"],"picked":"SoulSculpture","floor":33},{"not_picked":["SurpressingFire+1","FastForward","Rearm+1"],"picked":"SKIP","floor":35},{"not_picked":["Defy","StarChef+1","Starlight"],"picked":"SKIP","floor":35},{"not_picked":["Potential","SilverBlades+1","FastForward"],"picked":"SKIP","floor":35},{"not_picked":["FanOfKnives+1","Rewind"],"picked":"DualDimension","floor":37},{"not_picked":["Initiator","Sunlight","Solidify"],"picked":"SKIP","floor":38},{"not_picked":["PendulumOfEternity","KillingDoll","Duplication"],"picked":"SKIP","floor":40},{"not_picked":["KillingDoll","FlawlessForm","Deny"],"picked":"SKIP","floor":42},{"not_picked":["TheWorld","FlawlessForm","Sunlight"],"picked":"SKIP","floor":44},{"not_picked":["SilverMatrix","Initiator","Deny"],"picked":"SKIP","floor":46},{"not_picked":["PendulumOfEternity","Duplication","Deny"],"picked":"SKIP","floor":47},{"not_picked":["TrueSight","SoulSculpture","PendulumOfEternity"],"picked":"SKIP","floor":48},{"not_picked":["Dilation","SoulSculpture","TheWorld"],"picked":"SKIP","floor":55}],"player_experience":153122,"relics_obtained":[{"floor":6.0,"key":"PocketWatch"},{"floor":8,"key":"Broom"},{"floor":9,"key":"Dream Catcher"},{"floor":10,"key":"AT_BellDemon"},{"floor":11,"key":"Unceasing Top"},{"floor":11,"key":"AT_TheCollector"},{"floor":12,"key":"AT_SpeedBoots"},{"floor":12,"key":"Blood Vial"},{"floor":16,"key":"BelialBook"},{"floor":16,"key":"GnawedLeaf"},{"floor":16,"key":"Garlic"},{"floor":18,"key":"AT_BladeRuinedKing"},{"floor":23,"key":"StoneCalendar"},{"floor":23,"key":"Torii"},{"floor":24,"key":"TheBible"},{"floor":25,"key":"AT_RabadonDeathcap"},{"floor":25,"key":"OldScarf"},{"floor":26,"key":"Darkstone Periapt"},{"floor":27,"key":"Potion Belt"},{"floor":27,"key":"Replay:Bottled Eggs"},{"floor":28,"key":"Snack Pack"},{"floor":28,"key":"Strawberry"},{"floor":29,"key":"Mirror"},{"floor":29,"key":"D4"},{"floor":31,"key":"PunchingBag"},{"floor":33,"key":"Replay:WaspNest"},{"floor":33,"key":"Replay:Rubber Ducky"},{"floor":33,"key":"DeathBook"},{"floor":35,"key":"MoneyPower"},{"floor":37,"key":"Bag of Marbles"},{"floor":38,"key":"Bird Faced Urn"},{"floor":38,"key":"Smiling Mask"},{"floor":40,"key":"Pen Nib"},{"floor":40,"key":"Art of War"},{"floor":42,"key":"Iron Hammer"},{"floor":42,"key":"Whetstone"},{"floor":43,"key":"Replay:Bandana"},{"floor":44,"key":"Lantern"},{"floor":45,"key":"BookOfRevelations"},{"floor":46,"key":"Gremlin Food"},{"floor":46,"key":"HowToJump"},{"floor":47,"key":"Du-Vu Doll"},{"floor":47,"key":"Pantograph"},{"floor":48,"key":"Replay:Ringing Soul"},{"floor":48,"key":"White Beast Statue"},{"floor":55,"key":"Thread and Needle"},{"floor":55,"key":"AnarchistCookbook"}],"event_choices":[{"damage_healed":0.0,"max_hp_gain":0.0,"max_hp_loss":0.0,"gold_gain":0.0,"event_name":"Living Wall","player_choice":"Grow","floor":4.0,"gold_loss":0.0,"damage_taken":0.0,"cards_upgraded":["AT_EssenceShift"]},{"damage_healed":0,"gold_gain":0,"player_choice":"Ignored","damage_taken":0,"max_hp_gain":0,"max_hp_loss":0,"event_name":"Beggar","floor":20,"gold_loss":0},{"damage_healed":0,"gold_gain":0,"player_choice":"Ignored","damage_taken":0,"max_hp_gain":0,"max_hp_loss":0,"event_name":"Tomb of Lord Red Mask","floor":36,"gold_loss":0}],"is_beta":false,"boss_relics":[{"not_picked":["AT_TrinityForce","Velvet Choker"],"picked":"Philosopher\u0027s Stone"},{"not_picked":[]},{"not_picked":["Sozu","SacredBark"],"picked":"MysterySword"},{"not_picked":[]}],"items_purged_floors":[3,5],"is_endless":false,"potions_floor_spawned":[1,2,2,6,8,10,11,12,12,12,16,23,24,25,25,27,28,28,29,31,33,35,38,38,40,40,42,47,47,47,55,55,55,55],"killed_by":"Delirium","ascension_level":20}}