{"host":"ue7jlgf7uv134an9","time":1613880532,"event":{"mods":["BaseMod","Better Third Choice","Colored Map","Defuse TimeMaze Blight","Minty Spire (QoL Compilation)","Quick Restart","Rare Cards Sparkle","Relic Stats","StSLib","UnlockEverythingMod"],"gold_per_floor":[364,364,364,18,36,36,36,69,93,93,114,114,214,228,228,348,348,371,390,390,390,408,448,448,373,398,418,418,35,75,94,94,213,213,238,238,238,11,35,78,78,5,31,31,109,147,165,206,206,206],"floor_reached":51,"language":"ENG","playtime":1909,"items_purged":["Strike_G","Defend_G+1"],"score":944,"play_id":"148c68bd-1ade-412c-a8f3-4b3722a44ba0","local_time":"20210220230852","is_ascension_mode":false,"campfire_choices":[{"floor":7.0,"key":"REST"},{"data":"Cloak And Dagger","floor":10.0,"key":"SMITH"},{"data":"Glass Knife","floor":12.0,"key":"SMITH"},{"data":"Finisher","floor":15.0,"key":"SMITH"},{"floor":28.0,"key":"REST"},{"data":"Well Laid Plans","floor":32.0,"key":"SMITH"},{"data":"Blade Dance","floor":44.0,"key":"SMITH"},{"data":"Footwork","floor":49,"key":"SMITH"}],"circlet_count":0,"master_deck":["Strike_G+1","Strike_G+1","Defend_G+1","Defend_G+1","Defend_G+1","Survivor","Neutralize","PiercingWail","Poisoned Stab","Glass Knife+1","Finisher+1","Deflect","Well Laid Plans+1","Sucker Punch","Cloak And Dagger+1","Blade Dance+1","Corpse Explosion","Finisher","Cloak And Dagger+1","Footwork+1","Backflip","Leg Sweep","Neutralize","Backstab","Blade Dance+1","Footwork","All Out Attack"],"relics":["Ring of the Snake","Golden Idol","Bag of Preparation","Juzu Bracelet","Anchor","Busted Crown","Dream Catcher","Nunchaku","PreservedInsect","Pear","WristBlade","Bag of Marbles","Ancient Tea Set","Vajra","Pantograph","Bronze Scales","Centennial Puzzle"],"acts_visited":["Exordium","TheCity","TheBeyond"],"potions_floor_usage":[50],"damage_taken":[{"damage":1.0,"enemies":"Cultist","floor":1.0,"turns":4.0},{"damage":0.0,"enemies":"2 Louse","floor":5.0,"turns":2.0},{"damage":17.0,"enemies":"3 Sentries","floor":8.0,"turns":10.0},{"damage":0.0,"enemies":"Small Slimes","floor":11.0,"turns":3.0},{"damage":0.0,"enemies":"2 Fungi Beasts","floor":14.0,"turns":2.0},{"damage":0.0,"enemies":"Slime Boss","floor":16.0,"turns":3.0},{"damage":0.0,"enemies":"Shell Parasite","floor":18.0,"turns":3.0},{"damage":0.0,"enemies":"2 Thieves","floor":19.0,"turns":2.0},{"damage":10.0,"enemies":"Sentry and Sphere","floor":22.0,"turns":4.0},{"damage":11.0,"enemies":"Gremlin Leader","floor":23.0,"turns":7.0},{"damage":0.0,"enemies":"3 Cultists","floor":27.0,"turns":2.0},{"damage":0.0,"enemies":"Book of Stabbing","floor":30.0,"turns":4.0},{"damage":0.0,"enemies":"Shelled Parasite and Fungi","floor":31.0,"turns":2.0},{"damage":17.0,"enemies":"Collector","floor":33.0,"turns":12.0},{"damage":0.0,"enemies":"3 Darklings","floor":35.0,"turns":3.0},{"damage":0.0,"enemies":"Orb Walker","floor":39.0,"turns":2.0},{"damage":0.0,"enemies":"Giant Head","floor":40.0,"turns":5.0},{"damage":0.0,"enemies":"Nemesis","floor":46.0,"turns":1.0},{"damage":0.0,"enemies":"4 Shapes","floor":47.0,"turns":2.0},{"damage":0.0,"enemies":"Reptomancer","floor":48.0,"turns":1.0},{"damage":17,"enemies":"Time Eater","floor":50,"turns":8}],"seed_played":"1508629215637964762","potions_obtained":[{"floor":1.0,"key":"Regen Potion"},{"floor":11.0,"key":"Swift Potion"},{"floor":14.0,"key":"LiquidMemories"},{"floor":16.0,"key":"GamblersBrew"},{"floor":19.0,"key":"LiquidBronze"},{"floor":23.0,"key":"LiquidBronze"},{"floor":27.0,"key":"DuplicationPotion"},{"floor":35.0,"key":"EssenceOfSteel"},{"floor":39.0,"key":"Explosive Potion"}],"is_trial":false,"path_per_floor":["M","?","?","$","M","?","R","E","T","R","M","R","?","M","R","B",null,"M","M","?","?","M","E","?","?","T","M","R","$","E","M","R","B",null,"M","?","?","$","M","E","?","$","T","R","T","E","M","E","R","B",null],"character_chosen":"THE_SILENT","items_purchased":["Glass Knife","Finisher","Deflect","Well Laid Plans","Footwork","Backflip","PreservedInsect","Bag of Marbles","Backstab","Footwork"],"campfire_rested":2,"item_purchase_floors":[4,4,4,4,29,29,29,38,38,42],"current_hp_per_floor":[62,62,47,47,47,44,62,60,60,60,60,60,60,60,60,60,63,63,63,63,63,53,42,42,42,42,42,60,60,70,70,70,53,73,73,73,73,73,73,73,73,73,73,73,73,73,73,73,73,56],"gold":206,"neow_bonus":"TWO_FIFTY_GOLD","is_daily":false,"chose_seed":false,"campfire_upgraded":6,"win_rate":0.0,"timestamp":1613880532,"path_taken":["M","?","?","$","M","?","R","E","T","R","M","R","?","M","R","BOSS","M","M","?","?","M","E","?","?","T","M","R","$","E","M","R","BOSS","M","?","?","?","M","E","?","?","T","R","?","E","M","E","R","BOSS"],"items_purchased_type":["Card","Card","Card","Card","Card","Card","Relic","Relic","Card","Card"],"build_version":"2020-12-22","purchased_purges":2,"victory":true,"max_hp_per_floor":[63,63,63,63,63,63,63,63,63,63,63,63,63,63,63,63,63,63,63,63,63,63,63,63,63,63,63,63,63,73,73,73,73,73,73,73,73,73,73,73,73,73,73,73,73,73,73,73,73,73],"relic_stats":{"counters":[21,82],"Golden Idol":168,"PreservedInsect":281,"Bag of Preparation":[38],"Juzu Bracelet":3,"Dream Catcher":1,"Nunchaku":[16],"Centennial Puzzle":[3],"Busted Crown":30,"Pantograph":0,"Bronze Scales":[27],"obtain_stats":[{"Pear":30,"Golden Idol":3,"Vajra":43,"PreservedInsect":29,"Bag of Preparation":6,"Juzu Bracelet":8,"Ancient Tea Set":40,"Anchor":9,"Dream Catcher":23,"Nunchaku":26,"Centennial Puzzle":48,"Busted Crown":17,"WristBlade":34,"Pantograph":45,"Bronze Scales":46,"Bag of Marbles":38,"Ring of the Snake":0},{"Pear":12,"Golden Idol":1,"Vajra":17,"PreservedInsect":11,"Bag of Preparation":2,"Juzu Bracelet":3,"Ancient Tea Set":17,"Anchor":3,"Dream Catcher":10,"Nunchaku":10,"Centennial Puzzle":20,"Busted Crown":6,"WristBlade":14,"Pantograph":17,"Bronze Scales":18,"Bag of Marbles":15,"Ring of the Snake":0},{"Pear":46,"Golden Idol":4,"Vajra":70,"PreservedInsect":42,"Bag of Preparation":6,"Juzu Bracelet":16,"Ancient Tea Set":70,"Anchor":16,"Dream Catcher":40,"Nunchaku":40,"Centennial Puzzle":74,"Busted Crown":24,"WristBlade":60,"Pantograph":70,"Bronze Scales":71,"Bag of Marbles":63,"Ring of the Snake":0}],"Ring of the Snake":[42]},"card_choices":[{"not_picked":["Flechettes","Infinite Blades"],"picked":"PiercingWail","floor":1.0},{"not_picked":["Riddle With Holes","Noxious Fumes"],"picked":"Sucker Punch","floor":5.0},{"not_picked":["Masterful Stab","Sucker Punch"],"picked":"Cloak And Dagger","floor":8.0},{"not_picked":["Bouncing Flask","Acrobatics","Prepared"],"picked":"SKIP","floor":11.0},{"not_picked":["Cloak And Dagger","Backflip"],"picked":"Blade Dance","floor":14.0},{"not_picked":["A Thousand Cuts","Venomology"],"picked":"Corpse Explosion","floor":16.0},{"not_picked":[],"picked":"Finisher","floor":18.0},{"not_picked":["Expertise"],"picked":"SKIP","floor":19.0},{"not_picked":["Outmaneuver"],"picked":"SKIP","floor":22.0},{"not_picked":["Dodge and Roll"],"picked":"SKIP","floor":23.0},{"not_picked":["Prepared"],"picked":"SKIP","floor":27.0},{"not_picked":["Flying Knee+1"],"picked":"SKIP","floor":30.0},{"not_picked":[],"picked":"Leg Sweep","floor":31.0},{"not_picked":["Cloak And Dagger"],"picked":"SKIP","floor":35.0},{"not_picked":["Flying Knee"],"picked":"SKIP","floor":39.0},{"not_picked":[],"picked":"Blade Dance+1","floor":40.0},{"not_picked":[],"picked":"All Out Attack","floor":46.0},{"not_picked":["Underhanded Strike+1"],"picked":"SKIP","floor":47.0},{"not_picked":["Deadly Poison+1"],"picked":"SKIP","floor":48.0}],"player_experience":106656,"relics_obtained":[{"floor":8.0,"key":"Juzu Bracelet"},{"floor":9.0,"key":"Anchor"},{"floor":23.0,"key":"Dream Catcher"},{"floor":26.0,"key":"Nunchaku"},{"floor":30.0,"key":"Pear"},{"floor":40.0,"key":"Ancient Tea Set"},{"floor":43.0,"key":"Vajra"},{"floor":45.0,"key":"Pantograph"},{"floor":46.0,"key":"Bronze Scales"},{"floor":48.0,"key":"Centennial Puzzle"}],"event_choices":[{"damage_healed":0.0,"max_hp_gain":0.0,"max_hp_loss":0.0,"gold_gain":0.0,"cards_transformed":["Strike_G"],"event_name":"Living Wall","player_choice":"Change","floor":2.0,"gold_loss":0.0,"damage_taken":0.0,"cards_obtained":["Poisoned Stab"]},{"damage_healed":0.0,"max_hp_gain":0.0,"max_hp_loss":0.0,"gold_gain":0.0,"event_name":"Golden Idol","player_choice":"Take Damage","floor":3.0,"gold_loss":0.0,"damage_taken":15.0,"relics_obtained":["Golden Idol"]},{"damage_healed":0.0,"max_hp_gain":0.0,"max_hp_loss":0.0,"gold_gain":0.0,"event_name":"betterThird:BetterScrap","player_choice":"Relic ","floor":6.0,"gold_loss":0.0,"damage_taken":3.0,"cards_obtained":["Combust"]},{"damage_healed":0.0,"max_hp_gain":0.0,"max_hp_loss":0.0,"gold_gain":100.0,"event_name":"Golden Shrine","player_choice":"Pray","floor":13.0,"gold_loss":0.0,"damage_taken":0.0},{"damage_healed":0.0,"max_hp_gain":0.0,"max_hp_loss":0.0,"gold_gain":0.0,"event_name":"Vampires","player_choice":"Ignored","floor":20.0,"gold_loss":0.0,"damage_taken":0.0},{"damage_healed":0.0,"max_hp_gain":0.0,"max_hp_loss":8.0,"gold_gain":0.0,"event_name":"betterThird:BetterWriting","player_choice":"Simplicity","floor":21.0,"gold_loss":0.0,"damage_taken":0.0},{"damage_healed":0.0,"max_hp_gain":0.0,"max_hp_loss":0.0,"gold_gain":0.0,"event_name":"Duplicator","player_choice":"Copied","floor":24.0,"gold_loss":0.0,"damage_taken":0.0,"cards_obtained":["Cloak And Dagger"]},{"cards_removed":["Defend_G"],"damage_healed":0.0,"max_hp_gain":0.0,"max_hp_loss":0.0,"gold_gain":0.0,"event_name":"Beggar","player_choice":"Gave Gold","floor":25.0,"gold_loss":75.0,"damage_taken":0.0},{"damage_healed":0.0,"max_hp_gain":0.0,"max_hp_loss":0.0,"gold_gain":0.0,"event_name":"The Woman in Blue","player_choice":"Bought 0 Potions","floor":36.0,"gold_loss":0.0,"damage_taken":0.0},{"damage_healed":0.0,"max_hp_gain":0.0,"max_hp_loss":0.0,"gold_gain":0.0,"event_name":"Match and Keep!","player_choice":"1 cards matched","floor":37.0,"gold_loss":0.0,"damage_taken":0.0,"cards_obtained":["Neutralize"]},{"cards_removed":["Strike_G"],"damage_healed":0.0,"max_hp_gain":0.0,"max_hp_loss":0.0,"gold_gain":0.0,"event_name":"Bonfire Elementals","player_choice":"Offered Basic","floor":41.0,"gold_loss":0.0,"damage_taken":0.0}],"is_beta":false,"boss_relics":[{"not_picked":["Black Star","Calling Bell"],"picked":"Busted Crown"},{"not_picked":["Sozu","Snecko Eye"],"picked":"WristBlade"}],"items_purged_floors":[4,29],"is_endless":false,"potions_floor_spawned":[1,11,14,16,19,23,27,35,39],"ascension_level":0}}