{"host":"en4narc5947t7k9n","time":1613897426,"event":{"mods":["AchievementEnabler","BaseMod","Colored Map","Minty Spire (QoL Compilation)","SuperFastMode"],"gold_per_floor":[112,112,44,44,59,59,89,89,161,176,211,225,225,249,249,347,347,360,360,371,311,326,326,336,336,336,336,336,352,24,47,47,147,147,162,162,180,180,200,200,216,229,229,229,245,270,270,281,281,281,281,281,0,0,0],"floor_reached":54,"language":"KOR","playtime":2593,"items_purged":[],"score":752,"play_id":"4bcd802d-a8e5-4dd4-bdc2-410042f8523f","local_time":"20210221175026","is_ascension_mode":false,"campfire_choices":[{"floor":6,"key":"RECALL"},{"data":"Envenom","floor":8,"key":"SMITH"},{"floor":13,"key":"REST"},{"data":"Terror","floor":15,"key":"SMITH"},{"data":"After Image","floor":23,"key":"SMITH"},{"data":"Infinite Blades","floor":25,"key":"SMITH"},{"data":"Setup","floor":27,"key":"SMITH"},{"data":"Neutralize","floor":32,"key":"SMITH"},{"data":"Die Die Die","floor":40,"key":"SMITH"},{"data":"Madness","floor":49,"key":"SMITH"},{"data":"Madness","floor":52,"key":"SMITH"}],"circlet_count":0,"master_deck":["Strike_G","Strike_G","Strike_G+1","Strike_G","Defend_G","Defend_G","Defend_G","Defend_G+1","Survivor","Neutralize+1","Blade Dance","Infinite Blades+1","Blade Dance","Envenom+1","All Out Attack","Terror+1","Acrobatics","Backstab","After Image+1","Noxious Fumes+1","Slice","Setup+1","Backstab","Blade Dance+1","Deadly Poison","Backstab","Dodge and Roll","Die Die Die+1","Backstab+1","Poisoned Stab+1","Sadistic Nature","Calculated Gamble","Dodge and Roll+1","Prepared+1","Doubt","Blur+1","PiercingWail+1","Madness+1","Madness+1","Distraction+1","Accuracy"],"relics":["Ring of the Snake","NeowsBlessing","Gremlin Horn","White Beast Statue","Dream Catcher","Orichalcum","Coffee Dripper","Pear","Eternal Feather","Sling","Blood Vial","Regal Pillow","Black Star","Bird Faced Urn","Boot","Bronze Scales","HandDrill"],"acts_visited":["Exordium","TheCity","TheBeyond","TheEnding"],"potions_floor_usage":[16,18,24,29,33,33,35,39,41,42,42,42,42,48,50,50],"damage_taken":[{"damage":0,"enemies":"Jaw Worm","floor":1,"turns":1},{"damage":0,"enemies":"Small Slimes","floor":5,"turns":1},{"damage":0,"enemies":"Gremlin Nob","floor":7,"turns":1},{"damage":0,"enemies":"Cultist","floor":10,"turns":3},{"damage":34,"enemies":"3 Sentries","floor":11,"turns":6},{"damage":0,"enemies":"Gremlin Gang","floor":12,"turns":3},{"damage":49,"enemies":"The Guardian","floor":16,"turns":11},{"damage":9,"enemies":"2 Thieves","floor":18,"turns":4},{"damage":6,"enemies":"3 Byrds","floor":20,"turns":4},{"damage":24,"enemies":"Sentry and Sphere","floor":22,"turns":6},{"damage":10,"enemies":"Snake Plant","floor":24,"turns":4},{"damage":0,"enemies":"3 Cultists","floor":29,"turns":4},{"damage":31,"enemies":"Collector","floor":33,"turns":7},{"damage":48,"enemies":"3 Shapes","floor":35,"turns":3},{"damage":27,"enemies":"3 Darklings","floor":37,"turns":5},{"damage":0,"enemies":"Jaw Worm Horde","floor":39,"turns":3},{"damage":0,"enemies":"Transient","floor":41,"turns":5},{"damage":42,"enemies":"Sphere and 2 Shapes","floor":42,"turns":4},{"damage":2,"enemies":"3 Darklings","floor":45,"turns":5},{"damage":0,"enemies":"Reptomancer","floor":46,"turns":4},{"damage":16,"enemies":"Spire Growth","floor":48,"turns":4},{"damage":89,"enemies":"Awakened One","floor":50,"turns":11},{"damage":85,"enemies":"Shield and Spear","floor":54,"turns":5}],"seed_played":"-4889146856701662677","potions_obtained":[{"floor":7,"key":"FairyPotion"},{"floor":10,"key":"FairyPotion"},{"floor":11,"key":"FearPotion"},{"floor":16,"key":"Explosive Potion"},{"floor":18,"key":"AttackPotion"},{"floor":20,"key":"SneckoOil"},{"floor":22,"key":"AttackPotion"},{"floor":24,"key":"DuplicationPotion"},{"floor":29,"key":"Explosive Potion"},{"floor":33,"key":"ColorlessPotion"},{"floor":35,"key":"EntropicBrew"},{"floor":37,"key":"Poison Potion"},{"floor":39,"key":"DistilledChaos"},{"floor":41,"key":"CunningPotion"},{"floor":42,"key":"Dexterity Potion"},{"floor":45,"key":"Regen Potion"},{"floor":46,"key":"DuplicationPotion"},{"floor":48,"key":"FairyPotion"}],"is_trial":false,"path_per_floor":["M","?","$","?","M","R","E","R","T","M","E","M","R","T","R","B",null,"M","T","M","?","M","R","M","R","T","R","?","M","$","T","R","B",null,"M","?","M","?","M","R","M","M","T","?","M","E","?","M","R","B",null,"R","$","E"],"character_chosen":"THE_SILENT","items_purchased":["Infinite Blades","Sling","Blood Vial","Dodge and Roll","Accuracy","HandDrill","Block Potion"],"campfire_rested":1,"item_purchase_floors":[3,30,30,30,53,53,53],"current_hp_per_floor":[70,56,56,44,44,44,44,44,44,44,10,10,31,31,31,5,70,61,71,65,65,41,41,31,31,31,46,72,72,72,72,80,49,80,32,32,7,7,9,27,29,15,15,80,78,80,70,77,80,24,80,80,80,0,0],"gold":0,"neow_bonus":"THREE_ENEMY_KILL","is_daily":false,"chose_seed":false,"campfire_upgraded":9,"win_rate":0.0,"timestamp":1613897426,"path_taken":["M","?","$","?","M","R","E","R","T","M","E","M","R","?","R","BOSS","M","?","?","?","?","R","M","R","T","R","?","M","$","?","R","BOSS","M","?","M","?","M","R","?","M","T","?","M","E","?","M","R","BOSS","R","$","E"],"items_purchased_type":["Card","Relic","Relic","Card","Card","Relic","Potion"],"build_version":"2020-12-22","purchased_purges":0,"victory":false,"max_hp_per_floor":[70,70,70,70,70,70,70,70,70,70,70,70,70,70,70,70,70,70,80,80,80,80,80,80,80,80,80,80,80,80,80,80,80,80,80,80,80,80,80,80,80,80,80,80,80,80,80,80,80,80,80,80,80,80,80],"card_choices":[{"not_picked":["PiercingWail","Flechettes"],"picked":"Blade Dance","floor":1},{"not_picked":["Outmaneuver","PiercingWail"],"picked":"Blade Dance","floor":5},{"not_picked":["Prepared","Choke"],"picked":"Envenom","floor":7},{"not_picked":["Calculated Gamble","Predator"],"picked":"All Out Attack","floor":10},{"not_picked":["Deflect","Sucker Punch"],"picked":"Terror","floor":11},{"not_picked":["Distraction","Sucker Punch"],"picked":"Acrobatics","floor":12},{"not_picked":["Well Laid Plans","Backflip"],"picked":"Backstab","floor":13},{"not_picked":["Burst","Adrenaline"],"picked":"After Image","floor":16},{"not_picked":["Eviscerate","Underhanded Strike"],"picked":"Noxious Fumes+1","floor":18},{"not_picked":["Flying Knee","Concentrate"],"picked":"Slice","floor":20},{"not_picked":["Flechettes+1","Sucker Punch"],"picked":"Blade Dance+1","floor":22},{"not_picked":["Slice+1","Terror"],"picked":"Deadly Poison","floor":24},{"not_picked":["Tools of the Trade","Quick Slash"],"picked":"Backstab","floor":29},{"not_picked":["After Image","Grand Finale"],"picked":"Die Die Die","floor":33},{"not_picked":["Expertise","Cloak And Dagger+1"],"picked":"Backstab+1","floor":35},{"not_picked":["Infinite Blades","Well Laid Plans+1"],"picked":"Poisoned Stab+1","floor":37},{"not_picked":["PanicButton","Secret Weapon"],"picked":"Sadistic Nature","floor":38},{"not_picked":["Outmaneuver+1","Quick Slash"],"picked":"Calculated Gamble","floor":39},{"not_picked":["Dagger Throw+1","Sucker Punch+1"],"picked":"Dodge and Roll+1","floor":41},{"not_picked":["Acrobatics","Terror"],"picked":"Prepared+1","floor":42},{"not_picked":["Prepared+1","Concentrate+1"],"picked":"Blur+1","floor":45},{"not_picked":["After Image","Heel Hook+1"],"picked":"PiercingWail+1","floor":46},{"not_picked":["Backflip","Blade Dance"],"picked":"Distraction+1","floor":48}],"player_experience":118422,"relics_obtained":[{"floor":7,"key":"White Beast Statue"},{"floor":11,"key":"Dream Catcher"},{"floor":14,"key":"Orichalcum"},{"floor":19,"key":"Pear"},{"floor":26,"key":"Eternal Feather"},{"floor":31,"key":"Regal Pillow"},{"floor":43,"key":"Bird Faced Urn"},{"floor":46,"key":"Boot"},{"floor":46,"key":"Bronze Scales"}],"event_choices":[{"damage_healed":0,"gold_gain":0,"player_choice":"Entered Light","damage_taken":14,"max_hp_gain":0,"max_hp_loss":0,"event_name":"Shining Light","floor":2,"gold_loss":0,"cards_upgraded":["Defend_G","Strike_G"]},{"damage_healed":0,"gold_gain":0,"player_choice":"Success","damage_taken":12,"relics_obtained":["Gremlin Horn"],"max_hp_gain":0,"max_hp_loss":0,"event_name":"Scrap Ooze","floor":4,"gold_loss":0},{"damage_healed":0,"gold_gain":0,"cards_transformed":["Strike_G","Defend_G"],"player_choice":"Transformed Cards","damage_taken":0,"max_hp_gain":0,"max_hp_loss":0,"event_name":"Designer","floor":21,"gold_loss":60,"cards_obtained":["Setup","Backstab"]},{"damage_healed":26,"gold_gain":0,"player_choice":"Heal","damage_taken":0,"max_hp_gain":0,"max_hp_loss":0,"event_name":"The Library","floor":28,"gold_loss":0},{"damage_healed":0,"gold_gain":0,"player_choice":"Ignored","damage_taken":0,"max_hp_gain":0,"max_hp_loss":0,"event_name":"Tomb of Lord Red Mask","floor":36,"gold_loss":0},{"damage_healed":0,"gold_gain":0,"player_choice":"Memory 1","damage_taken":0,"max_hp_gain":0,"max_hp_loss":0,"event_name":"SensoryStone","floor":38,"gold_loss":0},{"damage_healed":65,"gold_gain":0,"player_choice":"Heal","damage_taken":0,"max_hp_gain":0,"max_hp_loss":0,"event_name":"MindBloom","floor":44,"gold_loss":0,"cards_obtained":["Doubt"]},{"damage_healed":0,"gold_gain":0,"player_choice":"Embrace Madness","damage_taken":10,"max_hp_gain":0,"max_hp_loss":0,"event_name":"Winding Halls","floor":47,"gold_loss":0,"cards_obtained":["Madness","Madness"]}],"is_beta":false,"boss_relics":[{"not_picked":["SlaversCollar","SacredBark"],"picked":"Coffee Dripper"},{"not_picked":["Fusion Hammer","Empty Cage"],"picked":"Black Star"}],"items_purged_floors":[],"is_endless":false,"potions_floor_spawned":[7,10,11,12,16,18,20,22,24,29,33,35,37,39,41,42,45,46,48],"killed_by":"Shield and Spear","ascension_level":0}}