{"host":"qustdn0y8cxl4low","time":1613866660,"event":{"mods":["Act Like it!","Ascension Reborn","BaseMod","Bestiary","BetterRewards","Colored Powertips","Downfall","Gensokyo","Lobotomy","Minty Spire (QoL Compilation)","Permanent Neow","Remilia（蕾米莉亚）","Replay The Spire","RumiaBox-露米娅的神秘盒子","Ryuuou龙王","Shop Mod","Spicy Shops","StSLib","TestMod","The Blue Laboratory","The Gatherer","Thieving Mod","Yakumo Yukari mod","Yuyuko","everything is the same but u backflip on backflip","noobMod","篝火指南"],"gold_per_floor":[53,113,129,129,142,142,142,172,54,67,77,24,44,372,384,488,488,457,669,680,680,676,689,689,716,716,375,116,132,132,144,357,461,461,159,174,174,69,81,36,36,352,244,255,272,272,120,179,196,196,196],"floor_reached":52,"language":"ZHS","playtime":3324,"items_purged":[],"score":941,"play_id":"e947e574-0b7d-495f-9c6d-4c397c4a86b0","local_time":"20210221081740","is_ascension_mode":true,"campfire_choices":[],"circlet_count":0,"master_deck":["testmod-DisillusionmentEcho+1","Slimebound:SplitMire","Slimebound:RejuvenatingLick","Slimebound:MassRepurpose","Slimebound:OozeBath","Slimebound:PrepareCrush","Slimebound:OozeBath","Slimebound:PrepareCrush","Slimebound:Equalize","expansioncontent:QuickStudy","Slimebound:Replication","Slimebound:PrepareCrush","Slimebound:ComboTackle","Slimebound:SplitBruiser","Slimebound:MassRepurpose","Slimebound:SlimeSpikes+1","Slimebound:DouseInSlime","Slimebound:Prepare","Slimebound:LeadByExample+1","Slimebound:LeechLife","Slimebound:Prepare","Pot Of Greed","Slimebound:ProtectTheBoss+1"],"relics":["Slimebound:AbsorbEndCombat","ice","testmod-TestBox","testmod-Temperance","MerchantsRug","ReplayTheSpireMod:CursedCoin","Frozen Egg 2","Gensokyo:Justice","ZombieArmy","PlanX","Thread and Needle","testmod-HarvestTotem","Replay:Wax Seal","Membership Card","Quantum Egg","Turnip","SSSystem","Gensokyo:MosesMiracle","Strange Spoon","Ornamental Fan","ReplayTheSpireMod:TigerMarble","PreservedInsect","Replay:Rubber Ducky","Iron Hammer","testmod-EqualTreatment","Black Star","testmod-Justice","White Beast Statue","Bag of Preparation","Ring of Searing","Ring of Fangs","testmod-CasingShield","Question Card","Replay:Baseball","MagicDraw2","Durian","CeramicFish","testmod-LifeArmor","testmod-ArcanaOfDestiny","Grinning Jar"],"acts_visited":["Exordium","Gensokyo:Gensokyo","Gensokyo:Gensokyoer"],"potions_floor_usage":[],"damage_taken":[{"damage":6.0,"enemies":"Gensokyo:Gryphon","floor":2.0,"turns":5.0},{"damage":11.0,"enemies":"Gensokyo:Python","floor":3.0,"turns":3.0},{"damage":9.0,"enemies":"Gensokyo:3_Fairies","floor":5.0,"turns":3.0},{"damage":31.0,"enemies":"Gensokyo:Cirno","floor":8.0,"turns":4.0},{"damage":16.0,"enemies":"downfall:FleeingMerchant","floor":9.0,"turns":4.0},{"damage":6.0,"enemies":"Gensokyo:LivingMonolith","floor":10.0,"turns":1.0},{"damage":13.0,"enemies":"Gensokyo:3_Kodama","floor":11.0,"turns":4.0},{"damage":17.0,"enemies":"Gensokyo:VengefulSpirit","floor":13.0,"turns":5.0},{"damage":51.0,"enemies":"Gensokyo:Aya","floor":14.0,"turns":6.0},{"damage":18.0,"enemies":"Gensokyo:2_Rabbits","floor":15.0,"turns":4.0},{"damage":53.0,"enemies":"WA_ARCHETYPE_RETAIN","floor":16.0,"turns":7.0},{"damage":3.0,"enemies":"Gensokyo:2_Gloops","floor":19.0,"turns":3.0},{"damage":6.0,"enemies":"Gensokyo:AngelMirror","floor":20.0,"turns":2.0},{"damage":11.0,"enemies":"downfall:FleeingMerchant","floor":22.0,"turns":3.0},{"damage":0.0,"enemies":"Gensokyo:Slime_Group","floor":23.0,"turns":2.0},{"damage":17.0,"enemies":"Gensokyo:Koishi","floor":25.0,"turns":3.0},{"damage":86,"enemies":"Gensokyo:Swordslinger","floor":29,"turns":5},{"damage":17,"enemies":"Gensokyo:Chomper_and_Gloop","floor":31,"turns":6},{"damage":2,"enemies":"Gensokyo:3_Gloops","floor":32,"turns":4},{"damage":70,"enemies":"DF_ARCHETYPE_CLAW","floor":33,"turns":7},{"damage":0,"enemies":"Gensokyo:AncientGuardian","floor":36,"turns":3},{"damage":26,"enemies":"Gensokyo:3_Bats","floor":39,"turns":4},{"damage":35,"enemies":"Gensokyo:3_Boulders","floor":42,"turns":4},{"damage":26,"enemies":"Gensokyo:4_Bats","floor":44,"turns":4},{"damage":19,"enemies":"Gensokyo:Marisa","floor":48,"turns":4},{"damage":5,"enemies":"Gensokyo:Sharpion","floor":49,"turns":3},{"damage":0,"enemies":"SI_POISON_ARCHETYPE","floor":50,"turns":5}],"seed_played":"-4424941588583149443","potions_obtained":[{"floor":10.0,"key":"ColorlessPotion"},{"floor":11.0,"key":"blueLaboratory:BottleOfRum"},{"floor":19.0,"key":"blueLaboratory:PyrophylliteBrew"},{"floor":23.0,"key":"Dexterity Potion"},{"floor":25.0,"key":"blueLaboratory:LouseDecoction"},{"floor":32,"key":"Fire Potion"},{"floor":36,"key":"Dexterity Potion"},{"floor":39,"key":"PowerPotion"},{"floor":42,"key":"blueLaboratory:FrostheartPotion"},{"floor":44,"key":"Block Potion"},{"floor":48,"key":"Regen Potion"},{"floor":49,"key":"EntropicBrew"}],"is_trial":false,"path_per_floor":["R","M","M","?","M","?","T","E","$","M","M","COS","M","E","M","B",null,"R","M","M","?","$","M","T","E","?","COS","$","M","R","M","M","B",null,"R","M","?","COS","M","R","T","M","R","M","$","$","R","E","M","B",null,null],"character_chosen":"SLIMEBOUND","items_purchased":["MerchantsRug","ReplayTheSpireMod:CursedCoin","Frozen Egg 2","testmod-DisillusionmentEcho+1","expansioncontent:QuickStudy","Replay:Wax Seal","Membership Card","Quantum Egg","Slimebound:ThreeZeroPotion","Ornamental Fan","ReplayTheSpireMod:TigerMarble","PreservedInsect","Slimebound:Prepare","testmod-Justice","White Beast Statue","Bag of Preparation","testmod-CasingShield","MagicDraw2","CeramicFish","testmod-LifeArmor"],"campfire_rested":0,"item_purchase_floors":[0,0,0,1,9,18,22,22,22,28,28,28,28,35,35,35,40,43,47,47],"current_hp_per_floor":[65,63,56,56,47,47,47,28,38,32,33,33,26,41,31,79,158,158,158,152,152,152,165,165,152,152,152,152,82,82,101,127,134,168,168,168,168,168,157,157,157,134,134,144,144,144,144,133,136,178,178],"gold":196,"neow_bonus":"","is_daily":false,"chose_seed":false,"campfire_upgraded":0,"win_rate":0.0,"timestamp":1613866660,"path_taken":["R","M","M","?","?","?","T","E","$","M","M","COS","M","E","M","BOSS","R","M","M","?","$","M","T","E","?","COS","?","?","R","M","M","BOSS","R","M","?","COS","M","R","T","M","R","M","?","$","R","E","M","BOSS"],"items_purchased_type":["Relic","Relic","Relic","Card","Card","Relic","Relic","Relic","Potion","Relic","Relic","Relic","Card","Relic","Relic","Relic","Relic","Relic","Relic","Relic"],"build_version":"2020-12-22","purchased_purges":0,"victory":true,"max_hp_per_floor":[65,65,65,65,65,65,65,65,65,65,65,65,65,67,74,79,158,158,158,159,159,164,165,165,168,168,168,168,168,168,168,168,168,168,168,168,168,168,168,168,168,168,168,178,178,178,178,178,178,178,178],"card_choices":[{"not_picked":["Slimebound:PressTheAttack","Slimebound:LevelUp+1"],"picked":"Slimebound:SplitMire","floor":2.0},{"not_picked":["Slimebound:SamplingLick","Slimebound:LevelUp+1"],"picked":"Slimebound:GoopTackle","floor":3.0},{"not_picked":["Slimebound:Chomp","Slimebound:OozeBath"],"picked":"Slimebound:RejuvenatingLick","floor":5.0},{"not_picked":["Slimebound:SplitLeeching","Slimebound:Schlurp"],"picked":"Slimebound:Equalize","floor":8.0},{"not_picked":["Slimebound:GoopTackle","Slimebound:FinishingTackle","Slimebound:ItLooksTasty"],"picked":"SKIP","floor":9.0},{"not_picked":["Slimebound:ItLooksTasty","Slimebound:FinishingTackle"],"picked":"Slimebound:Replication","floor":10.0},{"not_picked":["Slimebound:Nibble","Slimebound:RollThrough"],"picked":"Slimebound:PrepareCrush","floor":11.0},{"not_picked":["Slimebound:SplitAcid","Slimebound:LivingWall"],"picked":"Slimebound:ComboTackle","floor":13.0},{"not_picked":["Slimebound:TongueLash","Slimebound:SlimeBrawl"],"picked":"Slimebound:SplitBruiser","floor":14.0},{"not_picked":["Slimebound:FormOfPuddle","Slimebound:Nibble","Slimebound:RollThrough"],"picked":"SKIP","floor":15.0},{"not_picked":["Slimebound:Teamwork","Slimebound:Overexert+1"],"picked":"Slimebound:MassRepurpose","floor":16.0},{"not_picked":["Slimebound:SplitMire","Slimebound:LivingWall+1"],"picked":"Slimebound:SlimeSpikes+1","floor":19.0},{"not_picked":["Slimebound:ItLooksTasty","Slimebound:Chomp","Slimebound:RollThrough+1"],"picked":"SKIP","floor":20.0},{"not_picked":["Slimebound:SplitAcid","Slimebound:Nibble+1"],"picked":"Slimebound:DouseInSlime","floor":22.0},{"not_picked":["Slimebound:Nibble","Slimebound:ProtectTheBoss+1","Slimebound:ItLooksTasty+1"],"picked":"SKIP","floor":23.0},{"not_picked":["Slimebound:Schlurp","Slimebound:SplitAcid","Slimebound:RainOfGoop"],"picked":"SKIP","floor":25.0},{"not_picked":["Slimebound:ComboTackle","Slimebound:SplitAcid","Slimebound:LeechingTouch+1"],"picked":"SKIP","floor":29},{"not_picked":["Slimebound:GoopTackle","Slimebound:TongueLash","Slimebound:RejuvenatingLick"],"picked":"SKIP","floor":31},{"not_picked":["Slimebound:FormOfPuddle+1","Slimebound:Dissolve+1"],"picked":"Slimebound:LeadByExample+1","floor":32},{"not_picked":["Slimebound:SlimeSlap","Slimebound:OneTwoCombo"],"picked":"Slimebound:LeechLife","floor":33},{"not_picked":["Slimebound:PressTheAttack","Slimebound:MegaLick","Slimebound:HauntingLick+1"],"picked":"SKIP","floor":36},{"not_picked":["Slimebound:Chomp","Slimebound:PressTheAttack+1","Slimebound:ItLooksTasty"],"picked":"SKIP","floor":39},{"not_picked":["Slimebound:FlameTackle","Slimebound:Chomp","Slimebound:BestDefense+1","Slimebound:SlimeSpikes"],"picked":"SKIP","floor":42},{"not_picked":["Slimebound:PressTheAttack","Slimebound:ComboTackle","Slimebound:GoopTackle+1"],"picked":"Slimebound:Prepare","floor":44},{"not_picked":["Slimebound:HauntingLick+1","Slimebound:Equalize+1","Slimebound:RollThrough+1"],"picked":"Slimebound:ProtectTheBoss+1","floor":48},{"not_picked":["Slimebound:GrowthPunch","Slimebound:SlimeBrawl","Slimebound:Equalize+1","Slimebound:GoopSpray"],"picked":"SKIP","floor":49}],"player_experience":223433,"relics_obtained":[{"floor":7.0,"key":"ZombieArmy"},{"floor":8.0,"key":"PlanX"},{"floor":14.0,"key":"Thread and Needle"},{"floor":24.0,"key":"Turnip"},{"floor":25.0,"key":"SSSystem"},{"floor":32,"key":"Gensokyo:MosesMiracle"},{"floor":37,"key":"Ring of Searing"},{"floor":37,"key":"Ring of Fangs"},{"floor":41,"key":"Question Card"},{"floor":48,"key":"testmod-ArcanaOfDestiny"},{"floor":48,"key":"Grinning Jar"}],"event_choices":[{"damage_healed":0.0,"max_hp_gain":0.0,"max_hp_loss":0.0,"gold_gain":0.0,"event_name":"给自己的盒子","player_choice":"Swap Relic","floor":21.0,"relics_lost":["Simple Rune"],"gold_loss":0.0,"damage_taken":0.0,"relics_obtained":["Simple Rune"]}],"is_beta":false,"boss_relics":[{"not_picked":["Sozu","testmod-Nine"],"picked":"testmod-HarvestTotem"},{"not_picked":["EasyGame_NEW","testmod-Prudence"],"picked":"Black Star"}],"items_purged_floors":[],"is_endless":false,"potions_floor_spawned":[10,11,14,19,23,25,32,36,39,42,44,48,49],"ascension_level":0}}