{"host":"g7uq9uzahx9e0kti","time":1613901965,"event":{"mods":["100% Spire Juice","AchievementEnabler","Act Like it!","Arknights","BaseMod","CapriCore","Hermit","Koishi","Minty Spire (QoL Compilation)","Permanent Neow","Quick Restart","StSLib","SuperFastMode","The Bug Knight","The Cursed","The Hierophant","The Poker Player","Together in Spire","WarShipGirlsR/??á´Ò³R mod"],"gold_per_floor":[119,194,369,369,389,389,404,421,445,395,122,139,139,158,158,255,255,274,288,48,65,81,81,97,97,97],"floor_reached":25,"language":"KOR","playtime":1848,"items_purged":["Clumsy","rmod:defend"],"score":227,"play_id":"24bd29ab-297b-4ea0-8eab-62ccdf8c0558","local_time":"20210221190605","is_ascension_mode":true,"campfire_choices":[{"floor":6,"key":"DIG"},{"floor":13,"key":"DIG"},{"floor":15,"key":"DIG"},{"floor":23,"key":"REST"}],"circlet_count":0,"master_deck":["rmod:strick+1","rmod:strick","rmod:strick+1","rmod:strick","rmod:defend","rmod:defend","rmod:defend","rmod:basicallowance","rmod:maingunfire","rmod:fuelsupply","rmod:sl","rmod:maintain","rmod:advancebysurprise","rmod:firesupport","rmod:firesupport","rmod:highspeedmaneuver","rmod:fuelsupply","rmod:acesubmarine","rmod:robin+1"],"relics":["Shovel","Torii","Whetstone","Lee\u0027s Waffle","Oddly Smooth Stone","rmod:extraamm","rmod:mogul"],"acts_visited":["Exordium","TheCity"],"potions_floor_usage":[25],"damage_taken":[{"damage":0,"enemies":"Cultist","floor":1,"turns":3},{"damage":8,"enemies":"Jaw Worm","floor":5,"turns":5},{"damage":9,"enemies":"2 Louse","floor":7,"turns":2},{"damage":9,"enemies":"Blue Slaver","floor":8,"turns":5},{"damage":14,"enemies":"Exordium Wildlife","floor":12,"turns":3},{"damage":8,"enemies":"2 Fungi Beasts","floor":14,"turns":3},{"damage":12,"enemies":"Slime Boss","floor":16,"turns":5},{"damage":0,"enemies":"Spheric Guardian","floor":18,"turns":4},{"damage":6,"enemies":"3 Byrds","floor":19,"turns":4},{"damage":43,"enemies":"Shelled Parasite and Fungi","floor":21,"turns":4},{"damage":28,"enemies":"Snecko","floor":22,"turns":6},{"damage":17,"enemies":"3 Cultists","floor":24,"turns":5},{"damage":14,"enemies":"Centurion and Healer","floor":25,"turns":2}],"seed_played":"-8161145999120441831","potions_obtained":[{"floor":7,"key":"Dexterity Potion"},{"floor":8,"key":"FearPotion"},{"floor":12,"key":"LiquidBronze"}],"is_trial":false,"path_per_floor":["M","?","?","T","M","R","M","M","T","?","$","M","R","M","R","B",null,"M","M","$","M","M","R","M","M"],"character_chosen":"PRAEFECT","items_purchased":["Lee\u0027s Waffle","rmod:firesupport","rmod:acesubmarine"],"campfire_rested":1,"item_purchase_floors":[11,11,20],"current_hp_per_floor":[75,64,64,64,56,56,47,38,38,38,82,68,68,60,60,48,82,82,76,76,33,5,29,12,0,0],"gold":97,"neow_bonus":"ONE_RARE_RELIC","is_daily":false,"chose_seed":false,"campfire_upgraded":0,"win_rate":0.0,"timestamp":1613901965,"path_taken":["M","?","?","?","M","R","M","M","T","?","$","M","R","M","R","BOSS","M","M","$","M","M","R","M","M"],"items_purchased_type":["Relic","Card","Card"],"build_version":"2020-12-22","purchased_purges":2,"victory":false,"max_hp_per_floor":[75,75,75,75,75,75,75,75,75,75,82,82,82,82,82,82,82,82,82,82,82,82,82,82,82,82],"card_choices":[{"not_picked":["rmod:wolves","rmod:steelsupply"],"picked":"rmod:fuelsupply","floor":1},{"not_picked":["rmod:combined","rmod:supportescort"],"picked":"rmod:sl","floor":5},{"not_picked":["rmod:combined","rmod:circuitoustactics"],"picked":"rmod:maintain","floor":7},{"not_picked":["rmod:aluminumsupply","rmod:goodfighter"],"picked":"rmod:advancebysurprise","floor":8},{"not_picked":["rmod:unsinkable","rmod:sl","rmod:fletcherpendant"],"picked":"SKIP","floor":12},{"not_picked":["rmod:steelsupply","rmod:ammunitionsupply"],"picked":"rmod:firesupport","floor":14},{"not_picked":["rmod:stealaluminum","rmod:auspiciousomen"],"picked":"rmod:highspeedmaneuver","floor":16},{"not_picked":["rmod:supportescort","rmod:steelsupply"],"picked":"rmod:fuelsupply","floor":18},{"not_picked":["rmod:slowdown","rmod:unsinkable","rmod:victimresponsibility"],"picked":"SKIP","floor":19},{"not_picked":["rmod:unsinkable","rmod:smokecover","rmod:supriseattacks"],"picked":"SKIP","floor":21},{"not_picked":["rmod:supportescort","rmod:aviationdawn","rmod:highspeedshooting"],"picked":"SKIP","floor":22},{"not_picked":["rmod:goodfighter+1","rmod:victimresponsibility"],"picked":"rmod:robin+1","floor":24}],"player_experience":162791,"relics_obtained":[{"floor":6,"key":"Torii"},{"floor":9,"key":"Whetstone"},{"floor":13,"key":"Oddly Smooth Stone"},{"floor":15,"key":"rmod:extraamm"}],"event_choices":[{"damage_healed":0,"gold_gain":75,"player_choice":"Gather Gold","damage_taken":11,"max_hp_gain":0,"max_hp_loss":0,"event_name":"World of Goop","floor":2,"gold_loss":0},{"damage_healed":0,"gold_gain":175,"player_choice":"AGREE","damage_taken":0,"max_hp_gain":0,"max_hp_loss":0,"event_name":"Liars Game","floor":3,"gold_loss":0,"cards_obtained":["Doubt"]},{"cards_removed":["Doubt"],"damage_healed":0,"gold_gain":0,"player_choice":"Card Removal","damage_taken":0,"max_hp_gain":0,"max_hp_loss":0,"event_name":"The Cleric","floor":10,"gold_loss":50}],"is_beta":false,"boss_relics":[{"not_picked":["SacredBark","Astrolabe"],"picked":"rmod:mogul"}],"items_purged_floors":[11,20],"is_endless":false,"potions_floor_spawned":[7,8,12,21,22],"killed_by":"Centurion and Healer","ascension_level":3}}