{"host":"el64n55ujqqj0ju7","time":1613944832,"event":{"mods":["AchievementEnabler","Act Like it!","BaseMod","Better Altar","Better Third Choice","BetterRewards","Card Forge","Colored Map","Conspire","Hallownest","Hubris","Infinite Spire","Minty Spire (QoL Compilation)","Rare Cards Sparkle","Reliquary","Replay The Spire","Ruina","Spicy Shops","Spikes Relics","StSLib"],"gold_per_floor":[119,137,137,137,92,92,123,141,141,158,158,158,191,202,202,302,302,317,317,330,341,53,53,53],"floor_reached":23,"language":"ENG","playtime":1000,"items_purged":["Writhe","Consume","Pride"],"score":276,"play_id":"47df3bdc-429b-45ae-8bd2-bd1ee809d8e7","local_time":"20210221170032","is_ascension_mode":true,"campfire_choices":[{"data":"FIFO Queue","floor":6.0,"key":"SMITH"},{"floor":11,"key":"REST"},{"floor":15,"key":"REST"}],"circlet_count":0,"master_deck":["Strike_B","Strike_B","Strike_B","Strike_B","Defend_B","Defend_B","Defend_B","Defend_B","Zap","Dualcast","Defend_G","Strike_P","Go for the Eyes","infinitespire:UltimateForm","FIFO Queue+1","Ball Lightning","Cold Snap","Buffer","Coolheaded","Fusion+1","Amplify"],"relics":["Cracked Core","Hammer of Thor","Seething Fire","Anvil of the Gods","TungstenRod","ReplayTheSpireMod:CursedCoin","reliquary:IridiumChain","Meat on the Bone","hubris:Icosahedron","infinitespire:Beetle Shell","conspire:RoyalGoblet","hubris:Towel","Membership Card","infinitespire:Freezer"],"acts_visited":["Exordium","ruina:Briah"],"potions_floor_usage":[7,21,21,21],"damage_taken":[{"damage":0.0,"enemies":"Cultist","floor":1.0,"turns":3.0},{"damage":7.0,"enemies":"2 Louse","floor":2.0,"turns":3.0},{"damage":24,"enemies":"Gremlin Nob","floor":7,"turns":4},{"damage":3,"enemies":"Jaw Worm","floor":8,"turns":3},{"damage":0,"enemies":"Large Slime","floor":10,"turns":4},{"damage":17,"enemies":"3 Sentries","floor":13,"turns":7},{"damage":0,"enemies":"3 Louse","floor":14,"turns":1},{"damage":9,"enemies":"Fading Forest","floor":16,"turns":11},{"damage":22,"enemies":"ruina:BadWolf","floor":18,"turns":8},{"damage":8,"enemies":"ruina:2_Scarecrows","floor":20,"turns":6},{"damage":31,"enemies":"ruina:QueenOfHate","floor":21,"turns":5},{"damage":28,"enemies":"ruina:RoadHome","floor":23,"turns":2}],"seed_played":"1443513193295874243","potions_obtained":[{"floor":1.0,"key":"FearPotion"},{"floor":7,"key":"Adrenaline Potion"},{"floor":8,"key":"SneckoOil"},{"floor":20,"key":"SpeedPotion"}],"is_trial":false,"path_per_floor":["M","M","$","?","$","R","E","M","T","M","R","?","E","M","R","B",null,"M","?","M","M","$","E"],"character_chosen":"DEFECT","items_purchased":["ReplayTheSpireMod:CursedCoin","FIFO Queue","Membership Card","infinitespire:Freezer"],"campfire_rested":2,"item_purchase_floors":[5,5,22,22],"current_hp_per_floor":[75,68,68,50,50,50,26,23,23,35,57,57,40,40,62,63,75,53,53,45,26,26,0,0],"gold":53,"neow_bonus":"ONE_RARE_RELIC","is_daily":false,"chose_seed":false,"campfire_upgraded":1,"win_rate":0.0,"timestamp":1613944832,"path_taken":["M","M","$","?","$","R","E","M","T","M","R","?","E","M","R","BOSS","M","?","M","M","$","E"],"items_purchased_type":["Relic","Card","Relic","Relic"],"build_version":"2020-12-22","purchased_purges":3,"victory":false,"max_hp_per_floor":[75,75,75,75,75,75,75,75,75,75,75,75,75,75,75,75,75,75,75,75,75,75,75,75],"card_choices":[{"not_picked":["ReplayTheSpireMod:Reroute Power","Stack"],"picked":"Go for the Eyes","floor":1.0},{"not_picked":["Leap","Reprogram"],"picked":"Consume","floor":2.0},{"not_picked":["infinitespire:DeathsTouch","infinitespire:FutureSight"],"picked":"infinitespire:UltimateForm","floor":4.0},{"not_picked":["RefreshScreen","Sweeping Beam","conspire:Rain"],"picked":"SKIP","floor":7},{"not_picked":["FTL","Go for the Eyes"],"picked":"Ball Lightning","floor":8},{"not_picked":["Steam","Barrage"],"picked":"Cold Snap","floor":10},{"not_picked":["Panic Button","RefreshScreen"],"picked":"Buffer","floor":13},{"not_picked":["ReplayTheSpireMod:Repulse","Recycle"],"picked":"Coolheaded","floor":14},{"not_picked":["BasicCrystalCard","Reinforced Body+1"],"picked":"Fusion+1","floor":18},{"not_picked":["White Noise","Recycle"],"picked":"Amplify","floor":20},{"not_picked":["Sweeping Beam","FIFO Queue+1","Leap"],"picked":"SKIP","floor":21}],"player_experience":20519,"relics_obtained":[{"floor":7,"key":"reliquary:IridiumChain"},{"floor":9,"key":"Meat on the Bone"},{"floor":13,"key":"infinitespire:Beetle Shell"}],"event_choices":[],"is_beta":false,"boss_relics":[{"not_picked":["hubris:BlackHole","hubris:HollowSoul"],"picked":"conspire:RoyalGoblet"}],"items_purged_floors":[5,22,22],"is_endless":false,"potions_floor_spawned":[1,7,8,20],"killed_by":"ruina:RoadHome","ascension_level":2}}