{"host":"9ggpvbru8k8uxs3p","time":1613947969,"event":{"mods":["BaseMod","Challenge The Spire","Colored Map","Colored Powertips","Highlight Path","Minty Spire (QoL Compilation)","Rare Cards Sparkle","StSLib","The Jungle"],"gold_per_floor":[214,11,11,11,21,38,53,79,79,106,106,106,119,119,119,221,221,234,234,246,261,19,51,51,65,144,194,208,241,255,55,55,158,158,174,6,24,40,40,40,6,6,82,128,0,26,62,62,62,62],"floor_reached":51,"language":"ENG","playtime":3972,"items_purged":[],"score":850,"play_id":"e95cb6a2-5742-4c89-b57b-b9fb13e962f5","local_time":"20210221165249","is_ascension_mode":false,"campfire_choices":[{"floor":11,"key":"DIG"},{"floor":15,"key":"DIG"},{"floor":24,"key":"DIG"},{"floor":32,"key":"REST"},{"floor":40,"key":"DIG"},{"floor":42,"key":"DIG"},{"floor":49,"key":"DIG"}],"circlet_count":0,"master_deck":["Strike_G","Strike_G+1","Strike_G+1","Strike_G","Strike_G","Defend_G","Defend_G","Defend_G","Defend_G","Defend_G","Survivor","Neutralize","Cloak And Dagger","Deadly Poison","Noxious Fumes+1","Choke","Poisoned Stab","Skewer","Sucker Punch","Heel Hook","Parasite","Adrenaline","Dagger Spray+1","Slice","Crippling Poison","Slice","Adrenaline","Underhanded Strike","Outmaneuver","Catalyst+1","All Out Attack","The Bomb+1","Poisoned Stab","Deflect+1","A Thousand Cuts","Blade Dance+1","HandOfGreed","Madness+1","Terror+1","Blade Dance+1","Bouncing Flask+1","Riddle With Holes+1","Catalyst+1","Dagger Spray+1","Leg Sweep+1","Backstab+1"],"relics":["Ring of the Snake","Blood Vial","Centennial Puzzle","Shovel","Pear","Vajra","Incense Burner","Snake Skull","Sozu","theJungle:BirthdayCake","Membership Card","Ancient Tea Set","Pen Nib","Anchor","Bottled Tornado","Toxic Egg 2","Happy Flower","Runic Pyramid","Kunai","The Specimen","Eternal Feather","FossilizedHelix","Red Mask","Regal Pillow","Shuriken"],"acts_visited":["Exordium","Exordium","TheBeyond"],"potions_floor_usage":[21,33],"damage_taken":[{"damage":2,"enemies":"Small Slimes","floor":1,"turns":6},{"damage":0,"enemies":"Cultist","floor":5,"turns":3},{"damage":2,"enemies":"Jaw Worm","floor":6,"turns":3},{"damage":7,"enemies":"Blue Slaver","floor":7,"turns":3},{"damage":20,"enemies":"Lagavulin","floor":8,"turns":5},{"damage":12,"enemies":"Gremlin Nob","floor":10,"turns":4},{"damage":14,"enemies":"Exordium Thugs","floor":13,"turns":4},{"damage":16,"enemies":"Hexaghost","floor":16,"turns":8},{"damage":20,"enemies":"theJungle:MUSHROOMGANG","floor":18,"turns":4},{"damage":4,"enemies":"Shell Parasite","floor":20,"turns":3},{"damage":14,"enemies":"Snake Plant","floor":21,"turns":3},{"damage":9,"enemies":"theJungle:MamaSnecko","floor":23,"turns":4},{"damage":0,"enemies":"theJungle:Lyon","floor":25,"turns":2},{"damage":4,"enemies":"theJungle:Snecko_Cultist_And_Trap","floor":28,"turns":4},{"damage":3,"enemies":"theJungle:2_Phrogs","floor":29,"turns":5},{"damage":19,"enemies":"theJungle:JungleHuntersEncounter","floor":30,"turns":3},{"damage":47,"enemies":"theJungle:TotemBoss","floor":33,"turns":6},{"damage":0,"enemies":"3 Darklings","floor":35,"turns":4},{"damage":0,"enemies":"Orb Walker","floor":37,"turns":2},{"damage":4,"enemies":"Spire Growth","floor":38,"turns":3},{"damage":23,"enemies":"2 Orb Walkers","floor":44,"turns":3},{"damage":0,"enemies":"Reptomancer","floor":46,"turns":3},{"damage":35,"enemies":"Writhing Mass","floor":47,"turns":4},{"damage":20,"enemies":"Time Eater","floor":50,"turns":4}],"seed_played":"8489246583494127574","potions_obtained":[{"floor":7,"key":"SpeedPotion"},{"floor":10,"key":"CunningPotion"}],"is_trial":false,"path_per_floor":["M","$","?","?","M","M","M","E","T","E","R","?","M","?","R","B",null,"M","?","M","M","$","E","R","M","T","?","M","E","M","$","R","B",null,"M","$","M","M","?","R","$","R","T","?","?","E","M","$","R","B",null],"character_chosen":"THE_SILENT","items_purchased":["Blood Vial","Deadly Poison","Membership Card","Ancient Tea Set","Slice","Happy Flower","The Bomb+1","Poisoned Stab","Deflect+1","HandOfGreed","Madness+1","Terror+1","Blade Dance+1","Catalyst+1"],"campfire_rested":1,"item_purchase_floors":[2,2,22,22,22,31,31,31,31,36,36,36,36,41],"current_hp_per_floor":[68,68,65,51,53,53,48,30,40,30,30,30,18,38,38,24,80,60,80,78,66,66,59,59,61,61,47,45,44,27,27,57,12,100,100,100,100,96,96,96,96,96,96,75,75,77,44,44,71,53],"gold":62,"neow_bonus":"HUNDRED_GOLD","is_daily":false,"chose_seed":false,"campfire_upgraded":0,"win_rate":0.0,"timestamp":1613947969,"path_taken":["M","$","?","?","M","M","M","E","T","E","R","?","?","?","R","BOSS","M","?","M","M","?","E","R","?","T","?","M","E","M","$","R","BOSS","M","$","?","M","?","R","?","R","T","?","?","E","M","$","R","BOSS"],"items_purchased_type":["Relic","Card","Relic","Relic","Card","Relic","Card","Card","Card","Card","Card","Card","Card","Card"],"build_version":"2020-12-22","purchased_purges":0,"victory":true,"max_hp_per_floor":[70,70,70,70,70,70,70,70,80,80,80,80,80,80,80,80,80,80,100,100,100,100,100,100,100,100,100,100,100,100,100,100,100,100,100,100,100,100,100,100,100,100,100,100,100,100,100,100,100,100],"card_choices":[{"not_picked":["Acrobatics","Dodge and Roll"],"picked":"Cloak And Dagger","floor":1},{"not_picked":["Dagger Spray","Unload"],"picked":"Noxious Fumes","floor":5},{"not_picked":["PiercingWail","Noxious Fumes"],"picked":"Choke","floor":6},{"not_picked":["Footwork","Bane"],"picked":"Poisoned Stab","floor":7},{"not_picked":["Tactician","Deflect"],"picked":"Skewer","floor":8},{"not_picked":["Prepared","Accuracy"],"picked":"Sucker Punch","floor":10},{"not_picked":["Choke","Accuracy"],"picked":"Heel Hook","floor":13},{"not_picked":["Die Die Die","A Thousand Cuts"],"picked":"Adrenaline","floor":16},{"not_picked":["Bane","Dodge and Roll"],"picked":"Dagger Spray+1","floor":18},{"not_picked":["Sucker Punch","Flechettes"],"picked":"Slice","floor":20},{"not_picked":["All Out Attack","Masterful Stab+1"],"picked":"Crippling Poison","floor":21},{"not_picked":["Tactician","Heel Hook"],"picked":"Adrenaline","floor":23},{"not_picked":["Crippling Poison","Well Laid Plans"],"picked":"Underhanded Strike","floor":25},{"not_picked":["Backflip","Deflect"],"picked":"Outmaneuver","floor":28},{"not_picked":["Bane","Blur+1"],"picked":"Catalyst+1","floor":29},{"not_picked":["Masterful Stab","Slice"],"picked":"All Out Attack","floor":30},{"not_picked":["Storm of Steel+1","After Image"],"picked":"A Thousand Cuts","floor":33},{"not_picked":["Well Laid Plans","Deflect+1"],"picked":"Blade Dance+1","floor":35},{"not_picked":["Endless Agony+1","Bane"],"picked":"Bouncing Flask+1","floor":37},{"not_picked":["Prepared+1","Tactician+1"],"picked":"Riddle With Holes+1","floor":38},{"not_picked":["Calculated Gamble+1","Underhanded Strike+1"],"picked":"Dagger Spray+1","floor":44},{"not_picked":["After Image","Blade Dance+1"],"picked":"Leg Sweep+1","floor":46},{"not_picked":["Predator+1","Crippling Poison+1"],"picked":"Backstab+1","floor":47}],"player_experience":69339,"relics_obtained":[{"floor":8,"key":"Shovel"},{"floor":9,"key":"Pear"},{"floor":10,"key":"Vajra"},{"floor":11,"key":"Incense Burner"},{"floor":15,"key":"Snake Skull"},{"floor":23,"key":"Pen Nib"},{"floor":24,"key":"Anchor"},{"floor":26,"key":"Bottled Tornado"},{"floor":29,"key":"Toxic Egg 2"},{"floor":40,"key":"Kunai"},{"floor":42,"key":"The Specimen"},{"floor":43,"key":"Eternal Feather"},{"floor":44,"key":"FossilizedHelix"},{"floor":46,"key":"Regal Pillow"},{"floor":49,"key":"Shuriken"}],"event_choices":[{"damage_healed":0,"gold_gain":0,"player_choice":"Success","damage_taken":3,"relics_obtained":["Centennial Puzzle"],"max_hp_gain":0,"max_hp_loss":0,"event_name":"Scrap Ooze","floor":3,"gold_loss":0},{"damage_healed":0,"gold_gain":0,"player_choice":"Entered Light","damage_taken":14,"max_hp_gain":0,"max_hp_loss":0,"event_name":"Shining Light","floor":4,"gold_loss":0,"cards_upgraded":["Strike_G","Strike_G"]},{"damage_healed":0,"gold_gain":0,"player_choice":"Upgraded","damage_taken":0,"max_hp_gain":0,"max_hp_loss":0,"event_name":"Upgrade Shrine","floor":12,"gold_loss":0,"cards_upgraded":["Noxious Fumes"]},{"damage_healed":20,"gold_gain":0,"player_choice":"Healed and dodged fight","damage_taken":0,"max_hp_gain":0,"max_hp_loss":0,"event_name":"Mushrooms","floor":14,"gold_loss":0,"cards_obtained":["Parasite"]},{"damage_healed":0,"gold_gain":0,"player_choice":"Got Potions","damage_taken":0,"max_hp_gain":0,"max_hp_loss":0,"event_name":"Lab","floor":39,"gold_loss":0},{"damage_healed":0,"gold_gain":0,"player_choice":"Fight","damage_taken":0,"max_hp_gain":0,"max_hp_loss":0,"event_name":"Mysterious Sphere","floor":44,"gold_loss":0},{"damage_healed":0,"gold_gain":0,"player_choice":"Paid","damage_taken":0,"relics_obtained":["Red Mask"],"max_hp_gain":0,"max_hp_loss":0,"event_name":"Tomb of Lord Red Mask","floor":45,"gold_loss":128}],"is_beta":false,"boss_relics":[{"not_picked":["HoveringKite","Runic Dome"],"picked":"Sozu"},{"not_picked":["WristBlade","Astrolabe"],"picked":"Runic Pyramid"}],"items_purged_floors":[],"is_endless":false,"potions_floor_spawned":[7,10,18,20,29,30,37,44],"ascension_level":0}}