{"host":"wby4rs3xnry3zy6c","time":1613885178,"event":{"mods":["AchievementEnabler","BaseMod","BetterRewards","Colored Map","Colored Powertips","Downfall","Hubris","Infinite Spire","Minty Spire (QoL Compilation)","Replay The Spire","Shop Mod","StSLib","The Cursed","The Necromancer"],"gold_per_floor":[15,15,15,29,29,29,29,29,109,129,143,155,12,23,23,122,122,106,21,39,53,73,101,54,54,54,68,82,82,82,82,82,179,179,189,265,280,280,280,315,315,334,334,349,105,122,132,144,144,144],"floor_reached":51,"language":"ENG","playtime":4105,"items_purged":["Strike_G","ReplayTheSpireMod:The Works"],"score":568,"play_id":"cf6a7693-eec1-4339-bfd2-1e4476fbffef","local_time":"20210220232618","is_ascension_mode":false,"campfire_choices":[{"data":"infinitespire:Punishment","floor":6,"key":"SMITH"},{"data":"Survivor","floor":8,"key":"SMITH"},{"data":"Infinite Blades","floor":15,"key":"SMITH"},{"floor":25,"key":"REST"},{"floor":32,"key":"REST"},{"floor":41,"key":"REST"},{"floor":49,"key":"REST"}],"circlet_count":0,"master_deck":["Strike_G","Strike_G+1","Defend_G","Defend_G","Defend_G","Defend_G","Defend_G","Survivor+1","Neutralize","Deadly Poison","infinitespire:Punishment+1","Hidden Blade","Infinite Blades+1","After Image","Blade Dance+1","Hidden Blade","Hidden Blade","Dagger Spray+1","After Image","Blade Dance+1","Infinite Blades","hubris:Fate","Hidden Blade"],"relics":["Ring of the Snake","Incense Burner","Question Card","Fusion Hammer","Lantern","Iron Hammer","Blue Doll","Replay:Bronze Core","Whetstone","Centennial Puzzle","Bottled Tornado","MealTicket"],"acts_visited":["Exordium","TheCity","TheBeyond"],"potions_floor_usage":[27,40,50,50],"damage_taken":[{"damage":4,"enemies":"Jaw Worm","floor":1,"turns":8},{"damage":0,"enemies":"Small Slimes","floor":4,"turns":3},{"damage":0,"enemies":"2 Louse","floor":10,"turns":1},{"damage":0,"enemies":"Blue Slaver","floor":11,"turns":2},{"damage":6,"enemies":"3 Louse","floor":12,"turns":4},{"damage":1,"enemies":"Lots of Slimes","floor":14,"turns":5},{"damage":30,"enemies":"Slime Boss","floor":16,"turns":11},{"damage":4,"enemies":"2 Thieves","floor":18,"turns":4},{"damage":3,"enemies":"Spheric Guardian","floor":20,"turns":4},{"damage":16,"enemies":"Centurion and Healer","floor":21,"turns":5},{"damage":5,"enemies":"Shelled Parasite and Fungi","floor":22,"turns":4},{"damage":11,"enemies":"Book of Stabbing","floor":23,"turns":5},{"damage":0,"enemies":"Snecko","floor":27,"turns":4},{"damage":0,"enemies":"Snake Plant","floor":28,"turns":4},{"damage":91,"enemies":"Collector","floor":33,"turns":13},{"damage":0,"enemies":"3 Darklings","floor":35,"turns":6},{"damage":9,"enemies":"3 Shapes","floor":37,"turns":4},{"damage":71,"enemies":"R_Hoarder","floor":40,"turns":9},{"damage":6,"enemies":"3 Darklings","floor":42,"turns":4},{"damage":6,"enemies":"Sphere and 2 Shapes","floor":44,"turns":4},{"damage":0,"enemies":"Jaw Worm Horde","floor":46,"turns":5},{"damage":0,"enemies":"Spire Growth","floor":47,"turns":3},{"damage":0,"enemies":"Maw","floor":48,"turns":5},{"damage":26,"enemies":"Replay:Hell Engine","floor":50,"turns":13}],"seed_played":"3595887380682490164","potions_obtained":[{"floor":4,"key":"FairyPotion"},{"floor":16,"key":"Milkshake"},{"floor":18,"key":"Slimebound:ThreeZeroPotion"},{"floor":33,"key":"SteroidPotion"},{"floor":35,"key":"CultistPotion"},{"floor":44,"key":"Slimebound:ThreeZeroPotion"},{"floor":46,"key":"AttackPotion"}],"is_trial":false,"path_per_floor":["M","?","?","M","?","R","$","R","T","M","M","M","$","M","R","B",null,"M","?","M","M","M","E","$","R","T","M","M","$","?","?","R","B",null,"M","?","M","AVR","?","E","R","M","T","M","$","M","M","M","R","B",null],"character_chosen":"THE_SILENT","items_purchased":["Infinite Blades","Hidden Blade","MealTicket"],"campfire_rested":4,"item_purchase_floors":[13,24,45],"current_hp_per_floor":[80,80,58,58,58,58,58,58,58,58,58,52,52,51,51,21,84,80,80,77,61,56,45,45,70,70,70,70,70,70,70,84,42,84,84,51,42,42,73,2,23,17,17,11,11,26,26,26,47,36],"gold":144,"neow_bonus":"TWENTY_PERCENT_HP_BONUS","is_daily":false,"chose_seed":false,"campfire_upgraded":3,"win_rate":0.0,"timestamp":1613885178,"path_taken":["M","?","?","M","?","R","?","R","T","M","?","M","$","M","R","BOSS","M","?","M","M","M","E","$","R","T","M","M","?","?","?","R","BOSS","M","?","M","AVR","?","E","R","M","T","M","$","M","M","M","R","BOSS"],"items_purchased_type":["Card","Card","Relic"],"build_version":"2020-12-22","purchased_purges":2,"victory":true,"max_hp_per_floor":[84,84,84,84,84,84,84,84,84,84,84,84,84,84,84,84,84,84,84,84,84,84,84,84,84,84,84,84,84,84,84,84,84,84,84,84,84,84,73,73,73,73,73,73,73,73,73,73,73,73],"card_choices":[{"not_picked":["hubris:Counter","Acrobatics"],"picked":"Deadly Poison","floor":1},{"not_picked":["ReplayTheSpireMod:Black Plague","infinitespire:FinalStrike"],"picked":"infinitespire:Punishment","floor":3},{"not_picked":["Sucker Punch","Deflect","Reflex"],"picked":"SKIP","floor":4},{"not_picked":["Sucker Punch","Backflip","ReplayTheSpireMod:The Works","Catalyst"],"picked":"SKIP","floor":10},{"not_picked":["ReplayTheSpireMod:Speed Training","Night Terror","Slice","Prepared"],"picked":"SKIP","floor":11},{"not_picked":["Backflip","Dagger Throw","Acrobatics"],"picked":"Hidden Blade","floor":12},{"not_picked":["Sucker Punch","Dodge and Roll","Skewer","Heel Hook"],"picked":"SKIP","floor":14},{"not_picked":["Glass Knife","Die Die Die","Venomology"],"picked":"After Image","floor":16},{"not_picked":["Underhanded Strike+1","Poisoned Stab","hubris:SlightOfHand","Deadly Poison+1"],"picked":"SKIP","floor":18},{"not_picked":["Slice","Poisoned Stab","Dagger Throw+1"],"picked":"Blade Dance","floor":20},{"not_picked":["Quick Slash","ReplayTheSpireMod:Scrap Shanks","Acrobatics","Slice"],"picked":"SKIP","floor":21},{"not_picked":["Footwork+1","Escape Plan+1","Prepared","Poisoned Stab"],"picked":"SKIP","floor":22},{"not_picked":["ReplayTheSpireMod:Tripwire","Unload","All Out Attack","Noxious Fumes"],"picked":"SKIP","floor":23},{"not_picked":["Dodge and Roll+1","Cloak And Dagger","Underhanded Strike+1"],"picked":"Hidden Blade","floor":27},{"not_picked":["Riddle With Holes","ReplayTheSpireMod:Shiv Toss","Caltrops+1","Tactician+1"],"picked":"SKIP","floor":28},{"not_picked":["Adrenaline","Wraith Form v2","Replay:Bag of Tricks"],"picked":"After Image","floor":33},{"not_picked":["Quick Slash+1","Backstab+1","Catalyst+1"],"picked":"Blade Dance+1","floor":35},{"not_picked":["Prepared","Acrobatics","Escape Plan+1"],"picked":"Infinite Blades","floor":36},{"not_picked":["Dagger Throw","Crippling Poison","Escape Plan+1","hubris:SlightOfHand+1"],"picked":"SKIP","floor":37},{"not_picked":["Dodge and Roll","Malaise","Quick Slash","PiercingWail"],"picked":"SKIP","floor":40},{"not_picked":["Poisoned Stab+1","Acrobatics+1","ReplayTheSpireMod:The Works"],"picked":"Hidden Blade","floor":42},{"not_picked":["Acrobatics+1","Footwork","Deflect","Backflip"],"picked":"SKIP","floor":44},{"not_picked":["Toxin Wave","Bane","Eviscerate+1","Blur"],"picked":"SKIP","floor":46},{"not_picked":["Slice","Prepared","Deflect","PiercingWail+1"],"picked":"SKIP","floor":47},{"not_picked":["Bouncing Flask+1","Bullet Time","Prepared","Dagger Spray+1"],"picked":"SKIP","floor":48}],"player_experience":121766,"relics_obtained":[{"floor":2,"key":"Incense Burner"},{"floor":9,"key":"Question Card"},{"floor":23,"key":"Iron Hammer"},{"floor":26,"key":"Blue Doll"},{"floor":36,"key":"Whetstone"},{"floor":40,"key":"Centennial Puzzle"},{"floor":43,"key":"Bottled Tornado"}],"event_choices":[{"damage_healed":0,"gold_gain":0,"player_choice":"Ignored","damage_taken":0,"max_hp_gain":0,"max_hp_loss":0,"event_name":"Shining Light","floor":5,"gold_loss":0},{"damage_healed":0,"gold_gain":0,"player_choice":"Obtained Relic","damage_taken":0,"relics_obtained":["Lantern"],"max_hp_gain":0,"max_hp_loss":0,"event_name":"Addict","floor":19,"gold_loss":85},{"damage_healed":0,"gold_gain":0,"cards_transformed":["Strike_G","Strike_G"],"player_choice":"Became Test Subject","damage_taken":0,"max_hp_gain":0,"max_hp_loss":0,"event_name":"Drug Dealer","floor":30,"gold_loss":0,"cards_obtained":["Dagger Spray","ReplayTheSpireMod:The Works"]},{"damage_healed":0,"gold_gain":0,"player_choice":"Upgraded","damage_taken":0,"max_hp_gain":0,"max_hp_loss":0,"event_name":"Upgrade Shrine","floor":31,"gold_loss":0,"cards_upgraded":["Blade Dance"]},{"damage_healed":73,"gold_gain":0,"player_choice":"Heal","damage_taken":0,"max_hp_gain":0,"max_hp_loss":11,"event_name":"The Moai Head","floor":39,"gold_loss":0}],"is_beta":false,"boss_relics":[{"not_picked":["Replay:Grab Bag","Abe\u0027s Treasure"],"picked":"Fusion Hammer"},{"not_picked":["SlaversCollar","Ring of Chaos"],"picked":"Replay:Bronze Core"}],"items_purged_floors":[13,45],"is_endless":false,"potions_floor_spawned":[4,16,18,22,23,33,35,37,44,46],"ascension_level":0}}