{"host":"ga4s3hj9m6nkn6gp","time":1613908084,"event":{"mods":["AchievementEnabler","BaseMod","Bestiary","Colored Powertips","Highlight Path","Minty Spire (QoL Compilation)","Relic Stats","everything is the same but u backflip on backflip"],"gold_per_floor":[112,125,125,125,140,140,173,8,8,39,39,39,52,67,67,140,140,152,152,152,164,183,183,183,183,183,198,223,252,252,272,272,347,347,364,383,393,36,56,88,88,88,114,139,164,175,195,224,224,224,224,224,224,8,35,35,35],"floor_reached":56,"language":"ENG","playtime":2722,"items_purged":["Regret","Strike_G"],"score":1909,"play_id":"1433d31e-b8e6-45e8-9a1f-79c2cdd52451","local_time":"20210221124804","is_ascension_mode":true,"campfire_choices":[{"data":"Dagger Spray","floor":6.0,"key":"SMITH"},{"floor":11.0,"key":"REST"},{"data":"Wraith Form v2","floor":15.0,"key":"SMITH"},{"data":"Blade Dance","floor":23.0,"key":"SMITH"},{"data":"Terror","floor":25.0,"key":"SMITH"},{"floor":30.0,"key":"REST"},{"data":"Cloak And Dagger","floor":32.0,"key":"SMITH"},{"floor":41.0,"key":"REST"},{"floor":49.0,"key":"RECALL"},{"data":"Wraith Form v2","floor":53.0,"key":"SMITH"}],"circlet_count":0,"master_deck":["AscendersBane","Strike_G","Strike_G+1","Strike_G","Defend_G","Defend_G+1","Defend_G","Defend_G","Defend_G","Survivor","Neutralize","Blade Dance","Dagger Spray+1","Underhanded Strike","Crippling Poison","Terror+1","Predator+1","Wraith Form v2+1","Die Die Die+1","Cloak And Dagger+1","Blade Dance+1","Wraith Form v2+1","Riddle With Holes+1","Well Laid Plans+1","Cloak And Dagger+1","Bullet Time","Accuracy","PanicButton","Wraith Form v2+1","Expertise+1","PiercingWail","Calculated Gamble","Blade Dance+1","Venomology","Slice+1"],"relics":["Ring of the Snake","NeowsBlessing","White Beast Statue","Lantern","Molten Egg 2","Pocketwatch","WristBlade","Shuriken","Akabeko","Philosopher\u0027s Stone","Unceasing Top","Regal Pillow","MealTicket","Calipers","Nunchaku","Orrery","Mango"],"acts_visited":["Exordium","TheCity","TheBeyond","TheEnding"],"potions_floor_usage":[56,56],"damage_taken":[{"damage":0.0,"enemies":"Jaw Worm","floor":1.0,"turns":1.0},{"damage":0.0,"enemies":"2 Louse","floor":2.0,"turns":1.0},{"damage":0.0,"enemies":"Small Slimes","floor":5.0,"turns":1.0},{"damage":36.0,"enemies":"Lagavulin","floor":7.0,"turns":7.0},{"damage":6.0,"enemies":"Gremlin Nob","floor":10.0,"turns":3.0},{"damage":1.0,"enemies":"Looter","floor":13.0,"turns":3.0},{"damage":0.0,"enemies":"Large Slime","floor":14.0,"turns":4.0},{"damage":1.0,"enemies":"Slime Boss","floor":16.0,"turns":6.0},{"damage":23.0,"enemies":"2 Thieves","floor":18.0,"turns":3.0},{"damage":0.0,"enemies":"3 Byrds","floor":21.0,"turns":3.0},{"damage":6.0,"enemies":"Shelled Parasite and Fungi","floor":22.0,"turns":4.0},{"damage":0.0,"enemies":"Cultist and Chosen","floor":27.0,"turns":4.0},{"damage":17.0,"enemies":"Slavers","floor":29.0,"turns":4.0},{"damage":3.0,"enemies":"Snake Plant","floor":31.0,"turns":4.0},{"damage":33.0,"enemies":"Automaton","floor":33.0,"turns":8.0},{"damage":0.0,"enemies":"Orb Walker","floor":35.0,"turns":3.0},{"damage":3.0,"enemies":"3 Darklings","floor":36.0,"turns":3.0},{"damage":25.0,"enemies":"Sphere and 2 Shapes","floor":37.0,"turns":5.0},{"damage":4.0,"enemies":"Transient","floor":39.0,"turns":6.0},{"damage":5.0,"enemies":"Giant Head","floor":40.0,"turns":5.0},{"damage":3.0,"enemies":"Nemesis","floor":44.0,"turns":5.0},{"damage":1.0,"enemies":"Mind Bloom Boss Battle","floor":45.0,"turns":5.0},{"damage":0.0,"enemies":"4 Shapes","floor":46.0,"turns":3.0},{"damage":0.0,"enemies":"Sphere and 2 Shapes","floor":47.0,"turns":2.0},{"damage":2.0,"enemies":"Reptomancer","floor":48.0,"turns":6.0},{"damage":4.0,"enemies":"Donu and Deca","floor":50.0,"turns":8.0},{"damage":10.0,"enemies":"Awakened One","floor":51.0,"turns":9.0},{"damage":8.0,"enemies":"Shield and Spear","floor":55.0,"turns":5.0},{"damage":69,"enemies":"The Heart","floor":56,"turns":6}],"seed_played":"6962678020395819599","potions_obtained":[{"floor":1.0,"key":"AttackPotion"},{"floor":5.0,"key":"DuplicationPotion"},{"floor":7.0,"key":"CultistPotion"},{"floor":10.0,"key":"FairyPotion"},{"floor":16.0,"key":"BlessingOfTheForge"},{"floor":18.0,"key":"DuplicationPotion"},{"floor":33.0,"key":"SpeedPotion"},{"floor":35.0,"key":"Weak Potion"},{"floor":48.0,"key":"GamblersBrew"}],"is_trial":false,"path_per_floor":["M","M","?","?","M","R","E","$","T","E","R","?","M","M","R","B",null,"M","?","?","M","M","R","?","R","T","M","T","E","R","M","R","B",null,"M","M","M","$","M","E","R","?","T","E","?","M","M","E","R","B","B",null,"R","$","E","B"],"character_chosen":"THE_SILENT","items_purchased":["Terror","PanicButton","Wraith Form v2","Orrery","SkillPotion"],"campfire_rested":3,"item_purchase_floors":[8,38,38,54,54],"current_hp_per_floor":[59,59,52,52,52,52,16,16,16,10,29,9,8,8,8,7,51,28,28,28,28,22,22,22,22,22,22,22,5,24,21,21,18,54,54,51,26,26,22,17,36,36,36,33,32,32,32,30,30,26,16,51,51,63,69,0,0],"gold":35,"neow_bonus":"THREE_ENEMY_KILL","is_daily":false,"chose_seed":false,"campfire_upgraded":6,"win_rate":0.0,"timestamp":1613908084,"path_taken":["M","M","?","?","?","R","E","$","T","E","R","?","M","M","R","BOSS","M","?","?","M","?","R","?","R","T","?","?","E","R","M","R","BOSS","M","M","M","$","M","E","R","?","T","E","?","M","M","E","R","BOSS","BOSS","R","$","E","BOSS"],"items_purchased_type":["Card","Card","Card","Relic","Potion"],"build_version":"2020-12-22","purchased_purges":2,"victory":false,"max_hp_per_floor":[66,66,66,66,66,66,66,66,66,66,66,66,66,66,66,66,66,66,66,66,66,66,66,66,66,66,66,66,66,66,66,66,66,66,66,66,66,66,66,66,66,63,63,63,63,63,63,63,63,63,63,63,63,63,77,77,77],"relic_stats":{"Regal Pillow":0,"Nunchaku":[11],"counters":[29,127],"Shuriken":[73],"MealTicket":12,"obtain_stats":[{"Lantern":7,"Regal Pillow":43,"Calipers":45,"NeowsBlessing":0,"Mango":55,"White Beast Statue":4,"Akabeko":29,"Nunchaku":48,"WristBlade":17,"Shuriken":26,"Orrery":54,"Molten Egg 2":9,"Philosopher\u0027s Stone":34,"MealTicket":44,"Unceasing Top":40,"Ring of the Snake":0,"Pocketwatch":10},{"Lantern":4,"Regal Pillow":20,"Calipers":22,"NeowsBlessing":0,"Mango":28,"White Beast Statue":2,"Akabeko":13,"Nunchaku":25,"WristBlade":8,"Shuriken":11,"Orrery":27,"Molten Egg 2":4,"Philosopher\u0027s Stone":15,"MealTicket":21,"Unceasing Top":20,"Ring of the Snake":0,"Pocketwatch":5},{"Lantern":10,"Regal Pillow":78,"Calipers":88,"NeowsBlessing":0,"Mango":121,"White Beast Statue":2,"Akabeko":44,"Nunchaku":99,"WristBlade":26,"Shuriken":36,"Orrery":116,"Molten Egg 2":10,"Philosopher\u0027s Stone":56,"MealTicket":83,"Unceasing Top":78,"Ring of the Snake":0,"Pocketwatch":13}],"Unceasing Top":[0],"Ring of the Snake":[58],"Pocketwatch":[99]},"card_choices":[{"not_picked":["Finisher","Infinite Blades"],"picked":"Blade Dance","floor":1.0},{"not_picked":["Flying Knee","Heel Hook"],"picked":"Dagger Spray","floor":2.0},{"not_picked":["Outmaneuver","Reflex"],"picked":"Underhanded Strike","floor":5.0},{"not_picked":["PiercingWail","Prepared"],"picked":"Crippling Poison","floor":7.0},{"not_picked":["Dagger Spray+1","Cloak And Dagger"],"picked":"Predator+1","floor":10.0},{"not_picked":["PiercingWail","Acrobatics","Blur"],"picked":"SKIP","floor":13.0},{"not_picked":["Calculated Gamble","Prepared"],"picked":"Wraith Form v2","floor":14.0},{"not_picked":["Storm of Steel","Tools of the Trade"],"picked":"Die Die Die+1","floor":16.0},{"not_picked":["Setup+1","Tactician+1"],"picked":"Cloak And Dagger+1","floor":18.0},{"not_picked":["Footwork","Distraction","Acrobatics"],"picked":"SKIP","floor":21.0},{"not_picked":["Dodge and Roll","Sucker Punch+1","Quick Slash+1"],"picked":"SKIP","floor":22.0},{"not_picked":["Dagger Spray+1","Setup"],"picked":"Riddle With Holes+1","floor":27.0},{"not_picked":["Doppelganger","Backflip"],"picked":"Well Laid Plans+1","floor":29.0},{"not_picked":["Backflip","Choke+1"],"picked":"Cloak And Dagger","floor":31.0},{"not_picked":["A Thousand Cuts","Envenom"],"picked":"Bullet Time","floor":33.0},{"not_picked":["Dagger Spray+1","Noxious Fumes","Acrobatics"],"picked":"SKIP","floor":35.0},{"not_picked":["Footwork","Deadly Poison","Dodge and Roll"],"picked":"SKIP","floor":36.0},{"not_picked":["Outmaneuver","Flying Knee+1"],"picked":"Accuracy","floor":37.0},{"not_picked":["Underhanded Strike+1","Concentrate"],"picked":"Expertise+1","floor":39.0},{"not_picked":["Flying Knee+1","Dodge and Roll"],"picked":"PiercingWail","floor":40.0},{"not_picked":["Cloak And Dagger","Acrobatics"],"picked":"Calculated Gamble","floor":44.0},{"not_picked":["Backstab+1","Catalyst"],"picked":"Blade Dance+1","floor":45.0},{"not_picked":["PiercingWail","Bullet Time","Poisoned Stab+1"],"picked":"SKIP","floor":46.0},{"not_picked":["Masterful Stab+1","Deadly Poison","Setup"],"picked":"SKIP","floor":47.0},{"not_picked":["Dash+1","Deadly Poison","Underhanded Strike+1"],"picked":"SKIP","floor":48.0},{"not_picked":["Dagger Throw+1","Backflip"],"picked":"Venomology","floor":54.0},{"not_picked":["Dagger Spray+1","Quick Slash+1"],"picked":"Slice+1","floor":54.0},{"not_picked":["Expertise","Skewer+1","Noxious Fumes"],"picked":"SKIP","floor":55.0}],"player_experience":790085,"relics_obtained":[{"floor":7.0,"key":"Lantern"},{"floor":9.0,"key":"Molten Egg 2"},{"floor":10.0,"key":"Pocketwatch"},{"floor":26.0,"key":"Shuriken"},{"floor":29.0,"key":"Akabeko"},{"floor":40.0,"key":"Unceasing Top"},{"floor":43.0,"key":"Regal Pillow"},{"floor":44.0,"key":"MealTicket"},{"floor":45.0,"key":"Calipers"},{"floor":48.0,"key":"Nunchaku"},{"floor":55.0,"key":"Mango"}],"event_choices":[{"cards_removed":["Strike_G"],"damage_healed":0.0,"max_hp_gain":0.0,"max_hp_loss":0.0,"gold_gain":0.0,"event_name":"Golden Wing","player_choice":"Card Removal","floor":3.0,"gold_loss":0.0,"damage_taken":7.0},{"damage_healed":0.0,"max_hp_gain":0.0,"max_hp_loss":0.0,"gold_gain":0.0,"event_name":"Big Fish","player_choice":"Box","floor":4.0,"gold_loss":0.0,"damage_taken":0.0,"relics_obtained":["White Beast Statue"],"cards_obtained":["Regret"]},{"damage_healed":0.0,"max_hp_gain":0.0,"max_hp_loss":0.0,"gold_gain":0.0,"event_name":"Shining Light","player_choice":"Entered Light","floor":12.0,"gold_loss":0.0,"damage_taken":20.0,"cards_upgraded":["Strike_G","Defend_G"]},{"damage_healed":0.0,"max_hp_gain":0.0,"max_hp_loss":0.0,"gold_gain":0.0,"event_name":"The Library","player_choice":"Read","floor":19.0,"gold_loss":0.0,"damage_taken":0.0,"cards_obtained":["Blade Dance"]},{"damage_healed":0.0,"max_hp_gain":0.0,"max_hp_loss":0.0,"gold_gain":0.0,"event_name":"Duplicator","player_choice":"Copied","floor":20.0,"gold_loss":0.0,"damage_taken":0.0,"cards_obtained":["Wraith Form v2"]},{"damage_healed":0.0,"max_hp_gain":0.0,"max_hp_loss":0.0,"gold_gain":0.0,"event_name":"Lab","player_choice":"Got Potions","floor":24.0,"gold_loss":0.0,"damage_taken":0.0},{"damage_healed":0.0,"max_hp_gain":0.0,"max_hp_loss":3.0,"gold_gain":0.0,"event_name":"Winding Halls","player_choice":"Max HP","floor":42.0,"gold_loss":0.0,"damage_taken":0.0},{"damage_healed":0.0,"max_hp_gain":0.0,"max_hp_loss":0.0,"gold_gain":0.0,"event_name":"MindBloom","player_choice":"Fight","floor":45.0,"gold_loss":0.0,"damage_taken":0.0}],"is_beta":false,"boss_relics":[{"not_picked":["Runic Dome","Coffee Dripper"],"picked":"WristBlade"},{"not_picked":["SlaversCollar","Sozu"],"picked":"Philosopher\u0027s Stone"}],"items_purged_floors":[8,38],"is_endless":false,"potions_floor_spawned":[1,5,7,10,13,14,16,18,21,22,27,29,31,33,35,36,37,39,40,44,45,46,47,48,55],"killed_by":"The Heart","ascension_level":20}}