{"host":"i9wanet4r0ff4t9y","time":1613941768,"event":{"mods":["2.2 Compatiblity","Act Like it!","BaseMod","Bestiary","Better Altar","Better Match","Better Note","Better Sensory Stone","Better Skull","Better Third Choice","Better Vampires","BetterRewards","CapriCore","Colored Map","Curses Come First","Downfall","Hubris","Minty Spire (QoL Compilation)","Quick Restart","READ ME - Guardian Mod","READ ME - Snecko Mod","Relic Stats","Reliquary","Ruina","Say the Spire","Spicy Shops","StSLib","The Gatherer","Waifu the Spire"],"gold_per_floor":[115,115,134,149,169,169,169,187,237,237,237,237,296,312,312,415,415,415],"floor_reached":17,"language":"POL","playtime":438,"items_purged":[],"score":358,"play_id":"1f3ad87f-537f-4c5b-857b-0317a2a0d587","local_time":"20210221220928","is_ascension_mode":true,"campfire_choices":[{"floor":6.0,"key":"REST"},{"floor":10.0,"key":"REST"},{"data":"Rainbow","floor":15.0,"key":"SMITH"}],"circlet_count":0,"master_deck":["Strike_B","Strike_B","Strike_B","Strike_B","Defend_B","Defend_B","Defend_B","Defend_B","Zap","Dualcast","Leap","Storm","Go for the Eyes","Cold Snap","Double Energy+1","Defragment","Hello World","Sunder","Reinforced Body","Regret","Hello World","Redo","Compile Driver","Rainbow+1","Creative AI"],"relics":["Cracked Core","Calipers","reliquary:TuningFork","hubris:SphereOfDissonance","HandDrill","Dream Catcher","reliquary:PartyBalloon","Vajra","hubris:Towel","reliquary:RosewoodLute","hubris:VirtuousBlindfold"],"acts_visited":["Exordium","TheCity"],"potions_floor_usage":[],"damage_taken":[{"damage":0.0,"enemies":"2 Louse","floor":1.0,"turns":3.0},{"damage":7.0,"enemies":"Jaw Worm","floor":3.0,"turns":2.0},{"damage":0.0,"enemies":"Small Slimes","floor":4.0,"turns":3.0},{"damage":2.0,"enemies":"3 Louse","floor":5.0,"turns":3.0},{"damage":12.0,"enemies":"2 Fungi Beasts","floor":8.0,"turns":3.0},{"damage":1.0,"enemies":"3 Sentries","floor":13.0,"turns":4.0},{"damage":15.0,"enemies":"Lots of Slimes","floor":14.0,"turns":3.0},{"damage":23.0,"enemies":"Slime Boss","floor":16.0,"turns":9.0}],"seed_played":"-6360345356594912769","potions_obtained":[{"floor":4.0,"key":"AttackPotion"},{"floor":5.0,"key":"BlessingOfTheForge"},{"floor":8.0,"key":"hexamod:SoulburnPotion"},{"floor":13.0,"key":"GamblersBrew"},{"floor":16.0,"key":"FocusPotion"}],"is_trial":false,"path_per_floor":["M","?","M","M","M","R","?","M","T","R","?","?","?","M","R","B",null],"character_chosen":"DEFECT","items_purchased":["Calipers","reliquary:TuningFork","hubris:SphereOfDissonance","HandDrill","Dream Catcher","Leap","Storm","Go for the Eyes"],"campfire_rested":2,"item_purchase_floors":[0,0,0,0,0,0,0,0],"current_hp_per_floor":[27,27,20,20,18,40,40,28,28,50,50,50,49,34,34,11,59,59],"gold":415,"neow_bonus":"","is_daily":false,"chose_seed":false,"campfire_upgraded":1,"win_rate":0.0,"timestamp":1613941768,"path_taken":["M","?","M","M","M","R","?","M","T","R","?","?","?","?","R","BOSS"],"items_purchased_type":["Relic","Relic","Relic","Relic","Relic","Card","Card","Card"],"build_version":"2020-12-22","purchased_purges":0,"victory":false,"max_hp_per_floor":[75,75,75,75,75,75,75,75,75,75,75,75,75,75,75,75,75,75],"relic_stats":{"Dream Catcher":2,"counters":[37,125],"HandDrill":[34],"obtain_stats":[{"reliquary:Conveyor":2,"Calipers":0,"reliquary:PartyBalloon":7,"CeramicFish":2,"Vajra":40,"hubris:VirtuousBlindfold":17,"hubris:SlimyHat":0,"Empty Cage":34,"Ancient Tea Set":43,"ClockworkSouvenir":0,"reliquary:FerryPass":13,"reliquary:TridentHead":26,"Centennial Puzzle":46,"Dream Catcher":0,"hubris:Icosahedron":3,"Mummified Hand":9,"Prayer Wheel":0,"HandDrill":0,"Cracked Core":0,"Potion Belt":0,"Girya":11,"Golden Idol":3,"Oddly Smooth Stone":0,"hubris:SphereOfDissonance":0,"Orichalcum":39,"hubris:Towel":12,"reliquary:RosewoodLute":13,"MawBank":48,"reliquary:ExpiredCoupon":9,"reliquary:RustamsPendant":17,"reliquary:PorcupineQuills":0,"reliquary:Stiletto":0,"Bag of Marbles":31,"reliquary:TuningFork":0,"hubris:OldNail":14,"hubris:Potato":16},{"reliquary:Conveyor":1,"Calipers":29,"reliquary:PartyBalloon":33,"CeramicFish":9,"Vajra":25,"hubris:VirtuousBlindfold":37,"hubris:SlimyHat":8,"Empty Cage":22,"Ancient Tea Set":25,"ClockworkSouvenir":0,"reliquary:FerryPass":14,"reliquary:TridentHead":19,"Centennial Puzzle":27,"Dream Catcher":29,"hubris:Icosahedron":9,"Mummified Hand":11,"Prayer Wheel":8,"HandDrill":8,"Cracked Core":0,"Potion Belt":0,"Girya":13,"Golden Idol":1,"Oddly Smooth Stone":0,"hubris:SphereOfDissonance":29,"Orichalcum":24,"hubris:Towel":34,"reliquary:RosewoodLute":35,"MawBank":28,"reliquary:ExpiredCoupon":4,"reliquary:RustamsPendant":15,"reliquary:PorcupineQuills":8,"reliquary:Stiletto":0,"Bag of Marbles":21,"reliquary:TuningFork":29,"hubris:OldNail":14,"hubris:Potato":15},{"reliquary:Conveyor":4,"Calipers":95,"reliquary:PartyBalloon":106,"CeramicFish":31,"Vajra":88,"hubris:VirtuousBlindfold":125,"hubris:SlimyHat":29,"Empty Cage":83,"Ancient Tea Set":88,"ClockworkSouvenir":0,"reliquary:FerryPass":46,"reliquary:TridentHead":71,"Centennial Puzzle":90,"Dream Catcher":95,"hubris:Icosahedron":31,"Mummified Hand":36,"Prayer Wheel":29,"HandDrill":29,"Cracked Core":0,"Potion Belt":0,"Girya":42,"Golden Idol":4,"Oddly Smooth Stone":0,"hubris:SphereOfDissonance":95,"Orichalcum":86,"hubris:Towel":109,"reliquary:RosewoodLute":113,"MawBank":91,"reliquary:ExpiredCoupon":12,"reliquary:RustamsPendant":54,"reliquary:PorcupineQuills":29,"reliquary:Stiletto":0,"Bag of Marbles":76,"reliquary:TuningFork":95,"hubris:OldNail":46,"hubris:Potato":54}]},"card_choices":[{"not_picked":["Darkness","Coolheaded"],"picked":"Cold Snap","floor":1.0},{"not_picked":["Stack","Rebound"],"picked":"Defragment","floor":3.0},{"not_picked":["Stack","Force Field"],"picked":"Hello World","floor":4.0},{"not_picked":["Compile Driver","Storm"],"picked":"Sunder","floor":5.0},{"not_picked":["Redo","Turbo"],"picked":"Reinforced Body","floor":6.0},{"not_picked":["Rip and Tear","Redo"],"picked":"Hello World","floor":8.0},{"not_picked":["Hologram","Coolheaded"],"picked":"Redo","floor":10.0},{"not_picked":["Turbo","Hologram"],"picked":"Compile Driver","floor":13.0},{"not_picked":["hubris:PowerSurge","Cold Snap"],"picked":"Rainbow","floor":14.0},{"not_picked":["Multi-Cast","Amplify"],"picked":"Creative AI","floor":16.0}],"player_experience":479999,"relics_obtained":[{"floor":9.0,"key":"Vajra"},{"floor":13.0,"key":"reliquary:RosewoodLute"}],"event_choices":[{"damage_healed":0.0,"max_hp_gain":0.0,"max_hp_loss":0.0,"gold_gain":0.0,"event_name":"Big Fish","player_choice":"Box","floor":7.0,"gold_loss":0.0,"damage_taken":0.0,"relics_obtained":["reliquary:PartyBalloon"],"cards_obtained":["Regret"]},{"damage_healed":0.0,"max_hp_gain":0.0,"max_hp_loss":0.0,"gold_gain":0.0,"event_name":"Living Wall","player_choice":"Grow","floor":11.0,"gold_loss":0.0,"damage_taken":0.0,"cards_upgraded":["Double Energy"]},{"damage_healed":0.0,"max_hp_gain":0.0,"max_hp_loss":0.0,"gold_gain":30.0,"event_name":"Dead Adventurer","player_choice":"Searched \u00273\u0027 times","floor":13.0,"gold_loss":0.0,"damage_taken":0.0}],"is_beta":false,"boss_relics":[{"not_picked":["reliquary:RedCape","Coffee Dripper"],"picked":"hubris:VirtuousBlindfold"}],"items_purged_floors":[],"is_endless":false,"potions_floor_spawned":[4,5,8,13,16],"ascension_level":9}}