{"host":"nv1rw0372aj1kj6e","time":1613932291,"event":{"mods":["AchievementEnabler","BaseMod","Minty Spire (QoL Compilation)","Rare Cards Sparkle","Replay The Spire","StSLib","everything is the same but u backflip on backflip"],"gold_per_floor":[112,37,37,37,37,63,63,91,115,146,20,53,65,84,84,184,184,202,202,202,202,215,215,247,247,273,303,321,27,40,36,36,140,140,156,31,48,58,108,136,136,166,166,166,166,166,13,29,29,29],"floor_reached":51,"language":"ENG","playtime":4862,"items_purged":["Strike_G","Regret","Strike_G"],"score":1112,"play_id":"3a4e6819-973d-4a95-8a29-f3f0617c365c","local_time":"20210221193131","is_ascension_mode":true,"campfire_choices":[{"data":"Neutralize","floor":7,"key":"SMITH"},{"data":"Burst","floor":15,"key":"SMITH"},{"data":"Cloak And Dagger","floor":23,"key":"SMITH"},{"data":"Phantasmal Killer","floor":25,"key":"SMITH"},{"floor":32,"key":"REST"},{"floor":41,"key":"REST"},{"data":"Replay:Bag of Tricks","floor":44,"key":"SMITH"},{"data":"Envenom","floor":46,"key":"SMITH"},{"floor":49,"key":"REST"}],"circlet_count":0,"master_deck":["Strike_G","Strike_G","Defend_G","Defend_G","Defend_G","Survivor","Neutralize+1","Accuracy","Glass Knife+1","Sucker Punch","Burst+1","Backflip","Infinite Blades","Well Laid Plans","Phantasmal Killer+1","J.A.X.","Cloak And Dagger+1","Infinite Blades","Pot Of Greed+1","Pot Of Greed+1","Envenom+1","Accuracy","Blade Dance","Replay:Bag of Tricks+1","Pot Of Greed+1","Footwork+1","PiercingWail","Bullet Time","Accuracy","Finisher","Backstab+1"],"relics":["SlaversCollar","Centennial Puzzle","Replay:Rubber Ducky","Orichalcum","TungstenRod","ReplayFunnel","Painkiller Herb","Gremlin Horn","Grinning Jar","Bag of Preparation","Quantum Egg","Snake Skull","Toolbox","ReplayTheSpireMod:CursedCoin","Philosopher\u0027s Stone","Tingsha","ReplayTheSpireMod:Shallot","Replay:Ringing Soul","Replay:Bottled Eggs","Singing Bowl"],"acts_visited":["Exordium","TheCity","TheBeyond"],"potions_floor_usage":[6,12,16,33,40,42],"damage_taken":[{"damage":9,"enemies":"Jaw Worm","floor":1,"turns":5},{"damage":7,"enemies":"Lagavulin","floor":6,"turns":6},{"damage":2,"enemies":"3 Sentries","floor":8,"turns":7},{"damage":4,"enemies":"Lagavulin","floor":10,"turns":7},{"damage":2,"enemies":"Gremlin Nob","floor":12,"turns":4},{"damage":0,"enemies":"Small Slimes","floor":13,"turns":2},{"damage":0,"enemies":"2 Louse","floor":14,"turns":3},{"damage":0,"enemies":"Fading Forest","floor":16,"turns":11},{"damage":4,"enemies":"Shell Parasite","floor":18,"turns":6},{"damage":10,"enemies":"2 Thieves","floor":22,"turns":3},{"damage":12,"enemies":"Slavers","floor":24,"turns":3},{"damage":4,"enemies":"Book of Stabbing","floor":27,"turns":5},{"damage":0,"enemies":"Cultist and Chosen","floor":28,"turns":5},{"damage":0,"enemies":"Centurion and Healer","floor":30,"turns":3},{"damage":2,"enemies":"Champ","floor":33,"turns":4},{"damage":2,"enemies":"Orb Walker","floor":35,"turns":3},{"damage":10,"enemies":"3 Shapes","floor":37,"turns":3},{"damage":15,"enemies":"3 Darklings","floor":38,"turns":3},{"damage":0,"enemies":"Mind Bloom Boss Battle","floor":39,"turns":3},{"damage":0,"enemies":"Reptomancer","floor":40,"turns":2},{"damage":2,"enemies":"R_Hoarder","floor":42,"turns":5},{"damage":5,"enemies":"Spire Growth","floor":48,"turns":3},{"damage":4,"enemies":"Replay:Hell Engine","floor":50,"turns":6}],"seed_played":"5707079442271137767","potions_obtained":[{"floor":1,"key":"SpeedPotion"},{"floor":12,"key":"Energy Potion"},{"floor":22,"key":"Elixir"},{"floor":24,"key":"SteroidPotion"},{"floor":30,"key":"Milkshake"},{"floor":38,"key":"SkillPotion"},{"floor":42,"key":"CunningPotion"}],"is_trial":false,"path_per_floor":["M","$","?","?","?","E","R","E","T","E","$","E","M","M","R","B",null,"?","?","?","T","?","T","E","T","T","E","?","T","?","T","T","B",null,"?","T","?","?","?","E","T","E","T","T","T","T","T","?","T","B",null],"character_chosen":"THE_SILENT","items_purchased":["Infinite Blades","Block Potion","Snake Skull","Toolbox","ReplayTheSpireMod:CursedCoin","Blade Dance","Accuracy","Finisher"],"campfire_rested":3,"item_purchase_floors":[11,11,29,29,31,31,47,47],"current_hp_per_floor":[54,54,54,54,54,47,47,45,45,41,41,39,39,39,39,47,64,60,60,60,60,50,50,38,38,38,34,34,34,34,34,55,53,66,64,64,54,39,39,39,60,61,61,61,61,61,64,62,79,75],"gold":29,"neow_bonus":"BOSS_RELIC","is_daily":false,"chose_seed":false,"campfire_upgraded":6,"win_rate":0.0,"timestamp":1613932291,"path_taken":["M","$","?","?","?","E","R","E","T","E","$","E","M","M","R","BOSS","?","?","?","?","?","T","E","T","T","E","?","?","?","T","T","BOSS","?","T","?","?","?","E","T","E","T","T","?","T","T","?","T","BOSS"],"items_purchased_type":["Card","Potion","Relic","Relic","Relic","Card","Card","Card"],"build_version":"2020-12-22","purchased_purges":3,"victory":true,"max_hp_per_floor":[70,70,70,70,70,70,70,70,70,70,70,70,70,70,70,70,70,70,70,70,70,70,70,70,70,70,70,70,70,70,70,70,70,70,70,70,70,70,70,70,70,73,73,73,73,73,76,79,79,79],"card_choices":[{"not_picked":["Replay:Poison Smokescreen","Blur"],"picked":"Accuracy","floor":1},{"not_picked":["ReplayTheSpireMod:The Works","Sucker Punch","Replay:Poison Smokescreen"],"picked":"SKIP","floor":6},{"not_picked":["ReplayTheSpireMod:The Works","Sucker Punch","Replay:Poison Smokescreen"],"picked":"SKIP","floor":6},{"not_picked":["ReplayTheSpireMod:The Works","Sucker Punch","Replay:Poison Smokescreen"],"picked":"SKIP","floor":6},{"not_picked":["PiercingWail","Sucker Punch"],"picked":"Burst","floor":8},{"not_picked":["PiercingWail","Blur"],"picked":"Backflip","floor":10},{"not_picked":["Poisoned Stab","Dagger Throw","Dodge and Roll"],"picked":"SKIP","floor":12},{"not_picked":["Acrobatics","Distraction"],"picked":"Well Laid Plans","floor":13},{"not_picked":["Prepared","Bane","Sucker Punch"],"picked":"SKIP","floor":14},{"not_picked":["Die Die Die","Glass Knife"],"picked":"Phantasmal Killer","floor":16},{"not_picked":["Sucker Punch","ReplayTheSpireMod:Shiv Toss","Slice"],"picked":"SKIP","floor":18},{"not_picked":["Leg Sweep+1","Hidden Blade"],"picked":"Infinite Blades","floor":22},{"not_picked":["Sucker Punch+1","Dagger Throw","Bane"],"picked":"SKIP","floor":24},{"not_picked":["Deadly Poison","Heel Hook","Bouncing Flask"],"picked":"SKIP","floor":27},{"not_picked":["Prepared","ReplayTheSpireMod:The Works"],"picked":"Envenom","floor":28},{"not_picked":["Deadly Poison","Quick Slash"],"picked":"Accuracy","floor":30},{"not_picked":["ReplayTheSpireMod:Necrosis","Burst"],"picked":"Replay:Bag of Tricks","floor":33},{"not_picked":["Bane","Acrobatics+1"],"picked":"Footwork+1","floor":35},{"not_picked":["Outmaneuver","Heel Hook+1"],"picked":"PiercingWail","floor":37},{"not_picked":["Dodge and Roll","Quick Slash","Underhanded Strike+1"],"picked":"SKIP","floor":38},{"not_picked":["Riddle With Holes","Underhanded Strike","Terror"],"picked":"SKIP","floor":40},{"not_picked":["Crippling Poison+1","Dagger Spray"],"picked":"Bullet Time","floor":42},{"not_picked":["Slice+1","Hidden Blade+1"],"picked":"Backstab+1","floor":48}],"player_experience":222075,"relics_obtained":[{"floor":6,"key":"Centennial Puzzle"},{"floor":8,"key":"Replay:Rubber Ducky"},{"floor":9,"key":"Orichalcum"},{"floor":10,"key":"TungstenRod"},{"floor":12,"key":"ReplayFunnel"},{"floor":21,"key":"Gremlin Horn"},{"floor":24,"key":"Grinning Jar"},{"floor":26,"key":"Bag of Preparation"},{"floor":27,"key":"Quantum Egg"},{"floor":39,"key":"Tingsha"},{"floor":40,"key":"ReplayTheSpireMod:Shallot"},{"floor":42,"key":"Replay:Ringing Soul"},{"floor":43,"key":"Replay:Bottled Eggs"},{"floor":45,"key":"Singing Bowl"}],"event_choices":[{"damage_healed":0,"gold_gain":0,"cards_transformed":["Defend_G"],"player_choice":"Transformed","damage_taken":0,"max_hp_gain":0,"max_hp_loss":0,"event_name":"Transmorgrifier","floor":5,"gold_loss":0,"cards_obtained":["Sucker Punch"]},{"damage_healed":0,"gold_gain":0,"player_choice":"Obtain J.A.X.","damage_taken":0,"max_hp_gain":0,"max_hp_loss":0,"event_name":"Drug Dealer","floor":19,"gold_loss":0,"cards_obtained":["J.A.X."]},{"damage_healed":0,"gold_gain":0,"player_choice":"Read","damage_taken":0,"max_hp_gain":0,"max_hp_loss":0,"event_name":"The Library","floor":20,"gold_loss":0,"cards_obtained":["Cloak And Dagger"]},{"damage_healed":0,"gold_gain":0,"player_choice":"Fight","damage_taken":0,"max_hp_gain":0,"max_hp_loss":0,"event_name":"MindBloom","floor":39,"gold_loss":0}],"is_beta":false,"boss_relics":[{"not_picked":["Coffee Dripper","Snecko Eye"],"picked":"Painkiller Herb"},{"not_picked":["Fusion Hammer","ReplayTheSpireMod:DimensionalGlitch"],"picked":"Philosopher\u0027s Stone"}],"items_purged_floors":[2,31,36],"is_endless":false,"potions_floor_spawned":[1,12,22,24,30,38,42,48],"ascension_level":9}}