{"host":"64ub6hloe4gtkym4","time":1613916257,"event":{"mods":["AchievementEnabler","BaseMod","Colored Map","Colored Powertips","Googly Eyes","Hermit","Highlight Path","Hubris","Minty Spire (QoL Compilation)","Reliquary","Shop Mod","StSLib","The Construct","The Runesmith","The Servant 0.9.4"],"gold_per_floor":[115,80,80,9,25,25,42,42,42,19,19,33,60,60,60,159,159,176,176,189,189,189,189,202,202,228,228,241,241,241,143,143,244,244,259,259,259,57,57,57,107,107,107,107,123,123,142,153,153,153,153],"floor_reached":50,"language":"ENG","playtime":3840,"items_purged":["Writhe"],"score":449,"play_id":"345e8c5c-4eaf-41d9-bfca-49c8be97b56f","local_time":"20210221140417","is_ascension_mode":false,"campfire_choices":[{"data":"Auto Shields","floor":6.0,"key":"SMITH"},{"data":"Redo","floor":11.0,"key":"SMITH"},{"floor":15.0,"key":"REST"},{"floor":23.0,"key":"REST"},{"data":"Rainbow","floor":27,"key":"SMITH"},{"data":"Streamline","floor":29,"key":"SMITH"},{"floor":32,"key":"REST"},{"data":"Stack","floor":40,"key":"SMITH"},{"data":"Double Energy","floor":42,"key":"SMITH"},{"data":"Multi-Cast","floor":44,"key":"SMITH"},{"floor":49,"key":"REST"}],"circlet_count":0,"master_deck":["Strike_B+1","Strike_B+1","Strike_B+1","Defend_B+1","Defend_B+1","Defend_B+1","Defend_B+1","Zap+1","Dualcast","Auto Shields+1","Redo+1","Conserve Battery","Double Energy+1","Steam","Ball Lightning","Self Repair","White Noise+1","Rainbow+1","Streamline+1","Cold Snap","Reinforced Body","Machine Learning","Beam Cell","Stack+1","Multi-Cast+1","Compile Driver+1","Genetic Algorithm","Sweeping Beam","Ball Lightning+1","Capacitor","Chill+1"],"relics":["Cracked Core","Question Card","Odd Mushroom","reliquary:ThirdArm","reliquary:FerryPass","hubris:Backtick","Orichalcum","hubris:MedicalManual","hubris:PeanutButter","hubris:Towel"],"acts_visited":["Exordium","TheCity","TheBeyond"],"potions_floor_usage":[33,35,47,48],"damage_taken":[{"damage":3.0,"enemies":"Small Slimes","floor":1.0,"turns":3.0},{"damage":0.0,"enemies":"Cultist","floor":5.0,"turns":3.0},{"damage":0.0,"enemies":"2 Louse","floor":7.0,"turns":2.0},{"damage":7.0,"enemies":"Large Slime","floor":12.0,"turns":4.0},{"damage":11.0,"enemies":"The Mushroom Lair","floor":13.0,"turns":5.0},{"damage":28.0,"enemies":"Hexaghost","floor":16.0,"turns":11.0},{"damage":14.0,"enemies":"2 Thieves","floor":18.0,"turns":5.0},{"damage":18.0,"enemies":"Spheric Guardian","floor":20.0,"turns":6.0},{"damage":0.0,"enemies":"3 Cultists","floor":24.0,"turns":3.0},{"damage":5,"enemies":"Centurion and Healer","floor":28,"turns":7},{"damage":73,"enemies":"hubris:MusketHawk","floor":33,"turns":12},{"damage":43,"enemies":"3 Darklings","floor":35,"turns":8},{"damage":5,"enemies":"Mind Bloom Boss Battle","floor":41,"turns":10},{"damage":0,"enemies":"3 Shapes","floor":45,"turns":5},{"damage":41,"enemies":"Jaw Worm Horde","floor":47,"turns":7},{"damage":44,"enemies":"Maw","floor":48,"turns":8},{"damage":38,"enemies":"hubris:GrandSnecko","floor":50,"turns":6}],"seed_played":"8780656390347401865","potions_obtained":[{"floor":1.0,"key":"Swift Potion"},{"floor":13.0,"key":"LiquidMemories"},{"floor":28,"key":"EssenceOfSteel"},{"floor":33,"key":"Fire Potion"},{"floor":35,"key":"AttackPotion"},{"floor":41,"key":"Block Potion"}],"is_trial":false,"path_per_floor":["M","?","?","$","M","R","M","?","T","$","R","M","?","?","R","B",null,"M","?","M","?","?","R","M","?","T","R","M","R","?","$","R","B",null,"M","?","?","$","?","R","?","R","T","R","M","?","M","M","R","B"],"character_chosen":"DEFECT","items_purchased":["Redo","Conserve Battery","Ball Lightning","Beam Cell","Stack","Genetic Algorithm","Sweeping Beam"],"campfire_rested":4,"item_purchase_floors":[4,4,10,31,31,38,38],"current_hp_per_floor":[79,82,82,82,82,82,82,87,87,87,87,80,69,69,87,66,87,80,80,69,69,69,87,87,78,78,78,80,80,80,80,87,14,87,51,73,73,73,73,73,75,75,75,75,82,82,48,11,37,0,0],"gold":153,"neow_bonus":"TEN_PERCENT_HP_BONUS","is_daily":false,"chose_seed":false,"campfire_upgraded":7,"win_rate":0.0,"timestamp":1613916257,"path_taken":["M","?","?","$","?","R","M","?","T","$","R","M","?","?","R","BOSS","M","?","M","?","?","R","M","?","T","R","M","R","?","$","R","BOSS","M","?","?","$","?","R","?","R","T","R","M","?","M","M","R","BOSS"],"items_purchased_type":["Card","Card","Card","Card","Card","Card","Card"],"build_version":"2020-12-22","purchased_purges":1,"victory":false,"max_hp_per_floor":[82,82,82,82,82,82,82,87,87,87,87,87,87,87,87,87,87,87,87,87,87,87,87,87,87,87,87,87,87,87,87,87,87,87,87,87,87,87,87,87,87,87,87,87,87,87,87,87,87,87,87],"card_choices":[{"not_picked":["Ball Lightning","Conserve Battery"],"picked":"Auto Shields","floor":1.0},{"not_picked":["Gash","Turbo"],"picked":"Double Energy","floor":5.0},{"not_picked":["Skim","Conserve Battery"],"picked":"Steam","floor":7.0},{"not_picked":["BootSequence","Chill","Stack"],"picked":"Self Repair","floor":12.0},{"not_picked":["Skim","Conserve Battery","Beam Cell"],"picked":"White Noise","floor":13.0},{"not_picked":["Buffer","Seek","Biased Cognition"],"picked":"Rainbow","floor":16.0},{"not_picked":["Consume","Turbo","Go for the Eyes"],"picked":"Streamline","floor":18.0},{"not_picked":["Ball Lightning","Turbo","Go for the Eyes"],"picked":"Cold Snap","floor":20.0},{"not_picked":["Beam Cell","Redo","hubris:PowerSurge+1"],"picked":"Reinforced Body","floor":24},{"not_picked":["Heatsinks+1","Cold Snap","Hologram+1"],"picked":"Machine Learning","floor":28},{"not_picked":["Creative AI","Seek","Fission"],"picked":"Multi-Cast","floor":33},{"not_picked":["Conserve Battery","Gash","Streamline"],"picked":"Compile Driver+1","floor":35},{"not_picked":["Hologram+1","Beam Cell","Streamline"],"picked":"Ball Lightning+1","floor":41},{"not_picked":["Rebound","Steam","Turbo+1"],"picked":"Capacitor","floor":45},{"not_picked":["hubris:PowerSurge+1","Rebound+1","Fusion+1"],"picked":"Chill+1","floor":47},{"not_picked":["Compile Driver","Beam Cell+1","FTL","Streamline"],"picked":"SKIP","floor":48}],"player_experience":41139,"relics_obtained":[{"floor":9.0,"key":"Question Card"},{"floor":13.0,"key":"Odd Mushroom"},{"floor":26,"key":"reliquary:FerryPass"},{"floor":41,"key":"hubris:MedicalManual"},{"floor":43,"key":"hubris:PeanutButter"}],"event_choices":[{"damage_healed":20.0,"max_hp_gain":0.0,"max_hp_loss":0.0,"gold_gain":0.0,"event_name":"The Cleric","player_choice":"Healed","floor":2.0,"gold_loss":35.0,"damage_taken":0.0},{"damage_healed":0.0,"max_hp_gain":0.0,"max_hp_loss":0.0,"gold_gain":0.0,"event_name":"Upgrade Shrine","player_choice":"Upgraded","floor":3.0,"gold_loss":0.0,"damage_taken":0.0,"cards_upgraded":["Zap"]},{"damage_healed":0.0,"max_hp_gain":5.0,"max_hp_loss":0.0,"gold_gain":0.0,"event_name":"Big Fish","player_choice":"Donut","floor":8.0,"gold_loss":0.0,"damage_taken":0.0},{"damage_healed":0.0,"max_hp_gain":0.0,"max_hp_loss":0.0,"gold_gain":0.0,"event_name":"Mushrooms","player_choice":"Fought Mushrooms","floor":13.0,"gold_loss":0.0,"damage_taken":0.0},{"damage_healed":0.0,"max_hp_gain":0.0,"max_hp_loss":0.0,"gold_gain":0.0,"event_name":"Accursed Blacksmith","player_choice":"Forge","floor":14.0,"gold_loss":0.0,"damage_taken":0.0,"cards_upgraded":["White Noise"]},{"damage_healed":0.0,"max_hp_gain":0.0,"max_hp_loss":0.0,"gold_gain":0.0,"event_name":"Beggar","player_choice":"Ignored","floor":19.0,"gold_loss":0.0,"damage_taken":0.0},{"damage_healed":0.0,"max_hp_gain":0.0,"max_hp_loss":0.0,"gold_gain":0.0,"event_name":"Back to Basics","player_choice":"Simplicity","floor":22.0,"gold_loss":0.0,"damage_taken":0.0,"cards_upgraded":["Strike_B","Strike_B","Strike_B","Strike_B","Defend_B","Defend_B","Defend_B","Defend_B"]},{"damage_healed":0,"gold_gain":0,"player_choice":"Stopped","damage_taken":9,"max_hp_gain":0,"max_hp_loss":0,"event_name":"Cursed Tome","floor":25,"gold_loss":0},{"damage_healed":0,"gold_gain":0,"player_choice":"Ignored","damage_taken":0,"max_hp_gain":0,"max_hp_loss":0,"event_name":"The Mausoleum","floor":30,"gold_loss":0},{"damage_healed":22,"gold_gain":0,"player_choice":"Writhe","damage_taken":0,"max_hp_gain":0,"max_hp_loss":0,"event_name":"Winding Halls","floor":36,"gold_loss":0,"cards_obtained":["Writhe"]},{"damage_healed":0,"gold_gain":0,"player_choice":"Ignored","damage_taken":0,"max_hp_gain":0,"max_hp_loss":0,"event_name":"Tomb of Lord Red Mask","floor":37,"gold_loss":0},{"cards_removed":["Strike_B"],"damage_healed":0,"gold_gain":0,"player_choice":"Removed Attack","damage_taken":0,"max_hp_gain":0,"max_hp_loss":0,"event_name":"Falling","floor":39,"gold_loss":0},{"damage_healed":0,"gold_gain":0,"player_choice":"Fight","damage_taken":0,"max_hp_gain":0,"max_hp_loss":0,"event_name":"MindBloom","floor":41,"gold_loss":0}],"is_beta":false,"boss_relics":[{"not_picked":["Snecko Eye","Inserter"],"picked":"reliquary:ThirdArm"},{"not_picked":["Philosopher\u0027s Stone","Calling Bell"],"picked":"hubris:Backtick"}],"items_purged_floors":[38],"is_endless":false,"potions_floor_spawned":[1,13,28,33,35,41],"killed_by":"hubris:GrandSnecko","ascension_level":0}}