{"host":"s41rn2jhghpwfrvz","time":1613886951,"event":{"mods":["BaseMod","Minty Spire (QoL Compilation)","Quick Restart","Relic Stats","SuperFastMode"],"gold_per_floor":[118,129,54,104,120,120,153,153,153,170,82,97,107,135,135,207,207,225,235,125,141,151,151,177,202,202,202,232,232,262,272,272,348,348,360,378,396,396,410,441,441,474,474,509,538,18,50,50,50,50,50,50,50,50,84,84],"floor_reached":57,"language":"ENG","playtime":1680,"items_purged":["Prepared","Iron Wave+1"],"score":4130,"play_id":"21bc29d1-ad51-4810-b197-10601ddc941e","local_time":"20210221075551","daily_mods":["SealedDeck","Diverse","DeadlyEvents"],"is_ascension_mode":true,"campfire_choices":[{"data":"Body Slam","floor":6,"key":"SMITH"},{"data":"Entrench","floor":8,"key":"SMITH"},{"data":"Dark Embrace","floor":15,"key":"SMITH"},{"data":"Recycle","floor":23,"key":"SMITH"},{"floor":29,"key":"RECALL"},{"data":"Blur","floor":32,"key":"SMITH"},{"data":"Iron Wave","floor":41,"key":"SMITH"},{"floor":49,"key":"REST"},{"floor":53,"key":"REST"}],"circlet_count":0,"master_deck":["AscendersBane","Blade Dance+1","Acrobatics+1","Recycle+1","Entrench+1","Turbo+1","Body Slam+1","Blur+1","Dark Embrace+1"],"relics":["Burning Blood","Kunai","Bag of Preparation","Busted Crown","Boot","Self Forming Clay","War Paint","Nunchaku","SacredBark","Centennial Puzzle","Lizard Tail","Ginger","HornCleat","MawBank","Sundial","Strawberry","PreservedInsect","Frozen Egg 2","TungstenRod"],"acts_visited":["Exordium","TheCity","TheBeyond","TheEnding"],"potions_floor_usage":[7,56,56],"damage_taken":[{"damage":7,"enemies":"Jaw Worm","floor":1,"turns":3},{"damage":0,"enemies":"Cultist","floor":2,"turns":4},{"damage":2,"enemies":"Small Slimes","floor":5,"turns":2},{"damage":4,"enemies":"Gremlin Nob","floor":7,"turns":4},{"damage":9,"enemies":"Exordium Thugs","floor":10,"turns":3},{"damage":21,"enemies":"3 Louse","floor":12,"turns":4},{"damage":0,"enemies":"Lots of Slimes","floor":13,"turns":3},{"damage":0,"enemies":"3 Sentries","floor":14,"turns":5},{"damage":0,"enemies":"The Guardian","floor":16,"turns":5},{"damage":0,"enemies":"Spheric Guardian","floor":18,"turns":2},{"damage":9,"enemies":"Shell Parasite","floor":19,"turns":2},{"damage":0,"enemies":"Centurion and Healer","floor":21,"turns":2},{"damage":0,"enemies":"Snecko","floor":22,"turns":1},{"damage":0,"enemies":"Book of Stabbing","floor":24,"turns":3},{"damage":0,"enemies":"Gremlin Leader","floor":25,"turns":2},{"damage":0,"enemies":"Book of Stabbing","floor":28,"turns":1},{"damage":0,"enemies":"Slavers","floor":30,"turns":1},{"damage":0,"enemies":"Snake Plant","floor":31,"turns":1},{"damage":0,"enemies":"Champ","floor":33,"turns":3},{"damage":0,"enemies":"3 Shapes","floor":35,"turns":2},{"damage":0,"enemies":"Orb Walker","floor":36,"turns":1},{"damage":0,"enemies":"Sphere and 2 Shapes","floor":37,"turns":2},{"damage":0,"enemies":"Writhing Mass","floor":39,"turns":1},{"damage":0,"enemies":"Reptomancer","floor":40,"turns":1},{"damage":0,"enemies":"Giant Head","floor":42,"turns":1},{"damage":0,"enemies":"Nemesis","floor":44,"turns":1},{"damage":0,"enemies":"Giant Head","floor":45,"turns":1},{"damage":0,"enemies":"Reptomancer","floor":47,"turns":1},{"damage":0,"enemies":"Donu and Deca","floor":50,"turns":1},{"damage":0,"enemies":"Awakened One","floor":51,"turns":2},{"damage":0,"enemies":"Shield and Spear","floor":55,"turns":1},{"damage":3,"enemies":"The Heart","floor":56,"turns":4}],"seed_played":"-8716538714213778724","potions_obtained":[{"floor":2,"key":"FairyPotion"},{"floor":5,"key":"Explosive Potion"},{"floor":16,"key":"ColorlessPotion"},{"floor":31,"key":"FearPotion"},{"floor":44,"key":"LiquidBronze"}],"is_trial":true,"path_per_floor":["M","M","$","?","M","R","E","R","T","M","$","M","M","E","R","B",null,"M","M","?","M","M","R","E","E","T","?","E","R","E","M","R","B",null,"M","M","M","?","M","E","R","E","T","E","E","$","E","T","R","B","B",null,"R","$","E","B",null],"character_chosen":"IRONCLAD","items_purchased":["Dark Embrace","Sundial","Strawberry"],"campfire_rested":2,"item_purchase_floors":[11,46,46],"current_hp_per_floor":[67,73,73,66,70,70,72,72,72,69,69,54,60,66,66,72,74,75,72,72,75,75,75,75,75,75,75,75,75,75,75,75,75,75,75,75,75,65,71,75,75,75,75,75,75,82,82,82,82,82,82,82,82,82,82,82],"gold":84,"neow_bonus":"","is_daily":false,"chose_seed":false,"campfire_upgraded":6,"win_rate":0.0,"timestamp":1613886951,"path_taken":["M","M","$","?","M","R","E","R","T","M","$","M","M","E","R","BOSS","M","?","?","M","M","R","E","?","T","?","?","R","E","?","R","BOSS","M","M","?","?","M","E","R","E","T","E","?","$","?","?","R","BOSS","BOSS","R","$","E","BOSS"],"items_purchased_type":["Card","Relic","Relic"],"build_version":"2020-12-22","purchased_purges":2,"victory":true,"max_hp_per_floor":[75,75,75,75,75,75,75,75,75,75,75,75,75,75,75,75,75,75,75,75,75,75,75,75,75,75,75,75,75,75,75,75,75,75,75,75,75,75,75,75,75,75,75,75,75,82,82,82,82,82,82,82,82,82,82,82],"relic_stats":{"counters":[32,70],"Self Forming Clay":[9],"PreservedInsect":77,"Bag of Preparation":[48],"Ginger":[2],"War Paint":["Acrobatics","Turbo"],"Boot":[210],"MawBank":12,"Burning Blood":77,"Nunchaku":[25],"Centennial Puzzle":[1],"Lizard Tail":0,"Busted Crown":46,"Sundial":[28],"Kunai":[141],"obtain_stats":[{"Self Forming Clay":25,"SacredBark":34,"PreservedInsect":47,"Bag of Preparation":14,"Ginger":43,"War Paint":28,"Frozen Egg 2":48,"Boot":24,"MawBank":45,"Burning Blood":0,"Nunchaku":30,"Centennial Puzzle":40,"Lizard Tail":42,"Busted Crown":17,"HornCleat":44,"Sundial":46,"Strawberry":46,"Kunai":9,"TungstenRod":55},{"Self Forming Clay":15,"SacredBark":19,"PreservedInsect":28,"Bag of Preparation":8,"Ginger":25,"War Paint":16,"Frozen Egg 2":28,"Boot":14,"MawBank":27,"Burning Blood":0,"Nunchaku":17,"Centennial Puzzle":24,"Lizard Tail":25,"Busted Crown":9,"HornCleat":26,"Sundial":27,"Strawberry":27,"Kunai":4,"TungstenRod":31},{"Self Forming Clay":45,"SacredBark":51,"PreservedInsect":62,"Bag of Preparation":28,"Ginger":59,"War Paint":46,"Frozen Egg 2":62,"Boot":43,"MawBank":61,"Burning Blood":0,"Nunchaku":47,"Centennial Puzzle":58,"Lizard Tail":59,"Busted Crown":33,"HornCleat":60,"Sundial":61,"Strawberry":61,"Kunai":13,"TungstenRod":66}],"TungstenRod":4},"card_choices":[{"not_picked":["Ball Lightning","Armaments","Rip and Tear"],"picked":"SKIP","floor":1},{"not_picked":["CrushJoints","Steam Power","Thunderclap"],"picked":"SKIP","floor":2},{"not_picked":["Auto Shields","Havoc","Evaluate"],"picked":"SKIP","floor":5},{"not_picked":["Fission","Conserve Battery","BowlingBash"],"picked":"SKIP","floor":7},{"not_picked":["Slice","BowlingBash","Go for the Eyes"],"picked":"SKIP","floor":10},{"not_picked":["Leap","Bane","Conclude"],"picked":"SKIP","floor":12},{"not_picked":["Body Slam","Dodge and Roll","Go for the Eyes"],"picked":"SKIP","floor":13},{"not_picked":["Finisher","Anger","Sweeping Beam"],"picked":"SKIP","floor":14},{"not_picked":["ClearTheMind+1"],"picked":"SKIP","floor":18},{"not_picked":["Blur"],"picked":"SKIP","floor":19},{"not_picked":["Coolheaded"],"picked":"SKIP","floor":21},{"not_picked":["SashWhip"],"picked":"SKIP","floor":22},{"not_picked":["Tantrum"],"picked":"SKIP","floor":24},{"not_picked":["Swivel"],"picked":"SKIP","floor":25},{"not_picked":["Perseverance"],"picked":"SKIP","floor":28},{"not_picked":["Sucker Punch"],"picked":"SKIP","floor":30},{"not_picked":["Iron Wave"],"picked":"SKIP","floor":31},{"not_picked":["Deadly Poison"],"picked":"SKIP","floor":35},{"not_picked":["Pummel"],"picked":"SKIP","floor":36},{"not_picked":["Perseverance+1"],"picked":"SKIP","floor":37},{"not_picked":["FearNoEvil+1"],"picked":"SKIP","floor":39},{"not_picked":["Evaluate+1"],"picked":"SKIP","floor":40},{"not_picked":["Heel Hook+1"],"picked":"SKIP","floor":42},{"not_picked":["SashWhip"],"picked":"SKIP","floor":44},{"not_picked":["DeusExMachina"],"picked":"SKIP","floor":45},{"not_picked":["Wild Strike"],"picked":"SKIP","floor":47},{"not_picked":["Stack"],"picked":"SKIP","floor":55}],"player_experience":1976340,"relics_obtained":[{"floor":9,"key":"Kunai"},{"floor":14,"key":"Bag of Preparation"},{"floor":24,"key":"Boot"},{"floor":25,"key":"Self Forming Clay"},{"floor":28,"key":"War Paint"},{"floor":30,"key":"Nunchaku"},{"floor":40,"key":"Centennial Puzzle"},{"floor":42,"key":"Lizard Tail"},{"floor":43,"key":"Ginger"},{"floor":44,"key":"HornCleat"},{"floor":45,"key":"MawBank"},{"floor":47,"key":"PreservedInsect"},{"floor":48,"key":"Frozen Egg 2"},{"floor":55,"key":"TungstenRod"}],"event_choices":[{"damage_healed":0,"gold_gain":50,"player_choice":"Touch","damage_taken":7,"max_hp_gain":0,"max_hp_loss":0,"event_name":"FaceTrader","floor":4,"gold_loss":0},{"cards_removed":["FTL"],"damage_healed":0,"gold_gain":0,"player_choice":"Upgrade and Remove","damage_taken":0,"max_hp_gain":0,"max_hp_loss":0,"event_name":"Designer","floor":20,"gold_loss":110,"cards_upgraded":["Blade Dance"]},{"damage_healed":0,"gold_gain":0,"cards_transformed":["Backstab"],"player_choice":"Transformed","damage_taken":0,"max_hp_gain":0,"max_hp_loss":0,"event_name":"Transmorgrifier","floor":27,"gold_loss":0,"cards_obtained":["Iron Wave"]},{"damage_healed":0,"gold_gain":0,"player_choice":"Memory 3","damage_taken":10,"max_hp_gain":0,"max_hp_loss":0,"event_name":"SensoryStone","floor":38,"gold_loss":0}],"is_beta":false,"boss_relics":[{"not_picked":["Philosopher\u0027s Stone","Calling Bell"],"picked":"Busted Crown"},{"not_picked":["Sozu","Tiny House"],"picked":"SacredBark"}],"items_purged_floors":[3,46],"is_endless":false,"potions_floor_spawned":[2,5,16,19,24,30,31,33,35,40,44,45,47],"ascension_level":20}}