{"host":"mpvt08kax8preffg","time":1613931447,"event":{"mods":["AchievementEnabler","BaseMod","Bestiary","Colored Map","Highlight Path","Minty Spire (QoL Compilation)","Replay The Spire","StSLib","The Dragon Tamer"],"gold_per_floor":[119,194,207,207,224,255,275,275,275,285,298,13,13,13,13,13,13,115,115,130,130,18,18,18,18,29,44,71,83,83,100,100,120,120,120,120,120],"floor_reached":35,"language":"ENG","playtime":4415,"items_purged":[],"score":334,"play_id":"14743c4a-4938-466c-877f-2fadee008c8e","local_time":"20210221101727","is_ascension_mode":false,"metric_token":595,"campfire_choices":[{"data":"DTMod:SwitchingTactic","floor":8,"key":"SMITH"},{"data":"DTMod:SneakAttack","floor":17,"key":"SMITH"},{"data":"DTMod:InvisibleFlame","floor":25,"key":"SMITH"},{"data":"DTMod:MagiciansMark","floor":30,"key":"SMITH"},{"data":"DTMod:SneakAttack","floor":32,"key":"SMITH"},{"floor":34,"key":"DIG"}],"dtmod_dragon_data":[12,50,3,-1,14,0],"circlet_count":0,"master_deck":["DTMod:DoubleHit","DTMod:TargetDefense","DTMod:TargetDefense","DTMod:TargetDefense","DTMod:TargetDefense","DTMod:SwitchingTactic+1","DTMod:FlameSlash","DTMod:CrossStep+1","DTMod:Hide","DTMod:LastStand","DTMod:LightShield","DTMod:MagiciansMark+1","DTMod:ShieldDrain","Chrysalis+1","DTMod:Training","DTMod:SneakAttack+1","DTMod:LightShield","DTMod:SneakAttack+1","Ghostly","Ghostly","Ghostly","Ghostly","Ghostly","DTMod:BreakAttack+1","DTMod:InvisibleFlame+1","Bite","Bite","Bite","Bite","Bite","DTMod:StarRain+1","DTMod:FlameSlash","DTMod:Hide+1","DTMod:BlueScale+1","DTMod:MaximumCharge"],"relics":["DTMod:PactStone","NeowsBlessing","Replay:Bottled Eggs","HornCleat","Painkiller Herb","Bag of Preparation","Orichalcum"],"acts_visited":["Exordium","TheCity"],"potions_floor_usage":[18,18],"damage_taken":[{"damage":0,"enemies":"Cultist","floor":1,"turns":1},{"damage":0,"enemies":"2 Louse","floor":3,"turns":2},{"damage":0,"enemies":"Small Slimes","floor":5,"turns":1},{"damage":10,"enemies":"Lagavulin","floor":6,"turns":8},{"damage":0,"enemies":"3 Louse","floor":7,"turns":3},{"damage":0,"enemies":"Blue Slaver","floor":10,"turns":6},{"damage":0,"enemies":"Looter","floor":11,"turns":4},{"damage":25,"enemies":"Fading Forest","floor":18,"turns":11},{"damage":13,"enemies":"3 Byrds","floor":20,"turns":9},{"damage":3,"enemies":"Chosen","floor":26,"turns":8},{"damage":0,"enemies":"Snecko","floor":27,"turns":5},{"damage":0,"enemies":"Snake Plant","floor":29,"turns":4},{"damage":0,"enemies":"Chosen and Byrds","floor":31,"turns":6},{"damage":10,"enemies":"Snecko","floor":33,"turns":5},{"damage":10,"enemies":"Collector","floor":35,"turns":4}],"seed_played":"5727920310169160422","potions_obtained":[{"floor":5,"key":"Strength Potion"},{"floor":7,"key":"Energy Potion"},{"floor":11,"key":"Venom Potion"},{"floor":18,"key":"Languid Potion"}],"is_trial":false,"path_per_floor":["M","?","M","?","M","E","M","R","T","M","M","$","?","PTL","PTL","?","R","B",null,"?","?","T","?","?","T","?","?","T","?","T","?","T","?","T","B"],"character_chosen":"THE_DT","items_purchased":["Chrysalis","DTMod:Training","DTMod:SneakAttack","DTMod:BreakAttack+1","DTMod:InvisibleFlame"],"campfire_rested":0,"item_purchase_floors":[12,12,12,22,22],"current_hp_per_floor":[45,34,34,34,34,24,24,24,24,24,24,24,24,24,24,35,35,10,45,32,22,22,15,12,12,9,12,12,12,12,12,12,4,4,0,0,0],"gold":120,"neow_bonus":"THREE_ENEMY_KILL","is_daily":false,"chose_seed":false,"campfire_upgraded":5,"win_rate":0.0,"timestamp":1613931447,"path_taken":["M","?","M","?","?","E","?","R","T","M","M","?","?","PTL","PTL","?","R","BOSS","?","?","T","?","?","T","?","?","T","?","T","?","T","?","T","BOSS"],"items_purchased_type":["Card","Card","Card","Card","Card"],"build_version":"2020-12-22","purchased_purges":0,"victory":false,"max_hp_per_floor":[45,45,45,45,45,45,45,45,45,45,45,45,45,45,45,45,45,45,45,45,22,22,15,12,12,12,12,12,12,12,12,12,12,12,12,12,12],"card_choices":[{"not_picked":["DTMod:BuildUp","DTMod:BizarreTactic"],"picked":"DTMod:FlameSlash","floor":1},{"not_picked":["DTMod:BuildUp","DTMod:BurningEnergy"],"picked":"DTMod:CrossStep","floor":3},{"not_picked":["DTMod:BlazingStrike","DTMod:MagicField"],"picked":"DTMod:Hide","floor":5},{"not_picked":["DTMod:GhostSkin","DTMod:Hide"],"picked":"DTMod:LastStand","floor":6},{"not_picked":["DTMod:ComboAttack","DTMod:MasterPlan"],"picked":"DTMod:LightShield","floor":7},{"not_picked":["DTMod:BlazingStrike","DTMod:Dissolve"],"picked":"DTMod:MagiciansMark","floor":10},{"not_picked":["DTMod:MasterPlan","DTMod:MaximumCharge"],"picked":"DTMod:ShieldDrain","floor":11},{"not_picked":["DTMod:ExcessFootwork","DTMod:Outburst"],"picked":"DTMod:LightShield","floor":18},{"not_picked":["DTMod:Feint","DTMod:BurningEnergy"],"picked":"DTMod:SneakAttack","floor":20},{"not_picked":["DTMod:RecklessFlurry","DTMod:MagiciansMark"],"picked":"DTMod:StarRain+1","floor":26},{"not_picked":["DTMod:Feint","DTMod:Weaken"],"picked":"DTMod:FlameSlash","floor":27},{"not_picked":["DTMod:CleansingStrike+1","DTMod:BurningEnergy"],"picked":"DTMod:Hide+1","floor":29},{"not_picked":["DTMod:Feint+1","DTMod:BreakAttack"],"picked":"DTMod:BlueScale+1","floor":31},{"not_picked":["DTMod:Training","DTMod:MagicField"],"picked":"DTMod:MaximumCharge","floor":33}],"player_experience":16127,"relics_obtained":[{"floor":6,"key":"Replay:Bottled Eggs"},{"floor":9,"key":"HornCleat"},{"floor":28,"key":"Bag of Preparation"},{"floor":34,"key":"Orichalcum"}],"event_choices":[{"damage_healed":0,"gold_gain":75,"player_choice":"Gather Gold","damage_taken":11,"max_hp_gain":0,"max_hp_loss":0,"event_name":"World of Goop","floor":2,"gold_loss":0},{"damage_healed":0,"gold_gain":0,"player_choice":"Ignored","damage_taken":0,"max_hp_gain":0,"max_hp_loss":0,"event_name":"NoteForYourself","floor":4,"gold_loss":0},{"damage_healed":11,"gold_gain":0,"player_choice":"Healed and dodged fight","damage_taken":0,"max_hp_gain":0,"max_hp_loss":0,"event_name":"Mushrooms","floor":16,"gold_loss":0,"cards_obtained":["Parasite"]},{"damage_healed":0,"gold_gain":0,"player_choice":"Became a Ghost","damage_taken":0,"max_hp_gain":0,"max_hp_loss":23,"event_name":"Ghosts","floor":21,"gold_loss":0,"cards_obtained":["Ghostly","Ghostly","Ghostly","Ghostly","Ghostly"]},{"damage_healed":0,"gold_gain":0,"player_choice":"Became a vampire","damage_taken":0,"max_hp_gain":0,"max_hp_loss":7,"event_name":"Vampires","floor":23,"gold_loss":0,"cards_obtained":["Bite","Bite","Bite","Bite","Bite"]},{"cards_removed":["Parasite"],"damage_healed":0,"gold_gain":0,"player_choice":"Elegance","damage_taken":0,"max_hp_gain":0,"max_hp_loss":0,"event_name":"Back to Basics","floor":24,"gold_loss":0}],"is_beta":false,"boss_relics":[{"not_picked":["Ring of Chaos","Astrolabe"],"picked":"Painkiller Herb"}],"items_purged_floors":[],"is_endless":false,"potions_floor_spawned":[5,7,11,18,29,33],"killed_by":"Collector","ascension_level":0}}