{"host":"p0hktren06injwdf","time":1613876198,"event":{"mods":["AchievementEnabler","BaseMod","Colored Map","DeckTracker","Minty Spire (QoL Compilation)","Permanent Neow","StSLib","SuperFastMode"],"gold_per_floor":[115,115,115,15,30,30,65,84,84,84,97,57,76,151,151,229,229,244,244,244,259,269,269,269,269],"floor_reached":24,"language":"KOR","playtime":391,"items_purged":[],"score":392,"play_id":"d4f47cd8-07ec-4bc7-b4ed-ae1c7cb40f1e","local_time":"20210221115638","is_ascension_mode":true,"campfire_choices":[{"data":"All Out Attack","floor":6.0,"key":"SMITH"},{"floor":15.0,"key":"REST"},{"floor":23,"key":"REST"}],"circlet_count":0,"master_deck":["AscendersBane","Strike_G","Strike_G","Strike_G","Strike_G","Defend_G","Defend_G","Defend_G","Survivor","Neutralize","Catalyst","All Out Attack+1","Footwork","Slice","Bane","Blade Dance+1","PiercingWail+1","Dodge and Roll+1","Infinite Blades","Finisher","Envenom","Deflect+1","Acrobatics+1"],"relics":["Ring of the Snake","Toxic Egg 2","Darkstone Periapt","Fusion Hammer"],"acts_visited":["Exordium","TheCity"],"potions_floor_usage":[16],"damage_taken":[{"damage":1.0,"enemies":"Small Slimes","floor":1.0,"turns":5.0},{"damage":4.0,"enemies":"2 Louse","floor":5.0,"turns":2.0},{"damage":25.0,"enemies":"3 Sentries","floor":7.0,"turns":8.0},{"damage":5.0,"enemies":"Jaw Worm","floor":8.0,"turns":4.0},{"damage":4.0,"enemies":"Red Slaver","floor":11.0,"turns":2.0},{"damage":0.0,"enemies":"3 Louse","floor":13.0,"turns":1.0},{"damage":15,"enemies":"Hexaghost","floor":16,"turns":12},{"damage":20,"enemies":"Shell Parasite","floor":18,"turns":5},{"damage":0,"enemies":"Chosen","floor":21,"turns":3},{"damage":21,"enemies":"Snecko","floor":22,"turns":6},{"damage":38,"enemies":"Book of Stabbing","floor":24,"turns":4}],"seed_played":"-1668689835304016479","potions_obtained":[{"floor":1.0,"key":"LiquidBronze"},{"floor":7.0,"key":"Dexterity Potion"},{"floor":16,"key":"BlessingOfTheForge"}],"is_trial":false,"path_per_floor":["M","?","?","$","M","R","E","M","T","?","M","$","M","?","R","B",null,"M","?","?","M","M","R","E"],"character_chosen":"THE_SILENT","items_purchased":["Footwork","Slice","Infinite Blades"],"campfire_rested":2,"item_purchase_floors":[4,4,12],"current_hp_per_floor":[58,51,56,56,52,52,27,22,22,22,18,18,18,7,28,13,57,37,37,37,37,16,37,0,0],"gold":269,"neow_bonus":"TRANSFORM_CARD","is_daily":false,"chose_seed":false,"campfire_upgraded":1,"win_rate":0.0,"timestamp":1613876198,"path_taken":["M","?","?","?","M","R","E","?","T","?","M","$","M","?","R","BOSS","M","?","?","M","M","R","E"],"items_purchased_type":["Card","Card","Card"],"build_version":"2020-12-22","purchased_purges":0,"victory":false,"max_hp_per_floor":[66,66,71,71,71,71,71,71,71,71,71,71,71,71,71,71,71,71,71,71,71,71,71,71,71],"card_choices":[{"not_picked":["Masterful Stab","Slice"],"picked":"All Out Attack","floor":1.0},{"not_picked":["All Out Attack","Setup"],"picked":"Bane","floor":5.0},{"not_picked":["Finisher","Noxious Fumes"],"picked":"Blade Dance+1","floor":7.0},{"not_picked":["Acrobatics+1","Skewer"],"picked":"PiercingWail+1","floor":8.0},{"not_picked":["Quick Slash","Well Laid Plans"],"picked":"Dodge and Roll+1","floor":11.0},{"not_picked":["Slice","Acrobatics+1"],"picked":"Finisher","floor":13.0},{"not_picked":["Grand Finale","Unload"],"picked":"Envenom","floor":16},{"not_picked":["Underhanded Strike+1","Bane"],"picked":"Deflect+1","floor":18},{"not_picked":["Riddle With Holes","Deadly Poison+1"],"picked":"Acrobatics+1","floor":21},{"not_picked":["Caltrops","Acrobatics+1","Deflect+1"],"picked":"SKIP","floor":22}],"player_experience":1095631,"relics_obtained":[{"floor":7.0,"key":"Toxic Egg 2"},{"floor":9.0,"key":"Darkstone Periapt"}],"event_choices":[{"cards_removed":["Defend_G"],"damage_healed":0.0,"max_hp_gain":0.0,"max_hp_loss":0.0,"gold_gain":0.0,"event_name":"Golden Wing","player_choice":"Card Removal","floor":2.0,"gold_loss":0.0,"damage_taken":7.0},{"damage_healed":0.0,"max_hp_gain":5.0,"max_hp_loss":0.0,"gold_gain":0.0,"event_name":"Big Fish","player_choice":"Donut","floor":3.0,"gold_loss":0.0,"damage_taken":0.0},{"damage_healed":0.0,"max_hp_gain":0.0,"max_hp_loss":0.0,"gold_gain":0.0,"event_name":"Scrap Ooze","player_choice":"Fled","floor":10.0,"gold_loss":0.0,"damage_taken":0.0},{"damage_healed":0.0,"max_hp_gain":0.0,"max_hp_loss":0.0,"gold_gain":75.0,"event_name":"World of Goop","player_choice":"Gather Gold","floor":14.0,"gold_loss":0.0,"damage_taken":11.0},{"cards_removed":["Strike_G"],"damage_healed":0,"gold_gain":0,"player_choice":"Elegance","damage_taken":0,"max_hp_gain":0,"max_hp_loss":0,"event_name":"Back to Basics","floor":19,"gold_loss":0},{"damage_healed":0,"gold_gain":0,"player_choice":"Ignored","damage_taken":0,"max_hp_gain":0,"max_hp_loss":0,"event_name":"Ghosts","floor":20,"gold_loss":0}],"is_beta":false,"boss_relics":[{"not_picked":["Runic Dome","Ectoplasm"],"picked":"Fusion Hammer"}],"items_purged_floors":[],"is_endless":false,"potions_floor_spawned":[1,7,16],"killed_by":"Book of Stabbing","ascension_level":20}}