{"host":"p5axfb00mxhraew6","time":1613903918,"event":{"mods":["100% Spire Juice","Abigail Mod","Act Like it!","BaseMod","CapriCore","Friendly Minions","GifTheSpireLib","Jedi Mod","KomeijiMod","MarisaÅiñ∂âJÅ@ñÇóùçπÅj","Minty Spire (QoL Compilation)","Prisma Mod","ReimuÅiîé??öÎÅj","RemiliaÅiÂQïƒ‰ª?Åj","SOSÅiézîb?îVéqÅj","StSLib","Td1madao Mod","The Alterego","The Immortal","The Problem Sleuth","Yakumo Yukari mod"],"gold_per_floor":[133,133,143,143,161,161,186,186,186,214,232,8,36,52,52,126,126,141,22,32,32,49,49,49],"floor_reached":23,"language":"ENG","playtime":1104,"items_purged":["AT_purpleEX"],"score":472,"play_id":"c0b453d4-0236-45d5-90a5-d466b02963a2","local_time":"20210221193838","is_ascension_mode":true,"campfire_choices":[{"data":"RuptureOfTimeAndSpace_purple","floor":6.0,"key":"SMITH"},{"data":"Umbrella_purple","floor":8.0,"key":"SMITH"},{"floor":15.0,"key":"REST"}],"circlet_count":0,"master_deck":["AscendersBane","AT_purpleEX","AT_purpleEX","Defend_purpleEX","Defend_purpleEX","Defend_purpleEX","Observe_purple_1","Observe_purple_2+1","Boundary_of_Extermination_purpleEX","RuptureOfTimeAndSpace_purple+1","Umbrella_purple+1","MonsterNeedle_purple","Fancifulhole_purple","Mirror_WaveAndshot_purple","Shallow_ocean_purpleEX","WangLiang_OokamiKakushi_purple","StateErode_purple","Mirror_FourBoundary_purple+1","MonsterNeedle_purple","DimensionStaggered_purple+1","Mirror_WaveAndshot_purple"],"relics":["Boundary_crack","Memoryfragments_purpleEX","jedi:HeartOfTheCards","Nunchaku","Art of War","Blood Vial","StoneCalendar","Philosopher\u0027s Stone"],"acts_visited":["Exordium","TheCity"],"potions_floor_usage":[20,23],"damage_taken":[{"damage":16.0,"enemies":"Small Slimes","floor":1.0,"turns":4.0},{"damage":3.0,"enemies":"2 Louse","floor":3.0,"turns":4.0},{"damage":0.0,"enemies":"Cultist","floor":5.0,"turns":4.0},{"damage":34.0,"enemies":"3 Sentries","floor":7.0,"turns":11.0},{"damage":6.0,"enemies":"Lagavulin","floor":10.0,"turns":8.0},{"damage":0.0,"enemies":"2 Fungi Beasts","floor":11.0,"turns":3.0},{"damage":6.0,"enemies":"3 Sentries","floor":13.0,"turns":2.0},{"damage":0.0,"enemies":"Looter","floor":14.0,"turns":3.0},{"damage":17.0,"enemies":"Hexaghost","floor":16.0,"turns":4.0},{"damage":16,"enemies":"2 Thieves","floor":18,"turns":3},{"damage":7,"enemies":"Shell Parasite","floor":20,"turns":3},{"damage":0,"enemies":"Snecko","floor":22,"turns":5},{"damage":47,"enemies":"Slavers","floor":23,"turns":6}],"seed_played":"1343539235852490793","potions_obtained":[{"floor":5.0,"key":"GrandPatriotsElixir:ReiMu"},{"floor":7.0,"key":"jedi:tentaclejuice"},{"floor":10.0,"key":"GrandPatriotsElixir:ReiMu"},{"floor":11.0,"key":"CultistPotion"},{"floor":18,"key":"Energy Potion"},{"floor":20,"key":"PowerPotion"}],"is_trial":false,"path_per_floor":["M","?","M","?","M","R","E","R","T","E","M","$","E","M","R","B",null,"M","$","M","?","M","E"],"character_chosen":"Youkari","items_purchased":["Blood Vial","Shallow_ocean_purpleEX","MonsterNeedle_purple"],"campfire_rested":1,"item_purchase_floors":[12,12,19],"current_hp_per_floor":[45,45,47,40,44,44,15,15,15,14,17,17,14,16,35,22,54,40,40,36,36,39,0,0],"gold":49,"neow_bonus":"UPGRADE_CARD","is_daily":false,"chose_seed":false,"campfire_upgraded":2,"win_rate":0.0,"timestamp":1613903918,"path_taken":["M","?","M","?","M","R","E","R","T","E","M","$","E","M","R","BOSS","M","$","M","?","?","E"],"items_purchased_type":["Relic","Card","Card"],"build_version":"2020-12-22","purchased_purges":1,"victory":false,"max_hp_per_floor":[65,65,65,65,65,65,65,65,65,65,65,65,65,65,65,65,65,65,65,65,65,65,65,65],"card_choices":[{"not_picked":["Line_surface_state_purple","ButterflyHabitatTemple_purple","Erosivefilter_purple"],"picked":"SKIP","floor":1.0},{"not_picked":["SharpContractionReality_purple","Boundary_of_Extermination_purpleEX"],"picked":"RuptureOfTimeAndSpace_purple","floor":3.0},{"not_picked":["Shallow_ocean_purpleEX","AdvanceAttack_purple"],"picked":"Umbrella_purple","floor":5.0},{"not_picked":["StateDuplicate_purple","Umbrella_purple"],"picked":"MonsterNeedle_purple","floor":7.0},{"not_picked":["Photoelasticity_Doppler_Effect_purple","Boundary_DreamRealityDamnation_purple"],"picked":"Fancifulhole_purple","floor":10.0},{"not_picked":["Line_surface_state_purple","Photoelasticity_Doppler_Effect_purple"],"picked":"Mirror_WaveAndshot_purple","floor":11.0},{"not_picked":["WorldDissolvedintheRealm_purple","Boundary_ObjectiveBoundary_purple"],"picked":"WangLiang_OokamiKakushi_purple","floor":13.0},{"not_picked":["Boundary_LightAndDark_purple","SfantasyHide_purple"],"picked":"StateErode_purple","floor":14.0},{"not_picked":["Charmbait_purple","Boundary_of_Extermination_purpleEX"],"picked":"Mirror_FourBoundary_purple+1","floor":18},{"not_picked":["Mirror_FourBoundary_purple+1","Mirror_FormAndEmptin_purple"],"picked":"DimensionStaggered_purple","floor":20},{"not_picked":["Erosivefilter_purple","Fantasy_PerpetualMotionMachine_purple"],"picked":"Mirror_WaveAndshot_purple","floor":22}],"player_experience":1244512,"relics_obtained":[{"floor":7.0,"key":"jedi:HeartOfTheCards"},{"floor":9.0,"key":"Nunchaku"},{"floor":10.0,"key":"Art of War"},{"floor":13.0,"key":"StoneCalendar"}],"event_choices":[{"damage_healed":0.0,"max_hp_gain":0.0,"max_hp_loss":0.0,"gold_gain":0.0,"cards_transformed":["AT_purpleEX"],"event_name":"Living Wall","player_choice":"Change","floor":2.0,"gold_loss":0.0,"damage_taken":0.0,"cards_obtained":["Boundary_of_Extermination_purpleEX"]},{"cards_removed":["Defend_purpleEX"],"damage_healed":0.0,"max_hp_gain":0.0,"max_hp_loss":0.0,"gold_gain":0.0,"event_name":"Golden Wing","player_choice":"Card Removal","floor":4.0,"gold_loss":0.0,"damage_taken":7.0},{"damage_healed":0,"gold_gain":0,"player_choice":"Forge","damage_taken":0,"max_hp_gain":0,"max_hp_loss":0,"event_name":"Accursed Blacksmith","floor":21,"gold_loss":0,"cards_upgraded":["DimensionStaggered_purple"]}],"is_beta":false,"boss_relics":[{"not_picked":["Tiny House","Seventeenyearold_girl_Forever"],"picked":"Philosopher\u0027s Stone"}],"items_purged_floors":[19],"is_endless":false,"potions_floor_spawned":[5,7,10,11,18,20],"killed_by":"Slavers","ascension_level":20}}