{"host":"3knbl8zxdy69ze8y","time":1613916987,"event":{"mods":["Bard","BaseMod","Colored Map","Hermit","Minty Spire (QoL Compilation)","Smile Girya","StSLib","The Teller","The Widow"],"gold_per_floor":[110,127,127,77,92,120,135,135,161,187,197,272,272,272,272,371,371,384,395,445,463,463,494,494,524,524,524,558,571,571,581,581,679,679,691,691,707,722,490,490,525,525,525,525,551,551,551,562,562,562,562,562,64,93,93,93],"floor_reached":55,"language":"ENG","playtime":4432,"items_purged":["Parasite","Bite"],"score":768,"play_id":"e2a9ef82-0883-4c96-8a72-3e30568e42ad","local_time":"20210221061627","is_ascension_mode":false,"campfire_choices":[{"data":"theWidow:Desperation","floor":8,"key":"SMITH"},{"data":"theWidow:Ironthread","floor":13,"key":"SMITH"},{"floor":15,"key":"REST"},{"data":"theWidow:Harden","floor":24,"key":"SMITH"},{"floor":27,"key":"REST"},{"data":"theWidow:Injection","floor":30,"key":"SMITH"},{"data":"theWidow:SludgeWave","floor":32,"key":"SMITH"},{"data":"theWidow:RotaryBlade","floor":40,"key":"SMITH"},{"data":"theWidow:RotaryBlade+1","floor":42,"key":"SMITH"},{"data":"theWidow:RotaryBlade+2","floor":44,"key":"SMITH"},{"floor":46,"key":"RECALL"},{"floor":49,"key":"REST"},{"data":"theWidow:RotaryBlade+3","floor":52,"key":"SMITH"}],"circlet_count":0,"master_deck":["theWidow:DefendWidow","theWidow:DefendWidow","theWidow:DefendWidow","theWidow:Steelweave","theWidow:StringShot+1","theWidow:Infect","theWidow:Entrap","theWidow:Desperation+1","theWidow:Ironthread+1","theWidow:Toxic","theWidow:SadisticIntent","theWidow:Gash","theWidow:FissionAnvil+1","theWidow:VenomStrike","theWidow:Harden+2","theWidow:ExplosiveKick","Bite","Bite","Bite","Bite","theWidow:Injection+1","theWidow:JunkHeap","theWidow:SludgeWave+1","theWidow:TheBigOne","theWidow:Scrapper+1","theWidow:RotaryBlade+5","theWidow:Vengeful","theWidow:Underfoot+1","theWidow:Spiderbite+1","theWidow:BlackVenom","Mayhem","theWidow:Exploit+1","PanicButton"],"relics":["theWidow:CyberheartRelic","Boot","Strawberry","Oddly Smooth Stone","Whetstone","Matryoshka","Velvet Choker","theWidow:BlackBoxRelic","WingedGreaves","Dream Catcher","Kunai","Meat on the Bone","Sozu","Chemical X","Ginger","Omamori","Incense Burner","Membership Card","Mercury Hourglass","Letter Opener","theWidow:SewingKitRelic"],"acts_visited":["Exordium","TheCity","TheBeyond","TheEnding"],"potions_floor_usage":[6,23,23,23,25,33,50,50],"damage_taken":[{"damage":0,"enemies":"2 Louse","floor":1,"turns":3},{"damage":0,"enemies":"Jaw Worm","floor":2,"turns":5},{"damage":0,"enemies":"Small Slimes","floor":5,"turns":4},{"damage":17,"enemies":"Gremlin Nob","floor":6,"turns":4},{"damage":13,"enemies":"Gremlin Gang","floor":7,"turns":4},{"damage":8,"enemies":"Lagavulin","floor":10,"turns":7},{"damage":5,"enemies":"Looter","floor":11,"turns":3},{"damage":16,"enemies":"The Guardian","floor":16,"turns":14},{"damage":6,"enemies":"3 Byrds","floor":18,"turns":5},{"damage":17,"enemies":"Spheric Guardian","floor":19,"turns":5},{"damage":0,"enemies":"Snecko","floor":21,"turns":5},{"damage":39,"enemies":"Book of Stabbing","floor":23,"turns":7},{"damage":30,"enemies":"Gremlin Leader","floor":25,"turns":8},{"damage":20,"enemies":"Slavers","floor":28,"turns":8},{"damage":33,"enemies":"Centurion and Healer","floor":29,"turns":23},{"damage":7,"enemies":"Sentry and Sphere","floor":31,"turns":5},{"damage":30,"enemies":"Automaton","floor":33,"turns":11},{"damage":16,"enemies":"3 Shapes","floor":35,"turns":8},{"damage":8,"enemies":"Orb Walker","floor":37,"turns":2},{"damage":32,"enemies":"Writhing Mass","floor":38,"turns":10},{"damage":5,"enemies":"Nemesis","floor":41,"turns":9},{"damage":31,"enemies":"Reptomancer","floor":45,"turns":6},{"damage":19,"enemies":"4 Shapes","floor":48,"turns":8},{"damage":53,"enemies":"Awakened One","floor":50,"turns":9},{"damage":42,"enemies":"Shield and Spear","floor":54,"turns":9},{"damage":40,"enemies":"The Heart","floor":55,"turns":5}],"seed_played":"-8059881931837060344","potions_obtained":[{"floor":2,"key":"Swift Potion"},{"floor":5,"key":"AttackPotion"},{"floor":11,"key":"EntropicBrew"},{"floor":23,"key":"SteroidPotion"},{"floor":28,"key":"SmokeBomb"},{"floor":33,"key":"Ancient Potion"}],"is_trial":false,"path_per_floor":["M","M","?","?","M","E","M","R","T","E","M","?","R","T","R","B",null,"M","M","?","M","?","E","R","E","T","R","E","M","R","M","R","B",null,"M","?","M","M","$","R","E","R","T","R","E","R","?","M","R","B",null,"R","$","E","B"],"character_chosen":"THE_WIDOW","items_purchased":["Chemical X","Membership Card","PanicButton","Mercury Hourglass","Letter Opener"],"campfire_rested":3,"item_purchase_floors":[39,53,53,53,53],"current_hp_per_floor":[82,82,75,75,75,65,52,52,52,44,39,28,28,28,54,38,89,83,66,66,66,62,25,25,18,18,36,30,61,61,62,62,52,62,48,48,45,40,40,40,48,48,48,48,40,40,40,29,45,21,56,56,56,36,0,0],"gold":93,"neow_bonus":"TEN_PERCENT_HP_BONUS","is_daily":false,"chose_seed":false,"campfire_upgraded":9,"win_rate":0.0,"timestamp":1613916987,"path_taken":["M","M","?","?","M","E","?","R","T","E","M","?","R","?","R","BOSS","M","M","?","?","?","E","R","E","T","R","E","M","R","M","R","BOSS","M","?","M","M","$","R","E","R","T","R","E","R","?","M","R","BOSS","R","$","E","BOSS"],"items_purchased_type":["Relic","Relic","Card","Relic","Relic"],"build_version":"2020-12-22","purchased_purges":2,"victory":false,"max_hp_per_floor":[82,82,82,82,82,89,89,89,89,89,89,89,89,89,89,89,89,89,89,89,89,62,62,62,62,62,62,62,62,62,62,62,62,62,62,59,59,59,56,56,56,56,56,56,56,56,56,56,56,56,56,56,56,56,56,56],"card_choices":[{"not_picked":["theWidow:Toxic","theWidow:InForTheKill"],"picked":"theWidow:Infect","floor":1},{"not_picked":["theWidow:JunkHeap","theWidow:GeminiBot2"],"picked":"theWidow:Entrap","floor":2},{"not_picked":["theWidow:SadisticIntent","theWidow:ImprovisedExplosive"],"picked":"theWidow:Desperation","floor":5},{"not_picked":["theWidow:HydraulicLimbs","theWidow:Refine"],"picked":"theWidow:Ironthread","floor":6},{"not_picked":["theWidow:ExtraCompartment","theWidow:Weld"],"picked":"theWidow:Toxic","floor":7},{"not_picked":["theWidow:Stinger","theWidow:Spinnerets"],"picked":"theWidow:SadisticIntent","floor":10},{"not_picked":["theWidow:Entrap","theWidow:Ironthread"],"picked":"theWidow:Gash","floor":11},{"not_picked":["theWidow:Dysphoria","theWidow:BombLauncher"],"picked":"theWidow:FissionAnvil","floor":16},{"not_picked":["theWidow:Entrap","theWidow:Restock"],"picked":"theWidow:VenomStrike","floor":18},{"not_picked":["theWidow:Skitter","theWidow:Neurojack+1"],"picked":"theWidow:Harden","floor":19},{"not_picked":["theWidow:Skitter","theWidow:Desperation"],"picked":"theWidow:ExplosiveKick","floor":21},{"not_picked":["theWidow:FissionAnvil","theWidow:Scrapper+1"],"picked":"theWidow:Injection","floor":23},{"not_picked":["theWidow:SpiderDance","theWidow:Nanobots"],"picked":"theWidow:JunkHeap","floor":25},{"not_picked":["theWidow:Entrap","theWidow:UnstableCell"],"picked":"theWidow:SludgeWave","floor":27},{"not_picked":["theWidow:SludgeWave","theWidow:ExtraCompartment"],"picked":"theWidow:TheBigOne","floor":28},{"not_picked":["theWidow:ExtraCompartment","theWidow:Refine","theWidow:BackupBattery"],"picked":"SKIP","floor":29},{"not_picked":["theWidow:ExplosiveKick","theWidow:Scrapskin"],"picked":"theWidow:Scrapper+1","floor":31},{"not_picked":["theWidow:FusionScythe","theWidow:Injection"],"picked":"theWidow:RotaryBlade","floor":33},{"not_picked":["theWidow:Cocoon","theWidow:UnstableCell"],"picked":"theWidow:Vengeful","floor":35},{"not_picked":["theWidow:UnstableCell","theWidow:EggClutch+1","theWidow:Hide"],"picked":"SKIP","floor":37},{"not_picked":["theWidow:Scrapper+1","theWidow:Refine+1"],"picked":"theWidow:Underfoot+1","floor":38},{"not_picked":["theWidow:Nanobots+1","theWidow:Refine+1"],"picked":"theWidow:Spiderbite+1","floor":41},{"not_picked":["theWidow:Spinnerets","theWidow:Stinger"],"picked":"theWidow:BlackVenom","floor":45},{"not_picked":["Swift Strike","Sadistic Nature"],"picked":"Mayhem","floor":47},{"not_picked":["theWidow:JunkHeap","theWidow:Iterate"],"picked":"theWidow:Exploit+1","floor":48},{"not_picked":["theWidow:ExtraCompartment+1","theWidow:SelfImprovement","theWidow:Skitter"],"picked":"SKIP","floor":54}],"player_experience":824467,"relics_obtained":[{"floor":6,"key":"Strawberry"},{"floor":9,"key":"Oddly Smooth Stone"},{"floor":10,"key":"Whetstone"},{"floor":14,"key":"Matryoshka"},{"floor":23,"key":"theWidow:BlackBoxRelic"},{"floor":25,"key":"WingedGreaves"},{"floor":26,"key":"Dream Catcher"},{"floor":26,"key":"Kunai"},{"floor":28,"key":"Meat on the Bone"},{"floor":41,"key":"Ginger"},{"floor":43,"key":"Omamori"},{"floor":45,"key":"Incense Burner"},{"floor":54,"key":"theWidow:SewingKitRelic"}],"event_choices":[{"damage_healed":0,"gold_gain":0,"player_choice":"Success","damage_taken":7,"relics_obtained":["Boot"],"max_hp_gain":0,"max_hp_loss":0,"event_name":"Scrap Ooze","floor":3,"gold_loss":0},{"cards_removed":["theWidow:DefendWidow"],"damage_healed":0,"gold_gain":0,"player_choice":"Card Removal","damage_taken":0,"max_hp_gain":0,"max_hp_loss":0,"event_name":"The Cleric","floor":4,"gold_loss":50},{"damage_healed":0,"gold_gain":75,"player_choice":"Gather Gold","damage_taken":11,"max_hp_gain":0,"max_hp_loss":0,"event_name":"World of Goop","floor":12,"gold_loss":0},{"damage_healed":0,"gold_gain":100,"player_choice":"Bet on Murderer","damage_taken":0,"max_hp_gain":0,"max_hp_loss":0,"event_name":"The Joust","floor":20,"gold_loss":50},{"damage_healed":0,"gold_gain":0,"player_choice":"Became a vampire","damage_taken":0,"max_hp_gain":0,"max_hp_loss":27,"event_name":"Vampires","floor":22,"gold_loss":0,"cards_obtained":["Bite","Bite","Bite","Bite","Bite"]},{"damage_healed":0,"gold_gain":0,"player_choice":"Max HP","damage_taken":0,"max_hp_gain":0,"max_hp_loss":3,"event_name":"Winding Halls","floor":36,"gold_loss":0},{"damage_healed":0,"gold_gain":0,"player_choice":"Memory 1","damage_taken":0,"max_hp_gain":0,"max_hp_loss":0,"event_name":"SensoryStone","floor":47,"gold_loss":0}],"is_beta":false,"boss_relics":[{"not_picked":["Runic Pyramid","Pandora\u0027s Box"],"picked":"Velvet Choker"},{"not_picked":["Snecko Eye","Runic Dome"],"picked":"Sozu"}],"items_purged_floors":[39,53],"is_endless":false,"potions_floor_spawned":[2,5,11,23,28,31,33,35,54],"killed_by":"The Heart","ascension_level":0}}