{"host":"lnfs5t5iydkm2lft","time":1613881030,"event":{"mods":["AchievementEnabler","Aspiration","BaseMod","Better Third Choice","BetterRewards","Colored Powertips","Downfall","Hermit","Hubris","Infinite Spire","Marisa????????","Minty Spire (QoL Compilation)","Quick Restart","Reliquary","Replay The Spire","StSLib","The Runesmith","TheBandit","everything is the same but u backflip on backflip"],"gold_per_floor":[117,127,127,142,158,158,185,185,185,185,202,267,294,99,99,202,202,217,227,238,238,39,39,39,66,66,66,93,113,113,123,123,218,218,232,243,262,262,274,274,308,308,308,8,56,56,22,50,50,50,50,50,8,33,33,33],"floor_reached":55,"language":"ENG","playtime":2774,"items_purged":["Strike_G","Strike_G","Defend_G"],"score":998,"play_id":"98e85ed7-e0c8-4eb5-92c6-5dffc87a0b2d","local_time":"20210220221710","is_ascension_mode":true,"campfire_choices":[{"data":"Poisoned Stab","floor":6,"key":"SMITH"},{"floor":8,"key":"REST"},{"data":"Dash","floor":10,"key":"SMITH"},{"floor":15,"key":"RECALL"},{"data":"Neutralize","floor":23,"key":"SMITH"},{"floor":27,"key":"REST"},{"data":"Poison Darts","floor":32,"key":"SMITH"},{"floor":40,"key":"REST"},{"data":"Toxin Wave","floor":42,"key":"SMITH"},{"data":"Replay:Dark Deal","floor":52,"key":"SMITH"}],"circlet_count":0,"master_deck":["Strike_G","Strike_G","Strike_G","Defend_G","Defend_G","Survivor","Neutralize+1","Masterful Stab+1","Poisoned Stab+1","Dash+1","Escape Plan","Toxin Wave+1","Distraction","Poison Darts+1","Flying Knee+1","Backflip+1","Dash+1","Deflect+1","PiercingWail+1","Catalyst+1","Malaise+1","Dodge and Roll+1","Poisoned Stab","Replay:Dark Deal+1","Well Laid Plans","Caltrops+1","Setup","Replay:Sssssssssshield","hubris:Counter+1"],"relics":["Ring of the Snake","TwistedFunnel","StoneCalendar","ReplayTheSpireMod:Ninjato","reliquary:PurpleTingedLeaf","BargainBundle","hubris:ScarierMask","Membership Card","Replay:Blank Codex","hubris:AstralHammer","Pondfish Scales","Whetstone","WingedGreaves","WristBlade","Replay:PocketPolymizer","reliquary:QuartzCube","Sling","Ninja Scroll","hubris:MedicalManual","reliquary:Knoch"],"acts_visited":["Exordium","TheCity","TheBeyond","TheEnding"],"potions_floor_usage":[5,12,13,16,16,16,18,33,33,33,33,33,35,39,39,41,41,41,50,50,50,50,55],"damage_taken":[{"damage":0,"enemies":"Small Slimes","floor":1,"turns":2},{"damage":0,"enemies":"Cultist","floor":2,"turns":4},{"damage":0,"enemies":"Jaw Worm","floor":4,"turns":3},{"damage":3,"enemies":"3 Louse","floor":5,"turns":3},{"damage":18,"enemies":"Replay:BlueRogue","floor":7,"turns":6},{"damage":0,"enemies":"Exordium Thugs","floor":11,"turns":2},{"damage":0,"enemies":"3 Sentries","floor":12,"turns":6},{"damage":20,"enemies":"Lagavulin","floor":13,"turns":5},{"damage":40,"enemies":"Fading Forest","floor":16,"turns":11},{"damage":8,"enemies":"Shell Parasite","floor":18,"turns":7},{"damage":0,"enemies":"3 Byrds","floor":19,"turns":4},{"damage":0,"enemies":"3 Cultists","floor":20,"turns":4},{"damage":0,"enemies":"Book of Stabbing","floor":25,"turns":3},{"damage":3,"enemies":"Slavers","floor":28,"turns":4},{"damage":9,"enemies":"Centurion and Healer","floor":29,"turns":4},{"damage":0,"enemies":"Shelled Parasite and Fungi","floor":31,"turns":4},{"damage":35,"enemies":"hubris:MusketHawk","floor":33,"turns":7},{"damage":0,"enemies":"3 Darklings","floor":35,"turns":5},{"damage":0,"enemies":"Orb Walker","floor":36,"turns":3},{"damage":0,"enemies":"Jaw Worm Horde","floor":37,"turns":4},{"damage":0,"enemies":"Maw","floor":39,"turns":7},{"damage":0,"enemies":"Nightmare","floor":41,"turns":8},{"damage":0,"enemies":"2 Orb Walkers","floor":45,"turns":4},{"damage":10,"enemies":"R_Hoarder","floor":48,"turns":7},{"damage":46,"enemies":"Awakened One","floor":50,"turns":14},{"damage":0,"enemies":"Shield and Spear","floor":54,"turns":2},{"damage":64,"enemies":"The Heart","floor":55,"turns":3}],"seed_played":"2332963923973678713","potions_obtained":[{"floor":2,"key":"Languid Potion"},{"floor":4,"key":"GamblersBrew"},{"floor":12,"key":"SpeedPotion"},{"floor":16,"key":"LifebloodPotion"},{"floor":19,"key":"AttackPotion"},{"floor":20,"key":"AttackPotion"},{"floor":31,"key":"AttackPotion"},{"floor":33,"key":"GhostInAJar"},{"floor":35,"key":"FearPotion"},{"floor":39,"key":"Block Potion"},{"floor":41,"key":"Adrenaline Potion"},{"floor":45,"key":"Reflective Coating"},{"floor":48,"key":"Block Potion"},{"floor":54,"key":"SkillPotion"}],"is_trial":false,"path_per_floor":["M","M","?","M","M","R","E","R","T","R","M","?","E","$","R","B",null,"M","M","M","?","$","R","?","E","T","R","E","M","AVR","M","R","B",null,"M","M","M","?","M","R","NM","R","T","$","?","?","$","E","R","B",null,"R","$","E","B"],"character_chosen":"THE_SILENT","items_purchased":["TwistedFunnel","BargainBundle","Poison Potion","Energy Potion","Weak Potion","Distraction","Fluid Movement","Membership Card","EntropicBrew","Sling","Ninja Scroll","CunningPotion","Well Laid Plans","Replay:Sssssssssshield"],"campfire_rested":3,"item_purchase_floors":[0,14,14,14,14,14,14,22,22,44,44,44,47,53],"current_hp_per_floor":[70,70,70,70,67,67,49,70,70,70,70,70,52,52,52,28,60,54,55,56,56,56,56,40,41,41,62,60,52,52,53,53,19,57,58,59,60,60,61,70,70,70,70,70,70,70,70,60,70,24,59,59,59,59,0,0],"gold":33,"neow_bonus":"","is_daily":false,"chose_seed":false,"campfire_upgraded":6,"win_rate":0.0,"timestamp":1613881030,"path_taken":["M","M","?","M","M","R","E","R","T","R","?","?","E","$","R","BOSS","M","M","M","?","?","R","?","E","T","R","E","M","AVR","?","R","BOSS","M","M","M","?","M","R","NM","R","T","$","?","?","?","E","R","BOSS","R","$","E","BOSS"],"items_purchased_type":["Relic","Relic","Potion","Potion","Potion","Card","Card","Relic","Potion","Relic","Relic","Potion","Card","Card"],"build_version":"2020-12-22","purchased_purges":3,"victory":false,"max_hp_per_floor":[70,70,70,70,70,70,70,70,70,70,70,70,70,70,70,70,70,70,70,70,70,70,70,70,70,70,70,70,70,70,70,70,70,70,70,70,70,70,70,70,70,70,70,70,70,70,70,70,70,70,70,70,70,70,70,70],"card_choices":[{"not_picked":["Concentrate","Accuracy","Sucker Punch"],"picked":"SKIP","floor":1},{"not_picked":["Fluid Movement","Underhanded Strike"],"picked":"Masterful Stab","floor":2},{"not_picked":["Dodge and Roll","Acrobatics"],"picked":"Poisoned Stab","floor":4},{"not_picked":["Dagger Throw","aspiration:Lunge","Flying Knee"],"picked":"SKIP","floor":5},{"not_picked":["Masterful Stab","Finisher"],"picked":"Dash","floor":7},{"not_picked":["Cloak And Dagger","Prepared","Sucker Punch"],"picked":"SKIP","floor":11},{"not_picked":["Cloak And Dagger","Tools of the Trade"],"picked":"Escape Plan","floor":12},{"not_picked":["Backflip","Blade Dance"],"picked":"Toxin Wave","floor":13},{"not_picked":["Night Terror","Phantasmal Killer"],"picked":"Poison Darts","floor":16},{"not_picked":["Deadly Poison","Underhanded Strike","Deflect"],"picked":"SKIP","floor":18},{"not_picked":["Slice","Outmaneuver"],"picked":"Flying Knee+1","floor":19},{"not_picked":["Blade Dance","Dagger Spray+1"],"picked":"Backflip","floor":20},{"not_picked":["Dagger Throw+1","Sucker Punch"],"picked":"Dash","floor":25},{"not_picked":["Flying Knee","Outmaneuver"],"picked":"Deflect+1","floor":28},{"not_picked":["Deflect","Bouncing Flask"],"picked":"PiercingWail+1","floor":29},{"not_picked":["Bullet Time","Bane"],"picked":"Catalyst+1","floor":31},{"not_picked":["Atom Bomb","Glass Knife"],"picked":"Malaise","floor":33},{"not_picked":["All Out Attack","Slice+1","Toxin Wave+1"],"picked":"SKIP","floor":35},{"not_picked":["Poisoned Stab+1","Bane","Acrobatics"],"picked":"SKIP","floor":36},{"not_picked":["Distraction","Backflip","Toxin Wave+1"],"picked":"SKIP","floor":37},{"not_picked":["Dagger Throw+1","Dagger Spray","Sucker Punch+1"],"picked":"SKIP","floor":39},{"not_picked":["Cloak And Dagger+1","Deflect+1"],"picked":"Dodge and Roll+1","floor":41},{"not_picked":["HandOfGreed","Enlightenment"],"picked":"Replay:Dark Deal","floor":46},{"not_picked":["Endless Agony+1","Bane+1"],"picked":"Caltrops+1","floor":48},{"not_picked":["A Thousand Cuts","Replay:Poison Smokescreen+1"],"picked":"hubris:Counter+1","floor":54}],"player_experience":403752,"relics_obtained":[{"floor":7,"key":"ReplayTheSpireMod:Ninjato"},{"floor":24,"key":"Replay:Blank Codex"},{"floor":25,"key":"hubris:AstralHammer"},{"floor":26,"key":"Pondfish Scales"},{"floor":28,"key":"Whetstone"},{"floor":41,"key":"Replay:PocketPolymizer"},{"floor":43,"key":"reliquary:QuartzCube"},{"floor":45,"key":"hubris:MedicalManual"},{"floor":48,"key":"reliquary:Knoch"}],"event_choices":[{"cards_removed":["Defend_G"],"damage_healed":0,"gold_gain":0,"player_choice":"Card Removal","damage_taken":0,"max_hp_gain":0,"max_hp_loss":0,"event_name":"Wheel of Change","floor":3,"gold_loss":0},{"damage_healed":0,"gold_gain":0,"player_choice":"Searched \u00272\u0027 times","damage_taken":0,"relics_obtained":["reliquary:PurpleTingedLeaf"],"max_hp_gain":0,"max_hp_loss":0,"event_name":"Dead Adventurer","floor":12,"gold_loss":0},{"damage_healed":0,"gold_gain":0,"player_choice":"Ignored","damage_taken":0,"max_hp_gain":0,"max_hp_loss":0,"event_name":"Vampires","floor":21,"gold_loss":0},{"damage_healed":0,"gold_gain":0,"player_choice":"Obtained Book","damage_taken":16,"max_hp_gain":0,"max_hp_loss":0,"event_name":"Cursed Tome","floor":24,"gold_loss":0},{"damage_healed":0,"gold_gain":0,"player_choice":"Fight","damage_taken":0,"max_hp_gain":0,"max_hp_loss":0,"event_name":"Mysterious Sphere","floor":45,"gold_loss":0},{"damage_healed":0,"gold_gain":0,"player_choice":"Memory 1","damage_taken":0,"max_hp_gain":0,"max_hp_loss":0,"event_name":"SensoryStone","floor":46,"gold_loss":0}],"is_beta":false,"boss_relics":[{"not_picked":["aspiration:FutureDiary","Ectoplasm"],"picked":"hubris:ScarierMask"},{"not_picked":["Cursed Key","Runic Pyramid"],"picked":"WristBlade"}],"items_purged_floors":[0,14,44],"is_endless":false,"potions_floor_spawned":[2,4,12,16,19,20,31,33,35,39,41,45,48,54],"killed_by":"The Heart","ascension_level":5}}