{"host":"ev0u5pyx0moiq7pp","time":1613885434,"event":{"mods":["Act Like it!","BaseMod","CapriCore","Challenge The Spire","Colored Map","Colored Powertips","Custom Start","DeckTracker","Elementarium","Energized Spire","Hubris","Koishi","Luminous","Minty Spire (QoL Compilation)","Quick Restart","Random Character Button","Ruina","Shop Mod","StSLib","Synergy Search","The Bladedancer","The Bug Knight","The Hierophant","The Immortal","The Necromancer","The Runesmith"],"gold_per_floor":[115,115,215,233,247,247,274,288,315,325,400,400,250,264,264,264,264],"floor_reached":16,"language":"DEU","playtime":1483,"items_purged":[],"score":102,"play_id":"87730e75-4ab6-4213-b2fe-b4be3291769f","local_time":"20210221063034","is_ascension_mode":false,"campfire_choices":[{"data":"Luminous:Dark_Pressure_Void","floor":6,"key":"SMITH"},{"floor":12,"key":"REST"},{"floor":15,"key":"RECALL"}],"circlet_count":0,"master_deck":["Luminous:Light_Flash_Shower","Luminous:Light_Flash_Shower","Luminous:Light_Flash_Shower","Luminous:Dark_Abyssal_Drop","Luminous:Dark_Abyssal_Drop","Luminous:Dark_Abyssal_Drop","Luminous:Defend_Luminous","Luminous:Defend_Luminous","Luminous:Defend_Luminous","Luminous:Defend_Luminous","Luminous:Switch_Luminous","Luminous:Mana_Well_Luminous","Luminous:Dark_Pressure_Void+1","Luminous:Blinding_Pillar_Luminous","Luminous:Light_Spectral_Light","Luminous:Dark_Moonlight_Spear","Luminous:Dark_Pressure_Void","Luminous:Dark_Pressure_Void","Luminous:Magic_Boost_Luminous","Luminous:Dark_Morning_Star","Luminous:Balance_Aether_Conduit","Luminous:Mana_Well_Luminous","Luminous:Light_Wash_Luminous"],"relics":["Luminous:MirrorRelic","hubris:Towel","PreservedInsect","Orrery"],"acts_visited":["Exordium"],"potions_floor_usage":[7,16],"damage_taken":[{"damage":0,"enemies":"2 Louse","floor":1,"turns":3},{"damage":6,"enemies":"Jaw Worm","floor":4,"turns":3},{"damage":0,"enemies":"Cultist","floor":5,"turns":3},{"damage":15,"enemies":"Lagavulin","floor":7,"turns":6},{"damage":7,"enemies":"2 Fungi Beasts","floor":8,"turns":4},{"damage":9,"enemies":"Exordium Thugs","floor":10,"turns":3},{"damage":0,"enemies":"Looter","floor":14,"turns":1},{"damage":66,"enemies":"The Guardian","floor":16,"turns":6}],"seed_played":"-9049430170525210380","potions_obtained":[{"floor":4,"key":"BlessingOfTheForge"},{"floor":5,"key":"FearPotion"}],"is_trial":false,"path_per_floor":["M","?","?","M","M","R","E","M","T","M","?","R","$","M","R","B"],"character_chosen":"LuminousClass","items_purchased":["Orrery"],"campfire_rested":1,"item_purchase_floors":[13],"current_hp_per_floor":[82,82,82,76,76,76,61,54,54,45,37,61,61,61,61,0,0],"gold":264,"neow_bonus":"TEN_PERCENT_HP_BONUS","is_daily":false,"chose_seed":false,"campfire_upgraded":1,"win_rate":0.0,"timestamp":1613885434,"path_taken":["M","?","?","M","M","R","E","M","T","?","?","R","?","M","R","BOSS"],"items_purchased_type":["Relic"],"build_version":"2020-12-22","purchased_purges":0,"victory":false,"max_hp_per_floor":[82,82,82,82,82,82,82,82,82,82,82,82,82,82,82,82,82],"card_choices":[{"not_picked":["Luminous:Dark_Raid","Luminous:Light_Wash_Luminous"],"picked":"Luminous:Mana_Well_Luminous","floor":1},{"not_picked":["Luminous:Mana_Barrier_Luminous","Luminous:Switch_Luminous"],"picked":"Luminous:Dark_Pressure_Void","floor":4},{"not_picked":["Luminous:Light_Track","Luminous:Light_Glare"],"picked":"Luminous:Blinding_Pillar_Luminous","floor":5},{"not_picked":["Luminous:Light_Wash_Luminous","Luminous:Light_Track"],"picked":"Luminous:Light_Spectral_Light","floor":7},{"not_picked":["Luminous:Switch_Luminous","Luminous:Mana_Barrier_Luminous"],"picked":"Luminous:Dark_Moonlight_Spear","floor":8},{"not_picked":["Luminous:Armageddon_Luminous","Luminous:Light_Glare"],"picked":"Luminous:Dark_Pressure_Void","floor":10},{"not_picked":["Luminous:Mirror_Force_Luminous","Luminous:Mana_Barrier_Luminous"],"picked":"Luminous:Dark_Pressure_Void","floor":13},{"not_picked":["Luminous:Lights_Protection_Luminous","Luminous:Dark_Dim_Erosion"],"picked":"Luminous:Magic_Boost_Luminous","floor":13},{"not_picked":["Luminous:Light_Sylvan_Lance","Luminous:Chase_Spell_Luminous"],"picked":"Luminous:Dark_Morning_Star","floor":13},{"not_picked":["Luminous:Phantom_Treasure_Luminous","Luminous:Balance_Death_Scythe"],"picked":"Luminous:Balance_Aether_Conduit","floor":13},{"not_picked":["Luminous:Magic_Accelerate_Luminous","Luminous:Abyss_Heart_Luminous"],"picked":"Luminous:Mana_Well_Luminous","floor":13},{"not_picked":["Luminous:Reverse_Spell_Luminous","Luminous:Fast_Spell_Luminous"],"picked":"Luminous:Light_Wash_Luminous","floor":14}],"player_experience":569503,"relics_obtained":[{"floor":7,"key":"PreservedInsect"}],"event_choices":[{"damage_healed":0,"gold_gain":100,"player_choice":"Gold","damage_taken":0,"max_hp_gain":0,"max_hp_loss":0,"event_name":"Wheel of Change","floor":3,"gold_loss":0},{"damage_healed":0,"gold_gain":75,"player_choice":"Touch","damage_taken":8,"max_hp_gain":0,"max_hp_loss":0,"event_name":"FaceTrader","floor":11,"gold_loss":0}],"is_beta":false,"boss_relics":[],"items_purged_floors":[],"is_endless":false,"potions_floor_spawned":[4,5],"killed_by":"The Guardian","ascension_level":0}}