{"host":"vjx32eilbdx7ga3d","time":1613909562,"event":{"mods":["A Penny For Your Troubles","Aspiration","BaseMod","Beaked The Cultist","Bestiary","Better Altar","Better Third Choice","BetterRewards","Bossed Relics","Colored Map","Conspire","Defuse TimeMaze Blight","Energized Spire","Fox Events","GifTheSpireLib","Halation","HexUI Lib","Hubris","Infinite Spire","Jedi Mod","Minty Spire (QoL Compilation)","Permanent Neow","Relic Sorter","Relic Stats","Reliquary","Replay The Spire","Spikes Relics","StSLib","Stuff the Spire","SuperFastMode","TheWitcher","Trackpad","Wandering Minibosses","[IsaacMod]????"],"gold_per_floor":[114,134,144,164,164,199,199,226,251,278,278,296,328,348,348,447,447,466,663,663,678,693,693,719,737,737,737,752,782,782,808,808,808,808],"floor_reached":33,"language":"ENG","playtime":1310,"items_purged":[],"score":380,"play_id":"1b914527-c246-40cb-bbc0-9b77f3c4aa34","local_time":"20210221141242","is_ascension_mode":true,"campfire_choices":[{"data":"Clash","floor":7,"key":"SMITH"},{"data":"infinitespire:OneForAll","floor":11,"key":"SMITH"},{"data":"Berserk","floor":15,"key":"SMITH"},{"floor":23,"key":"REST"},{"floor":27,"key":"REST"},{"floor":30,"key":"REST"},{"floor":32,"key":"REST"}],"circlet_count":0,"master_deck":["Strike_R","Strike_R","Strike_R","Strike_R","Strike_R","Defend_R","Defend_R","Defend_R+1","Defend_R+1","Bash","SuicideKing","Thunderclap","Twin Strike","Clash+1","Dropkick","infinitespire:OneForAll+1","Berserk+1","conspire:HitWhereItHurts+1","Havoc+1","Clash+1"],"relics":["Black Blood","TheBean","HushsDoor","NineVolt","aspiration:Nostalgia","infinitespire:DarkRift","trackpad:Compendium","halation:PromiseList","reliquary:PartyBalloon","Gremlin Food","Replay:Bottled Flurry","reliquary:RosewoodLute","StuffTheSpire:Barrel","reliquary:BallBearing","PreservedInsect"],"acts_visited":["Exordium","TheCity"],"potions_floor_usage":[10,10,14,16,16,24,24,24],"damage_taken":[{"damage":5,"enemies":"Cultist","floor":1,"turns":5},{"damage":0,"enemies":"2 Louse","floor":2,"turns":2},{"damage":0,"enemies":"Small Slimes","floor":3,"turns":3},{"damage":7,"enemies":"3 Louse","floor":4,"turns":3},{"damage":36,"enemies":"Lagavulin","floor":6,"turns":8},{"damage":28,"enemies":"Gremlin Nob","floor":8,"turns":4},{"damage":13,"enemies":"3 Sentries","floor":10,"turns":3},{"damage":10,"enemies":"Looter","floor":12,"turns":3},{"damage":17,"enemies":"Lagavulin","floor":13,"turns":4},{"damage":0,"enemies":"Exordium Wildlife","floor":14,"turns":2},{"damage":9,"enemies":"Slime Boss","floor":16,"turns":5},{"damage":12,"enemies":"conspire:FuzzyDice","floor":18,"turns":5},{"damage":25,"enemies":"3 Byrds","floor":21,"turns":5},{"damage":20,"enemies":"conspire:HollyBat","floor":22,"turns":6},{"damage":68,"enemies":"Slavers","floor":24,"turns":8},{"damage":15,"enemies":"Centurion and Healer","floor":25,"turns":4},{"damage":7,"enemies":"Snake Plant","floor":28,"turns":3},{"damage":33,"enemies":"Gremlin Leader","floor":29,"turns":7},{"damage":32,"enemies":"conspire:SneckoGhost","floor":31,"turns":3},{"damage":55,"enemies":"conspire:MysteriousRune","floor":33,"turns":8}],"seed_played":"6199784562467521628","potions_obtained":[{"floor":2,"key":"FearPotion"},{"floor":3,"key":"Explosive Potion"},{"floor":6,"key":"SteroidPotion"},{"floor":13,"key":"BlessingOfTheForge"},{"floor":14,"key":"Explosive Potion"},{"floor":16,"key":"BlessingOfTheForge"},{"floor":21,"key":"Strength Potion"},{"floor":22,"key":"infinitespire:BlackPotion"},{"floor":25,"key":"Elixir"},{"floor":31,"key":"GamblersBrew"}],"is_trial":false,"path_per_floor":["M","M","M","M","?","E","R","E","T","E","R","M","E","M","R","B",null,"M","?","?","M","M","R","E","M","T","R","M","E","R","E","R","B"],"character_chosen":"IRONCLAD","items_purchased":[],"campfire_rested":4,"item_purchase_floors":[],"current_hp_per_floor":[80,80,80,79,79,59,59,37,37,30,30,26,15,21,21,18,80,80,60,60,47,39,63,17,14,14,38,43,22,46,26,50,0,0],"gold":808,"neow_bonus":"NOSTALGIA","is_daily":false,"chose_seed":false,"campfire_upgraded":3,"win_rate":0.0,"timestamp":1613909562,"path_taken":["M","?","M","M","?","E","R","E","T","E","R","M","E","M","R","BOSS","M","?","?","M","M","R","E","M","T","R","M","E","R","E","R","BOSS"],"items_purchased_type":[],"build_version":"2020-12-22","purchased_purges":0,"victory":false,"max_hp_per_floor":[80,80,80,80,80,80,80,80,80,80,80,80,80,80,80,80,80,80,80,80,80,80,80,80,80,80,80,80,80,80,80,80,80,80],"relic_stats":{"counters":[20,91],"Black Blood":149,"PreservedInsect":0,"obtain_stats":[{"KeepersGift":0,"Gremlin Food":9,"StuffTheSpire:Barrel":24,"NineVolt":0,"aspiration:Nostalgia":0,"reliquary:PartyBalloon":8,"Black Blood":17,"PreservedInsect":31,"reliquary:RosewoodLute":13,"Burning Blood":0,"infinitespire:DarkRift":0,"TheBean":26,"trackpad:Compendium":5,"reliquary:BallBearing":29,"halation:PromiseList":6,"Replay:Bottled Flurry":10,"HushsDoor":0},{"KeepersGift":0,"Gremlin Food":6,"StuffTheSpire:Barrel":15,"NineVolt":0,"aspiration:Nostalgia":0,"reliquary:PartyBalloon":6,"Black Blood":11,"PreservedInsect":19,"reliquary:RosewoodLute":9,"Burning Blood":0,"infinitespire:DarkRift":0,"TheBean":16,"trackpad:Compendium":4,"reliquary:BallBearing":18,"halation:PromiseList":5,"Replay:Bottled Flurry":7,"HushsDoor":0},{"KeepersGift":0,"Gremlin Food":25,"StuffTheSpire:Barrel":66,"NineVolt":0,"aspiration:Nostalgia":0,"reliquary:PartyBalloon":25,"Black Blood":42,"PreservedInsect":83,"reliquary:RosewoodLute":35,"Burning Blood":0,"infinitespire:DarkRift":0,"TheBean":70,"trackpad:Compendium":13,"reliquary:BallBearing":80,"halation:PromiseList":21,"Replay:Bottled Flurry":28,"HushsDoor":0}]},"card_choices":[{"not_picked":[],"picked":"SuicideKing","floor":0},{"not_picked":["Pommel Strike","jedi:suffering"],"picked":"Thunderclap","floor":1},{"not_picked":["Body Slam","Thunderclap"],"picked":"Twin Strike","floor":2},{"not_picked":["ReplayTheSpireMod:Strike From Hell","Thunderclap","True Grit"],"picked":"SKIP","floor":3},{"not_picked":["StuffTheSpire:RockThrow","Anger"],"picked":"Clash","floor":4},{"not_picked":["True Grit","Warcry","hubris:CleavingFinish"],"picked":"SKIP","floor":6},{"not_picked":["Power Through","Perfected Strike"],"picked":"Dropkick","floor":8},{"not_picked":["Rage","jedi:fear"],"picked":"infinitespire:OneForAll","floor":10},{"not_picked":["StuffTheSpire:Pyroclast","Heavy Blade"],"picked":"Berserk","floor":12},{"not_picked":["jedi:hate","Anger","Thunderclap"],"picked":"SKIP","floor":13},{"not_picked":["Armaments","StuffTheSpire:Incineration","Anger"],"picked":"SKIP","floor":14},{"not_picked":["Fiend Fire","Corruption"],"picked":"conspire:HitWhereItHurts","floor":16},{"not_picked":["Dual Wield+1","Iron Wave","StuffTheSpire:Incineration"],"picked":"SKIP","floor":18},{"not_picked":["Clothesline","Ghostly Armor+1"],"picked":"Havoc+1","floor":21},{"not_picked":["Anger","Twin Strike"],"picked":"Clash","floor":22},{"not_picked":["StuffTheSpire:RockThrow","Perfected Strike","jedi:fear+1"],"picked":"SKIP","floor":24},{"not_picked":["StuffTheSpire:Incineration+1","Infernal Blade","Iron Wave"],"picked":"SKIP","floor":25},{"not_picked":["Bloodletting","Anger","Twin Strike"],"picked":"SKIP","floor":28},{"not_picked":["ReplayTheSpireMod:Strike From Hell","Searing Blow+1","Uppercut"],"picked":"SKIP","floor":29},{"not_picked":["Juggernaut","Pummel","Carnage"],"picked":"SKIP","floor":31}],"player_experience":457657,"relics_obtained":[{"floor":5,"key":"trackpad:Compendium"},{"floor":6,"key":"halation:PromiseList"},{"floor":8,"key":"reliquary:PartyBalloon"},{"floor":9,"key":"Gremlin Food"},{"floor":10,"key":"Replay:Bottled Flurry"},{"floor":13,"key":"reliquary:RosewoodLute"},{"floor":24,"key":"StuffTheSpire:Barrel"},{"floor":26,"key":"TheBean"},{"floor":29,"key":"reliquary:BallBearing"},{"floor":31,"key":"PreservedInsect"}],"event_choices":[{"damage_healed":0,"gold_gain":0,"player_choice":"Ignored","damage_taken":0,"max_hp_gain":0,"max_hp_loss":0,"event_name":"Vampires","floor":20,"gold_loss":0}],"is_beta":false,"boss_relics":[{"not_picked":["energizedSpire:OgreHead","reliquary:Craggleroot"],"picked":"Black Blood"},{"not_picked":[]}],"items_purged_floors":[],"is_endless":false,"potions_floor_spawned":[2,3,6,8,13,14,16,21,22,25,31],"killed_by":"conspire:MysteriousRune","ascension_level":1}}