{"host":"mvhzznpw3ffw85pv","time":1613909070,"event":{"mods":["AchievementEnabler","BaseMod","Bestiary","Block Reminder","Colored Map","Highlight Path","Minty Spire (QoL Compilation)"],"gold_per_floor":[116,127,138,65,127,158,43,43,43,59,69,97,97,114,114,212,212,232,214,229,129,142,175,175,195,195,206,206,206],"floor_reached":28,"language":"ENG","playtime":2501,"items_purged":["Strike_R","Strike_R"],"score":431,"play_id":"7f9644a7-e1c6-4a6b-be41-d4bec558a91f","local_time":"20210221070430","is_ascension_mode":true,"campfire_choices":[{"data":"Entrench","floor":8,"key":"SMITH"},{"data":"Body Slam","floor":15,"key":"SMITH"},{"data":"Flame Barrier","floor":24,"key":"SMITH"}],"circlet_count":0,"master_deck":["AscendersBane","Strike_R+1","Strike_R","Strike_R+1","Defend_R","Defend_R","Defend_R","Defend_R","Bash","Entrench+1","Shrug It Off","Feed","Battle Trance","Flame Barrier+1","Body Slam+1","Exhume","Carnage","Shrug It Off+1"],"relics":["Burning Blood","Calipers","Mercury Hourglass","Whetstone","Peace Pipe","Snecko Eye","Nunchaku","Turnip"],"acts_visited":["Exordium","TheCity"],"potions_floor_usage":[6,11,16,23,23],"damage_taken":[{"damage":7,"enemies":"Jaw Worm","floor":1,"turns":3},{"damage":3,"enemies":"Small Slimes","floor":2,"turns":4},{"damage":9,"enemies":"2 Louse","floor":3,"turns":4},{"damage":45,"enemies":"Lagavulin","floor":6,"turns":10},{"damage":0,"enemies":"Large Slime","floor":10,"turns":7},{"damage":6,"enemies":"Looter","floor":11,"turns":4},{"damage":20,"enemies":"Gremlin Nob","floor":12,"turns":4},{"damage":0,"enemies":"Lots of Slimes","floor":14,"turns":3},{"damage":24,"enemies":"The Guardian","floor":16,"turns":15},{"damage":25,"enemies":"Shell Parasite","floor":18,"turns":4},{"damage":3,"enemies":"2 Thieves","floor":19,"turns":4},{"damage":19,"enemies":"Chosen and Byrds","floor":20,"turns":6},{"damage":24,"enemies":"3 Cultists","floor":22,"turns":5},{"damage":18,"enemies":"Book of Stabbing","floor":23,"turns":5},{"damage":9,"enemies":"Snecko","floor":25,"turns":7},{"damage":0,"enemies":"Centurion and Healer","floor":27,"turns":8},{"damage":38,"enemies":"Chosen and Byrds","floor":28,"turns":9}],"seed_played":"-3301256666610440854","potions_obtained":[{"floor":2,"key":"GamblersBrew"},{"floor":3,"key":"Weak Potion"},{"floor":10,"key":"SpeedPotion"},{"floor":11,"key":"Strength Potion"},{"floor":18,"key":"FearPotion"}],"is_trial":false,"path_per_floor":["M","M","M","$","?","E","$","R","T","M","M","E","?","M","R","B",null,"M","M","M","$","M","E","R","M","T","M","M"],"character_chosen":"IRONCLAD","items_purchased":["Feed","Flame Barrier"],"campfire_rested":0,"item_purchase_floors":[4,7],"current_hp_per_floor":[71,72,69,69,69,33,33,33,33,42,45,31,36,45,45,27,74,58,61,51,51,39,27,27,27,27,36,0,0],"gold":206,"neow_bonus":"ONE_RARE_RELIC","is_daily":false,"chose_seed":false,"campfire_upgraded":3,"win_rate":0.0,"timestamp":1613909070,"path_taken":["M","M","M","$","?","E","$","R","T","M","M","E","?","M","R","BOSS","M","M","M","$","M","E","R","M","T","M","M"],"items_purchased_type":["Card","Card"],"build_version":"2020-12-22","purchased_purges":2,"victory":false,"max_hp_per_floor":[72,72,72,72,72,75,75,75,75,78,81,81,86,89,89,89,89,92,92,95,95,101,101,101,104,104,107,107,107],"card_choices":[{"not_picked":["Twin Strike","Anger","Combust"],"picked":"SKIP","floor":1},{"not_picked":["Pommel Strike","Dark Embrace"],"picked":"Entrench","floor":2},{"not_picked":["Pommel Strike","Flex"],"picked":"Shrug It Off","floor":3},{"not_picked":["Intimidate","Wild Strike"],"picked":"Battle Trance","floor":6},{"not_picked":["Warcry","Shrug It Off"],"picked":"Body Slam","floor":10},{"not_picked":["Clash","Intimidate","Twin Strike"],"picked":"SKIP","floor":11},{"not_picked":["Brutality","Pommel Strike","Dual Wield"],"picked":"SKIP","floor":12},{"not_picked":["Clothesline","Heavy Blade","Thunderclap"],"picked":"SKIP","floor":14},{"not_picked":["Fiend Fire","Brutality"],"picked":"Exhume","floor":16},{"not_picked":["Perfected Strike","Carnage","Blood for Blood"],"picked":"SKIP","floor":18},{"not_picked":["Perfected Strike","Blood for Blood"],"picked":"Carnage","floor":18},{"not_picked":["Flex+1","Havoc","Rage"],"picked":"SKIP","floor":19},{"not_picked":["Fire Breathing","Dual Wield","Thunderclap"],"picked":"SKIP","floor":20},{"not_picked":["Wild Strike","Havoc+1"],"picked":"Shrug It Off+1","floor":22},{"not_picked":["Burning Pact","Pommel Strike","Headbutt"],"picked":"SKIP","floor":23},{"not_picked":["Searing Blow+1","Bloodletting","Dropkick"],"picked":"SKIP","floor":25},{"not_picked":["Reckless Charge+1","Heavy Blade","Thunderclap"],"picked":"SKIP","floor":27}],"player_experience":633790,"relics_obtained":[{"floor":6,"key":"Mercury Hourglass"},{"floor":9,"key":"Whetstone"},{"floor":12,"key":"Peace Pipe"},{"floor":23,"key":"Nunchaku"},{"floor":26,"key":"Turnip"}],"event_choices":[{"damage_healed":0,"gold_gain":62,"player_choice":"Gained Gold","damage_taken":0,"max_hp_gain":0,"max_hp_loss":0,"event_name":"Golden Wing","floor":5,"gold_loss":0},{"damage_healed":0,"gold_gain":0,"player_choice":"Donut","damage_taken":0,"max_hp_gain":5,"max_hp_loss":0,"event_name":"Big Fish","floor":13,"gold_loss":0}],"is_beta":false,"boss_relics":[{"not_picked":["Sozu","Fusion Hammer"],"picked":"Snecko Eye"}],"items_purged_floors":[7,21],"is_endless":false,"potions_floor_spawned":[2,3,10,11,18,19],"killed_by":"Chosen and Byrds","ascension_level":12}}