{"host":"alk2ftu785mujiir","time":1613943712,"event":{"mods":["BaseMod","Bossed Relics","Colored Map","Downfall","Minty Spire (QoL Compilation)","StSLib"],"gold_per_floor":[0,12,12,25,39,39,64,82,82,99,130,55,70,105,122,222,222,72,88,105,15,31,66,143,93,128,128,163,163,13,28,46,144,144,94,107,122,122,142,120,120,70,90,110,123,133,83,118,136,136],"floor_reached":51,"language":"ENG","playtime":2394,"items_purged":["Slimebound:Strike_Slimebound"],"score":1001,"play_id":"0c8de479-b653-48a6-8fb9-732f80971d0d","local_time":"20210221164152","is_ascension_mode":true,"campfire_choices":[{"floor":1.0,"key":"RECALL"},{"data":"Slimebound:Repurpose","floor":6.0,"key":"SMITH"},{"data":"Slimebound:SplitSpecialist","floor":9.0,"key":"SMITH"},{"data":"Slimebound:LevelUp","floor":18.0,"key":"SMITH"},{"data":"Slimebound:Overexert","floor":25.0,"key":"SMITH"},{"data":"Slimebound:Nibble","floor":30.0,"key":"SMITH"},{"data":"Slimebound:SlimeBarrage","floor":35.0,"key":"SMITH"},{"data":"expansioncontent:QuickStudy","floor":42,"key":"SMITH"},{"data":"Slimebound:LevelUp","floor":47,"key":"SMITH"}],"circlet_count":0,"master_deck":["Slimebound:Strike_Slimebound","Slimebound:Tackle+1","Slimebound:Defend_Slimebound","Slimebound:Defend_Slimebound","Slimebound:Defend_Slimebound","Slimebound:Split","Slimebound:CorrosiveSpit","Slimebound:SplitMire","Slimebound:Repurpose+1","Slimebound:SplitAcid","Slimebound:SplitSpecialist+1","Slimebound:LivingWall","Slimebound:LevelUp+1","Slimebound:RallyTheTroops+1","Slimebound:Nibble+1","Slimebound:Overexert+1","Slimebound:SamplingLick","Slimebound:SplitMire+1","Slimebound:RollThrough+1","Slimebound:LeadByExample+1","Slimebound:Equalize","Slimebound:LevelUp+1","Slimebound:SlimeBarrage+1","Slimebound:FirmFortitude","Slimebound:ServeAndProtect","Slimebound:Prepare+1","expansioncontent:QuickStudy+1","Slimebound:OneTwoCombo"],"relics":["Slimebound:AbsorbEndCombat","Dead Branch","Nunchaku","Pantograph","Slimebound:GreedOozeRelic","Mummified Hand","Cursed Key","downfall:HeartBlessingRed","Boot","White Beast Statue","Incense Burner","Lantern","downfall:HeartBlessingGreen","Tiny House","Whetstone","TungstenRod"],"acts_visited":["Exordium","TheCity","TheBeyond"],"potions_floor_usage":[50,50],"damage_taken":[{"damage":3.0,"enemies":"Jaw Worm","floor":2.0,"turns":5.0},{"damage":1.0,"enemies":"Cultist","floor":4.0,"turns":3.0},{"damage":4.0,"enemies":"Small Slimes","floor":5.0,"turns":3.0},{"damage":6.0,"enemies":"3 Louse","floor":8.0,"turns":2.0},{"damage":2.0,"enemies":"2 Fungi Beasts","floor":10.0,"turns":2.0},{"damage":3.0,"enemies":"Gremlin Nob","floor":11.0,"turns":4.0},{"damage":4.0,"enemies":"Blue Slaver","floor":13.0,"turns":3.0},{"damage":23.0,"enemies":"3 Sentries","floor":14.0,"turns":5.0},{"damage":2.0,"enemies":"Red Slaver","floor":15.0,"turns":3.0},{"damage":32.0,"enemies":"DF_ARCHETYPE_STREAMLINE","floor":16.0,"turns":5.0},{"damage":0.0,"enemies":"downfall:LooterAlt2","floor":19.0,"turns":2.0},{"damage":4.0,"enemies":"Shell Parasite","floor":20.0,"turns":3.0},{"damage":0.0,"enemies":"downfall:FleeingMerchant","floor":21.0,"turns":4.0},{"damage":4.0,"enemies":"Centurion and Healer","floor":22.0,"turns":3.0},{"damage":15.0,"enemies":"Slavers","floor":23.0,"turns":3.0},{"damage":0.0,"enemies":"Book of Stabbing","floor":26.0,"turns":3.0},{"damage":18.0,"enemies":"Slavers","floor":28.0,"turns":3.0},{"damage":0.0,"enemies":"3 Cultists","floor":31.0,"turns":2.0},{"damage":0.0,"enemies":"Snecko","floor":32.0,"turns":3.0},{"damage":11.0,"enemies":"SI_MIRROR_ARCHETYPE","floor":33.0,"turns":7.0},{"damage":0.0,"enemies":"Orb Walker","floor":36.0,"turns":1.0},{"damage":0.0,"enemies":"3 Shapes","floor":37.0,"turns":2.0},{"damage":3.0,"enemies":"Transient","floor":39.0,"turns":5.0},{"damage":0.0,"enemies":"downfall:FleeingMerchant","floor":40.0,"turns":3.0},{"damage":26,"enemies":"4 Shapes","floor":43,"turns":2},{"damage":0,"enemies":"Jaw Worm Horde","floor":44,"turns":2},{"damage":21,"enemies":"Maw","floor":45,"turns":4},{"damage":0,"enemies":"Spire Growth","floor":46,"turns":3},{"damage":0,"enemies":"Giant Head","floor":48,"turns":5},{"damage":3,"enemies":"Sphere and 2 Shapes","floor":49,"turns":3},{"damage":0,"enemies":"WA_ARCHETYPE_DIVINITY","floor":50,"turns":5}],"seed_played":"-7486501955474467097","potions_obtained":[{"floor":2.0,"key":"LiquidBronze"},{"floor":11.0,"key":"EntropicBrew"},{"floor":14.0,"key":"SkillPotion"},{"floor":15.0,"key":"DistilledChaos"},{"floor":16.0,"key":"GamblersBrew"},{"floor":20.0,"key":"Slimebound:SlimyTonguePotion"},{"floor":22.0,"key":"FairyPotion"},{"floor":33.0,"key":"Fire Potion"},{"floor":36.0,"key":"SteroidPotion"},{"floor":40.0,"key":"CultistPotion"}],"is_trial":false,"path_per_floor":["R","M","?","M","M","R","T","M","R","M","E","?","M","E","M","B",null,"R","M","M","$","M","E","T","R","E","?","E","?","R","M","M","B",null,"R","M","M","?","M","$","T","R","M","M","M","M","R","E","M","B",null],"character_chosen":"SLIMEBOUND","items_purchased":["Whetstone","expansioncontent:QuickStudy"],"campfire_rested":0,"item_purchase_floors":[40,40],"current_hp_per_floor":[65,65,65,65,63,63,63,59,59,59,62,62,58,37,37,37,65,65,65,63,65,65,52,52,52,58,58,48,48,48,60,65,62,65,65,65,65,65,65,65,65,65,45,47,38,44,44,46,47,65],"gold":136,"neow_bonus":"ONE_RARE_RELIC","is_daily":false,"chose_seed":false,"campfire_upgraded":8,"win_rate":0.0,"timestamp":1613943712,"path_taken":["R","M","?","M","?","R","T","M","R","M","E","?","M","E","M","BOSS","R","M","M","$","M","E","T","R","E","?","E","?","R","M","M","BOSS","R","M","M","?","M","$","T","R","M","M","M","M","R","E","M","BOSS"],"items_purchased_type":["Relic","Card"],"build_version":"2020-12-22","purchased_purges":1,"victory":true,"max_hp_per_floor":[65,65,65,65,65,65,65,65,65,65,65,65,65,65,65,65,65,65,65,65,65,65,65,65,65,65,65,65,65,65,65,65,65,65,65,65,65,65,65,65,65,65,65,65,65,65,65,65,65,65],"card_choices":[{"not_picked":["Slimebound:ForwardTackle","Slimebound:Nibble"],"picked":"Slimebound:SplitMire","floor":2.0},{"not_picked":["Slimebound:DivideAndConquer","Slimebound:DisruptingSlam"],"picked":"Slimebound:Repurpose","floor":4.0},{"not_picked":["Slimebound:RollThrough","Slimebound:ItLooksTasty"],"picked":"Slimebound:SplitAcid","floor":5.0},{"not_picked":["Slimebound:Grow","Slimebound:GrowthPunch"],"picked":"Slimebound:SplitSpecialist","floor":8.0},{"not_picked":["Slimebound:PressTheAttack","Slimebound:ComboTackle"],"picked":"Slimebound:LivingWall","floor":10.0},{"not_picked":["Slimebound:PressTheAttack","Slimebound:GoopSpray"],"picked":"Slimebound:LevelUp","floor":11.0},{"not_picked":["Slimebound:SlimeTap","Slimebound:HauntingLick"],"picked":"Slimebound:RallyTheTroops","floor":13.0},{"not_picked":["Slimebound:Chomp","Slimebound:GrowthPunch"],"picked":"Slimebound:Nibble","floor":14.0},{"not_picked":["Slimebound:ComboTackle","Slimebound:SlimeBrawl","Slimebound:HungryTackle"],"picked":"SKIP","floor":15.0},{"not_picked":["Slimebound:SlimeSlap","Slimebound:RallyTheTroops"],"picked":"Slimebound:Overexert","floor":16.0},{"not_picked":["Slimebound:GoopTackle+1","Slimebound:ItLooksTasty"],"picked":"Slimebound:SamplingLick","floor":19.0},{"not_picked":["Slimebound:SlimeTap","Slimebound:Chomp+1"],"picked":"Slimebound:SplitMire+1","floor":20.0},{"not_picked":["Slimebound:SplitLeeching","Slimebound:SplitBruiser","Slimebound:Dissolve"],"picked":"SKIP","floor":21.0},{"not_picked":["Slimebound:FinishingTackle","Slimebound:ServeAndProtect","Slimebound:RollThrough+1"],"picked":"SKIP","floor":22.0},{"not_picked":["Slimebound:FinishingTackle","Slimebound:ServeAndProtect"],"picked":"Slimebound:RollThrough+1","floor":22.0},{"not_picked":["Slimebound:GoopTackle","Slimebound:AcidTongue","Slimebound:ItLooksTasty"],"picked":"SKIP","floor":23.0},{"not_picked":["Slimebound:Chomp","Slimebound:ViciousTackle"],"picked":"Slimebound:LeadByExample+1","floor":26.0},{"not_picked":["Slimebound:Teamwork","Slimebound:Schlurp","Slimebound:SpikyOuterGoop"],"picked":"SKIP","floor":28.0},{"not_picked":["Slimebound:HauntingLick+1","Slimebound:GrowthPunch"],"picked":"Slimebound:LevelUp","floor":31.0},{"not_picked":["Slimebound:SplitMire","Slimebound:Dissolve"],"picked":"Slimebound:SlimeBarrage","floor":32.0},{"not_picked":["Slimebound:Teamwork","Slimebound:Overexert"],"picked":"Slimebound:FirmFortitude","floor":33.0},{"not_picked":["Slimebound:ViciousTackle+1","Slimebound:RollThrough+1","Slimebound:LivingWall"],"picked":"SKIP","floor":36.0},{"not_picked":["Slimebound:Schlurp","Slimebound:Chomp+1","Slimebound:RainOfGoop+1"],"picked":"SKIP","floor":37.0},{"not_picked":["Slimebound:RainOfGoop+1","Slimebound:ServeAndProtect+1"],"picked":"Slimebound:Prepare+1","floor":39.0},{"not_picked":["Slimebound:LeechEnergy+1","Slimebound:LivingWall+1","Slimebound:Grow"],"picked":"SKIP","floor":40.0},{"not_picked":["Slimebound:Prepare+1","Slimebound:GoopSpray+1"],"picked":"Slimebound:OneTwoCombo","floor":43},{"not_picked":["Slimebound:LeechingTouch+1","Slimebound:RollThrough","Slimebound:SplitLeeching"],"picked":"SKIP","floor":44},{"not_picked":["Slimebound:LivingWall+1","Slimebound:GoopSpray","Slimebound:SplitLeeching+1"],"picked":"SKIP","floor":45},{"not_picked":["Slimebound:FlameTackle+1","Slimebound:Grow","Slimebound:DisruptingSlam"],"picked":"SKIP","floor":46},{"not_picked":["Slimebound:RollThrough","Slimebound:SplitBruiser","Slimebound:ItLooksTasty"],"picked":"SKIP","floor":48},{"not_picked":["Slimebound:Equalize","Slimebound:Prepare+1","Slimebound:PressTheAttack"],"picked":"SKIP","floor":49}],"player_experience":1850936,"relics_obtained":[{"floor":7.0,"key":"Nunchaku"},{"floor":11.0,"key":"Pantograph"},{"floor":14.0,"key":"Mummified Hand"},{"floor":23.0,"key":"Boot"},{"floor":24.0,"key":"White Beast Statue"},{"floor":26.0,"key":"Incense Burner"},{"floor":28.0,"key":"Lantern"},{"floor":48,"key":"TungstenRod"}],"event_choices":[{"cards_removed":["Slimebound:Defend_Slimebound"],"damage_healed":0.0,"max_hp_gain":0.0,"max_hp_loss":0.0,"gold_gain":0.0,"event_name":"Bonfire Elementals","player_choice":"Offered Basic","floor":3.0,"gold_loss":0.0,"damage_taken":0.0},{"damage_healed":0.0,"max_hp_gain":0.0,"max_hp_loss":0.0,"gold_gain":0.0,"event_name":"The Library","player_choice":"Read","floor":27.0,"gold_loss":0.0,"damage_taken":0.0,"cards_obtained":["Slimebound:Equalize"]}],"is_beta":false,"boss_relics":[{"not_picked":["Empty Cage","Velvet Choker"],"picked":"Cursed Key"},{"not_picked":["SlaversCollar","Runic Pyramid"],"picked":"Tiny House"}],"items_purged_floors":[21],"is_endless":false,"potions_floor_spawned":[2,11,14,15,16,20,22,26,28,31,32,33,36,37,39,40,43,44,45,46,48,49],"ascension_level":3}}