{"host":"eya4veotfj2c6je8","time":1613927526,"event":{"mods":["2.2 Compatiblity","AchievementEnabler","BaseMod","BetterRewards","Colored Map","Downfall","Hermit","Hubris","Infinite Spire","Jorbs\u0027s Wanderer Trilogy","Koishi","Marisa????????","Minty Spire (QoL Compilation)","Replay The Spire","Shop Mod","StSLib","Td1madao Mod","The Animator","The Construct","The Cursed","The Disciple","The Hierophant","The Mystic","The Runesmith","The Servant 0.9.4"],"gold_per_floor":[99,118,129,140,151,166,166,196,7,7,0,33,48,73,90,189,189,89,103,123,142,156,166,166,141,241,41,55,85,102,4,23,119,119,119,136,136,151,151,163,163,163,175,19,35,55,68,68,82,82,82,117,72,72,72,72],"floor_reached":57,"language":"ENG","playtime":4463,"items_purged":[],"score":1321,"play_id":"57fffaed-8112-4d52-8470-53906f250e46","local_time":"20210221111206","is_ascension_mode":false,"campfire_choices":[{"floor":1.0,"key":"RECALL"},{"data":"champ:PerfectedStrike","floor":10.0,"key":"SMITH"},{"data":"champ:BladeFlurry","floor":18.0,"key":"SMITH"},{"floor":27.0,"key":"REST"},{"data":"champ:TripleStrike","floor":35,"key":"SMITH"},{"data":"champ:BladeFlurry","floor":42,"key":"SMITH"},{"floor":54,"key":"REST"}],"circlet_count":0,"master_deck":["champ:Strike","champ:Strike","champ:Strike","champ:Strike","champ:Defend","champ:Defend","champ:Defend","champ:Execute","champ:Taunt","Bandage Up","champ:PerfectedStrike+1","champ:CrownThrow","champ:FlashCut","champ:TornadoPunch+1","champ:CrownThrow","champ:FanOfKnives","champ:EndlessRage","champ:PerfectedStrike+1","champ:PerfectedStrike+1","champ:RisingSlash","champ:PerfectedStrike+1","champ:BladeFlurry+1","champ:Backstep","champ:GladiatorForm","CurseOfTheBell","champ:RecklessLeap","champ:FocusedBerserking","champ:HeartStrike","champ:CrookedStrike+1","champ:Lariat+1","champ:Parry","expansioncontent:AwakenDeath","champ:BerserkersShout+1","champ:StanceDance+1","champ:Parry+1","champ:BladeFlurry+1","champ:CrownThrow","champ:ArenaPreparation","champ:TripleStrike+1","champ:AdrenalArmor","champ:FanOfKnives","champ:FlashCut","champ:FanOfKnives","champ:RecklessLeap","champ:CrookedStrike","champ:PreciseThrust","champ:PreciseThrust+1","champ:PreemptiveStrike+1","champ:PreciseThrust","champ:Duel","champ:FlashCut"],"relics":["champ:ChampionCrown","Odd Mushroom","Whetstone","infinitespire:Beetle Shell","Nunchaku","Calling Bell","Pet Ghost","hubris:BottledRain","hubris:MedicalManual","downfall:HeartBlessingRed","Replay:Bottled Eggs","Shuriken","downfall:HeartBlessingGreen","downfall:HeartBlessingBlue","hubris:SphereOfDissonance","construct:WeddingRing","Lizard Tail","hubris:Icosahedron","Replay:Mystery Machine"],"acts_visited":["Exordium","TheCity","TheBeyond","TheEnding"],"potions_floor_usage":[33,50,50,56],"damage_taken":[{"damage":17.0,"enemies":"Jaw Worm","floor":2.0,"turns":3.0},{"damage":8.0,"enemies":"2 Louse","floor":3.0,"turns":5.0},{"damage":10.0,"enemies":"Small Slimes","floor":4.0,"turns":4.0},{"damage":0.0,"enemies":"Exordium Wildlife","floor":5.0,"turns":4.0},{"damage":0.0,"enemies":"Red Slaver","floor":6.0,"turns":4.0},{"damage":15.0,"enemies":"The Mushroom Lair","floor":8.0,"turns":5.0},{"damage":10.0,"enemies":"downfall:FleeingMerchant","floor":9.0,"turns":6.0},{"damage":15.0,"enemies":"downfall:FleeingMerchant","floor":11.0,"turns":6.0},{"damage":25.0,"enemies":"Replay:BlueRogue","floor":12.0,"turns":5.0},{"damage":0.0,"enemies":"Large Slime","floor":13.0,"turns":3.0},{"damage":0.0,"enemies":"3 Sentries","floor":14.0,"turns":3.0},{"damage":0.0,"enemies":"downfall:LooterAlt","floor":15.0,"turns":3.0},{"damage":24.0,"enemies":"SI_SHIV_ARCHETYPE","floor":16.0,"turns":6.0},{"damage":0.0,"enemies":"3 Byrds","floor":19.0,"turns":5.0},{"damage":0.0,"enemies":"downfall:LooterAlt2","floor":20.0,"turns":4.0},{"damage":0.0,"enemies":"3 Cultists","floor":21.0,"turns":4.0},{"damage":25.0,"enemies":"Centurion and Healer","floor":22.0,"turns":5.0},{"damage":15.0,"enemies":"Snecko","floor":23.0,"turns":5.0},{"damage":40.0,"enemies":"downfall:FleeingMerchant","floor":25.0,"turns":6.0},{"damage":19.0,"enemies":"3 Cultists","floor":28.0,"turns":6.0},{"damage":44.0,"enemies":"Book of Stabbing","floor":29.0,"turns":7.0},{"damage":22,"enemies":"Shelled Parasite and Fungi","floor":30,"turns":3},{"damage":0,"enemies":"Sentry and Sphere","floor":32,"turns":4},{"damage":15,"enemies":"DF_ARCHETYPE_CLAW","floor":33,"turns":4},{"damage":0,"enemies":"Orb Walker","floor":36,"turns":3},{"damage":6,"enemies":"3 Shapes","floor":38,"turns":4},{"damage":10,"enemies":"Spire Growth","floor":40,"turns":4},{"damage":26,"enemies":"Transient","floor":43,"turns":7},{"damage":70,"enemies":"Maw","floor":45,"turns":5},{"damage":29,"enemies":"4 Shapes","floor":46,"turns":4},{"damage":13,"enemies":"Jaw Worm Horde","floor":47,"turns":5},{"damage":85,"enemies":"Sphere and 2 Shapes","floor":49,"turns":6},{"damage":31,"enemies":"IC_BLOCK_ARCHETYPE","floor":50,"turns":5},{"damage":119,"enemies":"downfall:CharBossMerchant","floor":52,"turns":6},{"damage":128,"enemies":"downfall:NeowBoss","floor":55,"turns":14},{"damage":130,"enemies":"downfall:NeowBossFinal","floor":56,"turns":7}],"seed_played":"8562276644449441060","potions_obtained":[{"floor":4.0,"key":"Fire Potion"},{"floor":8.0,"key":"sneckomod:MuddlingPotion"},{"floor":12.0,"key":"Elixir"},{"floor":13.0,"key":"BlessingOfTheForge"},{"floor":14.0,"key":"DistilledChaos"},{"floor":15.0,"key":"BlessingOfTheForge"},{"floor":22.0,"key":"CultistPotion"},{"floor":29.0,"key":"ColorlessPotion"},{"floor":32,"key":"champ:OpenerPotion"},{"floor":33,"key":"Languid Potion"},{"floor":40,"key":"Regen Potion"},{"floor":43,"key":"AttackPotion"}],"is_trial":false,"path_per_floor":["R","M","M","M","M","M","T","?","$","R","$","E","M","E","M","B",null,"R","M","M","M","M","M","T","$","?","R","M","E","M","$","M","B",null,"R","M","?","M","?","M","T","R","M","$","M","M","M","?","M","B",null,"E","$","R","B","B",null],"character_chosen":"THE_CHAMP","items_purchased":["champ:PerfectedStrike","Whetstone","Shuriken","expansioncontent:AwakenDeath","champ:BladeFlurry","champ:CrownThrow","champ:RecklessLeap","champ:CrookedStrike","champ:FlashCut"],"campfire_rested":2,"item_purchase_floors":[9,9,25,25,31,31,44,44,53],"current_hp_per_floor":[90,83,79,83,87,90,90,89,90,90,89,74,74,74,74,64,90,90,90,90,90,90,75,75,59,59,99,91,47,34,34,34,34,100,100,100,100,94,94,98,98,98,92,92,91,77,69,69,18,8,100,60,60,90,51,54],"gold":72,"neow_bonus":"RANDOM_COLORLESS","is_daily":false,"chose_seed":false,"campfire_upgraded":4,"win_rate":0.0,"timestamp":1613927526,"path_taken":["R","M","M","M","M","M","T","?","$","R","$","E","M","E","M","BOSS","R","M","M","M","M","M","T","$","?","R","M","E","M","$","M","BOSS","R","M","?","M","?","M","T","R","M","?","M","M","M","?","M","BOSS","E","$","R","BOSS","BOSS"],"items_purchased_type":["Card","Relic","Relic","Card","Card","Card","Card","Card","Card"],"build_version":"2020-12-22","purchased_purges":0,"victory":true,"max_hp_per_floor":[90,90,90,90,90,90,90,90,90,90,90,90,90,90,90,90,90,90,90,90,90,90,90,90,90,90,100,100,100,100,100,100,100,100,100,100,100,100,100,100,100,100,100,100,100,100,100,100,100,100,100,100,100,100,100,100],"card_choices":[{"not_picked":["Good Instincts","Trip"],"picked":"Bandage Up","floor":0.0},{"not_picked":["champ:BerserkersShout","champ:SetATrap"],"picked":"champ:PerfectedStrike","floor":2.0},{"not_picked":["champ:GutPunch","champ:EnGarde"],"picked":"champ:CrownThrow","floor":3.0},{"not_picked":["champ:IronFortress","champ:Shatter"],"picked":"champ:FlashCut","floor":4.0},{"not_picked":["champ:CrookedStrike","champ:BladeFlurry"],"picked":"champ:TornadoPunch","floor":5.0},{"not_picked":["champ:Parry","champ:FlashCut"],"picked":"champ:CrownThrow","floor":6.0},{"not_picked":["champ:TornadoPunch","champ:CalledShot"],"picked":"champ:FanOfKnives","floor":8.0},{"not_picked":["champ:SwordThrow","champ:Backstep"],"picked":"champ:EndlessRage","floor":9.0},{"not_picked":["champ:Haymaker","champ:ShieldWall"],"picked":"champ:PerfectedStrike","floor":11.0},{"not_picked":["champ:CrownThrow","champ:RecklessLeap"],"picked":"champ:RisingSlash","floor":12.0},{"not_picked":["champ:Shatter","champ:Backstep"],"picked":"champ:PerfectedStrike","floor":13.0},{"not_picked":["champ:IronFortress","champ:ShieldSlam"],"picked":"champ:BladeFlurry","floor":14.0},{"not_picked":["champ:SkillfulDodge","champ:FalseCounter"],"picked":"champ:Backstep","floor":15.0},{"not_picked":["champ:IgnorePain","champ:ShieldThrow"],"picked":"champ:GladiatorForm","floor":16.0},{"not_picked":["champ:Circumvent+1","champ:VampiricStrike"],"picked":"champ:RecklessLeap","floor":19.0},{"not_picked":["champ:TornadoPunch","champ:StanceDance"],"picked":"champ:FocusedBerserking","floor":20.0},{"not_picked":["champ:EnGarde+1","champ:Haymaker+1"],"picked":"champ:HeartStrike","floor":21.0},{"not_picked":["champ:ShieldWall","champ:EnGarde"],"picked":"champ:CrookedStrike+1","floor":22.0},{"not_picked":["champ:CrownThrow+1","champ:BerserkersShout"],"picked":"champ:Lariat+1","floor":23.0},{"not_picked":["champ:SkillfulDodge","champ:EnragedBash"],"picked":"champ:Parry","floor":25.0},{"not_picked":["champ:StanceDance+1","champ:GutPunch"],"picked":"champ:BerserkersShout+1","floor":28.0},{"not_picked":["champ:GutPunch","champ:BerserkersShout+1"],"picked":"champ:StanceDance+1","floor":29.0},{"not_picked":["champ:Shatter","champ:Circumvent"],"picked":"champ:Parry+1","floor":30},{"not_picked":["champ:FocusedDefense","champ:Circumvent"],"picked":"champ:ArenaPreparation","floor":32},{"not_picked":["champ:UltimateStance","champ:Devastate"],"picked":"champ:TripleStrike","floor":33},{"not_picked":["champ:BringItOn","champ:FocusedBerserking+1"],"picked":"champ:AdrenalArmor","floor":36},{"not_picked":["champ:Shatter+1","champ:CalledShot+1"],"picked":"champ:FanOfKnives","floor":38},{"not_picked":["champ:PreciseThrust+1","champ:RecklessLeap+1"],"picked":"champ:FlashCut","floor":40},{"not_picked":["champ:EnGarde","champ:Shatter"],"picked":"champ:FanOfKnives","floor":43},{"not_picked":["champ:SetATrap+1","champ:DefensiveShout"],"picked":"champ:PreciseThrust","floor":45},{"not_picked":["champ:Circumvent+1","champ:ShieldWall+1"],"picked":"champ:PreciseThrust+1","floor":46},{"not_picked":["champ:UltimateStance","champ:Haymaker"],"picked":"champ:PreemptiveStrike+1","floor":47},{"not_picked":["champ:TornadoPunch","champ:StanceDance"],"picked":"champ:PreciseThrust","floor":49},{"not_picked":["champ:BringItOn","champ:CrownThrow"],"picked":"champ:Duel","floor":52}],"player_experience":342717,"relics_obtained":[{"floor":8.0,"key":"Odd Mushroom"},{"floor":12.0,"key":"infinitespire:Beetle Shell"},{"floor":14.0,"key":"Nunchaku"},{"floor":17.0,"key":"Pet Ghost"},{"floor":17.0,"key":"hubris:BottledRain"},{"floor":17.0,"key":"hubris:MedicalManual"},{"floor":24.0,"key":"Replay:Bottled Eggs"},{"floor":29.0,"key":"hubris:SphereOfDissonance"},{"floor":41,"key":"Lizard Tail"},{"floor":52,"key":"Replay:Mystery Machine"}],"event_choices":[{"damage_healed":0.0,"max_hp_gain":0.0,"max_hp_loss":0.0,"gold_gain":0.0,"event_name":"Mushrooms","player_choice":"Fought Mushrooms","floor":8.0,"gold_loss":0.0,"damage_taken":0.0},{"cards_removed":["champ:Defend"],"damage_healed":0,"gold_gain":0,"player_choice":"Removed Skill","damage_taken":0,"max_hp_gain":0,"max_hp_loss":0,"event_name":"Falling","floor":39,"gold_loss":0}],"is_beta":false,"boss_relics":[{"not_picked":["bronze:MakeshiftBattery","Empty Cage"],"picked":"Calling Bell"},{"not_picked":["hubris:BlackHole","hubris:GrandSneckoEye"],"picked":"construct:WeddingRing"}],"items_purged_floors":[],"is_endless":false,"potions_floor_spawned":[4,8,12,13,14,15,20,21,22,29,32,33,40,43,45],"ascension_level":0}}