{"host":"q9718omregw4er46","time":1613893317,"event":{"mods":["BaseMod","Bestiary","Colored Powertips","Custom Start","Minty Spire (QoL Compilation)","Quick Restart","Relic Stats"],"gold_per_floor":[114,264,264,264,39,68,68,88,88,116,131,131,131,131],"floor_reached":13,"language":"ENG","playtime":354,"items_purged":[],"score":232,"play_id":"932fe37a-da77-4074-bcba-e69b8264d4fc","local_time":"20210221124157","is_ascension_mode":true,"campfire_choices":[{"data":"BowlingBash","floor":7.0,"key":"SMITH"},{"data":"CutThroughFate","floor":12.0,"key":"SMITH"}],"circlet_count":0,"master_deck":["AscendersBane","Strike_P","Strike_P","Strike_P","Defend_P","Defend_P","Defend_P","Defend_P","Eruption","Vigilance","WaveOfTheHand","BowlingBash+1","Prostrate","CutThroughFate+1","ThirdEye","EmptyBody"],"relics":["PureWater","NeowsBlessing","Frozen Eye","Damaru","Kunai","Letter Opener"],"acts_visited":["Exordium"],"potions_floor_usage":[13],"damage_taken":[{"damage":0.0,"enemies":"Small Slimes","floor":1.0,"turns":2.0},{"damage":0.0,"enemies":"Lagavulin","floor":6.0,"turns":2.0},{"damage":0.0,"enemies":"2 Louse","floor":8.0,"turns":2.0},{"damage":28.0,"enemies":"Gremlin Nob","floor":10.0,"turns":4.0},{"damage":0.0,"enemies":"Jaw Worm","floor":11.0,"turns":1.0},{"damage":29,"enemies":"Lagavulin","floor":13,"turns":10}],"seed_played":"-6952244276799039927","potions_obtained":[{"floor":1.0,"key":"PowerPotion"},{"floor":8.0,"key":"Dexterity Potion"}],"is_trial":false,"path_per_floor":["M","?","?","?","$","E","R","M","T","E","M","R","E"],"character_chosen":"WATCHER","items_purchased":["Frozen Eye","BowlingBash"],"campfire_rested":0,"item_purchase_floors":[5,5],"current_hp_per_floor":[61,61,61,54,54,54,54,54,54,26,26,26,0,0],"gold":131,"neow_bonus":"THREE_ENEMY_KILL","is_daily":false,"chose_seed":false,"campfire_upgraded":2,"win_rate":0.0,"timestamp":1613893317,"path_taken":["M","?","?","?","$","E","R","M","T","E","?","R","E"],"items_purchased_type":["Relic","Card"],"build_version":"2020-12-22","purchased_purges":0,"victory":false,"max_hp_per_floor":[68,68,68,68,68,68,68,68,68,68,68,68,68,68],"relic_stats":{"counters":[6,21],"Kunai":[3],"Letter Opener":[15],"obtain_stats":[{"Frozen Eye":5,"NeowsBlessing":0,"Damaru":6,"Kunai":9,"Letter Opener":10,"PureWater":0},{"Frozen Eye":1,"NeowsBlessing":0,"Damaru":2,"Kunai":3,"Letter Opener":4,"PureWater":0},{"Frozen Eye":2,"NeowsBlessing":0,"Damaru":4,"Kunai":6,"Letter Opener":10,"PureWater":0}]},"card_choices":[{"not_picked":["Study","InnerPeace","ThirdEye"],"picked":"SKIP","floor":1.0},{"not_picked":["SignatureMove","Halt"],"picked":"Prostrate","floor":6.0},{"not_picked":["Worship","EmptyFist"],"picked":"CutThroughFate","floor":8.0},{"not_picked":["PathToVictory","FlyingSleeves"],"picked":"ThirdEye","floor":10.0},{"not_picked":["SashWhip","CrushJoints"],"picked":"EmptyBody","floor":11.0}],"player_experience":825509,"relics_obtained":[{"floor":6.0,"key":"Damaru"},{"floor":9.0,"key":"Kunai"},{"floor":10.0,"key":"Letter Opener"}],"event_choices":[{"damage_healed":0.0,"max_hp_gain":0.0,"max_hp_loss":0.0,"gold_gain":150.0,"event_name":"Liars Game","player_choice":"AGREE","floor":2.0,"gold_loss":0.0,"damage_taken":0.0,"cards_obtained":["Doubt"]},{"damage_healed":0.0,"max_hp_gain":0.0,"max_hp_loss":0.0,"gold_gain":0.0,"cards_transformed":["Strike_P"],"event_name":"Living Wall","player_choice":"Change","floor":3.0,"gold_loss":0.0,"damage_taken":0.0,"cards_obtained":["WaveOfTheHand"]},{"cards_removed":["Doubt"],"damage_healed":0.0,"max_hp_gain":0.0,"max_hp_loss":0.0,"gold_gain":0.0,"event_name":"Golden Wing","player_choice":"Card Removal","floor":4.0,"gold_loss":0.0,"damage_taken":7.0}],"is_beta":false,"boss_relics":[],"items_purged_floors":[],"is_endless":false,"potions_floor_spawned":[1,8,11],"killed_by":"Lagavulin","ascension_level":20}}