{"host":"l15sdf2mmi0nobpi","time":1613900269,"event":{"mods":["BaseMod","Highlight Path","Minty Spire (QoL Compilation)","MostiFishMod","Quick Restart","StSLib","¡¾¹¦ÄÜMod¡¿Neow½±Àø"],"gold_per_floor":[112,136,136,149,149,149,178,196,196,209,235,235,267,286,286,357,357,372,385,385,396,408,408,421,446,471,482,515,544,591,629,641,727,739,771,-1322,-1322,-1322,-1322,-1322,-1293,-1293,-1293,-1262,-1245,-1217,-1203,-1203,-1203,-1203,-1203,-1203,-1203,-1203,-1173,-1173],"floor_reached":57,"language":"ZHS","playtime":5535,"items_purged":["Defend_R"],"score":3440,"play_id":"745c9ab1-e1d3-417e-a5ec-4c04c9361bd2","local_time":"20210221173749","is_ascension_mode":true,"campfire_choices":[{"data":"Offering","floor":6.0,"key":"SMITH"},{"data":"Feel No Pain","floor":15.0,"key":"SMITH"},{"data":"MostiFishMod:PerfectStrikeMKII","floor":23.0,"key":"SMITH"},{"data":"MostiFishMod:FlyOverUtopia","floor":32.0,"key":"SMITH"},{"data":"Bloodletting","floor":40.0,"key":"SMITH"},{"floor":49,"key":"RECALL"},{"floor":53,"key":"REST"}],"circlet_count":0,"master_deck":["AscendersBane","Strike_R","Strike_R","Strike_R","Strike_R","Defend_R","Bash","Offering+1","Shrug It Off","Feel No Pain+1","Second Wind","Shockwave","MostiFishMod:PerfectStrikeMKII+1","Bloodletting+1","Warcry+1","Power Through","MostiFishMod:FlyOverUtopia+1","Battle Trance+1","MostiFishMod:HellRitual","Feel No Pain","Burning Pact","MostiFishMod:StoryBook","MostiFishMod:StoryBook","Pommel Strike","MostiFishMod:PerfectStrikeMKII+1"],"relics":["Burning Blood","DaveBox","HollowDreamFlower","NeowsBlessing","SynthV:TestCard","Toy Ornithopter","Matryoshka","White Beast Statue","PreservedInsect","CaptainsWheel","Nunchaku","ExusiaiGun","InkBottle","Smiling Mask","MawBank","Dream Catcher","MealTicket","Empty Cage","Oddly Smooth Stone","Charon\u0027s Ashes","SynthV:MejaisSoulstealer","FossilizedHelix","The Courier","Paper Frog","Omamori","Letter Opener"],"acts_visited":["Exordium","TheCity","TheBeyond","TheEnding"],"potions_floor_usage":[56,56],"damage_taken":[{"damage":0.0,"enemies":"Cultist","floor":1.0,"turns":1.0},{"damage":0.0,"enemies":"2 Louse","floor":4.0,"turns":1.0},{"damage":0.0,"enemies":"3 Sentries","floor":7.0,"turns":1.0},{"damage":10.0,"enemies":"Jaw Worm","floor":8.0,"turns":2.0},{"damage":14.0,"enemies":"3 Louse","floor":10.0,"turns":3.0},{"damage":21.0,"enemies":"Lagavulin","floor":11.0,"turns":3.0},{"damage":14.0,"enemies":"3 Sentries","floor":13.0,"turns":7.0},{"damage":14.0,"enemies":"Blue Slaver","floor":14.0,"turns":3.0},{"damage":47.0,"enemies":"Slime Boss","floor":16.0,"turns":10.0},{"damage":0.0,"enemies":"Spheric Guardian","floor":18.0,"turns":1.0},{"damage":15.0,"enemies":"Shell Parasite","floor":19.0,"turns":2.0},{"damage":4.0,"enemies":"Centurion and Healer","floor":21.0,"turns":3.0},{"damage":0.0,"enemies":"Snecko","floor":22.0,"turns":2.0},{"damage":0.0,"enemies":"3 Cultists","floor":24.0,"turns":2.0},{"damage":0.0,"enemies":"Book of Stabbing","floor":25.0,"turns":1.0},{"damage":0.0,"enemies":"Snake Plant","floor":27.0,"turns":1.0},{"damage":13.0,"enemies":"Slavers","floor":28.0,"turns":2.0},{"damage":4.0,"enemies":"Snecko","floor":29.0,"turns":3.0},{"damage":0.0,"enemies":"Gremlin Leader","floor":30.0,"turns":1.0},{"damage":10.0,"enemies":"Collector","floor":33.0,"turns":2.0},{"damage":4.0,"enemies":"Orb Walker","floor":35.0,"turns":1.0},{"damage":4.0,"enemies":"Nemesis","floor":41.0,"turns":1.0},{"damage":12,"enemies":"Giant Head","floor":44,"turns":1},{"damage":16,"enemies":"3 Shapes","floor":45,"turns":4},{"damage":0,"enemies":"Nemesis","floor":46,"turns":1},{"damage":23,"enemies":"Jaw Worm Horde","floor":47,"turns":3},{"damage":36,"enemies":"Donu and Deca","floor":50,"turns":5},{"damage":15,"enemies":"Awakened One","floor":51,"turns":2},{"damage":15,"enemies":"Shield and Spear","floor":55,"turns":1},{"damage":71,"enemies":"The Heart","floor":56,"turns":5}],"seed_played":"2362063788190378622","potions_obtained":[{"floor":4.0,"key":"PowerPotion"},{"floor":8.0,"key":"Regen Potion"},{"floor":11.0,"key":"ElixirPotion"},{"floor":16.0,"key":"BlessingOfTheForge"},{"floor":24.0,"key":"CultistPotion"},{"floor":45,"key":"PowerPotion"},{"floor":46,"key":"Dexterity Potion"}],"is_trial":false,"path_per_floor":["M","T","?","M","T","R","E","M","T","M","E","?","E","M","R","B",null,"M","M","?","M","M","R","M","E","T","M","E","M","E","T","R","B",null,"M","$","?","?","?","R","E","$","T","E","M","E","M","?","R","B","B",null,"R","$","E","B",null],"character_chosen":"IRONCLAD","items_purchased":["Feel No Pain","Burning Pact","Oddly Smooth Stone","Charon\u0027s Ashes","SynthV:MejaisSoulstealer"],"campfire_rested":1,"item_purchase_floors":[36,36,36,36,36],"current_hp_per_floor":[75,75,75,75,75,75,75,71,71,67,56,49,45,41,41,9,59,69,64,64,70,75,75,75,75,75,75,68,74,75,75,75,71,74,75,75,65,65,65,65,71,71,71,65,59,69,54,54,54,28,23,59,71,71,62,11],"gold":-1173,"neow_bonus":"THREE_ENEMY_KILL","is_daily":false,"chose_seed":false,"campfire_upgraded":5,"win_rate":0.0,"timestamp":1613900269,"path_taken":["M","?","?","?","?","R","E","M","T","M","E","?","E","M","R","BOSS","M","M","?","M","M","R","M","E","T","M","E","M","E","?","R","BOSS","M","$","?","?","?","R","E","?","T","E","M","E","?","?","R","BOSS","BOSS","R","$","E","BOSS"],"items_purchased_type":["Card","Card","Relic","Relic","Relic"],"build_version":"2020-12-22","purchased_purges":1,"victory":true,"max_hp_per_floor":[75,75,75,75,75,75,75,75,75,75,75,75,75,75,75,75,75,75,75,75,75,75,75,75,75,75,75,75,75,75,75,75,75,75,75,75,75,71,71,71,71,71,71,71,71,71,71,71,71,71,71,71,71,71,71,71],"card_choices":[{"not_picked":["Headbutt","Clothesline"],"picked":"Carnage","floor":1.0},{"not_picked":["Wild Strike","Headbutt","Uppercut","Thunderclap"],"picked":"Offering","floor":4.0},{"not_picked":["Rage","Uppercut","Spot Weakness","Iron Wave"],"picked":"Shrug It Off","floor":7.0},{"not_picked":["Iron Wave","Wild Strike","Headbutt","Second Wind"],"picked":"Feel No Pain","floor":8.0},{"not_picked":["Uppercut","Flame Barrier","Thunderclap","Clash","Sword Boomerang"],"picked":"SKIP","floor":10.0},{"not_picked":["Metallicize","Shrug It Off","Carnage","Pummel"],"picked":"Second Wind","floor":11.0},{"not_picked":["Flame Barrier","Shrug It Off","Spot Weakness","Cleave"],"picked":"Shockwave","floor":13.0},{"not_picked":["Clash","Shrug It Off","Rage","Headbutt","Ghostly Armor"],"picked":"SKIP","floor":14.0},{"not_picked":["MostiFishMod:WingOfPhoenix","Limit Break","Corruption","Brutality"],"picked":"MostiFishMod:PerfectStrikeMKII","floor":16.0},{"not_picked":["Pummel","Perfected Strike","Dark Embrace","True Grit"],"picked":"Bloodletting","floor":18.0},{"not_picked":["Entrench","Havoc","Thunderclap","Infernal Blade"],"picked":"Warcry+1","floor":19.0},{"not_picked":["MostiFishMod:WingOfPhoenix","Pummel","Heavy Blade","Sever Soul","Thunderclap"],"picked":"SKIP","floor":21.0},{"not_picked":["Flex","Wild Strike+1","Body Slam","Sword Boomerang","Thunderclap"],"picked":"SKIP","floor":22.0},{"not_picked":["Metallicize","Anger","MostiFishMod:BrandingRite","Combust","Sword Boomerang"],"picked":"SKIP","floor":24.0},{"not_picked":["Perfected Strike","Cleave+1","Sword Boomerang","Dual Wield"],"picked":"Power Through","floor":25.0},{"not_picked":["Headbutt","Cleave","Rupture","Clothesline"],"picked":"MostiFishMod:FlyOverUtopia","floor":27.0},{"not_picked":["Anger","Body Slam","Wild Strike","Power Through","MostiFishMod:BrandingRite"],"picked":"SKIP","floor":28.0},{"not_picked":["Cleave","Flex","Shrug It Off","Spot Weakness","Rampage"],"picked":"SKIP","floor":29.0},{"not_picked":["True Grit","Headbutt+1","Cleave","Sword Boomerang"],"picked":"Battle Trance+1","floor":30.0},{"not_picked":["MostiFishMod:DarkDeal","MostiFishMod:TemporaryOutbreak","Juggernaut","Bludgeon"],"picked":"MostiFishMod:HellRitual","floor":33.0},{"not_picked":["Second Wind","Clash","Cleave","Anger+1","Body Slam"],"picked":"SKIP","floor":35.0},{"not_picked":["Discovery","Deep Breath","Blind","MostiFishMod:Awakening"],"picked":"MostiFishMod:StoryBook","floor":37.0},{"not_picked":["Impatience","Swift Strike","Jack Of All Trades","Forethought"],"picked":"MostiFishMod:StoryBook","floor":37.0},{"not_picked":["Rage+1","Second Wind+1","Perfected Strike","Whirlwind","Flex+1"],"picked":"SKIP","floor":41.0},{"not_picked":["Armaments","Sword Boomerang","Ghostly Armor","Shockwave","Carnage"],"picked":"SKIP","floor":44},{"not_picked":["Perfected Strike","Havoc","Reckless Charge","Clothesline+1","Warcry"],"picked":"SKIP","floor":45},{"not_picked":["Perfected Strike","Havoc","Reckless Charge","Clothesline+1","Warcry"],"picked":"SKIP","floor":45},{"not_picked":["Blood for Blood","Flex+1","Sentinel","Carnage"],"picked":"Pommel Strike","floor":46},{"not_picked":["MostiFishMod:BrandingRite","Dual Wield","Cleave","Flex","Clash"],"picked":"SKIP","floor":47},{"not_picked":["MostiFishMod:BrandingRite","Dual Wield","Cleave","Flex","Clash"],"picked":"SKIP","floor":47},{"not_picked":["MostiFishMod:WingOfPhoenix","Body Slam+1","Dual Wield+1","Armaments","Burning Pact"],"picked":"SKIP","floor":55}],"player_experience":568274,"relics_obtained":[{"floor":1.0,"key":"SynthV:TestCard"},{"floor":2.0,"key":"Toy Ornithopter"},{"floor":5.0,"key":"Matryoshka"},{"floor":7.0,"key":"White Beast Statue"},{"floor":9.0,"key":"PreservedInsect"},{"floor":9.0,"key":"CaptainsWheel"},{"floor":13.0,"key":"Nunchaku"},{"floor":25.0,"key":"InkBottle"},{"floor":26.0,"key":"Smiling Mask"},{"floor":28.0,"key":"MawBank"},{"floor":30.0,"key":"Dream Catcher"},{"floor":31.0,"key":"MealTicket"},{"floor":41.0,"key":"FossilizedHelix"},{"floor":43.0,"key":"The Courier"},{"floor":44,"key":"Paper Frog"},{"floor":46,"key":"Omamori"},{"floor":55,"key":"Letter Opener"}],"event_choices":[{"damage_healed":0.0,"max_hp_gain":0.0,"max_hp_loss":0.0,"gold_gain":0.0,"event_name":"Upgrade Shrine","player_choice":"Upgraded","floor":3.0,"gold_loss":0.0,"damage_taken":0.0,"cards_upgraded":["Carnage"]},{"cards_removed":["Strike_R"],"damage_healed":0.0,"max_hp_gain":0.0,"max_hp_loss":0.0,"gold_gain":0.0,"event_name":"Golden Wing","player_choice":"Card Removal","floor":12.0,"gold_loss":0.0,"damage_taken":7.0},{"damage_healed":0.0,"max_hp_gain":0.0,"max_hp_loss":0.0,"gold_gain":0.0,"event_name":"The Mausoleum","player_choice":"Ignored","floor":20.0,"gold_loss":0.0,"damage_taken":0.0},{"damage_healed":0.0,"max_hp_gain":0.0,"max_hp_loss":0.0,"gold_gain":0.0,"event_name":"SensoryStone","player_choice":"Memory 3","floor":37.0,"gold_loss":0.0,"damage_taken":10.0},{"damage_healed":0.0,"max_hp_gain":0.0,"max_hp_loss":4.0,"gold_gain":0.0,"event_name":"Winding Halls","player_choice":"Max HP","floor":38.0,"gold_loss":0.0,"damage_taken":0.0},{"cards_removed":["Carnage"],"damage_healed":0.0,"max_hp_gain":0.0,"max_hp_loss":0.0,"gold_gain":0.0,"event_name":"Falling","player_choice":"Removed Attack","floor":39.0,"gold_loss":0.0,"damage_taken":0.0},{"damage_healed":0,"gold_gain":0,"player_choice":"Copied","damage_taken":0,"max_hp_gain":0,"max_hp_loss":0,"event_name":"Duplicator","floor":48,"gold_loss":0,"cards_obtained":["MostiFishMod:PerfectStrikeMKII"]}],"is_beta":false,"boss_relics":[{"not_picked":["JellyFishMachine","Pandora\u0027s Box"],"picked":"ExusiaiGun"},{"not_picked":["NightmareShop","Cursed Key"],"picked":"Empty Cage"}],"items_purged_floors":[36],"is_endless":false,"potions_floor_spawned":[4,8,10,11,13,14,16,18,19,21,22,24,25,27,28,29,30,33,35,41,44,45,46,47,55],"ascension_level":20}}