{"host":"fs9fti79x98y0ceq","time":1613916600,"event":{"mods":["AchievementEnabler","BaseMod","Colored Map","Custom Start","DeckTracker","Hermit","KOR Keyword Fix","Minty Spire (QoL Compilation)","Relic Stats","StSLib","SuperFastMode","everything is the same but u backflip on backflip"],"gold_per_floor":[362,374,390,390,403,403,436,436,436,436,436],"floor_reached":10,"language":"KOR","playtime":214,"items_purged":[],"score":116,"play_id":"9611df24-a79f-4db4-944c-1fa37c7799dc","local_time":"20210221231000","is_ascension_mode":true,"campfire_choices":[{"data":"Eruption","floor":6,"key":"SMITH"},{"floor":8,"key":"REST"}],"circlet_count":0,"master_deck":["AscendersBane","Strike_P","Strike_P","Strike_P","Strike_P","Defend_P","Defend_P","Defend_P","Defend_P","Eruption+1","Vigilance","Halt+1"],"relics":["PureWater","Toxic Egg 2","The Courier"],"acts_visited":["Exordium"],"potions_floor_usage":[7,7],"damage_taken":[{"damage":2,"enemies":"Cultist","floor":1,"turns":4},{"damage":0,"enemies":"Jaw Worm","floor":2,"turns":3},{"damage":5,"enemies":"Small Slimes","floor":3,"turns":5},{"damage":4,"enemies":"Looter","floor":5,"turns":3},{"damage":9,"enemies":"Lagavulin","floor":7,"turns":7},{"damage":55,"enemies":"Gremlin Nob","floor":10,"turns":4}],"seed_played":"-920599609975516962","potions_obtained":[{"floor":3,"key":"DistilledChaos"},{"floor":5,"key":"ColorlessPotion"},{"floor":7,"key":"BottledMiracle"}],"is_trial":false,"path_per_floor":["M","M","M","?","M","R","E","R","T","E"],"character_chosen":"WATCHER","items_purchased":[],"campfire_rested":1,"item_purchase_floors":[],"current_hp_per_floor":[41,41,36,41,37,37,28,49,49,0,0],"gold":436,"neow_bonus":"TWO_FIFTY_GOLD","is_daily":false,"chose_seed":false,"campfire_upgraded":1,"win_rate":0.0,"timestamp":1613916600,"path_taken":["M","M","?","?","M","R","E","R","T","E"],"items_purchased_type":[],"build_version":"2020-12-22","purchased_purges":0,"victory":false,"max_hp_per_floor":[68,68,68,73,73,73,73,73,73,73,73],"relic_stats":{"counters":[6,26],"obtain_stats":[{"The Courier":9,"PureWater":0,"Toxic Egg 2":7},{"The Courier":5,"PureWater":0,"Toxic Egg 2":5},{"The Courier":22,"PureWater":0,"Toxic Egg 2":22}]},"card_choices":[{"not_picked":["ClearTheMind","Conclude","Evaluate"],"picked":"SKIP","floor":1},{"not_picked":["Prostrate","EmptyMind","CutThroughFate"],"picked":"SKIP","floor":2},{"not_picked":["Consecrate","CrushJoints","FlyingSleeves"],"picked":"SKIP","floor":3},{"not_picked":["CutThroughFate","Crescendo","FlyingSleeves"],"picked":"SKIP","floor":5},{"not_picked":["ConjureBlade+1","Wallop"],"picked":"Halt+1","floor":7}],"player_experience":420394,"relics_obtained":[{"floor":7,"key":"Toxic Egg 2"},{"floor":9,"key":"The Courier"}],"event_choices":[{"damage_healed":0,"gold_gain":0,"player_choice":"Donut","damage_taken":0,"max_hp_gain":5,"max_hp_loss":0,"event_name":"Big Fish","floor":4,"gold_loss":0}],"is_beta":false,"boss_relics":[],"items_purged_floors":[],"is_endless":false,"potions_floor_spawned":[3,5,7],"killed_by":"Gremlin Nob","ascension_level":14}}