{"host":"xgo7i0560n9mwvr8","time":1613871336,"event":{"mods":["BaseMod","Colored Map","Downfall","Minty Spire (QoL Compilation)","Permanent Neow","StSLib"],"gold_per_floor":[99,159,221,257,357,10,10,10,160,227,296,360,260,325,386,483,483,483,520,559,37,122,122,122,25,39,124,159,59,129,154,192,313,313,313,354,373,7,27,27,54,97,97,97,116,176,0,51,70,70],"floor_reached":51,"language":"ENG","playtime":6676,"items_purged":["Guardian:Strike_Guardian"],"score":960,"play_id":"cf74b7bb-f4c8-4183-b187-01956c90767b","local_time":"20210220203536","is_ascension_mode":true,"campfire_choices":[{"data":"HandOfGreed","floor":1,"key":"SMITH"},{"data":"Guardian:EvasiveProtocol","floor":8,"key":"SMITH"},{"floor":13,"key":"REST"},{"floor":18,"key":"RECALL"},{"floor":29,"key":"REST"},{"data":"Guardian:SpikerProtocol","floor":35,"key":"SMITH"},{"data":"Guardian:RefractedBeam+1","floor":43,"key":"SMITH"}],"circlet_count":0,"master_deck":["Guardian:Strike_Guardian","Guardian:Defend_Guardian","Guardian:Defend_Guardian","Guardian:Defend_Guardian","Guardian:Defend_Guardian","Guardian:CurlUp+1","Guardian:TwinSlam","HandOfGreed+1","Guardian:PiercingHide","Guardian:TimeCapacitor","Guardian:Suspension","Guardian:SentryBeam+1","Guardian:StasisStrike","Guardian:DecasProtection","Guardian:EvasiveProtocol+1","Guardian:FuturePlans","Guardian:ShieldCharger","Guardian:TemporalStrike","Guardian:Planning","Guardian:RollAttack","Guardian:FierceBash","Guardian:FloatingOrbs","Guardian:BodySlam","Guardian:GemFinder","Guardian:SpikerProtocol+1","Guardian:RollAttack+1","Guardian:GemFinder","expansioncontent:AwakenDeath","Guardian:TemporalShield+1","Guardian:BodySlam+1","Guardian:Harden+1","Guardian:ShieldCharger","Guardian:BaubleBeam","Guardian:RefractedBeam+2","Guardian:SpikerProtocol","Guardian:ShieldSpikes","Guardian:TimeSifter","Guardian:BaubleBeam","Guardian:VentSteam+1","Guardian:Recover+1","expansioncontent:PrepareCrush","expansioncontent:YouAreMine","expansioncontent:Chronoboost","Guardian:ArmoredProtocol","Guardian:ShieldSpikes","Guardian:ConstructionForm","Guardian:DecasProtection"],"relics":["Guardian:ModeShifterPlus","Potion Belt","downfall:GremlinWheel","downfall:HeartBlessingBlue","Pocketwatch","Singing Bowl","Guardian:BottledStasis","Pear","Toy Ornithopter","downfall:HeartBlessingRed","Tiny Chest","Runic Pyramid","Mummified Hand","Blue Candle","Whetstone","Shovel","MealTicket"],"acts_visited":["Exordium","TheCity","TheBeyond"],"potions_floor_usage":[5,9,10,16,16,16,25,25,30,33,42,50,50,50],"damage_taken":[{"damage":1,"enemies":"2 Louse","floor":2,"turns":3},{"damage":5,"enemies":"Small Slimes","floor":3,"turns":4},{"damage":6,"enemies":"Cultist","floor":4,"turns":3},{"damage":13,"enemies":"downfall:Heads","floor":5,"turns":7},{"damage":0,"enemies":"downfall:FleeingMerchant","floor":6,"turns":4},{"damage":15,"enemies":"downfall:FleeingMerchant","floor":9,"turns":5},{"damage":5,"enemies":"Exordium Wildlife","floor":10,"turns":6},{"damage":0,"enemies":"3 Louse","floor":11,"turns":6},{"damage":0,"enemies":"Large Slime","floor":12,"turns":8},{"damage":9,"enemies":"2 Fungi Beasts","floor":14,"turns":5},{"damage":0,"enemies":"Exordium Wildlife","floor":15,"turns":4},{"damage":8,"enemies":"IC_STATUS_ARCHETYPE","floor":16,"turns":8},{"damage":0,"enemies":"Chosen","floor":19,"turns":6},{"damage":0,"enemies":"Shell Parasite","floor":20,"turns":5},{"damage":0,"enemies":"downfall:FleeingMerchant","floor":21,"turns":4},{"damage":0,"enemies":"downfall:FleeingMerchant","floor":25,"turns":4},{"damage":7,"enemies":"Snake Plant","floor":26,"turns":4},{"damage":11,"enemies":"Slavers","floor":27,"turns":9},{"damage":0,"enemies":"Centurion and Healer","floor":28,"turns":7},{"damage":0,"enemies":"Cultist and Chosen","floor":30,"turns":6},{"damage":2,"enemies":"Book of Stabbing","floor":31,"turns":5},{"damage":0,"enemies":"Snake Plant","floor":32,"turns":3},{"damage":62,"enemies":"SI_MIRROR_ARCHETYPE","floor":33,"turns":14},{"damage":2,"enemies":"3 Darklings","floor":36,"turns":7},{"damage":0,"enemies":"3 Shapes","floor":37,"turns":3},{"damage":0,"enemies":"downfall:FleeingMerchant","floor":38,"turns":1},{"damage":0,"enemies":"Spire Growth","floor":39,"turns":4},{"damage":0,"enemies":"Sphere and 2 Shapes","floor":42,"turns":6},{"damage":0,"enemies":"Maw","floor":45,"turns":6},{"damage":0,"enemies":"Giant Head","floor":46,"turns":7},{"damage":8,"enemies":"Reptomancer","floor":48,"turns":8},{"damage":0,"enemies":"Writhing Mass","floor":49,"turns":4},{"damage":0,"enemies":"DF_ARCHETYPE_ORBS","floor":50,"turns":5}],"seed_played":"-1321603207759538647","potions_obtained":[{"floor":2,"key":"Ancient Potion"},{"floor":4,"key":"SkillPotion"},{"floor":11,"key":"Regen Potion"},{"floor":14,"key":"bronze:BurnAndBuffPotion"},{"floor":15,"key":"Strength Potion"},{"floor":19,"key":"Explosive Potion"},{"floor":20,"key":"Swift Potion"},{"floor":28,"key":"GamblersBrew"},{"floor":30,"key":"Guardian:AcceleratePotion"},{"floor":36,"key":"Explosive Potion"},{"floor":46,"key":"champ:CounterPotion"},{"floor":48,"key":"GamblersBrew"}],"is_trial":false,"path_per_floor":["R","M","M","M","?","$","T","R","?","M","M","M","R","M","M","B",null,"R","M","M","$","?","?","T","$","M","E","M","R","M","E","M","B",null,"R","M","M","$","M","?","T","M","R","?","M","E","$","E","M","B",null],"character_chosen":"GUARDIAN","items_purchased":["Potion Belt","PowerPotion","Energy Potion","Guardian:EvasiveProtocol","Singing Bowl","Guardian:SpikerProtocol","Guardian:BottledStasis","Guardian:RollAttack","expansioncontent:AwakenDeath","Mummified Hand","Guardian:TimeSifter","DuplicationPotion","Guardian:BaubleBeam","Guardian:Gem_Crimson","BlessingOfTheForge","Guardian:ShieldSpikes","Dexterity Potion"],"campfire_rested":2,"item_purchase_floors":[6,6,6,6,21,21,21,21,25,38,38,38,38,38,47,47,47],"current_hp_per_floor":[56,55,50,44,31,31,31,31,16,11,11,11,48,39,39,46,90,90,90,90,90,74,74,84,84,81,74,78,111,116,118,118,58,120,120,118,118,118,118,118,118,120,120,110,112,118,118,112,112,127],"gold":70,"neow_bonus":"RANDOM_COLORLESS_2","is_daily":false,"chose_seed":false,"campfire_upgraded":4,"win_rate":0.0,"timestamp":1613871336,"path_taken":["R","M","M","M","?","$","T","R","?","M","M","?","R","M","M","BOSS","R","M","M","$","?","?","T","$","M","E","M","R","M","E","M","BOSS","R","M","M","$","M","?","T","M","R","?","M","E","?","E","M","BOSS"],"items_purchased_type":["Relic","Potion","Potion","Card","Relic","Card","Relic","Card","Card","Relic","Card","Potion","Card","Card","Potion","Card","Potion"],"build_version":"2020-12-22","purchased_purges":1,"victory":true,"max_hp_per_floor":[80,80,80,80,80,80,80,80,80,80,80,80,90,90,90,90,90,90,90,90,90,90,90,100,100,104,108,112,112,116,120,120,120,120,120,120,120,120,120,120,120,120,120,120,122,128,128,130,130,130],"card_choices":[{"not_picked":["Master of Strategy","Transmutation"],"picked":"HandOfGreed","floor":0},{"not_picked":["Guardian:Clone","Guardian:Orbwalk"],"picked":"Guardian:PiercingHide","floor":2},{"not_picked":["Guardian:PiercingHide","Guardian:CrystalBeam"],"picked":"Guardian:TimeCapacitor","floor":3},{"not_picked":["Guardian:Gem_Green","Guardian:TimeCapacitor"],"picked":"Guardian:Suspension","floor":4},{"not_picked":["Guardian:VentSteam","Guardian:DecasProtection"],"picked":"Guardian:StasisStrike","floor":5},{"not_picked":["Guardian:Gem_Cyan","Guardian:Planning"],"picked":"Guardian:DecasProtection","floor":6},{"not_picked":["Guardian:Reroute","Guardian:PrimingBeam"],"picked":"Guardian:FuturePlans","floor":10},{"not_picked":["Guardian:MultiBeam","Guardian:Reroute"],"picked":"Guardian:ShieldCharger","floor":11},{"not_picked":["Guardian:PiercingHide","Guardian:RollAttack"],"picked":"Guardian:TemporalStrike","floor":12},{"not_picked":["Guardian:Gem_Lightblue","Guardian:StasisStrike"],"picked":"Guardian:Planning","floor":14},{"not_picked":["Guardian:TemporalStrike","Guardian:Repulse"],"picked":"Guardian:RollAttack","floor":15},{"not_picked":["Guardian:CompilePackage","Guardian:StasisStrike"],"picked":"Guardian:FierceBash","floor":16},{"not_picked":["Guardian:FuturePlans","Guardian:Gem_Green"],"picked":"Guardian:FloatingOrbs","floor":19},{"not_picked":["Guardian:CrystalBeam","Guardian:Suspension"],"picked":"Guardian:BodySlam","floor":20},{"not_picked":["Guardian:RollAttack","Guardian:HyperBeam_Guardian"],"picked":"Guardian:GemFinder","floor":21},{"not_picked":["Guardian:Gem_Green","Guardian:Gem_Red"],"picked":"Guardian:Gem_Cyan","floor":25},{"not_picked":["Guardian:Gem_Red","Guardian:TemporalShield"],"picked":"Guardian:GemFinder","floor":25},{"not_picked":["Guardian:Gem_Cyan","Guardian:Gem_Red","Guardian:Gem_Green"],"picked":"Singing Bowl","floor":26},{"not_picked":["Guardian:Gem_Red","Guardian:Gem_Lightblue","Guardian:Gem_Cyan"],"picked":"Singing Bowl","floor":26},{"not_picked":["Guardian:ChargeCore+1","Guardian:Planning"],"picked":"Guardian:TemporalShield+1","floor":26},{"not_picked":["Guardian:Gem_Cyan","Guardian:Gem_Red","Guardian:Gem_Green"],"picked":"Singing Bowl","floor":27},{"not_picked":["Guardian:Gem_Green","Guardian:Gem_Lightblue"],"picked":"Guardian:Gem_Cyan","floor":27},{"not_picked":["Guardian:Gem_Crimson","Guardian:ChargeCore+1","Guardian:StasisEngine"],"picked":"Singing Bowl","floor":27},{"not_picked":["Guardian:Gem_Red","Guardian:Gem_Cyan","Guardian:Gem_Green"],"picked":"Singing Bowl","floor":28},{"not_picked":["Guardian:Gem_Cyan","Guardian:Gem_Lightblue","Guardian:Gem_Green"],"picked":"Singing Bowl","floor":28},{"not_picked":["Guardian:Gem_Fragmented","Guardian:Repulse"],"picked":"Guardian:BodySlam+1","floor":28},{"not_picked":["Guardian:Gem_Red","Guardian:Gem_Lightblue","Guardian:Gem_Green"],"picked":"Singing Bowl","floor":30},{"not_picked":["Guardian:Gem_Green","Guardian:Gem_Lightblue","Guardian:Gem_Red"],"picked":"Singing Bowl","floor":30},{"not_picked":["Guardian:Suspension","Guardian:Gem_Fragmented"],"picked":"Guardian:Harden+1","floor":30},{"not_picked":["Guardian:Gem_Lightblue","Guardian:Gem_Green"],"picked":"Guardian:Gem_Cyan","floor":31},{"not_picked":["Guardian:Gem_Red","Guardian:Gem_Lightblue","Guardian:Gem_Cyan"],"picked":"Singing Bowl","floor":31},{"not_picked":["Guardian:Reroute","Guardian:Planning","Guardian:Gem_Lightblue"],"picked":"Singing Bowl","floor":31},{"not_picked":["Guardian:PolyBeam","Guardian:ExploitGems"],"picked":"Guardian:ShieldCharger","floor":32},{"not_picked":["Guardian:Gem_Green","Guardian:Gem_Red"],"picked":"Guardian:Gem_Cyan","floor":33},{"not_picked":["Guardian:Gem_Red","Guardian:Gem_Lightblue"],"picked":"Guardian:Gem_Cyan","floor":33},{"not_picked":["Guardian:ExploitGems","Guardian:StasisStrike"],"picked":"Guardian:BaubleBeam","floor":33},{"not_picked":["Guardian:Gem_Green","Guardian:Gem_Red"],"picked":"Guardian:Gem_Cyan","floor":36},{"not_picked":["Guardian:Gem_Red","Guardian:Gem_Green"],"picked":"Guardian:Gem_Cyan","floor":36},{"not_picked":["Guardian:TemporalShield+1","Guardian:PolyBeam+1"],"picked":"Guardian:RefractedBeam+1","floor":36},{"not_picked":["Guardian:Gem_Cyan","Guardian:Gem_Green"],"picked":"Guardian:Gem_Red","floor":37},{"not_picked":["Guardian:Harden+1","Guardian:Recover+1"],"picked":"Guardian:SpikerProtocol","floor":37},{"not_picked":["Guardian:FierceBash","Guardian:PrismaticBarrier+1"],"picked":"Guardian:ShieldSpikes","floor":38},{"not_picked":["Guardian:Gem_Lightblue","Guardian:Gem_Green"],"picked":"Guardian:Gem_Cyan","floor":39},{"not_picked":["Guardian:Gem_Red","Guardian:Gem_Lightblue"],"picked":"Guardian:Gem_Cyan","floor":39},{"not_picked":["Guardian:TimeBomb","Guardian:RollAttack+1"],"picked":"Guardian:VentSteam+1","floor":39},{"not_picked":["Guardian:Gem_Green","Guardian:Gem_Lightblue"],"picked":"Guardian:Gem_Cyan","floor":42},{"not_picked":["Guardian:Preprogram+1","Guardian:TimeBomb+1"],"picked":"Guardian:Recover+1","floor":42},{"not_picked":["expansioncontent:HyperBeam","expansioncontent:Hexaburn"],"picked":"expansioncontent:PrepareCrush","floor":44},{"not_picked":["expansioncontent:LastStand","expansioncontent:AwakenDeath"],"picked":"expansioncontent:YouAreMine","floor":44},{"not_picked":["expansioncontent:InvincibleStrength","expansioncontent:PolyBeam"],"picked":"expansioncontent:Chronoboost","floor":44},{"not_picked":["Guardian:Gem_Cyan","Guardian:Gem_Lightblue","Guardian:Gem_Red"],"picked":"Singing Bowl","floor":45},{"not_picked":["Guardian:Recover","Guardian:Planning+1"],"picked":"Guardian:ArmoredProtocol","floor":45},{"not_picked":["Guardian:Gem_Green","Guardian:Gem_Lightblue","Guardian:Gem_Red"],"picked":"Singing Bowl","floor":46},{"not_picked":["Guardian:Gem_Cyan","Guardian:Gem_Red","Guardian:Gem_Green"],"picked":"Singing Bowl","floor":46},{"not_picked":["Guardian:ChargeCore","Guardian:RollAttack","Guardian:Harden"],"picked":"Singing Bowl","floor":46},{"not_picked":["Guardian:Gem_Lightblue","Guardian:Gem_Green","Guardian:Gem_Cyan"],"picked":"Singing Bowl","floor":48},{"not_picked":["Guardian:CrystalBeam","Guardian:RollAttack+1"],"picked":"Guardian:ConstructionForm","floor":48},{"not_picked":["Guardian:CrystalBeam","Guardian:Suspension+1"],"picked":"Guardian:DecasProtection","floor":49}],"player_experience":1064728,"relics_obtained":[{"floor":9,"key":"downfall:GremlinWheel"},{"floor":13,"key":"Pocketwatch"},{"floor":24,"key":"Pear"},{"floor":27,"key":"Toy Ornithopter"},{"floor":31,"key":"Tiny Chest"},{"floor":40,"key":"Blue Candle"},{"floor":41,"key":"Whetstone"},{"floor":46,"key":"Shovel"},{"floor":48,"key":"MealTicket"}],"event_choices":[{"damage_healed":0,"gold_gain":0,"player_choice":"Relic","damage_taken":0,"max_hp_gain":0,"max_hp_loss":0,"event_name":"Wheel of Change","floor":13,"gold_loss":0}],"is_beta":false,"boss_relics":[{"not_picked":["Black Star","SlaversCollar"],"picked":"Guardian:ModeShifterPlus"},{"not_picked":["Astrolabe","Empty Cage"],"picked":"Runic Pyramid"}],"items_purged_floors":[38],"is_endless":false,"potions_floor_spawned":[2,4,11,14,15,19,20,28,30,36,46,48],"ascension_level":1}}