{"host":"htqwg582tjjtn9p7","time":1613937971,"event":{"mods":["2.2 Compatiblity","AchievementEnabler","Act Like it!","Aspiration","BaseMod","Better Third Choice","Colored Map","Conspire","Curses Come First","Displayed Cursed Tome","Energized Spire","Force Act Four","Fox Events","GifTheSpireLib","Hermit","Highlight Path","JesterMod","Mad Scientist","Minty Spire (QoL Compilation)","Pale of the Ancients","Permanent Neow","Random Character Button","Relic Stats","Reliquary","Replay The Spire","Robot Space Explorer","Ruina","Somnambulant","Spicy Shops","Spikes Relics","StSLib","Stuff the Spire","The Blue Laboratory","The Bug Knight","The Forsaken","The Gatherer","The Judge","The Jungle","The Marked","The Runesmith","The Servant 0.9.4","Uncapped"],"gold_per_floor":[117,133,58,69,21,21,21,21,21,38,73,92,92,104,104,175,175,190,206,219,219,219,219,254,254,280,313,324,337,364,364,364,34,34,105,105,119,310,325,341,358,358,393,393,440,184,248,297,393,456,468,528,590,683,695,206,206,314,314,14,14,70],"floor_reached":63,"language":"ENG","playtime":3736,"items_purged":["Pain","Pain","Strike_G+1","Parasite"],"score":2253,"play_id":"700c5c15-73f6-4d41-8551-53df25ec9231","local_time":"20210221210611","is_ascension_mode":true,"campfire_choices":[{"data":"Noxious Fumes","floor":6,"key":"SMITH"},{"floor":15,"key":"REST"},{"data":"Neutralize","floor":23,"key":"SMITH"},{"data":"Envenom","floor":25,"key":"SMITH"},{"floor":34,"key":"REST"},{"data":"StuffTheSpire:Incantation","floor":42,"key":"SMITH"},{"data":"ReplayTheSpireMod:Scrap Shanks","floor":44,"key":"SMITH"},{"data":"StuffTheSpire:ReptileScales","floor":51,"key":"SMITH"},{"data":"Accuracy","floor":57,"key":"SMITH"},{"data":"Footwork","floor":59,"key":"SMITH"}],"circlet_count":0,"master_deck":["AscendersBane","Strike_G+1","Strike_G+1","Strike_G+1","Defend_G+1","Defend_G+2","Defend_G+2","Defend_G+1","Defend_G+1","Survivor","Neutralize+1","Dagger Spray","Reflex","Noxious Fumes+1","Hidden Blade","Underhanded Strike","Terror","conspire:PoisonWeapons+1","Envenom+1","StuffTheSpire:Incantation+1","Deflect","After Image","Blade Dance","Concentrate+1","ReplayTheSpireMod:Scrap Shanks+1","After Image","StuffTheSpire:ReptileScales+1","Blade Dance","Accuracy+1","Footwork+1"],"relics":["Snecko Scales","HollowMod:PaleOreRelic","Replay:Rubber Ducky","conspire:SpecialSausage","WarpedTongs","reliquary:GummyVitamins","Blood Vial","SpikesRelics:DaevaFist","LugNut","Nunchaku","StuffTheSpire:RunicHypercube","Replay:Bandana","Oddly Smooth Stone","Simple Rune","MawBank","Lantern","paleoftheancients:Timepiece","Ice Cream","Gremlin Horn","paleoftheancients:SoulOfTheWokeBloke","conspire:DecoderRing","aspiration:Lifesprig","OrangePellets"],"acts_visited":["Exordium","TheCity","TheBeyond","TheBeyond"],"potions_floor_usage":[11,11,27,29,35,35,48,48],"damage_taken":[{"damage":1,"enemies":"Jaw Worm","floor":1,"turns":4},{"damage":0,"enemies":"2 Louse","floor":2,"turns":3},{"damage":0,"enemies":"Cultist","floor":4,"turns":3},{"damage":12,"enemies":"Exordium Thugs","floor":10,"turns":4},{"damage":11,"enemies":"Gremlin Nob","floor":11,"turns":3},{"damage":1,"enemies":"Large Slime","floor":12,"turns":4},{"damage":0,"enemies":"Red Slaver","floor":14,"turns":3},{"damage":0,"enemies":"Slime Boss","floor":16,"turns":3},{"damage":0,"enemies":"3 Byrds","floor":18,"turns":3},{"damage":5,"enemies":"Spheric Guardian","floor":19,"turns":5},{"damage":0,"enemies":"conspire:HollyBat","floor":20,"turns":7},{"damage":2,"enemies":"conspire:SneckoGhost","floor":24,"turns":5},{"damage":5,"enemies":"conspire:Head Lice","floor":27,"turns":3},{"damage":5,"enemies":"Shelled Parasite and Fungi","floor":28,"turns":6},{"damage":2,"enemies":"Snake Plant","floor":29,"turns":4},{"damage":2,"enemies":"HollowMod:Nosk","floor":30,"turns":4},{"damage":4,"enemies":"Champ","floor":35,"turns":6},{"damage":0,"enemies":"Orb Walker","floor":37,"turns":3},{"damage":4,"enemies":"3 Shapes","floor":39,"turns":4},{"damage":1,"enemies":"Spire Growth","floor":40,"turns":3},{"damage":2,"enemies":"4 Shapes","floor":41,"turns":6},{"damage":2,"enemies":"Giant Head","floor":43,"turns":5},{"damage":0,"enemies":"Nemesis","floor":47,"turns":4},{"damage":0,"enemies":"Writhing Mass","floor":48,"turns":4},{"damage":0,"enemies":"HollowMod:StalkingDevout","floor":49,"turns":3},{"damage":0,"enemies":"3 Darklings","floor":50,"turns":3},{"damage":0,"enemies":"Replay:Hell Engine","floor":52,"turns":5},{"damage":12,"enemies":"Replay:Hell Engine","floor":53,"turns":8},{"damage":0,"enemies":"Replay:Hell Engine","floor":54,"turns":4},{"damage":0,"enemies":"Replay:Hell Engine","floor":58,"turns":4},{"damage":0,"enemies":"paleoftheancients:N","floor":62,"turns":9}],"seed_played":"5370872854842257742","potions_obtained":[{"floor":1,"key":"SteroidPotion"},{"floor":2,"key":"blueLaboratory:BottleOfRum"},{"floor":10,"key":"blueLaboratory:Moonshine"},{"floor":12,"key":"Strength Potion"},{"floor":16,"key":"blueLaboratory:BlinkPotion"},{"floor":28,"key":"blueLaboratory:NinjaPotion"},{"floor":29,"key":"LiquidBronze"},{"floor":35,"key":"CunningPotion"},{"floor":50,"key":"LiquidMemories"},{"floor":53,"key":"blueLaboratory:BubblePotion"}],"is_trial":false,"path_per_floor":["M","M","?","M","$","R","?","?","T","M","E","M","?","M","R","B",null,"M","M","M","?","?","R","E","R","T","E","M","M","E","PTL","PTL","$","R","B",null,"M","?","M","M","M","R","E","R","T","$","E","M","E","M","R","B","M","M","T","$","R","M","R","$","?","B",null],"character_chosen":"THE_SILENT","items_purchased":["Hidden Blade","Nunchaku","PowerPotion","Simple Rune","aspiration:Lifesprig","Blade Dance","Accuracy","LifebloodPotion","OrangePellets"],"campfire_rested":2,"item_purchase_floors":[5,33,33,46,56,56,56,56,60],"current_hp_per_floor":[58,58,58,58,58,58,63,63,63,51,40,39,39,39,60,60,68,68,63,63,63,63,63,61,61,61,58,55,55,55,55,55,55,71,67,70,71,71,67,68,68,68,68,68,68,68,70,71,71,71,71,71,65,69,69,69,69,71,71,68,68,68],"gold":70,"neow_bonus":"BOSS_RELIC","is_daily":false,"chose_seed":false,"campfire_upgraded":8,"win_rate":0.0,"timestamp":1613937971,"path_taken":["M","M","?","M","$","R","?","?","T","M","E","?","?","?","R","BOSS","M","M","M","?","?","R","E","R","T","E","M","?","E","PTL","PTL","$","R","BOSS","M","?","M","M","M","R","E","R","T","$","E","M","E","M","R","BOSS","M","M","?","$","R","M","R","$","?","BOSS"],"items_purchased_type":["Card","Relic","Potion","Relic","Relic","Card","Card","Potion","Relic"],"build_version":"2020-12-22","purchased_purges":4,"victory":true,"max_hp_per_floor":[66,66,66,66,66,66,71,71,71,71,71,71,71,71,71,71,71,71,71,71,71,71,71,71,71,71,71,71,71,71,71,71,71,71,71,71,71,71,71,71,71,71,71,71,71,71,71,71,71,71,71,71,71,71,71,71,71,71,71,68,68,68],"relic_stats":{"Blood Vial":22,"OrangePellets":[2],"Nunchaku":[41],"Gremlin Horn":[22,22],"counters":[31,135],"MawBank":108,"obtain_stats":[{"Ice Cream":52,"Lantern":49,"aspiration:Lifesprig":56,"StuffTheSpire:RunicHypercube":36,"Gremlin Horn":52,"Oddly Smooth Stone":45,"conspire:SpecialSausage":17,"MawBank":47,"Replay:Rubber Ducky":11,"WarpedTongs":22,"Blood Vial":26,"paleoftheancients:Timepiece":52,"OrangePellets":60,"Nunchaku":33,"Replay:Bandana":43,"Snecko Scales":0,"paleoftheancients:SoulOfTheWokeBloke":53,"conspire:DecoderRing":55,"reliquary:GummyVitamins":24,"Simple Rune":46,"SpikesRelics:DaevaFist":27,"HollowMod:PaleOreRelic":9,"LugNut":30,"Ring of the Snake":0},{"Ice Cream":27,"Lantern":25,"aspiration:Lifesprig":29,"StuffTheSpire:RunicHypercube":17,"Gremlin Horn":27,"Oddly Smooth Stone":22,"conspire:SpecialSausage":8,"MawBank":23,"Replay:Rubber Ducky":5,"WarpedTongs":11,"Blood Vial":12,"paleoftheancients:Timepiece":27,"OrangePellets":30,"Nunchaku":16,"Replay:Bandana":22,"Snecko Scales":0,"paleoftheancients:SoulOfTheWokeBloke":28,"conspire:DecoderRing":29,"reliquary:GummyVitamins":12,"Simple Rune":22,"SpikesRelics:DaevaFist":13,"HollowMod:PaleOreRelic":3,"LugNut":16,"Ring of the Snake":0},{"Ice Cream":110,"Lantern":102,"aspiration:Lifesprig":122,"StuffTheSpire:RunicHypercube":70,"Gremlin Horn":110,"Oddly Smooth Stone":91,"conspire:SpecialSausage":27,"MawBank":95,"Replay:Rubber Ducky":17,"WarpedTongs":42,"Blood Vial":47,"paleoftheancients:Timepiece":110,"OrangePellets":126,"Nunchaku":64,"Replay:Bandana":91,"Snecko Scales":0,"paleoftheancients:SoulOfTheWokeBloke":118,"conspire:DecoderRing":122,"reliquary:GummyVitamins":47,"Simple Rune":91,"SpikesRelics:DaevaFist":50,"HollowMod:PaleOreRelic":10,"LugNut":64,"Ring of the Snake":0}],"WarpedTongs":[92]},"card_choices":[{"not_picked":["Well Laid Plans","PiercingWail"],"picked":"Dagger Spray","floor":1},{"not_picked":["Bane","StuffTheSpire:Python"],"picked":"Reflex","floor":2},{"not_picked":["Pace","Cloak And Dagger"],"picked":"Noxious Fumes","floor":4},{"not_picked":["Quick Slash","Fluid Movement"],"picked":"Underhanded Strike","floor":10},{"not_picked":["Sucker Punch","PiercingWail"],"picked":"Terror","floor":11},{"not_picked":["Dagger Throw","StuffTheSpire:BumpUp"],"picked":"conspire:PoisonWeapons","floor":12},{"not_picked":["ReplayTheSpireMod:Shiv Toss","ReplayTheSpireMod:Exploit Weakness","Outmaneuver"],"picked":"SKIP","floor":14},{"not_picked":["Bane","StuffTheSpire:BumpUp","Deadly Poison"],"picked":"SKIP","floor":18},{"not_picked":["Flying Knee","Crippling Poison+1","Concentrate"],"picked":"SKIP","floor":19},{"not_picked":["StuffTheSpire:Repulse","Poisoned Stab","Outmaneuver"],"picked":"SKIP","floor":20},{"not_picked":["Hidden Blade+1","PiercingWail"],"picked":"Envenom","floor":24},{"not_picked":["InfectiousVector","Crippling Poison","Flying Knee"],"picked":"SKIP","floor":27},{"not_picked":["StuffTheSpire:Incursion","Endless Agony"],"picked":"StuffTheSpire:Incantation","floor":28},{"not_picked":["Bane","StuffTheSpire:Sprint","Deadly Poison"],"picked":"SKIP","floor":29},{"not_picked":["Skewer","Fluid Movement"],"picked":"Deflect","floor":30},{"not_picked":["Glass Knife","Night Terror"],"picked":"After Image","floor":35},{"not_picked":["Bane","Dash"],"picked":"Blade Dance","floor":37},{"not_picked":["StuffTheSpire:Shiver","Backstab"],"picked":"Concentrate+1","floor":39},{"not_picked":["Masterful Stab","Sucker Punch+1","Expertise+1"],"picked":"SKIP","floor":40},{"not_picked":["Caltrops","Setup","ReplayTheSpireMod:Tripwire"],"picked":"SKIP","floor":41},{"not_picked":["StuffTheSpire:Python","Sucker Punch"],"picked":"ReplayTheSpireMod:Scrap Shanks","floor":43},{"not_picked":["Backflip","Replay:Poison Smokescreen+1","StuffTheSpire:BumpUp"],"picked":"SKIP","floor":47},{"not_picked":["ReplayTheSpireMod:Exploit Weakness","ReplayTheSpireMod:Tripwire","Dagger Spray"],"picked":"SKIP","floor":48},{"not_picked":["Hidden Blade","Deflect"],"picked":"After Image","floor":49},{"not_picked":["Underhanded Strike+1","Slice"],"picked":"StuffTheSpire:ReptileScales","floor":50},{"not_picked":["Acrobatics+1","Expertise","StuffTheSpire:MirrorStance"],"picked":"SKIP","floor":53},{"not_picked":["Eviscerate+1","Outmaneuver+1","Acrobatics+1"],"picked":"SKIP","floor":54},{"not_picked":["Deadly Poison","A Thousand Cuts"],"picked":"Footwork","floor":58}],"player_experience":2065438,"relics_obtained":[{"floor":9,"key":"HollowMod:PaleOreRelic"},{"floor":11,"key":"Replay:Rubber Ducky"},{"floor":24,"key":"reliquary:GummyVitamins"},{"floor":26,"key":"Blood Vial"},{"floor":27,"key":"SpikesRelics:DaevaFist"},{"floor":30,"key":"LugNut"},{"floor":43,"key":"Replay:Bandana"},{"floor":45,"key":"Oddly Smooth Stone"},{"floor":47,"key":"MawBank"},{"floor":49,"key":"Lantern"},{"floor":53,"key":"paleoftheancients:SoulOfTheWokeBloke"},{"floor":55,"key":"conspire:DecoderRing"}],"event_choices":[{"cards_removed":["Strike_G"],"damage_healed":0,"gold_gain":0,"player_choice":"Card Removal","damage_taken":0,"max_hp_gain":0,"max_hp_loss":0,"event_name":"The Cleric","floor":3,"gold_loss":75},{"damage_healed":0,"gold_gain":0,"player_choice":"Donut","damage_taken":0,"max_hp_gain":5,"max_hp_loss":0,"event_name":"Big Fish","floor":7,"gold_loss":0},{"damage_healed":0,"gold_gain":0,"player_choice":"Searched \u00270\u0027 times","damage_taken":0,"max_hp_gain":0,"max_hp_loss":0,"event_name":"Dead Adventurer","floor":8,"gold_loss":0},{"damage_healed":0,"gold_gain":0,"player_choice":"Upgraded","damage_taken":0,"max_hp_gain":0,"max_hp_loss":0,"event_name":"Upgrade Shrine","floor":13,"gold_loss":0,"cards_upgraded":["conspire:PoisonWeapons"]},{"damage_healed":0,"gold_gain":0,"player_choice":"Simplicity","damage_taken":0,"max_hp_gain":0,"max_hp_loss":9,"event_name":"betterThird:BetterWriting","floor":21,"gold_loss":0},{"damage_healed":0,"gold_gain":0,"player_choice":"Rummage","damage_taken":0,"relics_obtained":["WarpedTongs"],"max_hp_gain":0,"max_hp_loss":0,"event_name":"Accursed Blacksmith","floor":22,"gold_loss":0,"cards_obtained":["Pain"]}],"is_beta":false,"boss_relics":[{"not_picked":["reliquary:Craggleroot","Replay:Drink Me"],"picked":"conspire:SpecialSausage"},{"not_picked":["energizedSpire:RedRose","energizedSpire:EnergizedDie"],"picked":"StuffTheSpire:RunicHypercube"}],"items_purged_floors":[33,46,56,60],"is_endless":false,"potions_floor_spawned":[1,2,10,12,16,19,28,29,30,35,39,43,47,50,53],"ascension_level":15}}