{"host":"97k5lqmr6aaz1p9r","time":1613931360,"event":{"mods":["BaseMod","Colored Map","Downfall","Jorbs\u0027s Wanderer Trilogy","Minty Spire (QoL Compilation)","StSLib","The Cursed"],"gold_per_floor":[99,113,113,131,131,131,184,212,225,251,263,274,174,190,210,313,313,213,226,237,237,248,248,248,268,168,168,268,37,37,52,70,172,172,172,186,200,217,228,244,244,244,225,242,255,22,40,70,84,84,84,118,23,23,23,23],"floor_reached":57,"language":"ENG","playtime":4419,"items_purged":["Pain","Slimebound:Tackle"],"score":1248,"play_id":"b1b78509-f2ff-4780-8201-da2bf53d856b","local_time":"20210221181600","is_ascension_mode":true,"campfire_choices":[{"data":"Slimebound:Split","floor":1.0,"key":"SMITH"},{"data":"Slimebound:MinionMaster","floor":6.0,"key":"SMITH"},{"floor":13.0,"key":"RECALL"},{"data":"Slimebound:TagTeam","floor":18.0,"key":"SMITH"},{"data":"Slimebound:CorrosiveSpit","floor":23.0,"key":"SMITH"},{"data":"Slimebound:DisruptingSlam","floor":26.0,"key":"SMITH"},{"data":"Slimebound:OneTwoCombo","floor":30.0,"key":"SMITH"},{"data":"Slimebound:OneTwoCombo","floor":35.0,"key":"SMITH"},{"data":"Slimebound:OneTwoCombo","floor":54,"key":"SMITH"}],"circlet_count":0,"master_deck":["Slimebound:Strike_Slimebound","Slimebound:Defend_Slimebound","Slimebound:Defend_Slimebound","Slimebound:Defend_Slimebound","Slimebound:Defend_Slimebound","Slimebound:Split+1","Slimebound:CorrosiveSpit+1","Slimebound:MinionMaster+1","Slimebound:DisruptingSlam+1","Slimebound:PressTheAttack+1","Slimebound:FirmFortitude+1","Slimebound:LivingWall+1","Slimebound:DouseInSlime+1","Slimebound:SplitMire+1","Slimebound:Repurpose+1","Slimebound:SplitBruiser+1","Slimebound:SamplingLick+1","Slimebound:TagTeam+1","Slimebound:Repurpose+1","Slimebound:Recollect+1","Slimebound:GoopSpray+1","Slimebound:SplitLeeching+1","Slimebound:OneTwoCombo+1","Slimebound:SplitSpecialist+1","Slimebound:OneTwoCombo+1","Slimebound:PressTheAttack+1","Slimebound:LeadByExample+1","Slimebound:Prepare+1","Slimebound:Darklings+1","Slimebound:MassRepurpose+1","Slimebound:OneTwoCombo+1","Slimebound:SplitBruiser+1","Slimebound:MinionMaster","Slimebound:RainOfGoop+1","Slimebound:Dissolve+1","expansioncontent:LastStand"],"relics":["Slimebound:AbsorbEndCombat","Centennial Puzzle","Toxic Egg 2","CaptainsWheel","downfall:HeartBlessingGreen","Cursed Key","downfall:HeartBlessingRed","downfall:HeartBlessingBlue","Enchiridion","Runic Pyramid","Boot","Mummified Hand"],"acts_visited":["Exordium","TheCity","TheBeyond","TheEnding"],"potions_floor_usage":[43,56,56,56],"damage_taken":[{"damage":1.0,"enemies":"Jaw Worm","floor":2.0,"turns":3.0},{"damage":4.0,"enemies":"Cultist","floor":4.0,"turns":4.0},{"damage":27.0,"enemies":"Gremlin Nob","floor":8.0,"turns":4.0},{"damage":3.0,"enemies":"Small Slimes","floor":9.0,"turns":3.0},{"damage":13.0,"enemies":"3 Sentries","floor":10.0,"turns":6.0},{"damage":8.0,"enemies":"Red Slaver","floor":11.0,"turns":2.0},{"damage":3.0,"enemies":"3 Louse","floor":12.0,"turns":3.0},{"damage":6.0,"enemies":"Exordium Thugs","floor":14.0,"turns":3.0},{"damage":0.0,"enemies":"Large Slime","floor":15.0,"turns":4.0},{"damage":11.0,"enemies":"WA_ARCHETYPE_RETAIN","floor":16.0,"turns":5.0},{"damage":9.0,"enemies":"3 Byrds","floor":19.0,"turns":3.0},{"damage":6.0,"enemies":"Shell Parasite","floor":20.0,"turns":3.0},{"damage":5.0,"enemies":"Snake Plant","floor":22.0,"turns":2.0},{"damage":16.0,"enemies":"Shelled Parasite and Fungi","floor":25.0,"turns":3.0},{"damage":3.0,"enemies":"downfall:FleeingMerchant","floor":29.0,"turns":4.0},{"damage":6.0,"enemies":"Centurion and Healer","floor":31.0,"turns":2.0},{"damage":6.0,"enemies":"Snake Plant","floor":32.0,"turns":4.0},{"damage":16.0,"enemies":"IC_MUSHROOM_ARCHETYPE","floor":33.0,"turns":4.0},{"damage":7.0,"enemies":"Orb Walker","floor":36.0,"turns":3.0},{"damage":21.0,"enemies":"3 Shapes","floor":37.0,"turns":2.0},{"damage":7.0,"enemies":"Writhing Mass","floor":38.0,"turns":2.0},{"damage":0.0,"enemies":"Transient","floor":39.0,"turns":5.0},{"damage":16,"enemies":"4 Shapes","floor":40,"turns":4},{"damage":15,"enemies":"downfall:FleeingMerchant","floor":43,"turns":3},{"damage":0,"enemies":"Maw","floor":44,"turns":4},{"damage":1,"enemies":"3 Darklings","floor":45,"turns":3},{"damage":0,"enemies":"Sphere and 2 Shapes","floor":47,"turns":2},{"damage":9,"enemies":"Giant Head","floor":48,"turns":3},{"damage":12,"enemies":"Jaw Worm Horde","floor":49,"turns":3},{"damage":56,"enemies":"DF_ARCHETYPE_ORBS","floor":50,"turns":5},{"damage":3,"enemies":"downfall:CharBossMerchant","floor":52,"turns":3},{"damage":0,"enemies":"downfall:NeowBoss","floor":55,"turns":6},{"damage":35,"enemies":"downfall:NeowBossFinal","floor":56,"turns":5}],"seed_played":"7370719358130712006","potions_obtained":[{"floor":2.0,"key":"Swift Potion"},{"floor":3.0,"key":"FearPotion"},{"floor":3.0,"key":"DistilledChaos"},{"floor":9.0,"key":"BlessingOfTheForge"},{"floor":11.0,"key":"Fruit Juice"},{"floor":14.0,"key":"hexamod:SoulburnPotion"},{"floor":20.0,"key":"AttackPotion"},{"floor":25.0,"key":"Weak Potion"},{"floor":31.0,"key":"Weak Potion"},{"floor":33.0,"key":"Slimebound:SlimyTonguePotion"},{"floor":37.0,"key":"ColorlessPotion"},{"floor":39,"key":"CultistPotion"}],"is_trial":false,"path_per_floor":["R","M","?","M","?","R","T","E","M","E","M","M","R","M","M","B",null,"R","M","M","?","M","R","T","M","R","?","?","$","R","M","M","B",null,"R","M","M","M","M","M","T","?","$","M","M","$","M","E","M","B",null,"E","$","R","B","B",null],"character_chosen":"SLIMEBOUND","items_purchased":["Slimebound:OneTwoCombo","Slimebound:Darklings+1","LiquidMemories","Slimebound:MassRepurpose+1","Slimebound:OneTwoCombo","expansioncontent:LastStand"],"campfire_rested":0,"item_purchase_floors":[29,43,43,46,46,53],"current_hp_per_floor":[65,65,65,61,61,61,61,40,41,32,28,27,27,25,33,28,65,65,62,58,58,57,57,57,47,57,41,41,42,42,40,38,28,75,75,68,68,61,69,59,59,59,68,76,79,79,79,74,70,22,80,80,80,80,80,49],"gold":23,"neow_bonus":"ONE_RANDOM_RARE_CARD","is_daily":false,"chose_seed":false,"campfire_upgraded":8,"win_rate":0.0,"timestamp":1613931360,"path_taken":["R","M","?","?","?","R","T","E","?","E","M","M","R","M","M","BOSS","R","M","M","?","M","R","T","?","R","?","?","$","R","?","M","BOSS","R","M","M","M","M","?","T","?","$","M","M","$","M","E","M","BOSS","E","$","R","BOSS","BOSS"],"items_purchased_type":["Card","Card","Potion","Card","Card","Card"],"build_version":"2020-12-22","purchased_purges":2,"victory":true,"max_hp_per_floor":[65,65,65,65,65,65,65,65,65,65,65,65,65,65,65,65,65,65,65,65,65,65,65,65,65,75,75,75,75,75,75,75,75,75,75,75,75,75,75,75,75,75,80,80,80,80,80,80,80,80,80,80,80,80,80,80],"card_choices":[{"not_picked":["Slimebound:HauntingLick","Slimebound:AcidTongue"],"picked":"Slimebound:DisruptingSlam","floor":2.0},{"not_picked":["Slimebound:RejuvenatingLick","Slimebound:SlimeBrawl"],"picked":"Slimebound:PressTheAttack","floor":4.0},{"not_picked":["Slimebound:Chomp","Slimebound:FinishingTackle"],"picked":"Slimebound:FirmFortitude+1","floor":8.0},{"not_picked":["Slimebound:GoopSpray+1","Slimebound:ForwardTackle"],"picked":"Slimebound:LivingWall+1","floor":9.0},{"not_picked":["Slimebound:ForwardTackle","Slimebound:LeechEnergy"],"picked":"Slimebound:DouseInSlime+1","floor":10.0},{"not_picked":["Slimebound:ServeAndProtect+1","Slimebound:GoopTackle"],"picked":"Slimebound:SplitMire+1","floor":11.0},{"not_picked":["Slimebound:Recollect+1","Slimebound:ItLooksTasty"],"picked":"Slimebound:Repurpose+1","floor":12.0},{"not_picked":["Slimebound:SplitAcid+1","Slimebound:DisruptingSlam"],"picked":"Slimebound:SplitBruiser+1","floor":14.0},{"not_picked":["Slimebound:ProtectTheBoss","Slimebound:RollThrough"],"picked":"Slimebound:SamplingLick+1","floor":15.0},{"not_picked":["Slimebound:Teamwork+1","Slimebound:Overexert"],"picked":"Slimebound:TagTeam","floor":16.0},{"not_picked":["Slimebound:LeechingTouch","Slimebound:SplitBruiser+1"],"picked":"Slimebound:Repurpose+1","floor":19.0},{"not_picked":["Slimebound:RollThrough","Slimebound:FlameTackle"],"picked":"Slimebound:Recollect+1","floor":20.0},{"not_picked":["Slimebound:SpikyOuterGoop","Slimebound:Schlurp+1"],"picked":"Slimebound:GoopSpray+1","floor":22.0},{"not_picked":["Slimebound:Recollect+1","Slimebound:FinishingTackle+1"],"picked":"Slimebound:SplitLeeching+1","floor":25.0},{"not_picked":["Slimebound:LivingWall+1","Slimebound:Grow","Slimebound:DisruptingSlam"],"picked":"SKIP","floor":29.0},{"not_picked":["Slimebound:MegaLick+1","Slimebound:LeechingTouch","Slimebound:FlameTackle+1"],"picked":"SKIP","floor":31.0},{"not_picked":["Slimebound:ViciousTackle","Slimebound:SlimeSpikes+1"],"picked":"Slimebound:SplitSpecialist+1","floor":32.0},{"not_picked":["Slimebound:TagTeam","Slimebound:CheckThePlaybook+1"],"picked":"Slimebound:OneTwoCombo","floor":33.0},{"not_picked":["Slimebound:ComboTackle+1","Slimebound:SplitLeeching+1"],"picked":"Slimebound:PressTheAttack+1","floor":36.0},{"not_picked":["Slimebound:BestDefense+1","Slimebound:SplitBruiser+1"],"picked":"Slimebound:LeadByExample+1","floor":37.0},{"not_picked":["Slimebound:RollThrough+1","Slimebound:HauntingLick+1"],"picked":"Slimebound:Prepare+1","floor":38.0},{"not_picked":["Slimebound:LeechEnergy","Slimebound:GoopTackle","Slimebound:ViciousTackle"],"picked":"SKIP","floor":39},{"not_picked":["Slimebound:HauntingLick+1","Slimebound:ItLooksTasty","Slimebound:GrowthPunch"],"picked":"SKIP","floor":40},{"not_picked":["Slimebound:PressTheAttack+1","Slimebound:ItLooksTasty","Slimebound:Replication+1"],"picked":"SKIP","floor":43},{"not_picked":["Slimebound:ItLooksTasty+1","Slimebound:Replication+1","Slimebound:Recollect+1"],"picked":"SKIP","floor":44},{"not_picked":["Slimebound:FinishingTackle","Slimebound:SlimeSpikes+1","Slimebound:ServeAndProtect+1"],"picked":"SKIP","floor":45},{"not_picked":["Slimebound:SplitAcid+1","Slimebound:Repurpose+1"],"picked":"Slimebound:SplitBruiser+1","floor":47},{"not_picked":["Slimebound:DisruptingSlam","Slimebound:TongueLash"],"picked":"Slimebound:MinionMaster","floor":48},{"not_picked":["Slimebound:GoopTackle","Slimebound:SplitBruiser+1"],"picked":"Slimebound:RainOfGoop+1","floor":49},{"not_picked":["Slimebound:LeechingTouch","Slimebound:LeadByExample"],"picked":"Slimebound:Dissolve+1","floor":52}],"player_experience":704749,"relics_obtained":[{"floor":7.0,"key":"Centennial Puzzle"},{"floor":8.0,"key":"Toxic Egg 2"},{"floor":10.0,"key":"CaptainsWheel"},{"floor":27.0,"key":"Enchiridion"},{"floor":48,"key":"Boot"},{"floor":52,"key":"Mummified Hand"}],"event_choices":[{"damage_healed":0.0,"max_hp_gain":0.0,"max_hp_loss":0.0,"gold_gain":0.0,"event_name":"Lab","player_choice":"Got Potions","floor":3.0,"gold_loss":0.0,"damage_taken":0.0},{"cards_removed":["Slimebound:Strike_Slimebound"],"damage_healed":0,"gold_gain":0,"player_choice":"Removed Attack","damage_taken":0,"max_hp_gain":0,"max_hp_loss":0,"event_name":"Falling","floor":42,"gold_loss":0}],"is_beta":false,"boss_relics":[{"not_picked":["Slimebound:AbsorbEndCombatUpgraded","Runic Dome"],"picked":"Cursed Key"},{"not_picked":["bronze:MakeshiftBattery","Velvet Choker"],"picked":"Runic Pyramid"}],"items_purged_floors":[29,43],"is_endless":false,"potions_floor_spawned":[2,9,11,14,20,25,31,33,37,39,40,44,45,47],"ascension_level":1}}