{"host":"oknzaotplmnl5xaf","time":1613924554,"event":{"mods":["BaseMod","Colored Map","Highlight Path","Minty Spire (QoL Compilation)","Permanent Neow","Quick Restart","Relic Stats"],"gold_per_floor":[114,12,12,12,12,42,42,72,72,72,102,132,174,216,228,340,352,379,391,403,430,216,246,246,276,351,381,113,143,144,144,144,244,244,259,274,296,96,96,126,176,206,206,236,266,488,518,368,368,368],"floor_reached":51,"language":"ENG","playtime":3674,"items_purged":[],"score":1330,"play_id":"cce72b69-02fa-472a-8b1b-8e8a26422ec9","local_time":"20210221112234","daily_mods":["SealedDeck","Flight","Elite Swarm"],"is_ascension_mode":false,"campfire_choices":[{"data":"Flex","floor":7,"key":"SMITH"},{"data":"Corruption","floor":10,"key":"SMITH"},{"data":"1","floor":15,"key":"LIFT"},{"data":"2","floor":24,"key":"LIFT"},{"data":"3","floor":32,"key":"LIFT"},{"floor":49,"key":"DIG"}],"circlet_count":0,"master_deck":["Thunderclap","Armaments+1","True Grit+1","Dual Wield","Rupture","Shrug It Off","Shrug It Off","Hemokinesis","Shrug It Off+1","Pommel Strike","Flex+1","Reaper","Corruption+1","Barricade","Feed","Feed","Impervious","Searing Blow+1","Metallicize","Battle Trance","Brutality","Impervious","Offering+1","Flash of Steel","Offering","Metallicize","Exhume","Shockwave+1","Offering"],"relics":["Burning Blood","FossilizedHelix","Bronze Scales","White Beast Statue","Girya","MawBank","MealTicket","Letter Opener","Coffee Dripper","Enchiridion","TheAbacus","Orichalcum","Mercury Hourglass","Pantograph","Bottled Lightning","Membership Card","Art of War","HornCleat","Red Mask","FaceOfCleric","SlaversCollar","Thread and Needle","Ornamental Fan","Medical Kit","Juzu Bracelet","Shovel","Bag of Preparation","Eternal Feather","Meat on the Bone","Sundial","TungstenRod","Anchor","Strange Spoon","Bottled Tornado"],"acts_visited":["Exordium","TheCity","TheBeyond"],"potions_floor_usage":[11,16,23,50,50,50,50,50],"damage_taken":[{"damage":2,"enemies":"Small Slimes","floor":1,"turns":3},{"damage":21,"enemies":"Gremlin Nob","floor":6,"turns":3},{"damage":21,"enemies":"Lagavulin","floor":8,"turns":6},{"damage":0,"enemies":"Gremlin Nob","floor":11,"turns":4},{"damage":6,"enemies":"Lagavulin","floor":12,"turns":5},{"damage":18,"enemies":"Gremlin Nob","floor":13,"turns":5},{"damage":4,"enemies":"Lagavulin","floor":14,"turns":6},{"damage":38,"enemies":"The Guardian","floor":16,"turns":11},{"damage":0,"enemies":"Chosen","floor":18,"turns":9},{"damage":21,"enemies":"2 Thieves","floor":21,"turns":3},{"damage":11,"enemies":"Book of Stabbing","floor":23,"turns":5},{"damage":12,"enemies":"Slavers","floor":25,"turns":5},{"damage":34,"enemies":"Gremlin Leader","floor":27,"turns":5},{"damage":2,"enemies":"Slavers","floor":29,"turns":3},{"damage":6,"enemies":"Masked Bandits","floor":30,"turns":2},{"damage":19,"enemies":"Collector","floor":33,"turns":6},{"damage":20,"enemies":"3 Darklings","floor":35,"turns":5},{"damage":13,"enemies":"3 Shapes","floor":36,"turns":3},{"damage":7,"enemies":"2 Orb Walkers","floor":37,"turns":2},{"damage":18,"enemies":"Reptomancer","floor":40,"turns":5},{"damage":22,"enemies":"Mind Bloom Boss Battle","floor":41,"turns":6},{"damage":16,"enemies":"Giant Head","floor":42,"turns":5},{"damage":18,"enemies":"Nemesis","floor":44,"turns":5},{"damage":18,"enemies":"Reptomancer","floor":45,"turns":2},{"damage":27,"enemies":"Nemesis","floor":47,"turns":5},{"damage":22,"enemies":"Donu and Deca","floor":50,"turns":4}],"seed_played":"-7397021786818157212","potions_obtained":[{"floor":6,"key":"FearPotion"},{"floor":11,"key":"EssenceOfSteel"},{"floor":12,"key":"Block Potion"},{"floor":16,"key":"SpeedPotion"},{"floor":23,"key":"ColorlessPotion"},{"floor":27,"key":"EntropicBrew"}],"is_trial":false,"path_per_floor":["M","$","?","?","?","E","R","E","T","R","E","E","E","E","R","B",null,"M","?","?","M","$","E","R","E","T","E","$","E","?","?","R","B",null,"M","M","?","$","?","E","?","E","T","E","E","?","E","$","R","B",null],"character_chosen":"IRONCLAD","items_purchased":["Flex","Explosive Potion","TheAbacus","Battle Trance","Membership Card","Flash of Steel","Art of War","Ornamental Fan","Medical Kit","Anchor","Strange Spoon"],"campfire_rested":0,"item_purchase_floors":[2,2,22,22,28,28,28,38,38,48,48],"current_hp_per_floor":[80,80,64,64,69,54,54,52,52,52,65,74,66,83,83,80,96,100,84,84,73,88,95,95,107,107,95,110,113,119,119,119,111,124,129,129,136,144,144,149,153,159,159,152,145,145,146,161,174,174],"gold":368,"neow_bonus":"","is_daily":true,"chose_seed":false,"campfire_upgraded":2,"win_rate":0.0,"timestamp":1613924554,"path_taken":["M","$","?","?","?","E","R","E","T","R","E","E","E","E","R","BOSS","M","?","?","M","$","E","R","E","T","E","$","E","?","?","R","BOSS","M","?","?","$","?","E","?","E","T","E","E","?","E","$","R","BOSS"],"items_purchased_type":["Card","Potion","Relic","Card","Relic","Card","Relic","Relic","Relic","Relic","Relic"],"build_version":"2020-12-22","purchased_purges":0,"victory":true,"max_hp_per_floor":[80,80,80,80,85,85,85,85,85,85,85,85,89,92,92,96,96,100,100,100,104,104,104,104,110,110,113,113,113,119,119,119,124,124,129,136,144,144,144,149,154,159,159,164,169,169,174,174,174,178],"relic_stats":{"counters":[26,123],"Eternal Feather":13,"Juzu Bracelet":1,"Bag of Preparation":[8],"Letter Opener":[426],"Orichalcum":[12],"MawBank":120,"Medical Kit":[13],"Burning Blood":125,"Mercury Hourglass":[271],"Strange Spoon":[11],"TheAbacus":[282],"Shovel":1,"FaceOfCleric":11,"Ornamental Fan":[64],"Sundial":[2],"Bronze Scales":[271],"Pantograph":0,"MealTicket":53,"Art of War":[6],"obtain_stats":[{"Enchiridion":19,"Juzu Bracelet":40,"Bag of Preparation":42,"Bottled Tornado":49,"Burning Blood":0,"TheAbacus":22,"HornCleat":29,"Shovel":41,"FaceOfCleric":31,"Sundial":45,"Pantograph":26,"MealTicket":13,"Red Mask":30,"Girya":11,"Thread and Needle":37,"Eternal Feather":43,"Letter Opener":14,"Orichalcum":23,"MawBank":12,"Medical Kit":38,"White Beast Statue":9,"Mercury Hourglass":25,"SlaversCollar":34,"Strange Spoon":48,"Anchor":48,"Ornamental Fan":38,"Bronze Scales":8,"Coffee Dripper":17,"Art of War":28,"Bottled Lightning":27,"Membership Card":28,"FossilizedHelix":6,"TungstenRod":47,"Meat on the Bone":44},{"Enchiridion":9,"Juzu Bracelet":20,"Bag of Preparation":22,"Bottled Tornado":25,"Burning Blood":0,"TheAbacus":10,"HornCleat":14,"Shovel":21,"FaceOfCleric":15,"Sundial":24,"Pantograph":12,"MealTicket":6,"Red Mask":15,"Girya":4,"Thread and Needle":19,"Eternal Feather":22,"Letter Opener":7,"Orichalcum":11,"MawBank":5,"Medical Kit":19,"White Beast Statue":3,"Mercury Hourglass":12,"SlaversCollar":16,"Strange Spoon":25,"Anchor":25,"Ornamental Fan":19,"Bronze Scales":3,"Coffee Dripper":8,"Art of War":13,"Bottled Lightning":13,"Membership Card":13,"FossilizedHelix":2,"TungstenRod":25,"Meat on the Bone":23},{"Enchiridion":52,"Juzu Bracelet":96,"Bag of Preparation":107,"Bottled Tornado":119,"Burning Blood":0,"TheAbacus":55,"HornCleat":73,"Shovel":102,"FaceOfCleric":75,"Sundial":114,"Pantograph":65,"MealTicket":26,"Red Mask":75,"Girya":16,"Thread and Needle":91,"Eternal Feather":107,"Letter Opener":32,"Orichalcum":60,"MawBank":21,"Medical Kit":91,"White Beast Statue":12,"Mercury Hourglass":65,"SlaversCollar":81,"Strange Spoon":119,"Anchor":119,"Ornamental Fan":91,"Bronze Scales":12,"Coffee Dripper":43,"Art of War":70,"Bottled Lightning":70,"Membership Card":70,"FossilizedHelix":6,"TungstenRod":119,"Meat on the Bone":112}],"TungstenRod":9,"Meat on the Bone":0},"card_choices":[{"not_picked":["Rampage","Anger","True Grit"],"picked":"SKIP","floor":1},{"not_picked":["Exhume","Berserk"],"picked":"Reaper","floor":6},{"not_picked":["Impervious","Bludgeon"],"picked":"Corruption","floor":8},{"not_picked":["Exhume","Reaper"],"picked":"Barricade","floor":11},{"not_picked":["Fiend Fire","Exhume"],"picked":"Feed","floor":12},{"not_picked":["Corruption","Reaper","Juggernaut"],"picked":"SKIP","floor":13},{"not_picked":["Exhume","Immolate"],"picked":"Feed","floor":14},{"not_picked":["Exhume","Immolate"],"picked":"Impervious","floor":16},{"not_picked":["Flex+1","Reckless Charge+1"],"picked":"Searing Blow+1","floor":18},{"not_picked":["Twin Strike","Headbutt"],"picked":"Metallicize","floor":21},{"not_picked":["Reaper","Barricade"],"picked":"Brutality","floor":23},{"not_picked":["Reaper","Barricade"],"picked":"Impervious","floor":25},{"not_picked":["Bludgeon","Brutality"],"picked":"Offering","floor":27},{"not_picked":["Fiend Fire","Immolate"],"picked":"Offering","floor":29},{"not_picked":["Twin Strike+1","Seeing Red"],"picked":"Metallicize","floor":30},{"not_picked":["Double Tap","Juggernaut"],"picked":"Exhume","floor":33},{"not_picked":["Twin Strike+1","Whirlwind"],"picked":"Shockwave+1","floor":35},{"not_picked":["Perfected Strike","Whirlwind","True Grit+1"],"picked":"SKIP","floor":36},{"not_picked":["Immolate","Demon Form","Reaper"],"picked":"SKIP","floor":40},{"not_picked":["Immolate","Demon Form","Reaper"],"picked":"SKIP","floor":40},{"not_picked":["Feed","Immolate"],"picked":"Offering","floor":42},{"not_picked":["Exhume","Juggernaut","Bludgeon"],"picked":"SKIP","floor":44},{"not_picked":["Barricade","Brutality","Reaper"],"picked":"SKIP","floor":45},{"not_picked":["Barricade","Offering","Feed"],"picked":"SKIP","floor":47}],"player_experience":1564265,"relics_obtained":[{"floor":6,"key":"FossilizedHelix"},{"floor":8,"key":"Bronze Scales"},{"floor":9,"key":"White Beast Statue"},{"floor":11,"key":"Girya"},{"floor":12,"key":"MawBank"},{"floor":13,"key":"MealTicket"},{"floor":14,"key":"Letter Opener"},{"floor":19,"key":"Enchiridion"},{"floor":23,"key":"Orichalcum"},{"floor":25,"key":"Mercury Hourglass"},{"floor":26,"key":"Pantograph"},{"floor":27,"key":"Bottled Lightning"},{"floor":29,"key":"HornCleat"},{"floor":30,"key":"Red Mask"},{"floor":37,"key":"Thread and Needle"},{"floor":40,"key":"Juzu Bracelet"},{"floor":41,"key":"Shovel"},{"floor":42,"key":"Bag of Preparation"},{"floor":43,"key":"Eternal Feather"},{"floor":44,"key":"Meat on the Bone"},{"floor":45,"key":"Sundial"},{"floor":47,"key":"TungstenRod"},{"floor":49,"key":"Bottled Tornado"}],"event_choices":[{"damage_healed":0,"gold_gain":0,"player_choice":"Entered Light","damage_taken":16,"max_hp_gain":0,"max_hp_loss":0,"event_name":"Shining Light","floor":3,"gold_loss":0,"cards_upgraded":["Shrug It Off","Armaments"]},{"damage_healed":0,"gold_gain":0,"player_choice":"Grow","damage_taken":0,"max_hp_gain":0,"max_hp_loss":0,"event_name":"Living Wall","floor":4,"gold_loss":0,"cards_upgraded":["True Grit"]},{"damage_healed":0,"gold_gain":0,"player_choice":"Donut","damage_taken":0,"max_hp_gain":5,"max_hp_loss":0,"event_name":"Big Fish","floor":5,"gold_loss":0},{"damage_healed":0,"gold_gain":0,"player_choice":"Obtained Book","damage_taken":16,"max_hp_gain":0,"max_hp_loss":0,"event_name":"Cursed Tome","floor":19,"gold_loss":0},{"damage_healed":0,"gold_gain":0,"player_choice":"Ignored","damage_taken":0,"max_hp_gain":0,"max_hp_loss":0,"event_name":"Beggar","floor":20,"gold_loss":0},{"damage_healed":0,"gold_gain":0,"player_choice":"Fought Bandits","damage_taken":0,"max_hp_gain":0,"max_hp_loss":0,"event_name":"Masked Bandits","floor":30,"gold_loss":0},{"damage_healed":0,"gold_gain":0,"player_choice":"Trade","damage_taken":0,"relics_obtained":["FaceOfCleric"],"max_hp_gain":0,"max_hp_loss":0,"event_name":"FaceTrader","floor":31,"gold_loss":0},{"damage_healed":0,"gold_gain":0,"player_choice":"Fight","damage_taken":0,"max_hp_gain":0,"max_hp_loss":0,"event_name":"Mysterious Sphere","floor":37,"gold_loss":0},{"damage_healed":0,"gold_gain":0,"player_choice":"Forge","damage_taken":0,"max_hp_gain":0,"max_hp_loss":0,"event_name":"Accursed Blacksmith","floor":39,"gold_loss":0,"cards_upgraded":["Offering"]},{"damage_healed":0,"gold_gain":0,"player_choice":"Fight","damage_taken":0,"max_hp_gain":0,"max_hp_loss":0,"event_name":"MindBloom","floor":41,"gold_loss":0},{"damage_healed":0,"gold_gain":222,"player_choice":"Wore Mask","damage_taken":0,"max_hp_gain":0,"max_hp_loss":0,"event_name":"Tomb of Lord Red Mask","floor":46,"gold_loss":0}],"is_beta":false,"boss_relics":[{"not_picked":["Velvet Choker","Calling Bell"],"picked":"Coffee Dripper"},{"not_picked":["Philosopher\u0027s Stone","Tiny House"],"picked":"SlaversCollar"}],"items_purged_floors":[],"is_endless":false,"potions_floor_spawned":[6,11,12,13,14,16,18,21,23,25,27,29,30,33,35,36,37,40,41,42,44,45,47],"ascension_level":0}}