{"host":"npubv26u89aif4fa","time":1613879427,"event":{"mods":["100% Spire Juice","Astrologer","BaseMod","Better Vampires","Better-Laid Plans","CapriCore","Colored Powertips","GifTheSpireLib","GungeonMod","HornydragonMod","Hubris","Jedi Mod","Minty Spire (QoL Compilation)","Potionbrewer","Quick Restart","Remilia（蕾米莉亚）","Replay The Spire","StSLib","The Administrix","The Alterego","The Blackbeard","The Bug Knight","The Cursed","The Immortal","The Marked","The Runesmith","The Showman","Yuri Mod","残留之物"],"gold_per_floor":[111,136,171,200,226,272,71,102,102,131,164,195,238,238,238,350,350,351,362,392,392,424,424,188,214,266,266,20,37,49,99,99,219,219,245,36,61,61,61,94,113,113,161,161,207,207,238,254,254,269,269,269,61,88,103,103,103],"floor_reached":55,"language":"ZHS","playtime":7524,"items_purged":["blackbeard:BlackbeardStrike","blackbeard:BlackbeardStrike","blackbeard:BlackbeardStrike","Pain"],"score":692,"play_id":"1dd34b42-c82a-4768-8643-596fb1ffae28","local_time":"20210221115027","is_ascension_mode":false,"campfire_choices":[{"floor":15.0,"key":"DIG"},{"floor":23.0,"key":"RECALL"},{"floor":27.0,"key":"REST"},{"data":"blackbeard:ReapersScythe","floor":32.0,"key":"SMITH"},{"floor":42.0,"key":"REST"},{"data":"blackbeard:PirateStrength","floor":46,"key":"SMITH"},{"data":"blackbeard:GoldenRain","floor":49,"key":"SMITH"},{"data":"blackbeard:CaptainsCabin","floor":52,"key":"SMITH"}],"circlet_count":0,"master_deck":["blackbeard:IntimidatingStrike","blackbeard:BlackbeardDefend","blackbeard:BlackbeardDefend","blackbeard:BlackbeardDefend","blackbeard:BlackbeardDefend","blackbeard:Cutlass+1","blackbeard:BuriedTreasure","blackbeard:PirateEarring","blackbeard:ReapersScythe+1","blackbeard:PowderKeg","blackbeard:GoldenStrike+1","blackbeard:GoldenDefense+1","blackbeard:DoubleCannonball","blackbeard:GoldenCannonball","blackbeard:CaptainsCabin+1","blackbeard:PowderKeg","potionbrewer:TwoForOne+1","blackbeard:ArmorUp","blackbeard:DoubleCannonball","blackbeard:TerrorOfTheSeas","Flash of Steel","blackbeard:GoldenRain+1","blackbeard:Spear","blackbeard:Provisioning+1","blackbeard:Salvager","blackbeard:Dagger","blackbeard:PirateStrength+1","hubris:Insight","blackbeard:Spear+1","potionbrewer:ResearchResults","blackbeard:Provisioning+1","blackbeard:Anchor+1","blackbeard:InfiniteBarrage+1","blackbeard:Upgrade"],"relics":["blackbeard:LoadTheCannons","Gremlin Food","Oddly Smooth Stone","hubris:DisguiseKit","DemoMod:BlueGuonStone","hubris:VirtuousBlindfold","jedi:shrinkray","HollowMod:JonisBlessing","hubris:PeanutButter","hubris:RunicObelisk","hubris:Towel","hubris:Potato","blackbeard:Spearhead","WarpedTongs","hubris:SlimyHat","Replay:Towering Pillar of Hats"],"acts_visited":["Exordium","TheCity","TheBeyond","TheEnding"],"potions_floor_usage":[48,50,50,50,50,50,54,54,54,55,55,55,55,55,55,55,55],"damage_taken":[{"damage":2.0,"enemies":"2 Louse","floor":1.0,"turns":2.0},{"damage":0.0,"enemies":"Small Slimes","floor":2.0,"turns":3.0},{"damage":0.0,"enemies":"Cultist","floor":3.0,"turns":3.0},{"damage":10.0,"enemies":"2 Fungi Beasts","floor":4.0,"turns":4.0},{"damage":10.0,"enemies":"Looter","floor":5.0,"turns":3.0},{"damage":5.0,"enemies":"HollowMod:MossKnight","floor":6.0,"turns":6.0},{"damage":0.0,"enemies":"Lots of Slimes","floor":8.0,"turns":3.0},{"damage":0.0,"enemies":"2 Fungi Beasts","floor":10.0,"turns":3.0},{"damage":0.0,"enemies":"Red Slaver","floor":11.0,"turns":3.0},{"damage":0.0,"enemies":"Blue Slaver","floor":12.0,"turns":3.0},{"damage":11.0,"enemies":"3 Sentries","floor":13.0,"turns":7.0},{"damage":22.0,"enemies":"Hexaghost","floor":16.0,"turns":8.0},{"damage":6.0,"enemies":"2 Thieves","floor":18.0,"turns":4.0},{"damage":0.0,"enemies":"Chosen","floor":19.0,"turns":2.0},{"damage":1.0,"enemies":"Snake Plant","floor":20.0,"turns":4.0},{"damage":13.0,"enemies":"Sentry and Sphere","floor":22.0,"turns":7.0},{"damage":0.0,"enemies":"Chosen and Byrds","floor":25.0,"turns":5.0},{"damage":0.0,"enemies":"Snecko","floor":29.0,"turns":3.0},{"damage":0.0,"enemies":"Snake Plant","floor":30.0,"turns":3.0},{"damage":0.0,"enemies":"Gremlin Leader","floor":31.0,"turns":3.0},{"damage":7.0,"enemies":"Champ","floor":33.0,"turns":9.0},{"damage":0.0,"enemies":"3 Shapes","floor":35.0,"turns":3.0},{"damage":2.0,"enemies":"3 Darklings","floor":37.0,"turns":4.0},{"damage":0.0,"enemies":"Reptomancer","floor":40.0,"turns":4.0},{"damage":1.0,"enemies":"Spire Growth","floor":41.0,"turns":4.0},{"damage":0.0,"enemies":"Giant Head","floor":45.0,"turns":5.0},{"damage":0,"enemies":"4 Shapes","floor":47,"turns":3},{"damage":0,"enemies":"3 Darklings","floor":48,"turns":3},{"damage":58,"enemies":"Replay:Hell Engine","floor":50,"turns":12},{"damage":28,"enemies":"Shield and Spear","floor":54,"turns":5},{"damage":79,"enemies":"The Heart","floor":55,"turns":9}],"seed_played":"-380858503322513134","potions_obtained":[{"floor":3.0,"key":"Energy Potion"},{"floor":6.0,"key":"potionbrewer:QuicksilverPotion"},{"floor":8.0,"key":"FearPotion"},{"floor":10.0,"key":"SpeedPotion"},{"floor":11.0,"key":"Languid Potion"},{"floor":13.0,"key":"SkillPotion"},{"floor":18.0,"key":"Weak Potion"},{"floor":29.0,"key":"PowerPotion"},{"floor":33.0,"key":"SkillPotion"},{"floor":35.0,"key":"potionbrewer:BoundlessPotion"},{"floor":37.0,"key":"blackbeard:RumPotion"}],"is_trial":false,"path_per_floor":["M","M","M","M","M","E","$","M","T","M","M","M","E","?","R","B",null,"M","M","M","?","M","R","$","M","T","R","$","M","M","E","R","B",null,"M","$","M","?","?","E","M","R","T","?","E","R","M","M","R","B",null,"R","$","E","B"],"character_chosen":"BLACKBEARD_CLASS","items_purchased":["blackbeard:GoldenDefense","Oddly Smooth Stone","Flash of Steel","blackbeard:GoldenRain","HollowMod:JonisBlessing","hubris:Insight","blackbeard:InfiniteBarrage+1"],"campfire_rested":2,"item_purchase_floors":[7,7,24,24,28,36,53],"current_hp_per_floor":[80,80,80,70,60,55,55,55,55,55,55,55,44,28,28,6,82,76,76,75,75,62,62,62,62,62,82,82,82,82,82,82,75,82,82,82,80,80,80,80,79,82,82,82,82,82,82,82,82,24,82,82,82,54,0,0,0],"gold":103,"neow_bonus":"TEN_PERCENT_HP_BONUS","is_daily":false,"chose_seed":false,"campfire_upgraded":4,"win_rate":0.0,"timestamp":1613879427,"path_taken":["M","M","M","M","M","E","$","M","T","M","M","M","E","?","R","BOSS","M","M","M","?","M","R","$","M","T","R","$","?","M","E","R","BOSS","M","$","M","?","?","E","?","R","T","?","E","R","?","M","R","BOSS","R","$","E","BOSS"],"items_purchased_type":["Card","Relic","Card","Card","Relic","Card","Card"],"build_version":"2020-12-22","purchased_purges":4,"victory":false,"max_hp_per_floor":[82,82,82,82,82,82,82,82,82,82,82,82,82,82,82,82,82,82,82,82,82,82,82,82,82,82,82,82,82,82,82,82,82,82,82,82,82,82,82,82,82,82,82,82,82,82,82,82,82,82,82,82,82,82,82,82,82],"card_choices":[{"not_picked":["blackbeard:RearmingStrike","blackbeard:SmithingHammer"],"picked":"blackbeard:BuriedTreasure","floor":1.0},{"not_picked":["blackbeard:Scrap","blackbeard:SwordDance"],"picked":"blackbeard:PirateEarring","floor":2.0},{"not_picked":["blackbeard:DangerousBlow","blackbeard:ArmorUp"],"picked":"blackbeard:ReapersScythe","floor":3.0},{"not_picked":["blackbeard:FishingNets","blackbeard:RearmingStrike"],"picked":"blackbeard:PowderKeg","floor":4.0},{"not_picked":["blackbeard:Sword","blackbeard:Eyepatch"],"picked":"blackbeard:GoldenStrike","floor":5.0},{"not_picked":["blackbeard:Sharpening","blackbeard:DangerousBlow","blackbeard:BeatUp"],"picked":"SKIP","floor":6.0},{"not_picked":["blackbeard:TacticalRetreat","blackbeard:PiratesWill"],"picked":"blackbeard:DoubleCannonball","floor":8.0},{"not_picked":["blackbeard:CloakAndCannonball","blackbeard:DoubleCannonball"],"picked":"blackbeard:GoldenCannonball","floor":10.0},{"not_picked":["blackbeard:Recklessness","blackbeard:Shrapnel"],"picked":"blackbeard:CaptainsCabin","floor":11.0},{"not_picked":["blackbeard:GoldenDefense","blackbeard:ArmorUp","blackbeard:GoldenStrike"],"picked":"SKIP","floor":12.0},{"not_picked":["blackbeard:BlindAttacks","blackbeard:RemoveScurvy"],"picked":"blackbeard:PowderKeg","floor":13.0},{"not_picked":["blackbeard:TheDrunkenSailor","blackbeard:GoldenRain","blackbeard:Halberd"],"picked":"potionbrewer:TwoForOne","floor":16.0},{"not_picked":["blackbeard:TacticalRetreat","blackbeard:GoldenStrike+1","blackbeard:Sharpening","potionbrewer:CrossReference"],"picked":"SKIP","floor":18.0},{"not_picked":["blackbeard:DeadlyArsenal","blackbeard:Sword","potionbrewer:TestFormula"],"picked":"blackbeard:ArmorUp","floor":19.0},{"not_picked":["blackbeard:Provisioning","blackbeard:WoodenLeg","potionbrewer:TestFormula"],"picked":"blackbeard:DoubleCannonball","floor":20.0},{"not_picked":["blackbeard:JollyRoger","blackbeard:Shrapnel","potionbrewer:ChemicalWeapons"],"picked":"blackbeard:TerrorOfTheSeas","floor":22.0},{"not_picked":["blackbeard:Revenge","blackbeard:DeadlyArsenal+1","potionbrewer:QuickStep"],"picked":"blackbeard:Spear","floor":25.0},{"not_picked":["blackbeard:Boarding+1","blackbeard:TacticalRetreat","potionbrewer:Contingency"],"picked":"blackbeard:Provisioning+1","floor":29.0},{"not_picked":["blackbeard:PirateEarring+1","blackbeard:RearmingStrike","potionbrewer:Smokescreen"],"picked":"blackbeard:Salvager","floor":30.0},{"not_picked":["blackbeard:Eyepatch","blackbeard:Boarding","potionbrewer:AlchemistForm"],"picked":"blackbeard:Dagger","floor":31.0},{"not_picked":["blackbeard:BountyHunter","blackbeard:Intoxication","potionbrewer:TwoForOne"],"picked":"blackbeard:PirateStrength","floor":33.0},{"not_picked":["blackbeard:Toast","blackbeard:Sharpening+1","blackbeard:GoldenStrike","potionbrewer:Brandish"],"picked":"SKIP","floor":35.0},{"not_picked":["blackbeard:RearmingStrike+1","blackbeard:Dagger","potionbrewer:QuickStep"],"picked":"blackbeard:Spear+1","floor":37.0},{"not_picked":["blackbeard:PiratesWill+1","blackbeard:RemoveScurvy+1","blackbeard:DeadlyArsenal+1"],"picked":"potionbrewer:ResearchResults","floor":40.0},{"not_picked":["blackbeard:DangerousBlow+1","blackbeard:UndeadForm","blackbeard:Eyepatch+1","potionbrewer:VolatileSolution"],"picked":"SKIP","floor":41.0},{"not_picked":["blackbeard:GhostInTheRum+1","blackbeard:RearmingStrike+1","blackbeard:GoldenStrike","potionbrewer:CausticBarrier"],"picked":"SKIP","floor":45.0},{"not_picked":["blackbeard:FishingNets+1","blackbeard:Parrot","potionbrewer:PortableLab"],"picked":"blackbeard:Provisioning+1","floor":47},{"not_picked":["blackbeard:JollyRoger","blackbeard:Sharpening+1","potionbrewer:Toxicity"],"picked":"blackbeard:Anchor+1","floor":48},{"not_picked":["blackbeard:Dagger+1","blackbeard:WiseDefense","potionbrewer:PrivateReserves"],"picked":"blackbeard:Upgrade","floor":54}],"player_experience":364270,"relics_obtained":[{"floor":6.0,"key":"Gremlin Food"},{"floor":13.0,"key":"hubris:DisguiseKit"},{"floor":15.0,"key":"DemoMod:BlueGuonStone"},{"floor":26.0,"key":"jedi:shrinkray"},{"floor":31.0,"key":"hubris:PeanutButter"},{"floor":40.0,"key":"hubris:Potato"},{"floor":43.0,"key":"blackbeard:Spearhead"},{"floor":45.0,"key":"hubris:SlimyHat"},{"floor":54,"key":"Replay:Towering Pillar of Hats"}],"event_choices":[{"damage_healed":0.0,"max_hp_gain":0.0,"max_hp_loss":0.0,"gold_gain":0.0,"event_name":"Shining Light","player_choice":"Entered Light","floor":14.0,"gold_loss":0.0,"damage_taken":16.0,"cards_upgraded":["blackbeard:GoldenStrike","blackbeard:GoldenDefense"]},{"damage_healed":0.0,"max_hp_gain":0.0,"max_hp_loss":0.0,"gold_gain":0.0,"event_name":"The Woman in Blue","player_choice":"Bought 0 Potions","floor":21.0,"gold_loss":0.0,"damage_taken":0.0},{"cards_removed":["blackbeard:BlackbeardStrike"],"damage_healed":0.0,"max_hp_gain":0.0,"max_hp_loss":0.0,"gold_gain":0.0,"event_name":"Wheel of Change","player_choice":"Card Removal","floor":39.0,"gold_loss":0.0,"damage_taken":0.0},{"damage_healed":0.0,"max_hp_gain":0.0,"max_hp_loss":0.0,"gold_gain":0.0,"event_name":"Accursed Blacksmith","player_choice":"Rummage","floor":44.0,"gold_loss":0.0,"damage_taken":0.0,"relics_obtained":["WarpedTongs"],"cards_obtained":["Pain"]}],"is_beta":false,"boss_relics":[{"not_picked":["Replay:Drink Me","Runesmith:UraniumAnvil"],"picked":"hubris:VirtuousBlindfold"},{"not_picked":["SlaversCollar","Replay:Wanted Poster"],"picked":"hubris:RunicObelisk"}],"items_purged_floors":[24,28,36,53],"is_endless":false,"potions_floor_spawned":[3,6,8,10,11,13,18,22,25,29,33,35,37,40],"killed_by":"The Heart","ascension_level":0}}