{"host":"ufhw4cf0hh51lveu","time":1613891712,"event":{"mods":["BaseMod","DeckTracker","Lobotomy","Minty Spire (QoL Compilation)","SuperFastMode"],"gold_per_floor":[116,116,136,61,80,80,80,80,106,106,106,76,86,102,102,102,102],"floor_reached":16,"language":"KOR","playtime":531,"items_purged":["Strike_B"],"score":90,"play_id":"9c3d832c-b54b-461a-ba38-2b5518ec3be7","local_time":"20210221161512","is_ascension_mode":false,"campfire_choices":[{"data":"Glacier","floor":6,"key":"SMITH"},{"data":"Echo Form","floor":10,"key":"SMITH"},{"data":"Cold Snap","floor":15,"key":"SMITH"}],"circlet_count":0,"master_deck":["Strike_B","Strike_B","Defend_B","Defend_B+1","Defend_B","Defend_B+1","Zap","Dualcast","Glacier+1","Echo Form+1","UniverseFragment","Cold Snap+1","VoidDream","Coolheaded"],"relics":["Cracked Core","CogitoBucket","RabbitCall","War Paint","BackwardClock"],"acts_visited":["Exordium"],"potions_floor_usage":[5],"damage_taken":[{"damage":2,"enemies":"2 Louse","floor":1,"turns":3},{"damage":3,"enemies":"Jaw Worm","floor":3,"turns":4},{"damage":0,"enemies":"Cultist","floor":5,"turns":4},{"damage":0,"enemies":"Looter","floor":12,"turns":4},{"damage":5,"enemies":"2 Fungi Beasts","floor":13,"turns":4},{"damage":17,"enemies":"Gremlin Gang","floor":14,"turns":8},{"damage":83,"enemies":"Hexaghost","floor":16,"turns":16}],"seed_played":"352081320498697938","potions_obtained":[{"floor":1,"key":"SmokeBomb"},{"floor":3,"key":"Explosive Potion"},{"floor":14,"key":"Weak Potion"}],"is_trial":false,"path_per_floor":["M","?","M","$","M","R","?","$","T","R","?","M","M","M","R","B"],"character_chosen":"DEFECT","items_purchased":[],"campfire_rested":0,"item_purchase_floors":[],"current_hp_per_floor":[73,73,70,70,70,70,70,70,70,70,70,70,65,48,48,0,0],"gold":102,"neow_bonus":"","is_daily":false,"chose_seed":false,"campfire_upgraded":3,"win_rate":0.0,"timestamp":1613891712,"path_taken":["M","?","M","$","M","R","?","$","T","R","?","M","M","M","R","BOSS"],"items_purchased_type":[],"build_version":"2020-12-22","purchased_purges":1,"victory":false,"max_hp_per_floor":[75,75,75,75,75,75,75,75,75,75,75,75,75,75,75,75,75],"card_choices":[{"not_picked":["Conserve Battery","Double Energy"],"picked":"Glacier","floor":1},{"not_picked":["PunishingBird","SnowQueen"],"picked":"UniverseFragment","floor":3},{"not_picked":["Aggregate","Recycle","Go for the Eyes"],"picked":"SKIP","floor":3},{"not_picked":["Scorched","FairyFestival","Murderer"],"picked":"Singing Bowl","floor":5},{"not_picked":["Bloodbath","Funeral"],"picked":"CherryBlossoms","floor":5},{"not_picked":["Fusion","Rebound","Gash"],"picked":"SKIP","floor":5},{"not_picked":["Scorched","FairyFestival","GreedKing"],"picked":"Singing Bowl","floor":12},{"not_picked":["Rainbow","Sweeping Beam"],"picked":"Cold Snap","floor":12},{"not_picked":["Stack","Barrage","Gash"],"picked":"SKIP","floor":13},{"not_picked":["QueenBee","WallGazer"],"picked":"VoidDream","floor":14},{"not_picked":["White Noise","Streamline"],"picked":"Coolheaded","floor":14}],"player_experience":69775,"relics_obtained":[{"floor":9,"key":"War Paint"}],"event_choices":[{"damage_healed":0,"gold_gain":0,"cards_transformed":["Strike_B"],"player_choice":"Change","damage_taken":0,"max_hp_gain":0,"max_hp_loss":0,"event_name":"Living Wall","floor":2,"gold_loss":0,"cards_obtained":["Echo Form"]},{"damage_healed":0,"gold_gain":0,"player_choice":"Ignored","damage_taken":0,"max_hp_gain":0,"max_hp_loss":0,"event_name":"Shining Light","floor":7,"gold_loss":0},{"damage_healed":0,"gold_gain":0,"player_choice":"Ignored","damage_taken":0,"max_hp_gain":0,"max_hp_loss":0,"event_name":"NoteForYourself","floor":11,"gold_loss":0}],"is_beta":false,"boss_relics":[],"items_purged_floors":[4],"is_endless":false,"potions_floor_spawned":[1,3,14],"killed_by":"Hexaghost","ascension_level":0}}