{"host":"y76x98twjnyyxs83","time":1613890960,"event":{"mods":["BaseMod","Colored Powertips","Minty Spire (QoL Compilation)","Permanent Neow","Quick Restart","Rare Cards Sparkle","Relic Stats","StSLib"],"gold_per_floor":[111,111,130,130,130,130,153,191,191,230,250,46,70,100,100,208,208,233,278,301,301,301,301,301,301],"floor_reached":24,"language":"ENG","playtime":872,"items_purged":[],"score":427,"play_id":"76d63e15-6bac-43dd-ab1e-63cc9e5ecf2c","local_time":"20210221150240","is_ascension_mode":true,"campfire_choices":[{"data":"Masterful Stab","floor":6.0,"key":"SMITH"},{"floor":15.0,"key":"REST"},{"floor":23,"key":"REST"}],"circlet_count":0,"master_deck":["AscendersBane","Defend_G+1","Defend_G+1","Defend_G+1","Defend_G+1","Defend_G+1","Survivor","Neutralize","Terror","Masterful Stab+1","Quick Slash","Acrobatics","Crippling Poison","Cloak And Dagger","Underhanded Strike","Die Die Die","Reflex","Bite","Bite","Bite","Bite","Bite","Bouncing Flask"],"relics":["Cursed Key","Golden Idol","Calipers","CeramicFish","Vajra","Black Star"],"acts_visited":["Exordium","TheCity"],"potions_floor_usage":[],"damage_taken":[{"damage":5.0,"enemies":"Small Slimes","floor":1.0,"turns":5.0},{"damage":1.0,"enemies":"2 Louse","floor":3.0,"turns":3.0},{"damage":7.0,"enemies":"Jaw Worm","floor":7.0,"turns":2.0},{"damage":15.0,"enemies":"3 Sentries","floor":8.0,"turns":9.0},{"damage":3.0,"enemies":"Gremlin Nob","floor":10.0,"turns":3.0},{"damage":0.0,"enemies":"Looter","floor":11.0,"turns":3.0},{"damage":3.0,"enemies":"3 Louse","floor":13.0,"turns":3.0},{"damage":0.0,"enemies":"Large Slime","floor":14.0,"turns":2.0},{"damage":14.0,"enemies":"The Guardian","floor":16.0,"turns":14.0},{"damage":9.0,"enemies":"3 Byrds","floor":18.0,"turns":5.0},{"damage":40,"enemies":"Shell Parasite","floor":20,"turns":7},{"damage":32,"enemies":"Book of Stabbing","floor":24,"turns":4}],"seed_played":"-774735142989670774","potions_obtained":[{"floor":3.0,"key":"SteroidPotion"},{"floor":7.0,"key":"DuplicationPotion"},{"floor":10.0,"key":"SteroidPotion"},{"floor":13.0,"key":"Block Potion"},{"floor":16.0,"key":"CunningPotion"},{"floor":18.0,"key":"Energy Potion"}],"is_trial":false,"path_per_floor":["M","?","M","?","?","R","M","E","T","E","M","$","M","M","R","B",null,"M","?","M","?","?","R","E"],"character_chosen":"THE_SILENT","items_purchased":["Crippling Poison","Vajra"],"campfire_rested":2,"item_purchase_floors":[12,12],"current_hp_per_floor":[54,54,53,35,35,35,28,13,13,10,10,10,7,7,25,11,48,39,39,15,15,15,27,0,0],"gold":301,"neow_bonus":"BOSS_RELIC","is_daily":false,"chose_seed":false,"campfire_upgraded":1,"win_rate":0.0,"timestamp":1613890960,"path_taken":["M","?","M","?","?","R","M","E","T","E","M","?","M","M","R","BOSS","M","?","M","?","?","R","E"],"items_purchased_type":["Card","Relic"],"build_version":"2020-12-22","purchased_purges":0,"victory":false,"max_hp_per_floor":[66,60,60,60,60,60,60,60,60,60,60,60,60,60,60,60,60,60,42,42,42,42,42,42,42],"relic_stats":{"counters":[12,60],"Golden Idol":62,"CeramicFish":99,"Black Star":0,"Cursed Key":0,"obtain_stats":[{"Calipers":8,"Golden Idol":2,"CeramicFish":10,"Vajra":12,"Black Star":17,"Cursed Key":0,"Ring of the Snake":0},{"Calipers":4,"Golden Idol":1,"CeramicFish":5,"Vajra":6,"Black Star":9,"Cursed Key":0,"Ring of the Snake":0},{"Calipers":19,"Golden Idol":5,"CeramicFish":22,"Vajra":25,"Black Star":44,"Cursed Key":0,"Ring of the Snake":0}]},"card_choices":[{"not_picked":["Flying Knee","Tactician"],"picked":"Terror","floor":1.0},{"not_picked":["Sucker Punch","Outmaneuver"],"picked":"Masterful Stab","floor":3.0},{"not_picked":["Deflect","Cloak And Dagger"],"picked":"Quick Slash","floor":7.0},{"not_picked":["Bullet Time","Poisoned Stab"],"picked":"Acrobatics","floor":8.0},{"not_picked":["Dodge and Roll","Sucker Punch","Distraction"],"picked":"SKIP","floor":10.0},{"not_picked":["Tactician","Accuracy","Sucker Punch"],"picked":"SKIP","floor":11.0},{"not_picked":["Flying Knee","Sucker Punch"],"picked":"Cloak And Dagger","floor":13.0},{"not_picked":["Poisoned Stab","Venomology"],"picked":"Underhanded Strike","floor":14.0},{"not_picked":["Unload","Phantasmal Killer"],"picked":"Die Die Die","floor":16.0},{"not_picked":["Terror","Underhanded Strike"],"picked":"Reflex","floor":18.0},{"not_picked":["Cloak And Dagger","Outmaneuver+1"],"picked":"Bouncing Flask","floor":20}],"player_experience":1194244,"relics_obtained":[{"floor":8.0,"key":"Calipers"},{"floor":10.0,"key":"CeramicFish"}],"event_choices":[{"damage_healed":0.0,"max_hp_gain":0.0,"max_hp_loss":6.0,"gold_gain":0.0,"event_name":"Golden Idol","player_choice":"Lose Max HP","floor":2.0,"gold_loss":0.0,"damage_taken":0.0,"relics_obtained":["Golden Idol"]},{"damage_healed":0.0,"max_hp_gain":0.0,"max_hp_loss":0.0,"gold_gain":0.0,"event_name":"Shining Light","player_choice":"Entered Light","floor":4.0,"gold_loss":0.0,"damage_taken":18.0,"cards_upgraded":["Defend_G","Strike_G"]},{"damage_healed":0.0,"max_hp_gain":0.0,"max_hp_loss":0.0,"gold_gain":0.0,"event_name":"Liars Game","player_choice":"Ignored","floor":5.0,"gold_loss":0.0,"damage_taken":0.0},{"damage_healed":0.0,"max_hp_gain":0.0,"max_hp_loss":18.0,"gold_gain":0.0,"event_name":"Vampires","player_choice":"Became a vampire","floor":19.0,"gold_loss":0.0,"damage_taken":0.0,"cards_obtained":["Bite","Bite","Bite","Bite","Bite"]},{"damage_healed":0,"gold_gain":0,"player_choice":"Ignored","damage_taken":0,"max_hp_gain":0,"max_hp_loss":0,"event_name":"Ghosts","floor":21,"gold_loss":0},{"damage_healed":0,"gold_gain":0,"player_choice":"Simplicity","damage_taken":0,"max_hp_gain":0,"max_hp_loss":0,"event_name":"Back to Basics","floor":22,"gold_loss":0,"cards_upgraded":["Defend_G","Defend_G","Defend_G","Defend_G"]}],"is_beta":false,"boss_relics":[{"not_picked":["Snecko Eye","Ectoplasm"],"picked":"Black Star"}],"items_purged_floors":[],"is_endless":false,"potions_floor_spawned":[3,7,10,13,16,18,20],"killed_by":"Book of Stabbing","ascension_level":19}}