{"host":"wbn3xdfsa5pc2kse","time":1613879256,"event":{"mods":["AchievementEnabler","BaseMod","Bestiary","Colored Map","Colored Powertips","Curses Come First","Highlight Path","Minty Spire (QoL Compilation)","Permanent Neow","Rare Cards Sparkle","Relic Stats","StSLib"],"gold_per_floor":[112,127,146,146,146,179,192,192,192],"floor_reached":8,"language":"ZHT","playtime":318,"items_purged":[],"score":104,"play_id":"731cfa81-83d6-4b03-8ae4-87cd1f0af72b","local_time":"20210221114736","is_ascension_mode":true,"campfire_choices":[],"circlet_count":0,"master_deck":["AscendersBane","Strike_R","Strike_R","Strike_R","Strike_R","Strike_R","Defend_R","Defend_R","Defend_R","Defend_R","Bash+1","Twin Strike","True Grit","Infernal Blade","Pummel","Dual Wield"],"relics":["Burning Blood","Omamori"],"acts_visited":["Exordium"],"potions_floor_usage":[6,8],"damage_taken":[{"damage":6,"enemies":"Cultist","floor":1,"turns":4},{"damage":11,"enemies":"Jaw Worm","floor":2,"turns":5},{"damage":2,"enemies":"2 Louse","floor":3,"turns":3},{"damage":41,"enemies":"3 Sentries","floor":6,"turns":12},{"damage":0,"enemies":"Exordium Wildlife","floor":7,"turns":5},{"damage":51,"enemies":"Lagavulin","floor":8,"turns":8}],"seed_played":"3146023835152017494","potions_obtained":[{"floor":2,"key":"Block Potion"},{"floor":3,"key":"BloodPotion"}],"is_trial":false,"path_per_floor":["M","M","M","?","?","E","M","E"],"character_chosen":"IRONCLAD","items_purchased":[],"campfire_rested":0,"item_purchase_floors":[],"current_hp_per_floor":[68,63,67,72,72,37,43,8,8],"gold":192,"neow_bonus":"UPGRADE_CARD","is_daily":false,"chose_seed":false,"campfire_upgraded":0,"win_rate":0.0,"timestamp":1613879256,"path_taken":["M","M","?","?","?","E","M","E"],"items_purchased_type":[],"build_version":"2020-12-22","purchased_purges":0,"victory":false,"max_hp_per_floor":[75,75,75,80,80,80,80,80,80],"relic_stats":{"counters":[6,37],"obtain_stats":[{"Omamori":6,"Burning Blood":0},{"Omamori":4,"Burning Blood":0},{"Omamori":24,"Burning Blood":0}],"Burning Blood":30},"card_choices":[{"not_picked":["True Grit","Warcry"],"picked":"Twin Strike","floor":1},{"not_picked":["Heavy Blade","Twin Strike"],"picked":"True Grit","floor":2},{"not_picked":["Reckless Charge","Twin Strike"],"picked":"Infernal Blade","floor":3},{"not_picked":["Combust","Exhume"],"picked":"Pummel","floor":6},{"not_picked":["Sword Boomerang","Dark Embrace"],"picked":"Dual Wield","floor":7}],"player_experience":848554,"relics_obtained":[{"floor":6,"key":"Omamori"}],"event_choices":[{"damage_healed":0,"gold_gain":0,"player_choice":"Donut","damage_taken":0,"max_hp_gain":5,"max_hp_loss":0,"event_name":"Big Fish","floor":4,"gold_loss":0},{"damage_healed":0,"gold_gain":0,"player_choice":"Ignored","damage_taken":0,"max_hp_gain":0,"max_hp_loss":0,"event_name":"Liars Game","floor":5,"gold_loss":0}],"is_beta":false,"boss_relics":[],"items_purged_floors":[],"is_endless":false,"potions_floor_spawned":[2,3],"killed_by":"Lagavulin","ascension_level":16}}