{"host":"ijtyqc57s6c9mbij","time":1613950450,"event":{"mods":["BaseMod","Colored Map","Downfall","Minty Spire (QoL Compilation)","StSLib"],"gold_per_floor":[99,114,124,147,57,76,76,113,125,162,188,214,243,269,294,410,422,334,366,389,386,413,454,466,496,539,565,606,638,450,472,503,610,622,634,661,690,293,293,327,327,355,371,371,381,408,408,408,420,420,420,447,103,103,103,103,103,103],"floor_reached":56,"language":"ENG","playtime":7629,"items_purged":["Guardian:Defend_Guardian"],"score":1130,"play_id":"49166d4d-21a4-45e9-8805-abe1e8b280f4","local_time":"20210221153410","is_ascension_mode":true,"campfire_choices":[{"floor":1,"key":"RECALL"},{"data":"Guardian:SentryBeam","floor":18,"key":"SMITH"},{"data":"Guardian:PrismaticBeam","floor":47,"key":"SMITH"},{"data":"Guardian:ChargeUp","floor":54,"key":"SMITH"}],"circlet_count":0,"master_deck":["Guardian:Strike_Guardian+1","Guardian:Strike_Guardian+1","Guardian:Strike_Guardian+1","Guardian:Defend_Guardian+1","Guardian:Defend_Guardian+1","Guardian:Defend_Guardian+1","Guardian:CurlUp+1","Guardian:TwinSlam+1","Guardian:ArmoredProtocol+1","Guardian:SentryBeam+1","Guardian:BronzeArmor+1","Guardian:SphericShield+1","Guardian:Incinerate+1","Guardian:TemporalShield+1","Guardian:RollAttack+1","Guardian:RevengeProtocol+1","Guardian:ShieldCharger+1","Guardian:ShieldCharger+1","Guardian:ChargeCore+1","Guardian:BronzeOrb+1","Guardian:GemFinder+1","Guardian:Planning+1","Guardian:ChargeUp+1","Guardian:EvasiveProtocol+1","Guardian:PiercingHide+1","Guardian:Incinerate+1","Guardian:WalkerClaw+1","Guardian:PrismaticBeam+1","Guardian:BaubleBeam+1","Guardian:WalkerClaw+1","Guardian:PiercingHide+1","Guardian:SphericShield+1","Guardian:CrystalBeam+1","Guardian:VentSteam+1","Guardian:Reroute","Guardian:PrismaticBeam+1","Guardian:AncientConstruct","Guardian:TemporalStrike","Guardian:PrimingBeam","downfall:Aged","Guardian:ChargeUp+1","Guardian:Gem_Cyan","Guardian:Planning"],"relics":["bronze:MakeshiftBattery","bronze:BronzeIdol","MawBank","Strawberry","Tiny Chest","Runic Pyramid","Pear","Meat on the Bone","Guardian:PickAxe","Cursed Key","ClockworkSouvenir","Oddly Smooth Stone","Ancient Tea Set","sneckomod:BlankCard","Bag of Preparation","Guardian:StasisEgg","Sundial","Guardian:BottledStasis"],"acts_visited":["Exordium","TheCity","TheBeyond","TheEnding"],"potions_floor_usage":[8,16,16,27,28,28,28,29,33,43,45,50,56,56,56],"damage_taken":[{"damage":1,"enemies":"Cultist","floor":2,"turns":4},{"damage":7,"enemies":"2 Louse","floor":3,"turns":3},{"damage":0,"enemies":"downfall:FleeingMerchant","floor":5,"turns":4},{"damage":0,"enemies":"Small Slimes","floor":6,"turns":3},{"damage":19,"enemies":"Lagavulin","floor":8,"turns":7},{"damage":4,"enemies":"3 Sentries","floor":10,"turns":9},{"damage":12,"enemies":"2 Fungi Beasts","floor":11,"turns":5},{"damage":0,"enemies":"downfall:LooterAlt","floor":12,"turns":4},{"damage":0,"enemies":"Exordium Thugs","floor":13,"turns":4},{"damage":0,"enemies":"Blue Slaver","floor":14,"turns":3},{"damage":15,"enemies":"Lots of Slimes","floor":15,"turns":2},{"damage":47,"enemies":"DF_ARCHETYPE_STREAMLINE","floor":16,"turns":14},{"damage":0,"enemies":"3 Byrds","floor":19,"turns":3},{"damage":0,"enemies":"downfall:LooterAlt2","floor":20,"turns":4},{"damage":0,"enemies":"downfall:FleeingMerchant","floor":21,"turns":4},{"damage":3,"enemies":"Shelled Parasite and Fungi","floor":22,"turns":5},{"damage":11,"enemies":"Slavers","floor":23,"turns":4},{"damage":0,"enemies":"Snake Plant","floor":25,"turns":6},{"damage":9,"enemies":"Book of Stabbing","floor":26,"turns":7},{"damage":10,"enemies":"Chosen and Byrds","floor":27,"turns":7},{"damage":58,"enemies":"Gremlin Leader","floor":28,"turns":10},{"damage":0,"enemies":"Shelled Parasite and Fungi","floor":29,"turns":6},{"damage":0,"enemies":"Centurion and Healer","floor":31,"turns":6},{"damage":6,"enemies":"Snake Plant","floor":32,"turns":6},{"damage":51,"enemies":"IC_MUSHROOM_ARCHETYPE","floor":33,"turns":16},{"damage":13,"enemies":"3 Darklings","floor":36,"turns":7},{"damage":14,"enemies":"3 Shapes","floor":37,"turns":5},{"damage":0,"enemies":"downfall:FleeingMerchant","floor":38,"turns":4},{"damage":5,"enemies":"Nemesis","floor":40,"turns":6},{"damage":0,"enemies":"Giant Head","floor":42,"turns":8},{"damage":0,"enemies":"Spire Growth","floor":43,"turns":4},{"damage":0,"enemies":"Writhing Mass","floor":45,"turns":4},{"damage":0,"enemies":"Nemesis","floor":46,"turns":5},{"damage":0,"enemies":"Transient","floor":49,"turns":5},{"damage":13,"enemies":"SI_POISON_ARCHETYPE","floor":50,"turns":8},{"damage":3,"enemies":"downfall:CharBossMerchant","floor":52,"turns":4},{"damage":28,"enemies":"downfall:NeowBoss","floor":55,"turns":16},{"damage":82,"enemies":"downfall:NeowBossFinal","floor":56,"turns":14}],"seed_played":"-3837791987456145648","potions_obtained":[{"floor":6,"key":"BlessingOfTheForge"},{"floor":10,"key":"Guardian:BlockOnCardUsePotion"},{"floor":11,"key":"Regen Potion"},{"floor":12,"key":"SneckoOil"},{"floor":14,"key":"champ:CounterPotion"},{"floor":15,"key":"Regen Potion"},{"floor":23,"key":"GamblersBrew"},{"floor":26,"key":"Guardian:AcceleratePotion"},{"floor":27,"key":"Block Potion"},{"floor":28,"key":"SkillPotion"},{"floor":31,"key":"SpeedPotion"},{"floor":33,"key":"Regen Potion"},{"floor":37,"key":"ColorlessPotion"},{"floor":40,"key":"Guardian:BlockOnCardUsePotion"},{"floor":42,"key":"SkillPotion"},{"floor":45,"key":"hexamod:SoulburnPotion"}],"is_trial":false,"path_per_floor":["R","M","M","T","$","M","T","E","?","E","M","M","M","M","M","B",null,"R","M","M","$","M","E","T","M","E","M","E","M","R","M","M","B",null,"R","M","M","$","?","E","T","E","M","R","M","E","R","?","M","B",null,"E","$","R","B","B"],"character_chosen":"GUARDIAN","items_purchased":["ClockworkSouvenir","Oddly Smooth Stone","Guardian:CrystalBeam","Guardian:VentSteam","Guardian:Gem_Crimson","Guardian:BottledStasis","Guardian:Planning","Guardian:AcceleratePotion","Dexterity Potion"],"campfire_rested":0,"item_purchase_floors":[38,38,38,38,53,53,53,53,53],"current_hp_per_floor":[80,79,72,72,72,72,72,60,60,56,44,44,44,44,29,37,87,87,87,87,87,84,83,83,83,74,64,18,30,40,52,58,19,107,107,94,80,80,80,75,75,75,75,75,75,75,75,75,75,74,97,94,94,94,66,0,0,0],"gold":103,"neow_bonus":"BOSS_RELIC","is_daily":false,"chose_seed":false,"campfire_upgraded":3,"win_rate":0.0,"timestamp":1613950450,"path_taken":["R","M","?","?","$","?","T","E","?","E","M","M","M","M","M","BOSS","R","M","?","$","M","E","T","M","E","M","E","M","R","M","M","BOSS","R","M","M","$","?","E","T","E","M","R","M","E","R","?","M","BOSS","E","$","R","BOSS","BOSS"],"items_purchased_type":["Relic","Relic","Card","Card","Card","Relic","Card","Potion","Potion"],"build_version":"2020-12-22","purchased_purges":1,"victory":false,"max_hp_per_floor":[80,80,80,80,80,80,80,87,87,87,87,87,87,87,87,87,87,87,87,87,87,87,97,97,97,97,97,97,97,107,107,107,107,107,107,107,107,107,97,97,97,97,97,97,97,97,97,97,97,97,97,97,97,97,97,97,97,97],"card_choices":[{"not_picked":["Guardian:Suspension","Guardian:BodySlam"],"picked":"Guardian:ArmoredProtocol","floor":2},{"not_picked":["Guardian:TemporalStrike","Guardian:Reroute"],"picked":"Guardian:SentryBeam","floor":3},{"not_picked":["Guardian:PiercingHide","Guardian:Emergency"],"picked":"Guardian:Gem_Cyan","floor":5},{"not_picked":["Guardian:Reroute","Guardian:TemporalShield"],"picked":"Guardian:BronzeArmor","floor":6},{"not_picked":["Guardian:ChargeCore","Guardian:PrismaticBeam"],"picked":"Guardian:SphericShield","floor":8},{"not_picked":["Guardian:PiercingHide","Guardian:TimeSifter"],"picked":"Guardian:Incinerate","floor":10},{"not_picked":["Guardian:VentSteam","Guardian:RefractedBeam"],"picked":"Guardian:Gem_Red","floor":11},{"not_picked":["Guardian:CrystalBeam","Guardian:VentSteam"],"picked":"Guardian:TemporalShield","floor":12},{"not_picked":["Guardian:MultiBeam","Guardian:VentSteam"],"picked":"Guardian:RollAttack","floor":13},{"not_picked":["Guardian:GuardianWhirl","Guardian:WalkerClaw"],"picked":"Guardian:Gem_Yellow","floor":14},{"not_picked":["Guardian:Recover","Guardian:Planning"],"picked":"Guardian:Gem_White","floor":15},{"not_picked":["Guardian:SphericShield","Guardian:ConstructionForm"],"picked":"Guardian:RevengeProtocol","floor":16},{"not_picked":["Guardian:PiercingHide","Guardian:RollAttack"],"picked":"Guardian:ShieldCharger+1","floor":19},{"not_picked":["Guardian:TemporalShield+1","Guardian:Recover+1"],"picked":"Guardian:ShieldCharger+1","floor":20},{"not_picked":["Guardian:PrismaticBeam","Guardian:DecasProtection"],"picked":"Guardian:ChargeCore","floor":21},{"not_picked":["Guardian:EvasiveProtocol","Guardian:PolyBeam"],"picked":"Guardian:BronzeOrb","floor":22},{"not_picked":["Guardian:RefractedBeam","Guardian:Harden"],"picked":"Guardian:GemFinder","floor":23},{"not_picked":["Guardian:Gem_Lightblue","Guardian:Recover+1"],"picked":"Guardian:Planning+1","floor":25},{"not_picked":["Guardian:Gem_Lightblue","Guardian:Gem_Cyan"],"picked":"Guardian:Gem_Green","floor":25},{"not_picked":["Guardian:PrimingBeam","Guardian:StasisStrike"],"picked":"Guardian:ChargeUp+1","floor":26},{"not_picked":["Guardian:Gem_Cyan","Guardian:Gem_Lightblue"],"picked":"Guardian:Gem_Green","floor":26},{"not_picked":["Guardian:SentryBeam+1","Guardian:Gem_Cyan"],"picked":"Guardian:EvasiveProtocol+1","floor":27},{"not_picked":["Guardian:Gem_Lightblue","Guardian:Gem_Green"],"picked":"Guardian:Gem_Red","floor":27},{"not_picked":["Guardian:Gem_Red","Guardian:ChargeCore+1"],"picked":"Guardian:PiercingHide","floor":28},{"not_picked":["Guardian:Gem_Green","Guardian:Gem_Cyan"],"picked":"Guardian:Gem_Lightblue","floor":28},{"not_picked":["Guardian:Gem_Yellow","Guardian:GuardianWhirl"],"picked":"Guardian:Incinerate","floor":29},{"not_picked":["Guardian:Gem_Green","Guardian:Gem_Lightblue"],"picked":"Guardian:Gem_Red","floor":29},{"not_picked":["Guardian:Gem_Green","Guardian:TemporalShield+1"],"picked":"Guardian:WalkerClaw","floor":31},{"not_picked":["Guardian:Gem_Cyan","Guardian:Gem_Lightblue"],"picked":"Guardian:Gem_Green","floor":31},{"not_picked":["Guardian:VentSteam","Guardian:Gem_Fragmented"],"picked":"Guardian:PrismaticBeam","floor":32},{"not_picked":["Guardian:Gem_Red","Guardian:Gem_Lightblue"],"picked":"Guardian:Gem_Green","floor":32},{"not_picked":["Guardian:RevengeProtocol","Guardian:ExploitGems"],"picked":"Guardian:BaubleBeam","floor":33},{"not_picked":["Guardian:Gem_Lightblue","Guardian:Gem_Cyan"],"picked":"Guardian:Gem_Green","floor":33},{"not_picked":["Guardian:TemporalShield+1","Guardian:Gem_Green"],"picked":"Guardian:WalkerClaw","floor":36},{"not_picked":["Guardian:Gem_Lightblue","Guardian:Gem_Green"],"picked":"Guardian:Gem_Red","floor":36},{"not_picked":["Guardian:EvasiveProtocol+1","Guardian:ChargeUp+1"],"picked":"Guardian:PiercingHide+1","floor":37},{"not_picked":["Guardian:Gem_Green","Guardian:DecasProtection+1"],"picked":"Guardian:SphericShield","floor":38},{"not_picked":["Guardian:Gem_Green","Guardian:Gem_Lightblue"],"picked":"Guardian:Gem_Red","floor":38},{"not_picked":["Guardian:Gem_Green","Guardian:Gem_Lightblue"],"picked":"Guardian:Gem_Cyan","floor":40},{"not_picked":["Guardian:Gem_Red","Guardian:PiercingHide"],"picked":"Guardian:Reroute","floor":40},{"not_picked":["Guardian:Gem_Green","Guardian:Gem_Cyan"],"picked":"Guardian:Gem_Red","floor":42},{"not_picked":["Guardian:Gem_Cyan","Guardian:FloatingOrbs+1"],"picked":"Guardian:PrismaticBeam","floor":42},{"not_picked":["Guardian:FuturePlans","Guardian:VentSteam+1"],"picked":"Guardian:AncientConstruct","floor":43},{"not_picked":["Guardian:Gem_Lightblue","Guardian:Gem_Green"],"picked":"Guardian:Gem_Red","floor":43},{"not_picked":["Guardian:GuardianWhirl+1","Guardian:VentSteam"],"picked":"Guardian:TemporalStrike","floor":45},{"not_picked":["Guardian:TimeBomb","Guardian:Gem_Red"],"picked":"Guardian:PrimingBeam","floor":46},{"not_picked":["Guardian:ShieldCharger","Guardian:Gem_Lightblue"],"picked":"Guardian:ChargeUp","floor":49},{"not_picked":["Guardian:Gem_Lightblue","Guardian:Gem_Green"],"picked":"Guardian:Gem_Cyan","floor":49},{"not_picked":["Guardian:PiercingHide+1","Guardian:VentSteam"],"picked":"Guardian:Gem_Red","floor":52}],"player_experience":1021501,"relics_obtained":[{"floor":4,"key":"bronze:BronzeIdol"},{"floor":7,"key":"MawBank"},{"floor":8,"key":"Strawberry"},{"floor":10,"key":"Tiny Chest"},{"floor":23,"key":"Pear"},{"floor":26,"key":"Meat on the Bone"},{"floor":28,"key":"Guardian:PickAxe"},{"floor":40,"key":"Ancient Tea Set"},{"floor":42,"key":"sneckomod:BlankCard"},{"floor":46,"key":"Bag of Preparation"},{"floor":52,"key":"Sundial"}],"event_choices":[{"cards_removed":["Guardian:Strike_Guardian"],"damage_healed":0,"gold_gain":0,"player_choice":"Offered Basic","damage_taken":0,"max_hp_gain":0,"max_hp_loss":0,"event_name":"Bonfire Elementals","floor":9,"gold_loss":0}],"is_beta":false,"boss_relics":[{"not_picked":["Black Star","Velvet Choker"],"picked":"Runic Pyramid"},{"not_picked":["Tiny House","Snecko Eye"],"picked":"Cursed Key"}],"items_purged_floors":[5],"is_endless":false,"potions_floor_spawned":[6,10,11,12,14,15,23,26,27,28,31,33,37,40,42,45],"killed_by":"downfall:NeowBossFinal","ascension_level":3}}