{"host":"b9id4afcchnn1rfb","time":1613951126,"event":{"mods":["Act Like it!","BaseMod","Better Note","Colored Map","Colored Powertips","Hallownest","Hermit","Infinite Spire","Minty Spire (QoL Compilation)","StSLib","SuperFastMode","The Death Knight","The Necromancer"],"gold_per_floor":[113,113,131,142,25,25,25,25,49,65,65,65,100,115,115,115,115],"floor_reached":16,"language":"ENG","playtime":289,"items_purged":[],"score":145,"play_id":"b4584e3b-7d7c-4563-a918-869044ed46c4","local_time":"20210222004526","is_ascension_mode":true,"campfire_choices":[{"data":"White Noise","floor":6,"key":"SMITH"},{"data":"Sunder","floor":8,"key":"SMITH"},{"data":"Beam Cell","floor":11,"key":"SMITH"},{"floor":15,"key":"REST"}],"circlet_count":0,"master_deck":["AscendersBane","Strike_B","Strike_B","Strike_B","Strike_B","Defend_B","Defend_B","Defend_B","Defend_B","Zap+1","Dualcast","Capacitor","Sunder+1","Force Field","White Noise+1","Storm","Beam Cell+1","Glacier"],"relics":["Cracked Core","Hallownest:DreamNailRelic","Hallownest:SheosBrushRelic","DataDisk","Hallownest:SalubrasBlessingRelic","Nunchaku"],"acts_visited":["Exordium"],"potions_floor_usage":[16],"damage_taken":[{"damage":13,"enemies":"Hallownest:monsterHuskGuard","floor":1,"turns":4},{"damage":8,"enemies":"Hallownest:2_Tiktiks_and_1_Crawlid","floor":3,"turns":5},{"damage":7,"enemies":"Hallownest:monsterHuskWarrior","floor":4,"turns":3},{"damage":7,"enemies":"Hallownest:1_Baldur_1_Crawlid_1_Warrior","floor":10,"turns":3},{"damage":7,"enemies":"Hallownest:eliteCrystalGuardian","floor":13,"turns":5},{"damage":2,"enemies":"Hallownest:MossCreep_and_Mosskin","floor":14,"turns":4},{"damage":50,"enemies":"Hallownest:BossHornet","floor":16,"turns":9}],"seed_played":"-9208423172009417311","potions_obtained":[{"floor":4,"key":"ColorlessPotion"},{"floor":13,"key":"Block Potion"},{"floor":14,"key":"Block Potion"}],"is_trial":false,"path_per_floor":["M","?","M","M","$","R","?","R","T","M","R","?","E","M","R","B"],"character_chosen":"DEFECT","items_purchased":["White Noise","Storm"],"campfire_rested":1,"item_purchase_floors":[5,5],"current_hp_per_floor":[55,55,47,40,40,40,40,40,40,33,33,33,26,24,48,0,0],"gold":115,"neow_bonus":"UPGRADE_CARD","is_daily":false,"chose_seed":false,"campfire_upgraded":3,"win_rate":0.0,"timestamp":1613951126,"path_taken":["M","?","M","M","?","R","?","R","T","M","R","?","E","M","R","BOSS"],"items_purchased_type":["Card","Card"],"build_version":"2020-12-22","purchased_purges":0,"victory":false,"max_hp_per_floor":[75,75,75,75,75,75,75,75,75,75,75,75,75,75,77,77,77],"card_choices":[{"not_picked":["BootSequence","Turbo"],"picked":"Capacitor","floor":1},{"not_picked":["Streamline","Aggregate"],"picked":"Sunder","floor":3},{"not_picked":["Streamline","Darkness"],"picked":"Force Field","floor":4},{"not_picked":["Ball Lightning","Barrage"],"picked":"Beam Cell","floor":10},{"not_picked":["Sweeping Beam","Conserve Battery"],"picked":"Glacier","floor":13},{"not_picked":["Leap","Sweeping Beam","Gash"],"picked":"SKIP","floor":14}],"player_experience":502247,"relics_obtained":[{"floor":9,"key":"DataDisk"},{"floor":13,"key":"Nunchaku"}],"event_choices":[],"is_beta":false,"boss_relics":[],"items_purged_floors":[],"is_endless":false,"potions_floor_spawned":[4,13,14],"killed_by":"Hallownest:BossHornet","ascension_level":10}}