{"host":"rs1c3lkx7vj3kohb","time":1613919588,"event":{"mods":["Act Like it!","BaseMod","BetterRewards","Chen","Colored Map","Colored Powertips","Friendly Minions","Gensokyo","Gremlin Mod","Hermit","Hero for Fun","KinomotoSakuraMod(ƒæ÷Æ±æ”£)","Koishi","KomeijiMod","Luminous","Marisa£®ÏF”Í°°ƒß¿Ì…≥£©","Minty Spire (QoL Compilation)","Onozuka Komachi Mod","Prisma Mod","Quick Restart","Reimu£®≤©¿ˆ¡È√Œ£©","Remilia£®¿Ÿ√◊¿Ú—«£©","Shop Mod","StSLib","The Administrix","The Alterego","The Cursed","The Senshi","The Servant 0.9.4","Waifu the Spire","WarShipGirlsR/’ΩΩ¢…Ÿ≈ÆR mod","Yakumo Yukari mod","Yohane!","Youmu£®ªÍ∆«—˝√Œ£©","Yuri Mod","Yuyuko"],"gold_per_floor":[118,118,131,31,31,42,42,77,103,116,141,157,183,202,202,300,300,314,331,347,34,34,34,50,84,133,133,0,0,0,33,33,133,133,145,161,161,177,27,61,61,75,100,112,146,146,158,158,158,158,158,158,2,28,28,28],"floor_reached":55,"language":"ZHS","playtime":9780,"items_purged":["PrismaMod:IllyaCommonDefend","PrismaMod:IllyaCommonDefend","PrismaMod:IllyaCommonAttack","PrismaMod:IllyaCommonAttack"],"score":877,"play_id":"964f73f3-b14c-4c06-a50a-c4a90cb32370","local_time":"20210221225948","is_ascension_mode":false,"campfire_choices":[{"data":"PrismaMod:IllyaCarnivalAttack","floor":7.0,"key":"SMITH"},{"data":"PrismaMod:IllyaRubysPotion","floor":15.0,"key":"SMITH"},{"data":"Apotheosis","floor":23.0,"key":"SMITH"},{"floor":30.0,"key":"RECALL"},{"data":"PrismaMod:IllyaUncommonDefend","floor":32.0,"key":"SMITH"},{"data":"PrismaMod:IllyaGrail","floor":41.0,"key":"SMITH"},{"data":"PrismaMod:IllyaStunPoison","floor":46.0,"key":"SMITH"},{"floor":49.0,"key":"REST"},{"floor":52.0,"key":"REST"}],"circlet_count":0,"master_deck":["PrismaMod:IllyaCommonAttack+1","PrismaMod:IllyaCommonDefend+1","PrismaMod:IllyaCommonAttack+1","PrismaMod:IllyaCommonDefend+1","PrismaMod:IllyaCommonAttack+1","PrismaMod:IllyaCommonDefend+1","PrismaMod:IllyaUncommonAttack+1","PrismaMod:IllyaUncommonDefend+1","PrismaMod:IllyaGrail+1","PrismaMod:IllyaCarnivalAttack+1","PrismaMod:IllyaRubysPotion+1","PrismaMod:IllyaInstallRuler","PrismaMod:IllyaBerserCAR+1","PrismaMod:IllyaCarnivalAttack+1","Apotheosis+1","PrismaMod:IllyaStunPoison+1","PrismaMod:IllyaZwei+1","PrismaMod:IllyaStunPoison+1","PrismaMod:IllyaSaphire+1"],"relics":["PrismaMod:PrismaZwei","Lizard Tail","Pear","Lee\u0027s Waffle","PreservedInsect","MealTicket","Odd Mushroom","Boot","theSenshi:SpiralHeartMoonRodRelic","Whetstone","Vajra","Anchor","alterego_mod:SomeoneToFightFor","HornCleat","Busted Crown","White Beast Statue","Potion Belt","Sling","Mango"],"acts_visited":["Exordium","TheCity","TheBeyond","TheEnding"],"potions_floor_usage":[55,55,55,55,55,55],"damage_taken":[{"damage":0.0,"enemies":"Cultist","floor":1.0,"turns":2.0},{"damage":0.0,"enemies":"Jaw Worm","floor":3.0,"turns":3.0},{"damage":0.0,"enemies":"Small Slimes","floor":6.0,"turns":2.0},{"damage":12.0,"enemies":"Lagavulin","floor":8.0,"turns":4.0},{"damage":2.0,"enemies":"2 Fungi Beasts","floor":10.0,"turns":3.0},{"damage":10.0,"enemies":"The Mushroom Lair","floor":11.0,"turns":3.0},{"damage":0.0,"enemies":"Exordium Wildlife","floor":12.0,"turns":4.0},{"damage":0.0,"enemies":"Gremlin Nob","floor":13.0,"turns":2.0},{"damage":0.0,"enemies":"Lots of Slimes","floor":14.0,"turns":4.0},{"damage":0.0,"enemies":"Slime Boss","floor":16.0,"turns":6.0},{"damage":12.0,"enemies":"Shell Parasite","floor":18.0,"turns":4.0},{"damage":0.0,"enemies":"3 Byrds","floor":19.0,"turns":4.0},{"damage":20.0,"enemies":"3 Cultists","floor":20.0,"turns":5.0},{"damage":15.0,"enemies":"Snake Plant","floor":24.0,"turns":4.0},{"damage":16.0,"enemies":"Book of Stabbing","floor":25.0,"turns":3.0},{"damage":14.0,"enemies":"Slavers","floor":31.0,"turns":5.0},{"damage":12.0,"enemies":"Champ","floor":33.0,"turns":8.0},{"damage":0.0,"enemies":"Orb Walker","floor":35.0,"turns":3.0},{"damage":0.0,"enemies":"3 Shapes","floor":36.0,"turns":3.0},{"damage":22.0,"enemies":"Jaw Worm Horde","floor":38.0,"turns":4.0},{"damage":3.0,"enemies":"Giant Head","floor":40.0,"turns":5.0},{"damage":7.0,"enemies":"3 Darklings","floor":42.0,"turns":4.0},{"damage":24.0,"enemies":"Writhing Mass","floor":44.0,"turns":5.0},{"damage":20.0,"enemies":"Nemesis","floor":45.0,"turns":5.0},{"damage":0.0,"enemies":"4 Shapes","floor":47.0,"turns":7.0},{"damage":78.0,"enemies":"4 Shapes","floor":48.0,"turns":16.0},{"damage":59.0,"enemies":"Awakened One","floor":50.0,"turns":9.0},{"damage":41.0,"enemies":"Shield and Spear","floor":54.0,"turns":5.0},{"damage":145,"enemies":"The Heart","floor":55,"turns":8}],"seed_played":"-4821406658613348477","potions_obtained":[{"floor":3.0,"key":"Strength Potion"},{"floor":8.0,"key":"Block Potion"},{"floor":10.0,"key":"ColorlessPotion"},{"floor":12.0,"key":"SkillPotion"},{"floor":20.0,"key":"Ancient Potion"},{"floor":24.0,"key":"ColorlessPotion"},{"floor":28.0,"key":"CultistPotion"},{"floor":35.0,"key":"Swift Potion"},{"floor":42.0,"key":"DuplicationPotion"},{"floor":45.0,"key":"CalmPotion"},{"floor":47.0,"key":"Explosive Potion"},{"floor":54.0,"key":"EntropicBrew"}],"is_trial":false,"path_per_floor":["M","?","M","$","?","M","R","E","T","M","?","M","E","M","R","B",null,"M","M","M","$","T","R","M","E","T","?","?","?","R","E","R","B",null,"M","M","?","M","$","E","R","M","T","M","E","R","M","?","R","B",null,"R","$","E","B"],"character_chosen":"ILLYA","items_purchased":["PrismaMod:IllyaGrail","PrismaMod:IllyaCarnivalAttack","Pear","Lee\u0027s Waffle","Apotheosis","Sling"],"campfire_rested":2,"item_purchase_floors":[0,0,0,0,21,53],"current_hp_per_floor":[92,97,97,97,78,78,78,66,66,64,54,59,59,59,59,64,97,90,95,80,95,95,95,87,78,78,59,59,59,59,77,77,72,102,102,102,102,86,101,100,100,101,101,91,85,85,98,102,102,58,102,102,102,79,0,0],"gold":28,"neow_bonus":"","is_daily":false,"chose_seed":false,"campfire_upgraded":6,"win_rate":0.0,"timestamp":1613919588,"path_taken":["M","?","M","?","?","M","R","E","T","M","?","M","E","?","R","BOSS","M","M","M","$","?","R","M","E","T","?","?","?","R","E","R","BOSS","M","M","?","M","$","E","R","M","T","M","E","R","M","?","R","BOSS","R","$","E","BOSS"],"items_purchased_type":["Card","Card","Relic","Relic","Card","Relic"],"build_version":"2020-12-22","purchased_purges":4,"victory":false,"max_hp_per_floor":[92,97,97,97,97,97,97,97,97,97,97,97,97,97,97,97,97,97,97,97,97,97,97,97,97,97,102,102,102,102,102,102,102,102,102,102,102,102,102,102,102,102,102,102,102,102,102,102,102,102,102,102,102,116,116,116],"card_choices":[{"not_picked":["PrismaMod:IllyaBride","PrismaMod:IllyaPoisonTippedWeapons","PrismaMod:IllyaHassanGift"],"picked":"SKIP","floor":1.0},{"not_picked":["PrismaMod:IllyaCheapChannelPoison","PrismaMod:IllyaMaid","PrismaMod:IllyaGrailKun"],"picked":"SKIP","floor":3.0},{"not_picked":["PrismaMod:IllyaFeed","PrismaMod:IllyaMaid","PrismaMod:IllyaCheapChannelPoison"],"picked":"SKIP","floor":6.0},{"not_picked":["PrismaMod:IllyaAlice","PrismaMod:IllyaStunPoison","PrismaMod:IllyaUncommonEvoke"],"picked":"SKIP","floor":8.0},{"not_picked":["PrismaMod:IllyaCheapChannelAttack","PrismaMod:IllyaStunPoison","PrismaMod:IllyaUpgradeOrbs"],"picked":"SKIP","floor":10.0},{"not_picked":["PrismaMod:IllyaMinorZwei","PrismaMod:IllyaPoisonTippedWeapons"],"picked":"PrismaMod:IllyaRubysPotion","floor":11.0},{"not_picked":["PrismaMod:IllyaBlindPoisonToss","PrismaMod:IllyaAOECommonAttack"],"picked":"PrismaMod:IllyaInstallRuler","floor":12.0},{"not_picked":["PrismaMod:IllyaPoisonTippedWeapons","PrismaMod:IllyaFeed"],"picked":"PrismaMod:IllyaBerserCAR","floor":13.0},{"not_picked":["PrismaMod:IllyaBride","PrismaMod:IllyaUpgradeOrbs","PrismaMod:IllyaCheapChannelPoison"],"picked":"SKIP","floor":14.0},{"not_picked":["PrismaMod:IllyaInstallForeigner","PrismaMod:IllyaCarnivalPrismaAstolfo"],"picked":"PrismaMod:IllyaCarnivalAttack","floor":16.0},{"not_picked":["PrismaMod:IllyaReinForce","PrismaMod:IllyaGun","PrismaMod:IllyaRapidFire"],"picked":"SKIP","floor":18.0},{"not_picked":["PrismaMod:IllyaBlindPoisonToss","PrismaMod:IllyaUpgradeOrbs","PrismaMod:IllyaMaid"],"picked":"SKIP","floor":19.0},{"not_picked":["PrismaMod:IllyaCheapChannelAttack","PrismaMod:IllyaCheapChannelPoison","PrismaMod:IllyaUpgradeOrbs+1"],"picked":"SKIP","floor":20.0},{"not_picked":["PrismaMod:IllyaMaid","PrismaMod:IllyaMinorRapidFire","PrismaMod:IllyaGrailKun"],"picked":"SKIP","floor":24.0},{"not_picked":["PrismaMod:IllyaDetonatingBlow","PrismaMod:IllyaFeed","PrismaMod:IllyaMaid"],"picked":"SKIP","floor":25.0},{"not_picked":["PrismaMod:IllyaPoisonBomb","PrismaMod:IllyaMinorReinForce"],"picked":"PrismaMod:IllyaStunPoison","floor":28.0},{"not_picked":["PrismaMod:IllyaGrailKun","PrismaMod:IllyaRussianRoulette+1","PrismaMod:IllyaFeed"],"picked":"SKIP","floor":31.0},{"not_picked":["PrismaMod:IllyaCarnivalDefend","PrismaMod:IllyaCarnivalAttack"],"picked":"PrismaMod:IllyaZwei","floor":33.0},{"not_picked":["PrismaMod:IllyaPoisonTippedWeapons+1"],"picked":"SKIP","floor":35.0},{"not_picked":[],"picked":"PrismaMod:IllyaStunPoison","floor":36.0},{"not_picked":["PrismaMod:IllyaPartialInstallAssassin+1"],"picked":"SKIP","floor":38.0},{"not_picked":["PrismaMod:IllyaAOECommonAttack+1"],"picked":"SKIP","floor":40.0},{"not_picked":["PrismaMod:IllyaPartialInstallAssassin"],"picked":"SKIP","floor":42.0},{"not_picked":["PrismaMod:IllyaBoysLove"],"picked":"SKIP","floor":44.0},{"not_picked":["PrismaMod:IllyaInstallBerserker"],"picked":"SKIP","floor":45.0},{"not_picked":["PrismaMod:IllyaPoisoningPhantasm+1"],"picked":"SKIP","floor":47.0},{"not_picked":[],"picked":"PrismaMod:IllyaSaphire+1","floor":48.0},{"not_picked":["PrismaMod:IllyaUncommonEvoke+1"],"picked":"SKIP","floor":54.0}],"player_experience":476721,"relics_obtained":[{"floor":8.0,"key":"PreservedInsect"},{"floor":9.0,"key":"MealTicket"},{"floor":11.0,"key":"Odd Mushroom"},{"floor":13.0,"key":"Boot"},{"floor":22.0,"key":"theSenshi:SpiralHeartMoonRodRelic"},{"floor":25.0,"key":"Whetstone"},{"floor":26.0,"key":"Vajra"},{"floor":28.0,"key":"Anchor"},{"floor":31.0,"key":"HornCleat"},{"floor":40.0,"key":"White Beast Statue"},{"floor":45.0,"key":"Potion Belt"},{"floor":54.0,"key":"Mango"}],"event_choices":[{"damage_healed":0.0,"max_hp_gain":5.0,"max_hp_loss":0.0,"gold_gain":0.0,"event_name":"Big Fish","player_choice":"Donut","floor":2.0,"gold_loss":0.0,"damage_taken":0.0},{"damage_healed":0.0,"max_hp_gain":0.0,"max_hp_loss":0.0,"gold_gain":0.0,"event_name":"Shining Light","player_choice":"Entered Light","floor":5.0,"gold_loss":0.0,"damage_taken":19.0,"cards_upgraded":["PrismaMod:IllyaCommonAttack","PrismaMod:IllyaCommonDefend"]},{"damage_healed":0.0,"max_hp_gain":0.0,"max_hp_loss":0.0,"gold_gain":0.0,"event_name":"Mushrooms","player_choice":"Fought Mushrooms","floor":11.0,"gold_loss":0.0,"damage_taken":0.0},{"damage_healed":0.0,"max_hp_gain":5.0,"max_hp_loss":0.0,"gold_gain":0.0,"event_name":"Forgotten Altar","player_choice":"Shed Blood","floor":27.0,"gold_loss":0.0,"damage_taken":24.0},{"damage_healed":0.0,"max_hp_gain":0.0,"max_hp_loss":0.0,"gold_gain":0.0,"event_name":"∞Æµƒ…Ò •ª®‘∞","player_choice":"Choice 2","floor":29.0,"gold_loss":0.0,"damage_taken":0.0,"relics_obtained":["alterego_mod:SomeoneToFightFor"]}],"is_beta":false,"boss_relics":[{"not_picked":["Coffee Dripper","Snecko Eye"],"picked":"PrismaMod:PrismaZwei"},{"not_picked":["theSenshi:MoonKaleidoScopeRelic","Tiny House"],"picked":"Busted Crown"}],"items_purged_floors":[0,4,21,39],"is_endless":false,"potions_floor_spawned":[3,8,10,11,12,20,24,33,35,36,42,44,45,47,48,54],"killed_by":"The Heart","ascension_level":0}}