{"host":"zu1swnxjkaahohqc","time":1613946868,"event":{"mods":["BaseMod","Hubris","Minty Spire (QoL Compilation)","Replay The Spire","StSLib"],"gold_per_floor":[111,123,123,136,136,136,164,164,164,164,195,195,207,236,236,332,332,332,332],"floor_reached":18,"language":"ENG","playtime":703,"items_purged":[],"score":214,"play_id":"a173a7d4-c331-43d5-ad9c-72c6b4540c6d","local_time":"20210221173428","is_ascension_mode":true,"campfire_choices":[{"data":"Darkness","floor":6.0,"key":"SMITH"},{"data":"Dualcast","floor":8.0,"key":"SMITH"},{"floor":10.0,"key":"REST"},{"floor":15.0,"key":"DIG"}],"circlet_count":0,"master_deck":["Strike_B+1","Strike_B","Strike_B","Strike_B","Defend_B","Defend_B","Defend_B+1","Defend_B","Zap","Dualcast+1","Darkness+1","Panic Button","Doom and Gloom","Reboot","Echo Form"],"relics":["Cracked Core","NeowsBlessing","Eternal Feather","Replay:Antivirus Software","Replay:Multitool","NlothsMask","Bronze Scales","Girya"],"acts_visited":["Exordium","TheCity"],"potions_floor_usage":[],"damage_taken":[{"damage":0.0,"enemies":"Jaw Worm","floor":1.0,"turns":1.0},{"damage":0.0,"enemies":"Cultist","floor":2.0,"turns":1.0},{"damage":0.0,"enemies":"2 Louse","floor":4.0,"turns":1.0},{"damage":20.0,"enemies":"Lagavulin","floor":7.0,"turns":7.0},{"damage":25.0,"enemies":"3 Sentries","floor":11.0,"turns":6.0},{"damage":1.0,"enemies":"Red Slaver","floor":13.0,"turns":3.0},{"damage":18.0,"enemies":"Gremlin Nob","floor":14.0,"turns":3.0},{"damage":19.0,"enemies":"Hexaghost","floor":16.0,"turns":8.0},{"damage":0,"enemies":"2 Thieves","floor":18,"turns":1}],"seed_played":"-4623106953080106572","potions_obtained":[{"floor":7.0,"key":"FearPotion"},{"floor":11.0,"key":"Swift Potion"},{"floor":13.0,"key":"SteroidPotion"},{"floor":14.0,"key":"AttackPotion"}],"is_trial":false,"path_per_floor":["M","M","?","M","?","R","E","R","T","R","E","?","M","E","R","B",null,"M"],"character_chosen":"DEFECT","items_purchased":[],"campfire_rested":1,"item_purchase_floors":[],"current_hp_per_floor":[75,75,75,75,60,60,40,46,46,74,49,49,48,30,36,17,75,75,75],"gold":332,"neow_bonus":"THREE_ENEMY_KILL","is_daily":false,"chose_seed":false,"campfire_upgraded":2,"win_rate":0.0,"timestamp":1613946868,"path_taken":["M","M","?","?","?","R","E","R","T","R","E","?","M","E","R","BOSS","M"],"items_purchased_type":[],"build_version":"2020-12-13","purchased_purges":0,"victory":false,"max_hp_per_floor":[75,75,75,75,75,75,75,75,75,75,75,75,75,75,75,75,75,75,75],"card_choices":[{"not_picked":["Beam Cell","Turbo","Hello World"],"picked":"SKIP","floor":1.0},{"not_picked":["Conserve Battery","Reprogram"],"picked":"Darkness","floor":2.0},{"not_picked":["Sweeping Beam","Streamline"],"picked":"Panic Button","floor":4.0},{"not_picked":["Gash","Go for the Eyes"],"picked":"Doom and Gloom","floor":7.0},{"not_picked":["Storm","Chill","Gash"],"picked":"SKIP","floor":11.0},{"not_picked":["Conserve Battery","hubris:Ukulele","ReplayTheSpireMod:Reroute Power"],"picked":"SKIP","floor":13.0},{"not_picked":["Barrage","Skim"],"picked":"Reboot","floor":14.0},{"not_picked":["Core Surge","Seek"],"picked":"Echo Form","floor":16.0}],"player_experience":23646,"relics_obtained":[{"floor":7.0,"key":"Eternal Feather"},{"floor":9.0,"key":"Replay:Antivirus Software"},{"floor":11.0,"key":"Replay:Multitool"},{"floor":14.0,"key":"Bronze Scales"},{"floor":15.0,"key":"Girya"}],"event_choices":[{"damage_healed":0.0,"max_hp_gain":0.0,"max_hp_loss":0.0,"gold_gain":0.0,"event_name":"Match and Keep!","player_choice":"0 cards matched","floor":3.0,"gold_loss":0.0,"damage_taken":0.0,"cards_obtained":[]},{"damage_healed":0.0,"max_hp_gain":0.0,"max_hp_loss":0.0,"gold_gain":0.0,"event_name":"Shining Light","player_choice":"Entered Light","floor":5.0,"gold_loss":0.0,"damage_taken":15.0,"cards_upgraded":["Strike_B","Defend_B"]},{"damage_healed":0.0,"max_hp_gain":0.0,"max_hp_loss":0.0,"gold_gain":0.0,"event_name":"FaceTrader","player_choice":"Trade","floor":12.0,"gold_loss":0.0,"damage_taken":0.0,"relics_obtained":["NlothsMask"]}],"is_beta":false,"boss_relics":[{"not_picked":["hubris:TerracottaHorce","hubris:CrackedHourglass","Snecko Eye"]}],"items_purged_floors":[],"is_endless":false,"potions_floor_spawned":[7,11,13,14],"killed_by":"2 Thieves","ascension_level":4}}