{"host":"0kk91h4bq4kgfj0u","time":1613944100,"event":{"mods":["BaseMod","Bestiary","Block Reminder","Colored Map","Colored Powertips","Curses Come First","Highlight Path","Minty Spire (QoL Compilation)","Relic Stats","StSLib"],"gold_per_floor":[117,137,151,151,170,170,170,196,196,196,222,222,249,263,263,366,416,428,440,104,104,104],"floor_reached":21,"language":"ENG","playtime":670,"items_purged":[],"score":289,"play_id":"daf13971-6fc3-4924-852d-0199e49963ee","local_time":"20210221164820","is_ascension_mode":true,"campfire_choices":[{"floor":6,"key":"RECALL"},{"floor":10,"key":"REST"},{"floor":15,"key":"REST"}],"circlet_count":0,"master_deck":["Strike_R","Strike_R","Strike_R","Strike_R","Strike_R","Defend_R","Defend_R","Defend_R","Defend_R+1","Bash","Inflame+1","Thunderclap","Shrug It Off","Heavy Blade","Offering","Armaments","Limit Break","Flex","Flame Barrier","Anger","Finesse","Shrug It Off"],"relics":["Burning Blood","Bag of Marbles","Tiny Chest","Mercury Hourglass","Shovel","Eternal Feather","Bronze Scales","Tiny House","Pen Nib"],"acts_visited":["Exordium","TheCity"],"potions_floor_usage":[13,13,18],"damage_taken":[{"damage":0,"enemies":"Small Slimes","floor":1,"turns":3},{"damage":6,"enemies":"Cultist","floor":2,"turns":3},{"damage":16,"enemies":"Jaw Worm","floor":3,"turns":4},{"damage":6,"enemies":"Exordium Thugs","floor":5,"turns":3},{"damage":31,"enemies":"3 Sentries","floor":8,"turns":9},{"damage":27,"enemies":"Gremlin Nob","floor":11,"turns":4},{"damage":23,"enemies":"Lagavulin","floor":13,"turns":5},{"damage":10,"enemies":"Gremlin Gang","floor":14,"turns":4},{"damage":40,"enemies":"The Guardian","floor":16,"turns":12},{"damage":24,"enemies":"Chosen","floor":18,"turns":5},{"damage":35,"enemies":"Shell Parasite","floor":19,"turns":8},{"damage":29,"enemies":"Sentry and Sphere","floor":21,"turns":3}],"seed_played":"-476147351391623653","potions_obtained":[{"floor":1,"key":"Dexterity Potion"},{"floor":5,"key":"HeartOfIron"},{"floor":11,"key":"SkillPotion"},{"floor":14,"key":"BlessingOfTheForge"},{"floor":17,"key":"PowerPotion"},{"floor":19,"key":"BlessingOfTheForge"}],"is_trial":false,"path_per_floor":["M","M","M","?","M","R","?","E","T","R","E","T","E","M","R","B",null,"M","M","$","M"],"character_chosen":"IRONCLAD","items_purchased":["Pen Nib","Finesse","Energy Potion","Shrug It Off"],"campfire_rested":2,"item_purchase_floors":[20,20,20,20],"current_hp_per_floor":[78,78,68,68,68,68,68,43,43,67,46,46,29,25,58,24,71,53,24,24,0,0],"gold":104,"neow_bonus":"RANDOM_COMMON_RELIC","is_daily":false,"chose_seed":false,"campfire_upgraded":0,"win_rate":0.0,"timestamp":1613944100,"path_taken":["M","M","M","?","?","R","?","E","T","R","E","?","E","?","R","BOSS","M","M","$","M"],"items_purchased_type":["Relic","Card","Potion","Card"],"build_version":"2020-12-22","purchased_purges":0,"victory":false,"max_hp_per_floor":[80,80,80,80,80,80,80,80,80,80,80,80,80,80,80,80,85,85,85,85,85,85],"relic_stats":{"Shovel":0,"counters":[12,62],"Bronze Scales":[105],"Tiny Chest":0,"Eternal Feather":9,"Pen Nib":[0],"obtain_stats":[{"Shovel":11,"Tiny House":17,"Bronze Scales":13,"Tiny Chest":8,"Eternal Feather":12,"Pen Nib":20,"Bag of Marbles":0,"Burning Blood":0,"Mercury Hourglass":9},{"Shovel":6,"Tiny House":9,"Bronze Scales":7,"Tiny Chest":5,"Eternal Feather":6,"Pen Nib":11,"Bag of Marbles":0,"Burning Blood":0,"Mercury Hourglass":5},{"Shovel":26,"Tiny House":47,"Bronze Scales":31,"Tiny Chest":22,"Eternal Feather":26,"Pen Nib":59,"Bag of Marbles":0,"Burning Blood":0,"Mercury Hourglass":22}],"Burning Blood":66,"Mercury Hourglass":[111]},"card_choices":[{"not_picked":["Sword Boomerang","Wild Strike"],"picked":"Inflame","floor":1},{"not_picked":["Wild Strike","Armaments"],"picked":"Thunderclap","floor":2},{"not_picked":["Headbutt","Intimidate"],"picked":"Shrug It Off","floor":3},{"not_picked":["Warcry","Wild Strike"],"picked":"Heavy Blade","floor":5},{"not_picked":["Sword Boomerang","Dark Embrace","Seeing Red"],"picked":"SKIP","floor":8},{"not_picked":["Sever Soul","Ghostly Armor"],"picked":"Offering","floor":11},{"not_picked":["Body Slam","Bloodletting"],"picked":"Armaments","floor":13},{"not_picked":["Pummel","Reckless Charge","Perfected Strike"],"picked":"SKIP","floor":14},{"not_picked":["Brutality","Juggernaut"],"picked":"Limit Break","floor":16},{"not_picked":["Sentinel","Flame Barrier"],"picked":"Flex","floor":17},{"not_picked":["Pummel","Feel No Pain"],"picked":"Flame Barrier","floor":18},{"not_picked":["Flame Barrier+1","Perfected Strike"],"picked":"Anger","floor":19}],"player_experience":900530,"relics_obtained":[{"floor":8,"key":"Tiny Chest"},{"floor":9,"key":"Mercury Hourglass"},{"floor":11,"key":"Shovel"},{"floor":12,"key":"Eternal Feather"},{"floor":13,"key":"Bronze Scales"}],"event_choices":[{"damage_healed":0,"gold_gain":0,"player_choice":"Upgraded","damage_taken":0,"max_hp_gain":0,"max_hp_loss":0,"event_name":"Upgrade Shrine","floor":4,"gold_loss":0,"cards_upgraded":["Inflame"]},{"damage_healed":0,"gold_gain":0,"player_choice":"Leave","damage_taken":0,"max_hp_gain":0,"max_hp_loss":0,"event_name":"The Cleric","floor":7,"gold_loss":0}],"is_beta":false,"boss_relics":[{"not_picked":["Fusion Hammer","Runic Cube"],"picked":"Tiny House"}],"items_purged_floors":[],"is_endless":false,"potions_floor_spawned":[1,5,11,14,19],"killed_by":"Sentry and Sphere","ascension_level":9}}