{"host":"favrcuc0pmi4z15q","time":1613918664,"event":{"mods":["Act Like it!","BaseMod","Bestiary","Colored Powertips","Minty Spire (QoL Compilation)","Reliquary","Replay The Spire","Shop Mod","StSLib","The Animator"],"gold_per_floor":[112,122,122,122,142,186,186,18,18,18,49,76,76,88,88,191,191,223,138,40,56,71,71,103,103,128,171,171,71,73,73],"floor_reached":30,"language":"ENG","playtime":2200,"items_purged":["Hallucinations","animator:Defend"],"score":351,"play_id":"ae3f500f-de81-4d5c-803c-bc58513452d2","local_time":"20210221154424","is_ascension_mode":false,"campfire_choices":[{"data":"animator:LeleiLaLalena","floor":7.0,"key":"SMITH"},{"data":"animator:Tyuule","floor":10.0,"key":"SMITH"},{"data":"animator:MisaKurobane","floor":15.0,"key":"SMITH"},{"data":"animator:Millim","floor":23.0,"key":"SMITH"},{"data":"animator:Darkness","floor":25.0,"key":"SMITH"}],"circlet_count":0,"master_deck":["animator:Strike_Elsword+1","animator:Defend_Elsword","animator:Strike","animator:Strike","animator:Defend","animator:Defend","animator:Chung","animator:Raven","animator:Tyuule+1","animator:Assassin+1","animator:LeleiLaLalena+1","animator:Ara","animator:MisaKurobane+1","animator:Benimaru","animator:Elsword","animator:ShinjiMatou","animator:Shigure","animator:Shizu","CurseOfTheBell","animator:Millim+1","animator:QuestionMark","animator:Darkness+1","animator:Shuna","animator:Tyuule","animator:Rena"],"relics":["animator:LivingPicture","animator:TheMissingPiece","animator:PurgingStone","animator:Buoy","Letter Opener","Replay:Baseball","Vajra","Calling Bell","Tiny Chest","Paper Frog","Calipers","Pet Ghost","Bottled Flame","ReplayFunnel","Replay:Bandana"],"acts_visited":["Exordium","TheCity"],"potions_floor_usage":[],"damage_taken":[{"damage":0.0,"enemies":"Small Slimes","floor":1.0,"turns":3.0},{"damage":0.0,"enemies":"Jaw Worm","floor":2.0,"turns":5.0},{"damage":2.0,"enemies":"Cultist","floor":5.0,"turns":5.0},{"damage":25.0,"enemies":"3 Sentries","floor":6.0,"turns":13.0},{"damage":7.0,"enemies":"Blue Slaver","floor":11.0,"turns":3.0},{"damage":0.0,"enemies":"Lagavulin","floor":12.0,"turns":6.0},{"damage":0.0,"enemies":"Large Slime","floor":14.0,"turns":3.0},{"damage":0.0,"enemies":"Fading Forest","floor":16.0,"turns":11.0},{"damage":6.0,"enemies":"Spheric Guardian","floor":18.0,"turns":4.0},{"damage":5.0,"enemies":"Shell Parasite","floor":21.0,"turns":5.0},{"damage":6.0,"enemies":"Sentry and Sphere","floor":22.0,"turns":6.0},{"damage":21.0,"enemies":"Book of Stabbing","floor":24.0,"turns":5.0},{"damage":6.0,"enemies":"Replay:Snechameleon","floor":27.0,"turns":5.0},{"damage":31,"enemies":"Slavers","floor":30,"turns":2}],"seed_played":"5761050837527040834","potions_obtained":[{"floor":1.0,"key":"ColorlessPotion"},{"floor":5.0,"key":"Swift Potion"},{"floor":12.0,"key":"Languid Potion"},{"floor":16.0,"key":"Block Potion"}],"is_trial":false,"path_per_floor":["M","M","?","?","M","E","R","$","T","R","M","E","?","M","R","B",null,"M","?","$","M","M","R","E","R","T","E","?","$","E"],"character_chosen":"THE_ANIMATOR","items_purchased":["animator:MisaKurobane","animator:QuestionMark"],"campfire_rested":0,"item_purchase_floors":[8,20],"current_hp_per_floor":[66,66,66,53,51,26,26,26,26,26,19,20,20,20,20,21,68,62,62,62,57,52,52,31,31,31,25,25,25,0,0],"gold":73,"neow_bonus":"RANDOM_COMMON_RELIC","is_daily":false,"chose_seed":false,"campfire_upgraded":5,"win_rate":0.0,"timestamp":1613918664,"path_taken":["M","M","?","?","M","E","R","$","T","R","M","E","?","?","R","BOSS","M","?","$","M","M","R","E","R","T","E","?","?","E"],"items_purchased_type":["Card","Card"],"build_version":"2020-12-22","purchased_purges":2,"victory":false,"max_hp_per_floor":[66,66,66,66,66,66,66,66,66,66,66,67,67,67,67,68,68,68,68,68,68,69,69,69,69,69,69,69,69,69,69],"card_choices":[{"not_picked":["animator:SuzuneAmano","animator:Shuna"],"picked":"animator:Tyuule","floor":1.0},{"not_picked":["animator:Viivi","animator:Arpeggio"],"picked":"animator:Assassin","floor":2.0},{"not_picked":["animator:Nanami","animator:Mitsurugi"],"picked":"animator:LeleiLaLalena","floor":5.0},{"not_picked":["animator:Aisha","animator:Chung"],"picked":"animator:Ara","floor":6.0},{"not_picked":["animator:Shuna","animator:SayakaMiki"],"picked":"animator:Benimaru","floor":11.0},{"not_picked":["animator:ChaikaBohdan","animator:Saber"],"picked":"animator:Elsword","floor":12.0},{"not_picked":["animator:HiiragiShinya","animator:Raven"],"picked":"animator:Shigure","floor":14.0},{"not_picked":["animator:HigakiRinne","animator:FeridBathory"],"picked":"animator:Shizu","floor":16.0},{"not_picked":["animator:Hakurou","animator:Kaijin"],"picked":"animator:Millim","floor":18.0},{"not_picked":["animator:Ciel","animator:Benimaru"],"picked":"animator:Darkness","floor":21.0},{"not_picked":["animator:CrowleyEusford","animator:AcuraTooru"],"picked":"animator:Shuna","floor":22.0},{"not_picked":["animator:Benimaru","animator:CrowleyEusford","animator:Tyuule"],"picked":"SKIP","floor":24.0},{"not_picked":["animator:Benimaru","animator:ChaikaBohdan"],"picked":"animator:Tyuule","floor":24.0},{"not_picked":["animator:Elsword","animator:Ara"],"picked":"animator:Rena","floor":27.0}],"player_experience":1225042,"relics_obtained":[{"floor":6.0,"key":"Letter Opener"},{"floor":9.0,"key":"Replay:Baseball"},{"floor":12.0,"key":"Vajra"},{"floor":17.0,"key":"Tiny Chest"},{"floor":17.0,"key":"Paper Frog"},{"floor":17.0,"key":"Calipers"},{"floor":24.0,"key":"Bottled Flame"},{"floor":26.0,"key":"ReplayFunnel"},{"floor":27.0,"key":"Replay:Bandana"}],"event_choices":[{"damage_healed":0.0,"max_hp_gain":0.0,"max_hp_loss":0.0,"gold_gain":0.0,"event_name":"Shining Light","player_choice":"Entered Light","floor":4.0,"gold_loss":0.0,"damage_taken":13.0,"cards_upgraded":["animator:Strike_Elsword","animator:Assassin"]},{"damage_healed":0.0,"max_hp_gain":0.0,"max_hp_loss":0.0,"gold_gain":0.0,"cards_transformed":["animator:Strike"],"event_name":"Transmorgrifier","player_choice":"Transformed","floor":13.0,"gold_loss":0.0,"damage_taken":0.0,"cards_obtained":["animator:ShinjiMatou"]},{"damage_healed":0.0,"max_hp_gain":0.0,"max_hp_loss":0.0,"gold_gain":0.0,"event_name":"Addict","player_choice":"Obtained Relic","floor":19.0,"gold_loss":85.0,"damage_taken":0.0,"relics_obtained":["Pet Ghost"]},{"damage_healed":0,"gold_gain":0,"player_choice":"Ignored","damage_taken":0,"max_hp_gain":0,"max_hp_loss":0,"event_name":"Cursed Tome","floor":28,"gold_loss":0}],"is_beta":false,"boss_relics":[{"not_picked":["Abe\u0027s Treasure","Replay:Wanted Poster"],"picked":"Calling Bell"}],"items_purged_floors":[8,29],"is_endless":false,"potions_floor_spawned":[1,5,12,16],"killed_by":"Slavers","ascension_level":0}}