{"host":"n2sr453jcjz6vvl4","time":1613940574,"event":{"mods":["BaseMod","Colored Map","Minty Spire (QoL Compilation)","Permanent Neow","Relic Stats","StSLib"],"gold_per_floor":[19,29,29,29,45,45,72,72,72,98,18,18,31,66,66,166,166,182,182,182,7,20,20,53,53,80,111,111,142,155,189,189,284,284,301,301,317,336,383,383,414,426,426,440,440,458,458,231,231,231],"floor_reached":51,"language":"ENG","playtime":3285,"items_purged":["Strike_B+1"],"score":990,"play_id":"0187d2c3-7721-440c-8a73-071940aa2903","local_time":"20210221164934","is_ascension_mode":true,"campfire_choices":[{"data":"Genetic Algorithm","floor":6,"key":"SMITH"},{"data":"Barrage","floor":8,"key":"SMITH"},{"floor":12,"key":"REST"},{"floor":15,"key":"REST"},{"data":"Glacier","floor":23,"key":"SMITH"},{"data":"Zap","floor":25,"key":"SMITH"},{"data":"Glacier","floor":28,"key":"SMITH"},{"floor":32,"key":"REST"},{"data":"Buffer","floor":40,"key":"SMITH"},{"data":"White Noise","floor":45,"key":"SMITH"},{"data":"Loop","floor":49,"key":"SMITH"}],"circlet_count":0,"master_deck":["Strike_B+1","Strike_B+1","Defend_B+1","Defend_B+1","Zap+1","Dualcast","Leap","Genetic Algorithm+1","Barrage+1","Rip and Tear","Sweeping Beam","Biased Cognition","Redo","Glacier+1","White Noise+1","Capacitor","Ball Lightning+1","Core Surge+1","Glacier+1","Loop+1","Panache","Buffer+1","Machine Learning","Parasite","Defragment+1","Panacea","Loop+1"],"relics":["FrozenCore","Lizard Tail","Prayer Wheel","Mango","Mercury Hourglass","TungstenRod","Sozu","Enchiridion","Whetstone","Lantern","MealTicket","Singing Bowl","Blood Vial","Bird Faced Urn","Toy Ornithopter","Gambling Chip","Membership Card"],"acts_visited":["Exordium","TheCity","TheBeyond"],"potions_floor_usage":[16,24,24,29],"damage_taken":[{"damage":1,"enemies":"2 Louse","floor":1,"turns":2},{"damage":1,"enemies":"Cultist","floor":2,"turns":3},{"damage":1,"enemies":"Small Slimes","floor":5,"turns":3},{"damage":38,"enemies":"3 Sentries","floor":7,"turns":6},{"damage":37,"enemies":"Gremlin Nob","floor":10,"turns":4},{"damage":0,"enemies":"3 Louse","floor":13,"turns":2},{"damage":1,"enemies":"Lagavulin","floor":14,"turns":6},{"damage":0,"enemies":"Slime Boss","floor":16,"turns":6},{"damage":10,"enemies":"2 Thieves","floor":18,"turns":3},{"damage":0,"enemies":"Spheric Guardian","floor":22,"turns":3},{"damage":0,"enemies":"Slavers","floor":24,"turns":2},{"damage":10,"enemies":"Book of Stabbing","floor":27,"turns":4},{"damage":26,"enemies":"Gremlin Leader","floor":29,"turns":5},{"damage":0,"enemies":"3 Cultists","floor":30,"turns":4},{"damage":6,"enemies":"Book of Stabbing","floor":31,"turns":4},{"damage":51,"enemies":"Automaton","floor":33,"turns":10},{"damage":8,"enemies":"Orb Walker","floor":35,"turns":3},{"damage":0,"enemies":"3 Shapes","floor":37,"turns":4},{"damage":0,"enemies":"Maw","floor":38,"turns":7},{"damage":23,"enemies":"2 Orb Walkers","floor":39,"turns":4},{"damage":15,"enemies":"Giant Head","floor":41,"turns":9},{"damage":0,"enemies":"Writhing Mass","floor":42,"turns":6},{"damage":0,"enemies":"Transient","floor":44,"turns":5},{"damage":13,"enemies":"Jaw Worm Horde","floor":46,"turns":5},{"damage":9,"enemies":"Donu and Deca","floor":50,"turns":10}],"seed_played":"2475622619449062067","potions_obtained":[{"floor":2,"key":"Swift Potion"},{"floor":10,"key":"PowerPotion"},{"floor":13,"key":"SpeedPotion"},{"floor":14,"key":"LiquidMemories"},{"floor":16,"key":"PowerPotion"}],"is_trial":false,"path_per_floor":["M","M","?","?","M","R","E","R","T","E","$","R","M","E","R","B",null,"M","?","?","$","M","R","E","R","T","E","R","E","M","E","R","B",null,"M","?","M","M","?","R","E","M","T","M","R","M","?","$","R","B",null],"character_chosen":"DEFECT","items_purchased":["Glacier","Panache","Membership Card","Loop"],"campfire_rested":3,"item_purchase_floors":[11,21,48,48],"current_hp_per_floor":[74,73,73,73,72,72,34,34,48,11,11,37,37,36,62,62,89,79,67,67,67,67,67,67,67,67,57,57,33,37,33,62,13,97,93,93,99,105,84,84,101,113,113,117,117,121,121,121,121,121],"gold":231,"neow_bonus":"ONE_RARE_RELIC","is_daily":false,"chose_seed":false,"campfire_upgraded":8,"win_rate":0.0,"timestamp":1613940574,"path_taken":["M","M","?","?","M","R","E","R","T","E","$","R","?","E","R","BOSS","M","?","?","?","M","R","E","R","T","E","R","E","M","E","R","BOSS","M","?","M","?","?","R","E","M","T","M","R","M","?","$","R","BOSS"],"items_purchased_type":["Card","Card","Relic","Card"],"build_version":"2020-12-22","purchased_purges":1,"victory":true,"max_hp_per_floor":[75,75,75,75,75,75,75,75,89,89,89,89,89,89,89,89,89,89,89,89,89,89,89,89,89,89,89,89,91,95,97,97,97,97,101,101,105,109,109,109,111,113,113,117,117,121,121,121,121,121],"relic_stats":{"Singing Bowl":32,"counters":[25,118],"Whetstone":["Ball Lightning","Core Surge"],"FrozenCore":[20],"Mercury Hourglass":[392],"Sozu":8,"Blood Vial":12,"Lizard Tail":0,"Bird Faced Urn":[58],"Gambling Chip":[6],"Prayer Wheel":10,"MealTicket":0,"obtain_stats":[{"Lantern":26,"Singing Bowl":29,"Enchiridion":19,"Mango":9,"Whetstone":24,"Mercury Hourglass":10,"FrozenCore":34,"Sozu":17,"Blood Vial":31,"Lizard Tail":0,"Bird Faced Urn":39,"Gambling Chip":43,"Prayer Wheel":7,"MealTicket":27,"Membership Card":48,"Cracked Core":0,"TungstenRod":14,"Toy Ornithopter":41},{"Lantern":11,"Singing Bowl":13,"Enchiridion":9,"Mango":4,"Whetstone":11,"Mercury Hourglass":5,"FrozenCore":16,"Sozu":8,"Blood Vial":15,"Lizard Tail":0,"Bird Faced Urn":20,"Gambling Chip":22,"Prayer Wheel":4,"MealTicket":12,"Membership Card":24,"Cracked Core":0,"TungstenRod":7,"Toy Ornithopter":21},{"Lantern":40,"Singing Bowl":48,"Enchiridion":35,"Mango":14,"Whetstone":40,"Mercury Hourglass":18,"FrozenCore":66,"Sozu":32,"Blood Vial":56,"Lizard Tail":0,"Bird Faced Urn":83,"Gambling Chip":98,"Prayer Wheel":14,"MealTicket":44,"Membership Card":108,"Cracked Core":0,"TungstenRod":26,"Toy Ornithopter":92}],"TungstenRod":25,"Toy Ornithopter":0},"card_choices":[{"not_picked":["Steam","Beam Cell"],"picked":"Leap","floor":1},{"not_picked":["Beam Cell","Force Field"],"picked":"Genetic Algorithm","floor":2},{"not_picked":["Auto Shields","Cold Snap"],"picked":"Sweeping Beam","floor":5},{"not_picked":["Thunder Strike","Sweeping Beam"],"picked":"Biased Cognition","floor":7},{"not_picked":["Steam","Skim"],"picked":"Redo","floor":10},{"not_picked":["Static Discharge","Sunder"],"picked":"White Noise","floor":13},{"not_picked":["Steam","Conserve Battery"],"picked":"Capacitor","floor":13},{"not_picked":["Hello World","Meteor Strike"],"picked":"Ball Lightning","floor":14},{"not_picked":["Hyperbeam","Rainbow"],"picked":"Core Surge","floor":16},{"not_picked":["Scrape","Beam Cell"],"picked":"Glacier","floor":18},{"not_picked":["Hologram+1","Compile Driver"],"picked":"Loop+1","floor":18},{"not_picked":["Reprogram","Steam Power","Turbo"],"picked":"SKIP","floor":22},{"not_picked":["Darkness+1","Fusion","Barrage"],"picked":"SKIP","floor":22},{"not_picked":["Core Surge","Steam Power","Rebound"],"picked":"SKIP","floor":24},{"not_picked":["Rebound","Streamline+1","Sunder+1"],"picked":"SKIP","floor":27},{"not_picked":["Streamline","Fission","Chaos"],"picked":"Singing Bowl","floor":29},{"not_picked":["Sweeping Beam","Compile Driver","Streamline"],"picked":"Singing Bowl","floor":30},{"not_picked":["Doom and Gloom","Hologram","Coolheaded"],"picked":"Singing Bowl","floor":30},{"not_picked":["Go for the Eyes","Heatsinks","Leap"],"picked":"Singing Bowl","floor":31},{"not_picked":["Amplify","Thunder Strike"],"picked":"Buffer","floor":33},{"not_picked":["Leap","Streamline+1","Scrape+1"],"picked":"Singing Bowl","floor":35},{"not_picked":["Redo","Barrage+1","Consume"],"picked":"Singing Bowl","floor":35},{"not_picked":["Leap+1","Beam Cell+1","Doom and Gloom+1"],"picked":"Singing Bowl","floor":37},{"not_picked":["Barrage+1","Rip and Tear","Sweeping Beam+1"],"picked":"Singing Bowl","floor":37},{"not_picked":["Sweeping Beam","Heatsinks","Barrage"],"picked":"Singing Bowl","floor":38},{"not_picked":["Rip and Tear+1","Lockon+1","Genetic Algorithm+1"],"picked":"Singing Bowl","floor":38},{"not_picked":["Sweeping Beam","Rebound"],"picked":"Machine Learning","floor":39},{"not_picked":["Cold Snap","Steam","Doom and Gloom+1"],"picked":"Singing Bowl","floor":41},{"not_picked":["Beam Cell+1","Conserve Battery"],"picked":"Defragment+1","floor":42},{"not_picked":["BootSequence+1","Gash","Stack"],"picked":"Singing Bowl","floor":42},{"not_picked":["Rebound+1","Skim+1","Sweeping Beam+1"],"picked":"Singing Bowl","floor":44},{"not_picked":["Force Field+1","Glacier","Hologram"],"picked":"Singing Bowl","floor":44},{"not_picked":["Stack+1","Cold Snap","Sunder+1"],"picked":"Singing Bowl","floor":46},{"not_picked":["Auto Shields","Go for the Eyes+1","Glacier"],"picked":"Singing Bowl","floor":46},{"not_picked":["Mind Blast","Jack Of All Trades"],"picked":"Panacea","floor":47}],"player_experience":218942,"relics_obtained":[{"floor":7,"key":"Prayer Wheel"},{"floor":9,"key":"Mango"},{"floor":10,"key":"Mercury Hourglass"},{"floor":14,"key":"TungstenRod"},{"floor":19,"key":"Enchiridion"},{"floor":24,"key":"Whetstone"},{"floor":26,"key":"Lantern"},{"floor":27,"key":"MealTicket"},{"floor":29,"key":"Singing Bowl"},{"floor":31,"key":"Blood Vial"},{"floor":39,"key":"Bird Faced Urn"},{"floor":41,"key":"Toy Ornithopter"},{"floor":43,"key":"Gambling Chip"}],"event_choices":[{"damage_healed":0,"gold_gain":0,"cards_transformed":["Defend_B"],"player_choice":"Change","damage_taken":0,"max_hp_gain":0,"max_hp_loss":0,"event_name":"Living Wall","floor":3,"gold_loss":0,"cards_obtained":["Barrage"]},{"damage_healed":0,"gold_gain":0,"cards_transformed":["Strike_B"],"player_choice":"Transformed","damage_taken":0,"max_hp_gain":0,"max_hp_loss":0,"event_name":"Transmorgrifier","floor":4,"gold_loss":0,"cards_obtained":["Rip and Tear"]},{"damage_healed":0,"gold_gain":0,"player_choice":"Obtained Book","damage_taken":16,"max_hp_gain":0,"max_hp_loss":0,"event_name":"Cursed Tome","floor":19,"gold_loss":0},{"damage_healed":0,"gold_gain":0,"player_choice":"Simplicity","damage_taken":0,"max_hp_gain":0,"max_hp_loss":0,"event_name":"Back to Basics","floor":20,"gold_loss":0,"cards_upgraded":["Strike_B","Strike_B","Strike_B","Defend_B","Defend_B","Defend_B"]},{"cards_removed":["Defend_B"],"damage_healed":0,"gold_gain":0,"player_choice":"Offered Basic","damage_taken":0,"max_hp_gain":0,"max_hp_loss":0,"event_name":"Bonfire Elementals","floor":36,"gold_loss":0},{"damage_healed":0,"gold_gain":0,"player_choice":"Fight","damage_taken":0,"max_hp_gain":0,"max_hp_loss":0,"event_name":"Mysterious Sphere","floor":39,"gold_loss":0},{"damage_healed":0,"gold_gain":0,"player_choice":"Memory 1","damage_taken":0,"max_hp_gain":0,"max_hp_loss":0,"event_name":"SensoryStone","floor":47,"gold_loss":0}],"is_beta":false,"boss_relics":[{"not_picked":["Coffee Dripper","Tiny House"],"picked":"Sozu"},{"not_picked":["Runic Dome","SacredBark"],"picked":"FrozenCore"}],"items_purged_floors":[48],"is_endless":false,"potions_floor_spawned":[2,10,13,14,16,22,24,29,30,35,39,41,46],"ascension_level":3}}