{"host":"kewnzcvkjkc63ziu","time":1613950201,"event":{"mods":["AchievementEnabler","BaseMod","Bestiary","Colored Powertips","Downfall","Jorbs\u0027s Wanderer Trilogy","Minty Spire (QoL Compilation)","Permanent Neow","Relic Filter","Shop Mod","StSLib","The Hierophant","The Runesmith"],"gold_per_floor":[16,16,28,41,61,90,90,118,118,118,118,136,147,147,147,248,248,266,282,301,156,169,195,195,228,252,7,32,132,112,130,130,225,225,242,261,170,182,82,82,117,117,117,150,170,180,180,212,212,212],"floor_reached":51,"language":"ENG","playtime":3181,"items_purged":["Strike_G","Writhe"],"score":1210,"play_id":"58fed9d5-a839-48c8-a857-6b6705d8986b","local_time":"20210222003001","is_ascension_mode":true,"campfire_choices":[{"data":"Neutralize","floor":7,"key":"SMITH"},{"data":"Survivor","floor":10,"key":"SMITH"},{"data":"Deflect","floor":15,"key":"SMITH"},{"data":"Accuracy","floor":24,"key":"SMITH"},{"data":"Storm of Steel","floor":32,"key":"SMITH"},{"data":"Blade Dance","floor":40,"key":"SMITH"},{"data":"Strike_G","floor":42,"key":"SMITH"},{"data":"Adrenaline","floor":47,"key":"SMITH"},{"data":"Defend_G","floor":49,"key":"SMITH"}],"circlet_count":0,"master_deck":["Strike_G+1","Strike_G+1","Strike_G+1","Defend_G","Defend_G+1","Survivor+1","Neutralize+1","Prepared+1","Prepared+1","Prepared+1","Deflect+1","Storm of Steel+1","Blade Dance+1","Blade Dance+1","Accuracy+1","Blade Dance+1","Blade Dance+1","downfall:Haunted","downfall:Haunted","stsjorbsmod:Procrastination","Adrenaline+1"],"relics":["Ring of the Snake","Tingsha","Sundial","Incense Burner","Unceasing Top","Calipers","Kunai","Whetstone","Black Blood","Bottled Tornado","Ancient Tea Set","Ornamental Fan","Pen Nib","Darkstone Periapt","Empty Cage","Molten Egg 2","Blue Candle","Regal Pillow","Pear","PreservedInsect","Mummified Hand"],"acts_visited":["Exordium","TheCity","TheBeyond"],"potions_floor_usage":[5,28,33,50,50,50],"damage_taken":[{"damage":0,"enemies":"Cultist","floor":1,"turns":3},{"damage":0,"enemies":"Small Slimes","floor":3,"turns":3},{"damage":0,"enemies":"2 Louse","floor":4,"turns":2},{"damage":0,"enemies":"Red Slaver","floor":5,"turns":3},{"damage":9,"enemies":"Gremlin Nob","floor":6,"turns":4},{"damage":0,"enemies":"Lagavulin","floor":8,"turns":2},{"damage":0,"enemies":"3 Louse","floor":12,"turns":3},{"damage":8,"enemies":"Exordium Wildlife","floor":13,"turns":2},{"damage":0,"enemies":"Slime Boss","floor":16,"turns":3},{"damage":8,"enemies":"Shell Parasite","floor":18,"turns":2},{"damage":0,"enemies":"3 Byrds","floor":19,"turns":2},{"damage":0,"enemies":"Shelled Parasite and Fungi","floor":20,"turns":2},{"damage":0,"enemies":"Chosen and Byrds","floor":22,"turns":3},{"damage":0,"enemies":"Slavers","floor":23,"turns":2},{"damage":0,"enemies":"Book of Stabbing","floor":25,"turns":2},{"damage":1,"enemies":"Gremlin Leader","floor":28,"turns":2},{"damage":0,"enemies":"3 Cultists","floor":31,"turns":3},{"damage":10,"enemies":"Automaton","floor":33,"turns":4},{"damage":0,"enemies":"3 Darklings","floor":35,"turns":2},{"damage":3,"enemies":"3 Shapes","floor":36,"turns":2},{"damage":3,"enemies":"Transient","floor":38,"turns":2},{"damage":0,"enemies":"Reptomancer","floor":41,"turns":2},{"damage":2,"enemies":"Giant Head","floor":44,"turns":2},{"damage":1,"enemies":"Maw","floor":45,"turns":2},{"damage":13,"enemies":"Writhing Mass","floor":46,"turns":2},{"damage":0,"enemies":"Reptomancer","floor":48,"turns":2},{"damage":2,"enemies":"Donu and Deca","floor":50,"turns":4}],"seed_played":"4408060956726767720","potions_obtained":[{"floor":1,"key":"EssenceOfSteel"},{"floor":3,"key":"AttackPotion"},{"floor":8,"key":"EssenceOfSteel"},{"floor":16,"key":"hexamod:SoulburnPotion"},{"floor":25,"key":"Fire Potion"},{"floor":30,"key":"Swift Potion"},{"floor":33,"key":"Dexterity Potion"}],"is_trial":false,"path_per_floor":["M","?","M","M","M","E","R","E","T","R","?","M","M","?","R","B",null,"M","M","M","$","M","E","R","E","T","$","E","?","?","M","R","B",null,"M","M","?","M","$","R","E","R","T","E","M","M","R","E","R","B",null],"character_chosen":"THE_SILENT","items_purchased":["Accuracy","Ornamental Fan"],"campfire_rested":0,"item_purchase_floors":[21,27],"current_hp_per_floor":[70,70,70,70,70,61,61,61,61,61,54,54,46,46,46,46,70,62,62,62,62,62,62,62,70,70,70,70,105,105,105,105,105,105,105,105,105,105,105,105,105,105,115,115,115,114,114,115,115,115],"gold":212,"neow_bonus":"REMOVE_TWO","is_daily":false,"chose_seed":false,"campfire_upgraded":9,"win_rate":0.0,"timestamp":1613950201,"path_taken":["M","?","?","M","M","E","R","E","T","R","?","M","M","?","R","BOSS","M","M","M","$","M","E","R","E","T","$","E","?","?","M","R","BOSS","M","M","?","M","$","R","E","R","T","E","M","?","R","E","R","BOSS"],"items_purchased_type":["Card","Relic"],"build_version":"2020-12-22","purchased_purges":2,"victory":true,"max_hp_per_floor":[70,70,70,70,70,70,70,70,70,70,70,70,70,70,70,70,70,70,70,70,70,70,70,70,70,70,70,70,105,105,105,105,105,105,105,105,105,105,105,105,105,105,115,115,115,115,115,115,115,115],"card_choices":[{"not_picked":["Leg Sweep","Distraction","Poisoned Stab"],"picked":"SKIP","floor":1},{"not_picked":["Well Laid Plans","Acrobatics","Dagger Spray"],"picked":"SKIP","floor":3},{"not_picked":["Quick Slash","Deadly Poison","Tactician"],"picked":"SKIP","floor":4},{"not_picked":["Poisoned Stab","Bouncing Flask","Prepared"],"picked":"SKIP","floor":5},{"not_picked":["Well Laid Plans","Malaise","Predator"],"picked":"SKIP","floor":6},{"not_picked":["Footwork","Poisoned Stab","Riddle With Holes"],"picked":"SKIP","floor":8},{"not_picked":["Dagger Spray","All Out Attack"],"picked":"Prepared","floor":12},{"not_picked":["Outmaneuver","Bane"],"picked":"Deflect","floor":13},{"not_picked":["Venomology","Bullet Time"],"picked":"Storm of Steel","floor":16},{"not_picked":["Well Laid Plans","Dagger Spray","Acrobatics+1"],"picked":"SKIP","floor":18},{"not_picked":["Dash+1","Quick Slash+1"],"picked":"Blade Dance+1","floor":19},{"not_picked":["Deflect","Expertise"],"picked":"Blade Dance","floor":20},{"not_picked":["Catalyst","Outmaneuver","Setup"],"picked":"SKIP","floor":22},{"not_picked":["Tactician","Corpse Explosion"],"picked":"Blade Dance+1","floor":23},{"not_picked":["Cloak And Dagger","Catalyst"],"picked":"Blade Dance+1","floor":25},{"not_picked":["Terror+1","Finisher","Heel Hook"],"picked":"SKIP","floor":28},{"not_picked":["Deadly Poison+1","Finisher","PiercingWail+1"],"picked":"SKIP","floor":31},{"not_picked":["Dagger Throw+1","Calculated Gamble+1","Endless Agony"],"picked":"SKIP","floor":35},{"not_picked":["Backflip","Choke+1","Dodge and Roll"],"picked":"SKIP","floor":36},{"not_picked":["Blade Dance","Noxious Fumes","Finisher+1"],"picked":"SKIP","floor":38},{"not_picked":["Backflip+1","A Thousand Cuts","Deadly Poison"],"picked":"SKIP","floor":41},{"not_picked":["Dagger Throw+1","Backstab+1"],"picked":"Adrenaline","floor":44},{"not_picked":["Quick Slash+1","Cloak And Dagger+1","Deflect+1"],"picked":"SKIP","floor":45},{"not_picked":["Wraith Form v2","Dagger Spray+1","Crippling Poison"],"picked":"SKIP","floor":46},{"not_picked":["Blur+1","Dash+1","Deadly Poison"],"picked":"SKIP","floor":48}],"player_experience":159628,"relics_obtained":[{"floor":6,"key":"Tingsha"},{"floor":8,"key":"Sundial"},{"floor":9,"key":"Incense Burner"},{"floor":23,"key":"Calipers"},{"floor":25,"key":"Bottled Tornado"},{"floor":26,"key":"Ancient Tea Set"},{"floor":28,"key":"Pen Nib"},{"floor":41,"key":"Regal Pillow"},{"floor":43,"key":"Pear"},{"floor":44,"key":"PreservedInsect"},{"floor":48,"key":"Mummified Hand"}],"event_choices":[{"cards_removed":["Defend_G"],"damage_healed":0,"gold_gain":0,"player_choice":"Purged","damage_taken":0,"max_hp_gain":0,"max_hp_loss":0,"event_name":"Purifier","floor":2,"gold_loss":0},{"cards_removed":["Strike_G"],"damage_healed":0,"gold_gain":0,"player_choice":"Card Removal","damage_taken":7,"max_hp_gain":0,"max_hp_loss":0,"event_name":"Golden Wing","floor":11,"gold_loss":0},{"damage_healed":0,"gold_gain":0,"player_choice":"Upgraded","damage_taken":0,"max_hp_gain":0,"max_hp_loss":0,"event_name":"Upgrade Shrine","floor":14,"gold_loss":0,"cards_upgraded":["Prepared"]},{"damage_healed":0,"gold_gain":0,"player_choice":"Bought 1 Potion","damage_taken":0,"max_hp_gain":0,"max_hp_loss":0,"event_name":"The Woman in Blue","floor":30,"gold_loss":0},{"damage_healed":0,"gold_gain":0,"player_choice":"Paid Gold","damage_taken":0,"relics_obtained":["Molten Egg 2"],"max_hp_gain":0,"max_hp_loss":0,"event_name":"WeMeetAgain","floor":37,"gold_loss":91}],"is_beta":false,"boss_relics":[{"not_picked":["Snecko Eye","bronze:MakeshiftBattery","Cursed Key"]},{"not_picked":["SacredBark","Coffee Dripper"],"picked":"Empty Cage"}],"items_purged_floors":[21,39],"is_endless":false,"potions_floor_spawned":[1,3,8,16,23,25,33,38,41,44],"ascension_level":1}}