{"host":"o9lehcdjc4u6j9un","time":1613945599,"event":{"mods":["Aspiration","BaseMod","Better-Laid Plans","Bossed Relics","Colored Map","Downfall","Gremlin Mod","Hermit","Koishi","Marisa£®ÏF”Í°°ƒß¿Ì…≥£©","Minty Spire (QoL Compilation)","Reimu£®≤©¿ˆ¡È√Œ£©","Remilia£®¿Ÿ√◊¿Ú—«£©","Robot Space Explorer","StSLib","The Alterego","The Hierophant","The Jungle","The Marked","The Runesmith","The Senshi","The Servant 0.9.4","Yakumo Yukari mod","Youmu£®ªÍ∆«—˝√Œ£©","≤–¡Ù÷ÆŒÔ"],"gold_per_floor":[119,119,134,150,150,150,48,82,109,9,44,59,91,107,107,202,202,213,88,88,88,188,220,232,204,216,244,256,287,326,349,361,373,373],"floor_reached":33,"language":"ZHS","playtime":2238,"items_purged":["PlaceholderMod:BaseStrike","PlaceholderMod:BaseStrike","PlaceholderMod:BaseStrike"],"score":519,"play_id":"db4891d9-f537-4977-9715-f1bfb2944e29","local_time":"20210222061319","is_ascension_mode":true,"campfire_choices":[{"data":"PlaceholderMod:Crystallization","floor":6.0,"key":"SMITH"},{"data":"PlaceholderMod:QualitativeChange","floor":15.0,"key":"SMITH"},{"data":"PlaceholderMod:GrowthForm","floor":24,"key":"SMITH"},{"data":"PlaceholderMod:Assimilation","floor":28,"key":"SMITH"},{"data":"PlaceholderMod:Assimilation","floor":32,"key":"SMITH"}],"circlet_count":0,"master_deck":["PlaceholderMod:BaseStrike","PlaceholderMod:BaseStrike","PlaceholderMod:BaseDefend","PlaceholderMod:BaseDefend","PlaceholderMod:BaseDefend","PlaceholderMod:BaseDefend","PlaceholderMod:BaseDefend","PlaceholderMod:Crystal","PlaceholderMod:PoisonWhip","Clumsy","PlaceholderMod:QualitativeChange+1","PlaceholderMod:TriggerStrike","PlaceholderMod:SpinBlade","PlaceholderMod:Crystallization+1","PlaceholderMod:SelectReaction","PlaceholderMod:SeverePoisonStrike","PlaceholderMod:Turn","PlaceholderMod:Turn","PlaceholderMod:DissolvingSpikes","PlaceholderMod:StrongAcid","PlaceholderMod:ContinueSpray","PlaceholderMod:EvolutionSpray","PlaceholderMod:StrongAcid","PlaceholderMod:Assimilation+1","PlaceholderMod:GrowthForm+1","PlaceholderMod:HealingAttack+1","Shame","CurseOfTheBell","CurseOfTheBell","Doubt","PlaceholderMod:Activation","downfall:Bewildered","Doubt","PlaceholderMod:HornyBlast","PlaceholderMod:HornyBlast","PlaceholderMod:Assimilation+1"],"relics":["PlaceholderMod:Tancle","aspiration:BabyByrd","Vajra","bronze:BronzeIdol","CrazyTorch:ReiMu","Ancient Tea Set","Astrolabe","theJungle:WildStrawberry","theJungle:SneckoAutograph","downfall:ExtraCursedBell","Pen Nib","Letter Opener","theSenshi:SpiralHeartMoonRodRelic","MawBank","Singing Bowl","PreservedInsect"],"acts_visited":["Exordium","Exordium"],"potions_floor_usage":[25,29,30,33],"damage_taken":[{"damage":6.0,"enemies":"Small Slimes","floor":1.0,"turns":3.0},{"damage":11.0,"enemies":"Jaw Worm","floor":3.0,"turns":3.0},{"damage":0.0,"enemies":"2 Louse","floor":4.0,"turns":1.0},{"damage":36.0,"enemies":"3 Sentries","floor":8.0,"turns":7.0},{"damage":0.0,"enemies":"Gremlin Nob","floor":11.0,"turns":2.0},{"damage":22.0,"enemies":"2 Fungi Beasts","floor":12.0,"turns":5.0},{"damage":14.0,"enemies":"Lagavulin","floor":13.0,"turns":7.0},{"damage":0.0,"enemies":"Lots of Slimes","floor":14.0,"turns":1.0},{"damage":15.0,"enemies":"Hexaghost","floor":16.0,"turns":9.0},{"damage":9.0,"enemies":"theJungle:GiantWrat","floor":18.0,"turns":3.0},{"damage":24,"enemies":"theJungle:Cassacara","floor":23,"turns":7},{"damage":0,"enemies":"theJungle:MUSHROOMGANG","floor":27,"turns":6},{"damage":32,"enemies":"theJungle:2_Flameangoes","floor":29,"turns":6},{"damage":45,"enemies":"theJungle:MamaSnecko","floor":30,"turns":6},{"damage":6,"enemies":"Snake Plant","floor":31,"turns":3},{"damage":34,"enemies":"theJungle:QueenSpyder","floor":33,"turns":12}],"seed_played":"7690684708683877129","potions_obtained":[{"floor":3.0,"key":"FairyPotion"},{"floor":12.0,"key":"Energy Potion"},{"floor":13.0,"key":"GamblersBrew"},{"floor":23,"key":"DuplicationPotion"},{"floor":25,"key":"Fruit Juice"},{"floor":25,"key":"Weak Potion"},{"floor":25,"key":"ColorlessPotion"},{"floor":27,"key":"LiquidMemories"},{"floor":29,"key":"Energy Potion"}],"is_trial":false,"path_per_floor":["M","?","M","M","?","R","$","E","T","$","E","M","E","M","R","B",null,"M","$","?","?","?","E","R","?","T","M","R","M","E","M","R","B"],"character_chosen":"THE_PLACEHOLDER","items_purchased":["PlaceholderMod:StrongAcid"],"campfire_rested":0,"item_purchase_floors":[7],"current_hp_per_floor":[72,72,61,61,61,61,61,25,25,25,25,3,23,23,23,12,78,69,69,62,62,67,61,61,66,66,85,85,68,37,33,33,14,14],"gold":373,"neow_bonus":"THREE_RARE_CARDS","is_daily":false,"chose_seed":false,"campfire_upgraded":5,"win_rate":0.0,"timestamp":1613945599,"path_taken":["M","?","M","M","?","R","$","E","T","?","E","M","E","M","R","BOSS","M","$","?","?","?","E","R","?","T","M","R","M","E","?","R","BOSS"],"items_purchased_type":["Card"],"build_version":"2020-12-22","purchased_purges":3,"victory":false,"max_hp_per_floor":[78,78,78,78,78,78,78,78,78,78,78,78,78,78,78,78,78,78,78,85,85,90,94,94,99,99,103,103,105,112,112,112,112,112],"card_choices":[{"not_picked":["PlaceholderMod:MultiReaction","PlaceholderMod:HornyCollision"],"picked":"PlaceholderMod:QualitativeChange","floor":0.0},{"not_picked":["PlaceholderMod:ContinueSpray","PlaceholderMod:ProliferateStrike"],"picked":"PlaceholderMod:TriggerStrike","floor":1.0},{"not_picked":["PlaceholderMod:Stable","PlaceholderMod:PoisonExcitation"],"picked":"PlaceholderMod:SpinBlade","floor":3.0},{"not_picked":["PlaceholderMod:HardStrike","PlaceholderMod:SeverePoisonStrike"],"picked":"PlaceholderMod:Crystallization","floor":4.0},{"not_picked":["PlaceholderMod:CycleAttack","PlaceholderMod:PoisonAbsorb"],"picked":"PlaceholderMod:ContinueSpray","floor":8.0},{"not_picked":["PlaceholderMod:ProliferateStrike","PlaceholderMod:Hyperplasia"],"picked":"PlaceholderMod:EvolutionSpray","floor":11.0},{"not_picked":["PlaceholderMod:HardStinger","PlaceholderMod:DirectingGroup"],"picked":"PlaceholderMod:StrongAcid","floor":12.0},{"not_picked":["PlaceholderMod:DissolvingSpikes","PlaceholderMod:SprayAttack"],"picked":"PlaceholderMod:Assimilation","floor":13.0},{"not_picked":["PlaceholderMod:StressReaction","PlaceholderMod:EnergyAbsorb","PlaceholderMod:Polyp"],"picked":"SKIP","floor":14.0},{"not_picked":["PlaceholderMod:Eat","PlaceholderMod:FinalSpray"],"picked":"PlaceholderMod:GrowthForm","floor":16.0},{"not_picked":["PlaceholderMod:Turn","PlaceholderMod:Sweep"],"picked":"PlaceholderMod:HealingAttack+1","floor":18.0},{"not_picked":["PlaceholderMod:ChainPoly","PlaceholderMod:AttackAsDefend"],"picked":"PlaceholderMod:HornyBlast","floor":23},{"not_picked":["PlaceholderMod:TriggerStrike","PlaceholderMod:InnerSoften"],"picked":"PlaceholderMod:HornyBlast","floor":27},{"not_picked":["PlaceholderMod:Crystallization","PlaceholderMod:Package","PlaceholderMod:UnpureUse+1"],"picked":"Singing Bowl","floor":29},{"not_picked":["PlaceholderMod:StressReaction","PlaceholderMod:Internalization","PlaceholderMod:NearChange"],"picked":"Singing Bowl","floor":30},{"not_picked":["PlaceholderMod:CycleAttack","PlaceholderMod:ParasiteChange"],"picked":"PlaceholderMod:Assimilation","floor":31}],"player_experience":433179,"relics_obtained":[{"floor":8.0,"key":"Vajra"},{"floor":9.0,"key":"bronze:BronzeIdol"},{"floor":11.0,"key":"CrazyTorch:ReiMu"},{"floor":13.0,"key":"Ancient Tea Set"},{"floor":22,"key":"Pen Nib"},{"floor":22,"key":"Letter Opener"},{"floor":22,"key":"theSenshi:SpiralHeartMoonRodRelic"},{"floor":23,"key":"MawBank"},{"floor":26,"key":"Singing Bowl"},{"floor":30,"key":"PreservedInsect"}],"event_choices":[{"damage_healed":0,"gold_gain":0,"player_choice":"Bought 3 Potions","damage_taken":0,"max_hp_gain":0,"max_hp_loss":0,"event_name":"The Woman in Blue","floor":25,"gold_loss":0}],"is_beta":false,"boss_relics":[{"not_picked":["Tiny House","Black Star"],"picked":"Astrolabe"}],"items_purged_floors":[7,10,19],"is_endless":false,"potions_floor_spawned":[3,12,13,23,27,29],"killed_by":"theJungle:QueenSpyder","ascension_level":1}}