{"host":"cjhtzh7tp54jdfyv","time":1613906834,"event":{"mods":["AchievementEnabler","BaseMod","Colored Map","Colored Powertips","Curses Come First","DeckTracker","Filter the Spire","Minty Spire (QoL Compilation)","RNG Fix","Relic Sorter","Relic Stats","StSLib","UnlockEverythingMod","ojb\u0027s Better Paths Mod","ojb\u0027s Info Mod"],"gold_per_floor":[112,112,125,148,148,183,204,235,262,262,262],"floor_reached":10,"language":"ENG","playtime":488,"items_purged":[],"score":206,"play_id":"dc9bccbc-414c-43d2-8d9b-6be04e542dd4","local_time":"20210221062714","is_ascension_mode":true,"campfire_choices":[],"circlet_count":0,"master_deck":["AscendersBane","Strike_P","Strike_P","Strike_P","Strike_P","Defend_P","Defend_P","Eruption","Vigilance","FlurryOfBlows","FlurryOfBlows","Tantrum","Meditate"],"relics":["Empty Cage","Golden Idol","Question Card","InkBottle"],"acts_visited":["Exordium"],"potions_floor_usage":[6,8],"damage_taken":[{"damage":2.0,"enemies":"2 Louse","floor":1.0,"turns":4.0},{"damage":0.0,"enemies":"Cultist","floor":3.0,"turns":2.0},{"damage":11.0,"enemies":"Small Slimes","floor":4.0,"turns":4.0},{"damage":22,"enemies":"Lagavulin","floor":6,"turns":6},{"damage":16,"enemies":"Blue Slaver","floor":7,"turns":3},{"damage":0,"enemies":"Gremlin Nob","floor":8,"turns":2},{"damage":20,"enemies":"3 Sentries","floor":10,"turns":2}],"seed_played":"5638595765498662958","potions_obtained":[{"floor":3.0,"key":"CultistPotion"},{"floor":6,"key":"DistilledChaos"}],"is_trial":false,"path_per_floor":["M","?","M","M","?","E","M","E","T","E"],"character_chosen":"WATCHER","items_purchased":[],"campfire_rested":0,"item_purchase_floors":[],"current_hp_per_floor":[59,59,59,48,48,26,10,10,10,0,0],"gold":262,"neow_bonus":"BOSS_RELIC","is_daily":false,"chose_seed":false,"campfire_upgraded":0,"win_rate":0.0,"timestamp":1613906834,"path_taken":["M","?","M","M","?","E","M","E","T","E"],"items_purchased_type":[],"build_version":"2020-12-22","purchased_purges":0,"victory":false,"max_hp_per_floor":[68,62,62,62,62,62,62,62,62,62,62],"relic_stats":{"counters":[7,23],"Golden Idol":25,"Question Card":2,"obtain_stats":[{"Golden Idol":2,"PureWater":0,"Empty Cage":0,"Question Card":6,"InkBottle":8},{"Golden Idol":1,"PureWater":0,"Empty Cage":0,"Question Card":4,"InkBottle":6},{"Golden Idol":4,"PureWater":0,"Empty Cage":0,"Question Card":16,"InkBottle":21}],"InkBottle":[0]},"card_choices":[{"not_picked":["WreathOfFlame","Worship"],"picked":"FlurryOfBlows","floor":1.0},{"not_picked":["SignatureMove","Halt"],"picked":"FlurryOfBlows","floor":3.0},{"not_picked":["JustLucky","PathToVictory"],"picked":"Tantrum","floor":4.0},{"not_picked":["Halt","WheelKick","JustLucky"],"picked":"SKIP","floor":6},{"not_picked":["Halt","ClearTheMind","CutThroughFate","ForeignInfluence"],"picked":"SKIP","floor":7},{"not_picked":["FlyingSleeves","EmptyBody","DevaForm"],"picked":"Meditate","floor":8}],"player_experience":5133067,"relics_obtained":[{"floor":6,"key":"Question Card"},{"floor":8,"key":"InkBottle"}],"event_choices":[{"damage_healed":0.0,"max_hp_gain":0.0,"max_hp_loss":6.0,"gold_gain":0.0,"event_name":"Golden Idol","player_choice":"Lose Max HP","floor":2.0,"gold_loss":0.0,"damage_taken":0.0,"relics_obtained":["Golden Idol"]},{"damage_healed":0.0,"max_hp_gain":0.0,"max_hp_loss":0.0,"gold_gain":0.0,"event_name":"Liars Game","player_choice":"Ignored","floor":5.0,"gold_loss":0.0,"damage_taken":0.0}],"is_beta":false,"boss_relics":[],"items_purged_floors":[],"is_endless":false,"potions_floor_spawned":[3,6],"killed_by":"3 Sentries","ascension_level":20}}