{"host":"cpsutu8lprjuipd6","time":1613919989,"event":{"mods":["BaseMod","Colored Map","Minty Spire (QoL Compilation)","Permanent Neow","Quick Restart","StSLib","SuperFastMode","The Bug Knight","Together in Spire"],"gold_per_floor":[115,115,40,115,131,166,184,60,86,86,86,111,140,155,155,275,275,296,221,234,27,47,47,71,71,97,112,145,145,159,180,180,180,180],"floor_reached":33,"language":"KOR","playtime":1035,"items_purged":["Strike_R","Strike_R","Defend_R"],"score":282,"play_id":"e2ad9d8f-4462-456b-ad52-fd08a3bfaf04","local_time":"20210222000629","is_ascension_mode":true,"campfire_choices":[{"floor":15.0,"key":"REST"},{"floor":23.0,"key":"RECALL"},{"floor":32,"key":"REST"}],"circlet_count":0,"master_deck":["Strike_R","Defend_R","Bash","Clash","Clash","Clash","Pommel Strike+1","Heavy Blade+1","Reaper+1","Dropkick","Dual Wield","Dropkick"],"relics":["Burning Blood","Bronze Scales","Blood Vial","Self Forming Clay","Golden Idol","Odd Mushroom","Astrolabe","Nunchaku","Dream Catcher"],"acts_visited":["Exordium","TheCity"],"potions_floor_usage":[31,33],"damage_taken":[{"damage":5.0,"enemies":"Jaw Worm","floor":1.0,"turns":4.0},{"damage":5.0,"enemies":"2 Louse","floor":5.0,"turns":2.0},{"damage":57.0,"enemies":"3 Sentries","floor":6.0,"turns":9.0},{"damage":1.0,"enemies":"Cultist","floor":7.0,"turns":4.0},{"damage":0.0,"enemies":"Red Slaver","floor":12.0,"turns":4.0},{"damage":11.0,"enemies":"The Mushroom Lair","floor":13.0,"turns":4.0},{"damage":0.0,"enemies":"2 Fungi Beasts","floor":14.0,"turns":3.0},{"damage":46.0,"enemies":"The Guardian","floor":16.0,"turns":9.0},{"damage":5.0,"enemies":"Chosen","floor":18.0,"turns":2.0},{"damage":5.0,"enemies":"3 Byrds","floor":20.0,"turns":2.0},{"damage":15.0,"enemies":"Snecko","floor":22.0,"turns":3.0},{"damage":19.0,"enemies":"Sentry and Sphere","floor":24.0,"turns":3.0},{"damage":21.0,"enemies":"Snake Plant","floor":27.0,"turns":2.0},{"damage":28.0,"enemies":"Gremlin Leader","floor":28.0,"turns":5.0},{"damage":10.0,"enemies":"Snecko","floor":30.0,"turns":3.0},{"damage":8,"enemies":"Centurion and Healer","floor":31,"turns":3},{"damage":79,"enemies":"Automaton","floor":33,"turns":6}],"seed_played":"-6861646553795779556","potions_obtained":[{"floor":7.0,"key":"SpeedPotion"},{"floor":13.0,"key":"EssenceOfSteel"},{"floor":14.0,"key":"Strength Potion"}],"is_trial":false,"path_per_floor":["M","?","$","?","M","E","M","$","T","?","?","M","?","M","R","B",null,"M","?","M","$","M","R","M","?","T","M","E","$","M","M","R","B"],"character_chosen":"IRONCLAD","items_purchased":["Clash","Dual Wield"],"campfire_rested":2,"item_purchase_floors":[8,21],"current_hp_per_floor":[80,85,85,77,78,27,34,34,34,16,16,24,21,29,52,14,79,79,79,79,79,70,70,59,59,59,46,26,26,24,38,61,0,0],"gold":180,"neow_bonus":"RANDOM_COMMON_RELIC","is_daily":false,"chose_seed":false,"campfire_upgraded":0,"win_rate":0.0,"timestamp":1613919989,"path_taken":["M","?","$","?","?","E","M","?","T","?","?","M","?","M","R","BOSS","M","?","M","$","M","R","M","?","T","?","E","?","M","M","R","BOSS"],"items_purchased_type":["Card","Card"],"build_version":"2020-12-22","purchased_purges":3,"victory":false,"max_hp_per_floor":[80,85,85,85,85,85,85,85,85,85,79,79,79,79,79,79,79,79,79,79,79,79,79,79,79,79,79,79,79,79,79,79,79,79],"card_choices":[{"not_picked":["Pommel Strike","Disarm","Clothesline"],"picked":"SKIP","floor":1.0},{"not_picked":["Thunderclap","Power Through","Evolve"],"picked":"SKIP","floor":5.0},{"not_picked":["True Grit","Pommel Strike","Brutality"],"picked":"SKIP","floor":6.0},{"not_picked":["Armaments","Infernal Blade","Anger"],"picked":"SKIP","floor":7.0},{"not_picked":["Sword Boomerang","Dark Embrace"],"picked":"Clash","floor":12.0},{"not_picked":["Power Through","Heavy Blade"],"picked":"Clash","floor":14.0},{"not_picked":["Infernal Blade+1","Shrug It Off"],"picked":"Dropkick","floor":18.0},{"not_picked":["Wild Strike","Intimidate","Fire Breathing"],"picked":"SKIP","floor":20.0},{"not_picked":["Thunderclap+1","Clash"],"picked":"Dropkick","floor":22.0},{"not_picked":["Anger","Clothesline","Shockwave"],"picked":"SKIP","floor":24.0},{"not_picked":["Burning Pact","Twin Strike","Whirlwind"],"picked":"SKIP","floor":27.0},{"not_picked":["Cleave","Shrug It Off","Havoc+1"],"picked":"SKIP","floor":28.0},{"not_picked":["Iron Wave","Flame Barrier","Heavy Blade+1"],"picked":"SKIP","floor":30.0},{"not_picked":["Dark Embrace+1","Feel No Pain","Warcry"],"picked":"SKIP","floor":31}],"player_experience":136215,"relics_obtained":[{"floor":6.0,"key":"Blood Vial"},{"floor":13.0,"key":"Odd Mushroom"},{"floor":26.0,"key":"Nunchaku"},{"floor":28.0,"key":"Dream Catcher"}],"event_choices":[{"damage_healed":0.0,"max_hp_gain":5.0,"max_hp_loss":0.0,"gold_gain":0.0,"event_name":"Big Fish","player_choice":"Donut","floor":2.0,"gold_loss":0.0,"damage_taken":0.0},{"damage_healed":0.0,"max_hp_gain":0.0,"max_hp_loss":0.0,"gold_gain":75.0,"event_name":"FaceTrader","player_choice":"Touch","floor":4.0,"gold_loss":0.0,"damage_taken":8.0},{"damage_healed":0.0,"max_hp_gain":0.0,"max_hp_loss":0.0,"gold_gain":0.0,"event_name":"Scrap Ooze","player_choice":"Success","floor":10.0,"gold_loss":0.0,"damage_taken":18.0,"relics_obtained":["Self Forming Clay"]},{"damage_healed":0.0,"max_hp_gain":0.0,"max_hp_loss":6.0,"gold_gain":0.0,"event_name":"Golden Idol","player_choice":"Lose Max HP","floor":11.0,"gold_loss":0.0,"damage_taken":0.0,"relics_obtained":["Golden Idol"]},{"damage_healed":0.0,"max_hp_gain":0.0,"max_hp_loss":0.0,"gold_gain":0.0,"event_name":"Mushrooms","player_choice":"Fought Mushrooms","floor":13.0,"gold_loss":0.0,"damage_taken":0.0},{"cards_removed":["Strike_R"],"damage_healed":0.0,"max_hp_gain":0.0,"max_hp_loss":0.0,"gold_gain":0.0,"event_name":"Beggar","player_choice":"Gave Gold","floor":19.0,"gold_loss":75.0,"damage_taken":0.0}],"is_beta":false,"boss_relics":[{"not_picked":["SacredBark","Black Star"],"picked":"Astrolabe"}],"items_purged_floors":[3,8,21],"is_endless":false,"potions_floor_spawned":[7,13,14,16,18,24,28],"killed_by":"Automaton","ascension_level":1}}