{"host":"2ty4h143nj8vwezc","time":1613883905,"event":{"mods":["BaseMod","Colored Map","Googly Eyes","Highlight Path","Minty Spire (QoL Compilation)","Quick Restart","StSLib"],"gold_per_floor":[113,63,63,81,81,110,110,130,130,29,62,62,79,44,44,119,119,131,131,144,18,34,34,34,133,133,133,133,146,176,193,193,271,271,283,293,293,12,23,23,23,57,57,57,57],"floor_reached":44,"language":"ENG","playtime":1610,"items_purged":["Strike_B","Strike_B","Defend_B"],"score":831,"play_id":"6c151217-955a-4d0f-84d6-c97ac8315bb5","local_time":"20210221000505","is_ascension_mode":true,"campfire_choices":[{"data":"Tempest","floor":7.0,"key":"SMITH"},{"data":"Sunder","floor":12.0,"key":"SMITH"},{"floor":15.0,"key":"REST"},{"floor":24.0,"key":"REST"},{"data":"Fission","floor":27.0,"key":"SMITH"},{"floor":32.0,"key":"REST"},{"floor":40.0,"key":"REST"}],"circlet_count":0,"master_deck":["AscendersBane","Strike_B","Defend_B","Zap","Dualcast","Self Repair","Rip and Tear","Tempest+1","Turbo","Conserve Battery","Sunder+1","All For One","Fission+1","Go for the Eyes","Fission","Streamline+1","Beam Cell","Beam Cell+1","Conserve Battery","Steam","Echo Form","Conserve Battery","Glacier","Madness","Madness","Parasite","Turbo+1","Gash"],"relics":["Cracked Core","NeowsBlessing","Ginger","Mercury Hourglass","Juzu Bracelet","Runic Pyramid","Strawberry","Ice Cream","Sozu","Chemical X","Meat on the Bone","PreservedInsect","Pear"],"acts_visited":["Exordium","TheCity","TheBeyond"],"potions_floor_usage":[44],"damage_taken":[{"damage":0.0,"enemies":"Small Slimes","floor":1.0,"turns":1.0},{"damage":0.0,"enemies":"Cultist","floor":4.0,"turns":1.0},{"damage":0.0,"enemies":"Gremlin Nob","floor":6.0,"turns":1.0},{"damage":14.0,"enemies":"Jaw Worm","floor":8.0,"turns":3.0},{"damage":13.0,"enemies":"3 Sentries","floor":11.0,"turns":4.0},{"damage":6.0,"enemies":"Lots of Slimes","floor":13.0,"turns":2.0},{"damage":8.0,"enemies":"Slime Boss","floor":16.0,"turns":7.0},{"damage":5.0,"enemies":"Shell Parasite","floor":18.0,"turns":2.0},{"damage":17.0,"enemies":"2 Thieves","floor":20.0,"turns":3.0},{"damage":31.0,"enemies":"Snake Plant","floor":22.0,"turns":3.0},{"damage":16.0,"enemies":"Centurion and Healer","floor":29.0,"turns":4.0},{"damage":16.0,"enemies":"Gremlin Leader","floor":30.0,"turns":4.0},{"damage":7.0,"enemies":"Cultist and Chosen","floor":31.0,"turns":3.0},{"damage":84.0,"enemies":"Collector","floor":33.0,"turns":8.0},{"damage":26.0,"enemies":"3 Darklings","floor":35.0,"turns":4.0},{"damage":0.0,"enemies":"3 Shapes","floor":36.0,"turns":3.0},{"damage":16.0,"enemies":"Writhing Mass","floor":39.0,"turns":3.0},{"damage":31.0,"enemies":"Giant Head","floor":42.0,"turns":6.0},{"damage":44,"enemies":"Transient","floor":44,"turns":2}],"seed_played":"3331195709369504540","potions_obtained":[{"floor":1.0,"key":"Dexterity Potion"},{"floor":6.0,"key":"FairyPotion"},{"floor":16.0,"key":"BlessingOfTheForge"},{"floor":18.0,"key":"PotionOfCapacity"}],"is_trial":false,"path_per_floor":["M","?","?","M","?","E","R","M","T","$","E","R","M","?","R","B",null,"M","?","M","$","M","$","R","?","T","R","?","M","E","M","R","B",null,"M","M","?","$","M","R","T","E","T","M"],"character_chosen":"DEFECT","items_purchased":["Conserve Battery","Beam Cell","Chemical X"],"campfire_rested":4,"item_purchase_floors":[10,21,38],"current_hp_per_floor":[64,64,57,57,57,57,57,50,50,50,44,44,38,38,59,58,68,63,63,53,53,22,22,43,43,50,50,50,41,32,32,55,8,61,35,42,32,32,23,46,46,27,37,0,0],"gold":57,"neow_bonus":"THREE_ENEMY_KILL","is_daily":false,"chose_seed":false,"campfire_upgraded":3,"win_rate":0.0,"timestamp":1613883905,"path_taken":["M","?","?","M","?","E","R","M","T","$","E","R","M","?","R","BOSS","M","?","M","$","M","$","R","?","T","R","?","M","E","M","R","BOSS","M","M","?","$","M","R","?","E","T","M"],"items_purchased_type":["Card","Card","Relic"],"build_version":"2020-12-22","purchased_purges":3,"victory":false,"max_hp_per_floor":[71,71,71,71,71,71,71,71,71,71,71,71,71,71,71,71,71,71,71,71,71,71,71,71,71,78,78,78,78,78,78,78,78,78,78,78,78,78,78,78,78,78,88,88,88],"card_choices":[{"not_picked":["Steam Power","Recycle"],"picked":"Self Repair","floor":1.0},{"not_picked":["Recycle","Rebound"],"picked":"Rip and Tear","floor":4.0},{"not_picked":["Steam","Redo"],"picked":"Tempest","floor":6.0},{"not_picked":["Sweeping Beam","Rebound"],"picked":"Turbo","floor":8.0},{"not_picked":["Leap","Compile Driver"],"picked":"Sunder","floor":11.0},{"not_picked":["Rip and Tear","Streamline"],"picked":"All For One","floor":13.0},{"not_picked":["Multi-Cast","Seek"],"picked":"Fission","floor":16.0},{"not_picked":["Turbo","Sweeping Beam"],"picked":"Go for the Eyes","floor":18.0},{"not_picked":["Stack","Cold Snap"],"picked":"Streamline+1","floor":20.0},{"not_picked":["Doom and Gloom","Coolheaded","Barrage"],"picked":"SKIP","floor":22.0},{"not_picked":["Auto Shields","Go for the Eyes"],"picked":"Beam Cell+1","floor":29.0},{"not_picked":["Machine Learning","Consume"],"picked":"Conserve Battery","floor":30.0},{"not_picked":["Scrape","Stack"],"picked":"Steam","floor":31.0},{"not_picked":["Amplify","Buffer"],"picked":"Echo Form","floor":33.0},{"not_picked":["Undo","Loop"],"picked":"Conserve Battery","floor":35.0},{"not_picked":["Redo","Glacier","Coolheaded"],"picked":"SKIP","floor":36.0},{"not_picked":["Redo","Coolheaded"],"picked":"Glacier","floor":36.0},{"not_picked":["Beam Cell","Stack+1"],"picked":"Turbo+1","floor":39.0},{"not_picked":["Fusion","Genetic Algorithm"],"picked":"Gash","floor":42.0}],"player_experience":464823,"relics_obtained":[{"floor":6.0,"key":"Ginger"},{"floor":9.0,"key":"Mercury Hourglass"},{"floor":11.0,"key":"Juzu Bracelet"},{"floor":26.0,"key":"Strawberry"},{"floor":30.0,"key":"Ice Cream"},{"floor":41.0,"key":"Meat on the Bone"},{"floor":42.0,"key":"PreservedInsect"},{"floor":43.0,"key":"Pear"}],"event_choices":[{"cards_removed":["Defend_B"],"damage_healed":0.0,"max_hp_gain":0.0,"max_hp_loss":0.0,"gold_gain":0.0,"event_name":"The Cleric","player_choice":"Card Removal","floor":2.0,"gold_loss":50.0,"damage_taken":0.0},{"cards_removed":["Strike_B"],"damage_healed":0.0,"max_hp_gain":0.0,"max_hp_loss":0.0,"gold_gain":0.0,"event_name":"Golden Wing","player_choice":"Card Removal","floor":3.0,"gold_loss":0.0,"damage_taken":7.0},{"cards_removed":["Defend_B"],"damage_healed":0.0,"max_hp_gain":0.0,"max_hp_loss":0.0,"gold_gain":0.0,"event_name":"Purifier","player_choice":"Purged","floor":5.0,"gold_loss":0.0,"damage_taken":0.0},{"damage_healed":0.0,"max_hp_gain":0.0,"max_hp_loss":0.0,"gold_gain":0.0,"event_name":"World of Goop","player_choice":"Left Gold","floor":14.0,"gold_loss":35.0,"damage_taken":0.0},{"damage_healed":0.0,"max_hp_gain":0.0,"max_hp_loss":0.0,"gold_gain":0.0,"event_name":"Duplicator","player_choice":"Copied","floor":19.0,"gold_loss":0.0,"damage_taken":0.0,"cards_obtained":["Fission"]},{"damage_healed":0.0,"max_hp_gain":0.0,"max_hp_loss":0.0,"gold_gain":99.0,"event_name":"Nest","player_choice":"Stole From Cult","floor":25.0,"gold_loss":0.0,"damage_taken":0.0},{"damage_healed":0.0,"max_hp_gain":0.0,"max_hp_loss":0.0,"gold_gain":0.0,"event_name":"Lab","player_choice":"Got Potions","floor":28.0,"gold_loss":0.0,"damage_taken":0.0},{"damage_healed":0.0,"max_hp_gain":0.0,"max_hp_loss":0.0,"gold_gain":0.0,"event_name":"Winding Halls","player_choice":"Embrace Madness","floor":37.0,"gold_loss":0.0,"damage_taken":10.0,"cards_obtained":["Madness","Madness"]}],"is_beta":false,"boss_relics":[{"not_picked":["Runic Dome","Snecko Eye"],"picked":"Runic Pyramid"},{"not_picked":["Fusion Hammer","Philosopher\u0027s Stone"],"picked":"Sozu"}],"items_purged_floors":[10,21,38],"is_endless":false,"potions_floor_spawned":[1,6,16,18,20,30,36,42],"killed_by":"Transient","ascension_level":14}}