{"host":"hszimsrtxxc2k25w","time":1613931614,"event":{"mods":["AchievementEnabler","BaseMod","Colored Map","DeckTracker","Minty Spire (QoL Compilation)","Rare Cards Sparkle","SuperFastMode"],"gold_per_floor":[118,43,43,53,53,78,78,91,91,91,126,126,139,155,155,229,229,243,20,39,49,49,49,49,49],"floor_reached":24,"language":"KOR","playtime":398,"items_purged":["Strike_R","Strike_R"],"score":562,"play_id":"a3d8c338-8261-45ae-b6d8-1745d7488c9a","local_time":"20210222032014","is_ascension_mode":true,"campfire_choices":[{"data":"Bludgeon","floor":7,"key":"SMITH"},{"data":"Immolate","floor":12,"key":"SMITH"},{"data":"Evolve","floor":15,"key":"SMITH"},{"data":"Barricade","floor":23,"key":"SMITH"}],"circlet_count":0,"master_deck":["AscendersBane","Strike_R","Strike_R","Strike_R","Defend_R","Defend_R","Defend_R","Defend_R","Bash","Bludgeon+1","Body Slam","Immolate+1","Evolve+1","Barricade+1","Shrug It Off","Feel No Pain"],"relics":["Burning Blood","NeowsBlessing","Letter Opener","Eternal Feather","Kunai","Velvet Choker","Membership Card"],"acts_visited":["Exordium","TheCity"],"potions_floor_usage":[16,16,21,21],"damage_taken":[{"damage":0,"enemies":"2 Louse","floor":1,"turns":1},{"damage":0,"enemies":"Cultist","floor":4,"turns":1},{"damage":0,"enemies":"Lagavulin","floor":6,"turns":1},{"damage":0,"enemies":"Small Slimes","floor":8,"turns":2},{"damage":8,"enemies":"Gremlin Nob","floor":11,"turns":3},{"damage":19,"enemies":"Exordium Thugs","floor":13,"turns":3},{"damage":1,"enemies":"2 Fungi Beasts","floor":14,"turns":2},{"damage":6,"enemies":"Slime Boss","floor":16,"turns":5},{"damage":32,"enemies":"Spheric Guardian","floor":18,"turns":5},{"damage":0,"enemies":"Chosen","floor":20,"turns":3},{"damage":23,"enemies":"Centurion and Healer","floor":21,"turns":9},{"damage":42,"enemies":"Book of Stabbing","floor":24,"turns":4}],"seed_played":"-4077175750178256024","potions_obtained":[{"floor":6,"key":"SkillPotion"},{"floor":8,"key":"Block Potion"},{"floor":16,"key":"EntropicBrew"}],"is_trial":false,"path_per_floor":["M","$","?","M","$","E","R","M","T","?","E","R","M","M","R","B",null,"M","$","M","M","?","R","E"],"character_chosen":"IRONCLAD","items_purchased":["Membership Card"],"campfire_rested":0,"item_purchase_floors":[19],"current_hp_per_floor":[74,74,74,75,75,75,75,75,75,75,73,75,62,67,73,73,75,49,49,55,38,38,47,5,5],"gold":49,"neow_bonus":"THREE_ENEMY_KILL","is_daily":false,"chose_seed":false,"campfire_upgraded":4,"win_rate":0.0,"timestamp":1613931614,"path_taken":["M","$","?","?","?","E","R","M","T","?","E","R","M","M","R","BOSS","M","$","M","M","?","R","E"],"items_purchased_type":["Relic"],"build_version":"2020-12-22","purchased_purges":2,"victory":false,"max_hp_per_floor":[75,75,75,75,75,75,75,75,75,75,75,75,75,75,75,75,75,75,75,75,75,75,75,75,75],"card_choices":[{"not_picked":["Metallicize","Armaments"],"picked":"Twin Strike","floor":1},{"not_picked":["Warcry","Intimidate","True Grit"],"picked":"SKIP","floor":4},{"not_picked":["Havoc","Bludgeon","Cleave"],"picked":"SKIP","floor":6},{"not_picked":["Clash","Reaper"],"picked":"Body Slam","floor":8},{"not_picked":["True Grit","Carnage"],"picked":"Evolve","floor":11},{"not_picked":["Warcry","Flame Barrier","Havoc"],"picked":"SKIP","floor":13},{"not_picked":["Sword Boomerang","Body Slam","Wild Strike"],"picked":"SKIP","floor":14},{"not_picked":["Fiend Fire","Bludgeon"],"picked":"Barricade","floor":16},{"not_picked":["Rampage","Ghostly Armor"],"picked":"Shrug It Off","floor":18},{"not_picked":["Wild Strike","Iron Wave"],"picked":"Feel No Pain","floor":20},{"not_picked":["True Grit","Disarm","Bloodletting"],"picked":"SKIP","floor":21}],"player_experience":687694,"relics_obtained":[{"floor":6,"key":"Letter Opener"},{"floor":9,"key":"Eternal Feather"},{"floor":11,"key":"Kunai"}],"event_choices":[{"damage_healed":0,"gold_gain":0,"player_choice":"1 cards matched","damage_taken":0,"max_hp_gain":0,"max_hp_loss":0,"event_name":"Match and Keep!","floor":3,"gold_loss":0,"cards_obtained":["Bludgeon"]},{"damage_healed":0,"gold_gain":0,"cards_transformed":["Twin Strike"],"player_choice":"Transformed","damage_taken":0,"max_hp_gain":0,"max_hp_loss":0,"event_name":"Transmorgrifier","floor":10,"gold_loss":0,"cards_obtained":["Immolate"]},{"damage_healed":0,"gold_gain":0,"player_choice":"Ignored","damage_taken":0,"max_hp_gain":0,"max_hp_loss":0,"event_name":"Vampires","floor":22,"gold_loss":0}],"is_beta":false,"boss_relics":[{"not_picked":["SlaversCollar","Calling Bell"],"picked":"Velvet Choker"}],"items_purged_floors":[2,19],"is_endless":false,"potions_floor_spawned":[6,8,11,16],"killed_by":"Book of Stabbing","ascension_level":20}}