{"host":"3uh6d38h6u62bhfi","time":1613896437,"event":{"mods":["AchievementEnabler","BaseMod","DeckTracker","Minty Spire (QoL Compilation)","Permanent Neow","SuperFastMode","everything is the same but u backflip on backflip"],"gold_per_floor":[115,130,149,169,186,186,213,213,213,231,242,242,273,273,273,378,378,396,408,102,201,221,238,238,273,273,303,303,303],"floor_reached":28,"language":"KOR","playtime":1060,"items_purged":["Defend_P"],"score":297,"play_id":"cc72304c-a48c-4296-ba4b-066724d0cb28","local_time":"20210221173357","is_ascension_mode":false,"campfire_choices":[{"data":"Eruption","floor":6.0,"key":"SMITH"},{"data":"Jack Of All Trades","floor":8,"key":"SMITH"},{"floor":15,"key":"REST"},{"data":"Vault","floor":24,"key":"SMITH"}],"circlet_count":0,"master_deck":["Strike_P","Strike_P","Strike_P","Strike_P","Defend_P","Defend_P","Defend_P","Eruption+1","Vigilance","Jack Of All Trades+1","SashWhip","Evaluate","FlurryOfBlows","Consecrate","PathToVictory","MasterReality","FollowUp","Halt","Vault+1","Tantrum","BattleHymn","SandsOfTime+1","FlyingSleeves"],"relics":["PureWater","Centennial Puzzle","InkBottle","Nunchaku","Pocketwatch","WingedGreaves","Black Star","Potion Belt","Orichalcum","MealTicket","Shovel","Blood Vial","Pen Nib"],"acts_visited":["Exordium","TheCity"],"potions_floor_usage":[7,16,16,16,23,27,28],"damage_taken":[{"damage":3.0,"enemies":"Small Slimes","floor":1.0,"turns":3.0},{"damage":0.0,"enemies":"2 Louse","floor":2.0,"turns":1.0},{"damage":0.0,"enemies":"Cultist","floor":3.0,"turns":3.0},{"damage":24.0,"enemies":"Blue Slaver","floor":4.0,"turns":2.0},{"damage":7.0,"enemies":"3 Louse","floor":5.0,"turns":2.0},{"damage":0,"enemies":"Lagavulin","floor":7,"turns":4},{"damage":0,"enemies":"Red Slaver","floor":10,"turns":2},{"damage":2,"enemies":"Looter","floor":11,"turns":3},{"damage":2,"enemies":"Gremlin Nob","floor":13,"turns":4},{"damage":32,"enemies":"Hexaghost","floor":16,"turns":5},{"damage":0,"enemies":"Spheric Guardian","floor":18,"turns":3},{"damage":0,"enemies":"Chosen","floor":19,"turns":4},{"damage":1,"enemies":"Sentry and Sphere","floor":22,"turns":3},{"damage":12,"enemies":"3 Cultists","floor":23,"turns":4},{"damage":26,"enemies":"Slavers","floor":25,"turns":3},{"damage":25,"enemies":"Book of Stabbing","floor":27,"turns":4},{"damage":39,"enemies":"Snecko","floor":28,"turns":3}],"seed_played":"4382968227108774204","potions_obtained":[{"floor":4.0,"key":"SteroidPotion"},{"floor":7,"key":"Weak Potion"},{"floor":11,"key":"CultistPotion"},{"floor":13,"key":"CultistPotion"},{"floor":18,"key":"Block Potion"},{"floor":25,"key":"DistilledChaos"},{"floor":27,"key":"Swift Potion"}],"is_trial":false,"path_per_floor":["M","M","M","M","M","R","E","R","T","M","M","?","E","?","R","B",null,"M","M","$","?","M","M","R","E","T","E","M"],"character_chosen":"WATCHER","items_purchased":["BattleHymn","Potion Belt"],"campfire_rested":1,"item_purchase_floors":[20,20],"current_hp_per_floor":[69,69,69,45,38,38,38,38,38,38,36,33,31,31,52,20,72,72,72,72,72,71,59,59,33,33,8,0,0],"gold":303,"neow_bonus":"RANDOM_COLORLESS","is_daily":false,"chose_seed":false,"campfire_upgraded":3,"win_rate":0.0,"timestamp":1613896437,"path_taken":["M","M","M","M","M","R","E","R","T","M","M","?","E","?","R","BOSS","M","M","$","?","M","M","R","E","T","E","M"],"items_purchased_type":["Card","Relic"],"build_version":"2020-12-22","purchased_purges":1,"victory":false,"max_hp_per_floor":[72,72,72,72,72,72,72,72,72,72,72,72,72,72,72,72,72,72,72,72,72,72,72,72,72,72,72,72,72],"card_choices":[{"not_picked":["Purity","Deep Breath"],"picked":"Jack Of All Trades","floor":0.0},{"not_picked":["JustLucky","PathToVictory"],"picked":"SashWhip","floor":1.0},{"not_picked":["Fasting2","JustLucky"],"picked":"Evaluate","floor":2.0},{"not_picked":["SashWhip","FollowUp"],"picked":"FlurryOfBlows","floor":3.0},{"not_picked":["FlyingSleeves","Protect"],"picked":"Consecrate","floor":4.0},{"not_picked":["FlurryOfBlows","CutThroughFate"],"picked":"PathToVictory","floor":5.0},{"not_picked":["BowlingBash","Protect"],"picked":"MasterReality","floor":7},{"not_picked":["SignatureMove","Pray","FlurryOfBlows"],"picked":"SKIP","floor":10},{"not_picked":["FlurryOfBlows","ClearTheMind"],"picked":"FollowUp","floor":11},{"not_picked":["BowlingBash","Sanctity"],"picked":"Halt","floor":13},{"not_picked":["Scrawl","Ragnarok"],"picked":"Vault","floor":16},{"not_picked":["Wireheading+1","FlurryOfBlows"],"picked":"Tantrum","floor":18},{"not_picked":["PathToVictory+1","FollowUp+1","Wallop+1"],"picked":"SKIP","floor":19},{"not_picked":["FollowUp","Swivel"],"picked":"SandsOfTime+1","floor":22},{"not_picked":["EmptyBody","CutThroughFate"],"picked":"FlyingSleeves","floor":23},{"not_picked":["ConjureBlade","Pray","Halt"],"picked":"SKIP","floor":25},{"not_picked":["Prostrate","PathToVictory","Crescendo"],"picked":"SKIP","floor":27}],"player_experience":176823,"relics_obtained":[{"floor":7,"key":"Centennial Puzzle"},{"floor":9,"key":"InkBottle"},{"floor":13,"key":"Pocketwatch"},{"floor":25,"key":"Orichalcum"},{"floor":25,"key":"MealTicket"},{"floor":26,"key":"Shovel"},{"floor":27,"key":"Blood Vial"},{"floor":27,"key":"Pen Nib"}],"event_choices":[{"damage_healed":0,"gold_gain":0,"player_choice":"Success","damage_taken":3,"relics_obtained":["Nunchaku"],"max_hp_gain":0,"max_hp_loss":0,"event_name":"Scrap Ooze","floor":12,"gold_loss":0},{"damage_healed":0,"gold_gain":0,"player_choice":"Searched \u00271\u0027 times","damage_taken":0,"relics_obtained":["WingedGreaves"],"max_hp_gain":0,"max_hp_loss":0,"event_name":"Dead Adventurer","floor":14,"gold_loss":0},{"damage_healed":0,"gold_gain":99,"player_choice":"Stole From Cult","damage_taken":0,"max_hp_gain":0,"max_hp_loss":0,"event_name":"Nest","floor":21,"gold_loss":0}],"is_beta":false,"boss_relics":[{"not_picked":["Philosopher\u0027s Stone","SlaversCollar"],"picked":"Black Star"}],"items_purged_floors":[20],"is_endless":false,"potions_floor_spawned":[4,7,11,13,18,25,27],"killed_by":"Snecko","ascension_level":0}}