{"host":"2se5dq1do2gp0x9k","time":1613936337,"event":{"mods":["AchievementEnabler","BaseMod","Block Reminder","Colored Map","Colored Powertips","Minty Spire (QoL Compilation)","Relic Stats","StSLib","SuperFastMode"],"gold_per_floor":[113,126,140,65,77,77,77,102,171,203,219,253,253,253,253,326,326,337,211,211,225,225,225,150,179,206,206,206],"floor_reached":27,"language":"ENG","playtime":818,"items_purged":["Defend_P","Strike_P"],"score":473,"play_id":"8aa93da5-4bff-4d7b-83b2-f684a19c27e3","local_time":"20210221113857","is_ascension_mode":true,"campfire_choices":[{"data":"Tantrum","floor":6,"key":"SMITH"},{"data":"Fasting2","floor":13,"key":"SMITH"},{"data":"BowlingBash","floor":15,"key":"SMITH"},{"data":"TalkToTheHand","floor":23,"key":"SMITH"}],"circlet_count":0,"master_deck":["AscendersBane","Defend_P+1","Defend_P","Vigilance","InnerPeace+1","BowlingBash+1","SandsOfTime","Tantrum+1","Tantrum","Fasting2+1","ForeignInfluence","Sanctity","Vault","Crescendo+1","CutThroughFate+1","Crescendo+1","TalkToTheHand+1","JustLucky","Nirvana","JustLucky+1","Wireheading"],"relics":["PureWater","NeowsBlessing","CaptainsWheel","Letter Opener","Nunchaku","Anchor","MealTicket","Astrolabe","Nilry\u0027s Codex","Molten Egg 2","War Paint"],"acts_visited":["Exordium","TheCity"],"potions_floor_usage":[16,18,27],"damage_taken":[{"damage":0.0,"enemies":"Small Slimes","floor":1.0,"turns":1.0},{"damage":0.0,"enemies":"Cultist","floor":2.0,"turns":1.0},{"damage":0,"enemies":"Jaw Worm","floor":3,"turns":1},{"damage":0,"enemies":"Large Slime","floor":5,"turns":4},{"damage":3,"enemies":"Gremlin Nob","floor":8,"turns":3},{"damage":5,"enemies":"3 Sentries","floor":10,"turns":4},{"damage":0,"enemies":"Blue Slaver","floor":11,"turns":2},{"damage":16,"enemies":"Gremlin Nob","floor":12,"turns":3},{"damage":27,"enemies":"The Guardian","floor":16,"turns":11},{"damage":3,"enemies":"Shell Parasite","floor":18,"turns":2},{"damage":0,"enemies":"Chosen","floor":21,"turns":3},{"damage":8,"enemies":"Book of Stabbing","floor":25,"turns":5},{"damage":42,"enemies":"Gremlin Leader","floor":27,"turns":2}],"seed_played":"8482303572191721512","potions_obtained":[{"floor":1.0,"key":"Dexterity Potion"},{"floor":5,"key":"Explosive Potion"},{"floor":10,"key":"ColorlessPotion"},{"floor":16,"key":"Fire Potion"},{"floor":18,"key":"Strength Potion"},{"floor":25,"key":"DistilledChaos"}],"is_trial":false,"path_per_floor":["M","M","M","$","M","R","?","E","T","E","M","E","R","?","R","B",null,"M","$","?","M","?","R","?","E","T","E"],"character_chosen":"WATCHER","items_purchased":["JustLucky"],"campfire_rested":0,"item_purchase_floors":[19],"current_hp_per_floor":[61,61,61,61,61,61,54,51,51,46,46,30,30,30,30,3,52,49,64,64,64,43,43,43,35,35,0,0],"gold":206,"neow_bonus":"THREE_ENEMY_KILL","is_daily":false,"chose_seed":false,"campfire_upgraded":4,"win_rate":0.0,"timestamp":1613936337,"path_taken":["M","M","M","$","M","R","?","E","T","E","M","E","R","?","R","BOSS","M","$","?","M","?","R","?","E","T","E"],"items_purchased_type":["Card"],"build_version":"2020-12-22","purchased_purges":2,"victory":false,"max_hp_per_floor":[68,68,68,68,68,68,68,68,68,68,68,68,68,68,68,68,68,68,68,68,68,68,68,68,68,68,68,68],"relic_stats":{"Nunchaku":[4],"counters":[13,42],"Astrolabe":["Crescendo","CutThroughFate","Crescendo"],"MealTicket":15,"Letter Opener":[20],"War Paint":["Defend_P","InnerPeace"],"obtain_stats":[{"CaptainsWheel":8,"Nunchaku":10,"Anchor":12,"NeowsBlessing":0,"Nilry\u0027s Codex":22,"Astrolabe":17,"MealTicket":14,"Molten Egg 2":25,"Letter Opener":9,"PureWater":0,"War Paint":26},{"CaptainsWheel":5,"Nunchaku":6,"Anchor":8,"NeowsBlessing":0,"Nilry\u0027s Codex":11,"Astrolabe":9,"MealTicket":8,"Molten Egg 2":12,"Letter Opener":5,"PureWater":0,"War Paint":12},{"CaptainsWheel":10,"Nunchaku":14,"Anchor":19,"NeowsBlessing":0,"Nilry\u0027s Codex":35,"Astrolabe":30,"MealTicket":19,"Molten Egg 2":40,"Letter Opener":10,"PureWater":0,"War Paint":40}]},"card_choices":[{"not_picked":["Halt","Crescendo"],"picked":"InnerPeace","floor":1.0},{"not_picked":["EmptyFist","LikeWater"],"picked":"BowlingBash","floor":2},{"not_picked":["MentalFortress","Vengeance"],"picked":"SandsOfTime","floor":3},{"not_picked":["WaveOfTheHand","ClearTheMind"],"picked":"Tantrum","floor":5},{"not_picked":["Prostrate","PathToVictory"],"picked":"Tantrum","floor":8},{"not_picked":["Omniscience","WreathOfFlame"],"picked":"Fasting2","floor":10},{"not_picked":["ReachHeaven","Vengeance"],"picked":"ForeignInfluence","floor":11},{"not_picked":["Fasting2","EmptyBody"],"picked":"Sanctity","floor":12},{"not_picked":["Omniscience","Devotion"],"picked":"Vault","floor":16},{"not_picked":["Crescendo+1","Wireheading"],"picked":"TalkToTheHand","floor":18},{"not_picked":["Study","Halt"],"picked":"JustLucky+1","floor":21},{"not_picked":["BowlingBash+1","Consecrate+1"],"picked":"Wireheading","floor":25}],"player_experience":4101130,"relics_obtained":[{"floor":8,"key":"CaptainsWheel"},{"floor":9,"key":"Letter Opener"},{"floor":10,"key":"Nunchaku"},{"floor":12,"key":"Anchor"},{"floor":14,"key":"MealTicket"},{"floor":22,"key":"Nilry\u0027s Codex"},{"floor":25,"key":"Molten Egg 2"},{"floor":26,"key":"War Paint"}],"event_choices":[{"cards_removed":["Strike_P"],"damage_healed":0,"gold_gain":0,"player_choice":"Card Removal","damage_taken":7,"max_hp_gain":0,"max_hp_loss":0,"event_name":"Golden Wing","floor":7,"gold_loss":0},{"damage_healed":0,"gold_gain":0,"player_choice":"Relic","damage_taken":0,"max_hp_gain":0,"max_hp_loss":0,"event_name":"Wheel of Change","floor":14,"gold_loss":0},{"damage_healed":0,"gold_gain":0,"player_choice":"Read","damage_taken":0,"max_hp_gain":0,"max_hp_loss":0,"event_name":"The Library","floor":20,"gold_loss":0,"cards_obtained":["Nirvana"]},{"damage_healed":0,"gold_gain":0,"player_choice":"Obtained Book","damage_taken":21,"max_hp_gain":0,"max_hp_loss":0,"event_name":"Cursed Tome","floor":22,"gold_loss":0},{"cards_removed":["Eruption"],"damage_healed":0,"gold_gain":0,"player_choice":"Gave Gold","damage_taken":0,"max_hp_gain":0,"max_hp_loss":0,"event_name":"Beggar","floor":24,"gold_loss":75}],"is_beta":false,"boss_relics":[{"not_picked":["Pandora\u0027s Box","Velvet Choker"],"picked":"Astrolabe"}],"items_purged_floors":[4,19],"is_endless":false,"potions_floor_spawned":[1,5,10,12,16,18,25],"killed_by":"Gremlin Leader","ascension_level":18}}