{"host":"d2gh6suihlstufn7","time":1613902168,"event":{"mods":["AchievementEnabler","BaseMod","Colored Map","Colored Powertips","Minty Spire (QoL Compilation)","Permanent Neow","Quick Restart"],"gold_per_floor":[117,49,49,64,14,14,14,14,37,52,71,81,81,31,31,127,127,141,141,141,161,161,161,161],"floor_reached":23,"language":"KOR","playtime":472,"items_purged":[],"score":179,"play_id":"a94a26a7-49e5-4851-a54f-0ad1c93b90d4","local_time":"20210221190928","is_ascension_mode":false,"campfire_choices":[{"data":"Perfected Strike","floor":6.0,"key":"SMITH"},{"data":"Armaments","floor":15.0,"key":"SMITH"}],"circlet_count":0,"master_deck":["Strike_R","Strike_R","Strike_R","Strike_R","Strike_R+1","Defend_R+1","Bash","Perfected Strike+1","Fire Breathing+1","Twin Strike","Wild Strike","Armaments+1","Shrug It Off","Impervious","Twin Strike","J.A.X.","Armaments","Feel No Pain"],"relics":["Black Blood","NeowsBlessing"],"acts_visited":["Exordium","TheCity"],"potions_floor_usage":[],"damage_taken":[{"damage":0.0,"enemies":"Small Slimes","floor":1.0,"turns":1.0},{"damage":0.0,"enemies":"Cultist","floor":4.0,"turns":1.0},{"damage":0.0,"enemies":"2 Louse","floor":10.0,"turns":1.0},{"damage":5.0,"enemies":"Looter","floor":11.0,"turns":2.0},{"damage":1.0,"enemies":"2 Fungi Beasts","floor":12.0,"turns":2.0},{"damage":54.0,"enemies":"The Guardian","floor":16.0,"turns":10.0},{"damage":10.0,"enemies":"Chosen","floor":18.0,"turns":4.0},{"damage":25.0,"enemies":"3 Byrds","floor":21.0,"turns":4.0},{"damage":53,"enemies":"Gremlin Leader","floor":23,"turns":4}],"seed_played":"7848252167414714101","potions_obtained":[{"floor":8.0,"key":"Block Potion"},{"floor":8.0,"key":"FearPotion"},{"floor":8.0,"key":"LiquidBronze"},{"floor":11.0,"key":"Fruit Juice"},{"floor":16.0,"key":"DistilledChaos"}],"is_trial":false,"path_per_floor":["M","$","?","M","?","R","?","?","T","M","M","M","?","$","R","B",null,"M","?","?","M","?","E"],"character_chosen":"IRONCLAD","items_purchased":["Fire Breathing","Shrug It Off"],"campfire_rested":0,"item_purchase_floors":[2,14],"current_hp_per_floor":[80,80,73,79,79,79,79,79,79,80,85,85,68,68,68,20,85,85,85,85,72,72,19,19],"gold":161,"neow_bonus":"THREE_ENEMY_KILL","is_daily":false,"chose_seed":false,"campfire_upgraded":2,"win_rate":0.0,"timestamp":1613902168,"path_taken":["M","$","?","M","?","R","?","?","T","?","M","M","?","$","R","BOSS","M","?","?","M","?","E"],"items_purchased_type":["Card","Card"],"build_version":"2020-12-22","purchased_purges":0,"victory":false,"max_hp_per_floor":[80,80,80,80,80,80,80,80,80,80,85,85,85,85,85,85,85,85,85,85,85,85,85,85],"card_choices":[{"not_picked":["Body Slam","Heavy Blade"],"picked":"Perfected Strike","floor":1.0},{"not_picked":["Heavy Blade","Sword Boomerang"],"picked":"Twin Strike","floor":4.0},{"not_picked":["Pommel Strike","Body Slam"],"picked":"Wild Strike","floor":10.0},{"not_picked":["Clothesline","Dark Embrace"],"picked":"Armaments","floor":11.0},{"not_picked":["Havoc","Hemokinesis","Cleave"],"picked":"SKIP","floor":12.0},{"not_picked":["Offering","Fiend Fire"],"picked":"Impervious","floor":16.0},{"not_picked":["Cleave+1","Heavy Blade+1"],"picked":"Twin Strike","floor":18.0},{"not_picked":["Thunderclap","Flex"],"picked":"Armaments","floor":21.0}],"player_experience":184153,"relics_obtained":[],"event_choices":[{"cards_removed":["Defend_R"],"damage_healed":0.0,"max_hp_gain":0.0,"max_hp_loss":0.0,"gold_gain":0.0,"event_name":"Golden Wing","player_choice":"Card Removal","floor":3.0,"gold_loss":0.0,"damage_taken":7.0},{"cards_removed":["Defend_R"],"damage_healed":0.0,"max_hp_gain":0.0,"max_hp_loss":0.0,"gold_gain":0.0,"event_name":"The Cleric","player_choice":"Card Removal","floor":5.0,"gold_loss":50.0,"damage_taken":0.0},{"damage_healed":0.0,"max_hp_gain":0.0,"max_hp_loss":0.0,"gold_gain":0.0,"event_name":"Living Wall","player_choice":"Grow","floor":7.0,"gold_loss":0.0,"damage_taken":0.0,"cards_upgraded":["Fire Breathing"]},{"damage_healed":0.0,"max_hp_gain":0.0,"max_hp_loss":0.0,"gold_gain":0.0,"event_name":"Lab","player_choice":"Got Potions","floor":8.0,"gold_loss":0.0,"damage_taken":0.0},{"damage_healed":0.0,"max_hp_gain":0.0,"max_hp_loss":0.0,"gold_gain":0.0,"event_name":"Shining Light","player_choice":"Entered Light","floor":13.0,"gold_loss":0.0,"damage_taken":17.0,"cards_upgraded":["Strike_R","Defend_R"]},{"damage_healed":0.0,"max_hp_gain":0.0,"max_hp_loss":0.0,"gold_gain":0.0,"event_name":"Drug Dealer","player_choice":"Obtain J.A.X.","floor":19.0,"gold_loss":0.0,"damage_taken":0.0,"cards_obtained":["J.A.X."]},{"damage_healed":0.0,"max_hp_gain":0.0,"max_hp_loss":0.0,"gold_gain":0.0,"event_name":"Vampires","player_choice":"Ignored","floor":20.0,"gold_loss":0.0,"damage_taken":0.0},{"damage_healed":0.0,"max_hp_gain":0.0,"max_hp_loss":0.0,"gold_gain":0.0,"cards_transformed":["Defend_R"],"event_name":"Transmorgrifier","player_choice":"Transformed","floor":22.0,"gold_loss":0.0,"damage_taken":0.0,"cards_obtained":["Feel No Pain"]}],"is_beta":false,"boss_relics":[{"not_picked":["Empty Cage","Cursed Key"],"picked":"Black Blood"}],"items_purged_floors":[],"is_endless":false,"potions_floor_spawned":[11,16],"killed_by":"Gremlin Leader","ascension_level":0}}