{"host":"fs9fti79x98y0ceq","time":1613915681,"event":{"mods":["AchievementEnabler","BaseMod","Colored Map","Custom Start","DeckTracker","Hermit","KOR Keyword Fix","Minty Spire (QoL Compilation)","Relic Stats","StSLib","SuperFastMode","everything is the same but u backflip on backflip"],"gold_per_floor":[118,193,206,131,146,160,160,60,60,74,74,174,187,206,206,285,285,302,302,98,98,98],"floor_reached":21,"language":"KOR","playtime":458,"items_purged":["Alpha","Strike_P","Defend_P"],"score":291,"play_id":"38c106f4-316d-4587-b11c-f3d2f19a93d4","local_time":"20210221225441","is_ascension_mode":true,"campfire_choices":[{"data":"Eruption","floor":7,"key":"SMITH"},{"data":"TalkToTheHand","floor":11,"key":"SMITH"},{"data":"FollowUp","floor":15,"key":"SMITH"}],"circlet_count":0,"master_deck":["AscendersBane","Strike_P","Defend_P","Defend_P","Eruption+1","Vigilance","BattleHymn","TalkToTheHand+1","FollowUp+1","MentalFortress"],"relics":["PureWater","Meat on the Bone","SlaversCollar"],"acts_visited":["Exordium","TheCity"],"potions_floor_usage":[13,21,21],"damage_taken":[{"damage":7,"enemies":"Jaw Worm","floor":1,"turns":3},{"damage":20,"enemies":"Cultist","floor":3,"turns":4},{"damage":4,"enemies":"2 Louse","floor":5,"turns":3},{"damage":4,"enemies":"Exordium Thugs","floor":6,"turns":3},{"damage":5,"enemies":"Large Slime","floor":10,"turns":4},{"damage":2,"enemies":"3 Louse","floor":13,"turns":4},{"damage":17,"enemies":"Lots of Slimes","floor":14,"turns":4},{"damage":18,"enemies":"Hexaghost","floor":16,"turns":9},{"damage":22,"enemies":"2 Thieves","floor":18,"turns":4},{"damage":53,"enemies":"Masked Bandits","floor":21,"turns":4}],"seed_played":"-3335856649343507171","potions_obtained":[{"floor":1,"key":"Energy Potion"},{"floor":3,"key":"Fire Potion"},{"floor":14,"key":"Swift Potion"}],"is_trial":false,"path_per_floor":["M","?","M","$","M","M","R","$","T","M","R","?","M","M","R","B",null,"M","?","$","?"],"character_chosen":"WATCHER","items_purchased":["MentalFortress"],"campfire_rested":0,"item_purchase_floors":[20],"current_hp_per_floor":[54,48,28,28,24,20,20,20,20,27,27,27,37,32,32,26,53,43,43,43,0,0],"gold":98,"neow_bonus":"TRANSFORM_TWO_CARDS","is_daily":false,"chose_seed":false,"campfire_upgraded":3,"win_rate":0.0,"timestamp":1613915681,"path_taken":["M","?","M","$","?","M","R","$","T","?","R","?","M","?","R","BOSS","M","?","?","?"],"items_purchased_type":["Card"],"build_version":"2020-12-22","purchased_purges":3,"victory":false,"max_hp_per_floor":[62,62,62,62,62,62,62,62,62,62,62,62,62,62,62,62,62,62,62,62,62,62],"relic_stats":{"counters":[10,42],"obtain_stats":[{"SlaversCollar":17,"PureWater":0,"Meat on the Bone":9},{"SlaversCollar":8,"PureWater":0,"Meat on the Bone":4},{"SlaversCollar":34,"PureWater":0,"Meat on the Bone":13}],"Meat on the Bone":60},"card_choices":[{"not_picked":["Sanctity","FlyingSleeves","CutThroughFate"],"picked":"SKIP","floor":1},{"not_picked":["Collect","Consecrate"],"picked":"TalkToTheHand","floor":3},{"not_picked":["Collect","ThirdEye","EmptyFist"],"picked":"SKIP","floor":5},{"not_picked":["Swivel","Prostrate","ClearTheMind"],"picked":"SKIP","floor":6},{"not_picked":["ReachHeaven","PathToVictory","Perseverance"],"picked":"SKIP","floor":10},{"not_picked":["JustLucky","WindmillStrike"],"picked":"FollowUp","floor":13},{"not_picked":["ClearTheMind","Consecrate","Prostrate"],"picked":"SKIP","floor":14},{"not_picked":["Halt","Crescendo","BowlingBash"],"picked":"SKIP","floor":18}],"player_experience":419263,"relics_obtained":[{"floor":9,"key":"Meat on the Bone"}],"event_choices":[{"damage_healed":0,"gold_gain":75,"player_choice":"Touch","damage_taken":6,"max_hp_gain":0,"max_hp_loss":0,"event_name":"FaceTrader","floor":2,"gold_loss":0},{"damage_healed":0,"gold_gain":100,"player_choice":"Pray","damage_taken":0,"max_hp_gain":0,"max_hp_loss":0,"event_name":"Golden Shrine","floor":12,"gold_loss":0},{"cards_removed":["Strike_P"],"damage_healed":0,"gold_gain":0,"player_choice":"Offered Basic","damage_taken":0,"max_hp_gain":0,"max_hp_loss":0,"event_name":"Bonfire Elementals","floor":19,"gold_loss":0},{"damage_healed":0,"gold_gain":0,"player_choice":"Fought Bandits","damage_taken":0,"max_hp_gain":0,"max_hp_loss":0,"event_name":"Masked Bandits","floor":21,"gold_loss":0}],"is_beta":false,"boss_relics":[{"not_picked":["Busted Crown","Snecko Eye"],"picked":"SlaversCollar"}],"items_purged_floors":[4,8,20],"is_endless":false,"potions_floor_spawned":[1,3,10,14,16],"killed_by":"Masked Bandits","ascension_level":14}}