{"host":"vxgtqwpb0ulpisda","time":1613950984,"event":{"mods":["BaseMod","Bestiary","Minty Spire (QoL Compilation)","Relic Stats","ojb\u0027s Info Mod"],"gold_per_floor":[112,112,21,38,38,68,78,108,131,131,96,55,55,86,86,86,86],"floor_reached":16,"language":"ENG","playtime":700,"items_purged":[],"score":138,"play_id":"06c43a23-7bfd-4e1c-b8fc-21659b25eb86","local_time":"20210221184304","is_ascension_mode":true,"campfire_choices":[{"data":"True Grit","floor":10,"key":"SMITH"},{"data":"Inflame","floor":13,"key":"SMITH"},{"data":"Fiend Fire","floor":15,"key":"SMITH"}],"circlet_count":0,"master_deck":["Strike_R","Strike_R","Defend_R","Defend_R","Defend_R","Bash","Inflame+1","Perfected Strike","Seeing Red","Brutality","True Grit+1","Combust","Fiend Fire+1"],"relics":["Empty Cage","Toy Ornithopter","Blood Vial","Lantern","Regal Pillow"],"acts_visited":["Exordium"],"potions_floor_usage":[6,6,14],"damage_taken":[{"damage":0,"enemies":"Small Slimes","floor":1,"turns":4},{"damage":2,"enemies":"Jaw Worm","floor":4,"turns":3},{"damage":17,"enemies":"Lagavulin","floor":6,"turns":9},{"damage":1,"enemies":"2 Louse","floor":7,"turns":3},{"damage":33,"enemies":"Gremlin Nob","floor":14,"turns":4},{"damage":43,"enemies":"Hexaghost","floor":16,"turns":11}],"seed_played":"-6243511236387692726","potions_obtained":[{"floor":4,"key":"HeartOfIron"},{"floor":7,"key":"LiquidBronze"}],"is_trial":false,"path_per_floor":["M","?","$","M","?","E","M","?","T","R","?","$","R","E","R","B"],"character_chosen":"IRONCLAD","items_purchased":["Block Potion","Seeing Red","Combust"],"campfire_rested":0,"item_purchase_floors":[3,3,12],"current_hp_per_floor":[72,72,72,70,63,46,45,45,45,45,65,65,65,39,39,0,0],"gold":86,"neow_bonus":"BOSS_RELIC","is_daily":false,"chose_seed":false,"campfire_upgraded":3,"win_rate":0.0,"timestamp":1613950984,"path_taken":["M","?","$","M","?","E","M","?","T","R","?","?","R","E","R","BOSS"],"items_purchased_type":["Potion","Card","Card"],"build_version":"2020-12-22","purchased_purges":0,"victory":false,"max_hp_per_floor":[80,80,80,80,80,80,80,80,80,80,80,80,80,80,80,80,80],"relic_stats":{"Blood Vial":4,"Regal Pillow":0,"counters":[6,34],"obtain_stats":[{"Blood Vial":8,"Lantern":9,"Regal Pillow":14,"Empty Cage":0,"Burning Blood":0,"Toy Ornithopter":6},{"Blood Vial":4,"Lantern":4,"Regal Pillow":5,"Empty Cage":0,"Burning Blood":0,"Toy Ornithopter":3},{"Blood Vial":19,"Lantern":19,"Regal Pillow":23,"Empty Cage":0,"Burning Blood":0,"Toy Ornithopter":16}],"Toy Ornithopter":5},"card_choices":[{"not_picked":["Cleave","Seeing Red"],"picked":"Inflame","floor":1},{"not_picked":["Wild Strike","Entrench","Anger"],"picked":"SKIP","floor":4},{"not_picked":["Battle Trance","Whirlwind"],"picked":"Brutality","floor":6},{"not_picked":["Anger","Entrench"],"picked":"True Grit","floor":7},{"not_picked":["True Grit","Perfected Strike"],"picked":"Fiend Fire","floor":14}],"player_experience":431430,"relics_obtained":[{"floor":6,"key":"Toy Ornithopter"},{"floor":9,"key":"Lantern"},{"floor":14,"key":"Regal Pillow"}],"event_choices":[{"damage_healed":0,"gold_gain":0,"cards_transformed":["Strike_R"],"player_choice":"Change","damage_taken":0,"max_hp_gain":0,"max_hp_loss":0,"event_name":"Living Wall","floor":2,"gold_loss":0,"cards_obtained":["Perfected Strike"]},{"cards_removed":["Strike_R"],"damage_healed":0,"gold_gain":0,"player_choice":"Card Removal","damage_taken":7,"max_hp_gain":0,"max_hp_loss":0,"event_name":"Golden Wing","floor":5,"gold_loss":0},{"damage_healed":0,"gold_gain":30,"player_choice":"Searched \u00272\u0027 times","damage_taken":0,"relics_obtained":["Blood Vial"],"max_hp_gain":0,"max_hp_loss":0,"event_name":"Dead Adventurer","floor":8,"gold_loss":0},{"damage_healed":20,"gold_gain":0,"player_choice":"Healed","damage_taken":0,"max_hp_gain":0,"max_hp_loss":0,"event_name":"The Cleric","floor":11,"gold_loss":35}],"is_beta":false,"boss_relics":[],"items_purged_floors":[],"is_endless":false,"potions_floor_spawned":[4,7],"killed_by":"Hexaghost","ascension_level":6}}