{"host":"3y2rtlgteqp2nuo3","time":1613915335,"event":{"mods":["2.2 Compatiblity","AchievementEnabler","BaseMod","Colored Map","DeckTracker","Highlight Path","Keyboard Shortcuts","Minty Spire (QoL Compilation)","Permanent Neow","Quick Restart","StSLib","SuperFastMode","everything is the same but u backflip on backflip"],"gold_per_floor":[110,127,12,25,35,35,50,63,63,63,63,93,112,112,112,190,190,201,20,34,34,34,34,69,69,69,69,97,97,97],"floor_reached":29,"language":"KOR","playtime":608,"items_purged":["Strike_G","Strike_G"],"score":500,"play_id":"60f00e31-5057-4d71-93eb-559a2f854c81","local_time":"20210221224855","is_ascension_mode":true,"campfire_choices":[{"data":"Bouncing Flask","floor":6.0,"key":"SMITH"},{"data":"Crippling Poison","floor":10.0,"key":"SMITH"},{"floor":15.0,"key":"REST"},{"data":"Deadly Poison","floor":23.0,"key":"SMITH"},{"floor":25.0,"key":"REST"},{"floor":27.0,"key":"REST"}],"circlet_count":0,"master_deck":["AscendersBane","Strike_G","Strike_G","Defend_G","Defend_G","Defend_G","Defend_G","Survivor","Neutralize","Deadly Poison+1","Dagger Spray","Bouncing Flask+1","Crippling Poison+1","Wraith Form v2","Bane","Dodge and Roll","Noxious Fumes","Well Laid Plans","Die Die Die","Backflip","Footwork","Expertise"],"relics":["Ring of the Snake","Sundial","HoveringKite","Ginger","Darkstone Periapt"],"acts_visited":["Exordium","TheCity"],"potions_floor_usage":[28],"damage_taken":[{"damage":0.0,"enemies":"2 Louse","floor":1.0,"turns":3.0},{"damage":0.0,"enemies":"Jaw Worm","floor":2.0,"turns":5.0},{"damage":1.0,"enemies":"Cultist","floor":4.0,"turns":4.0},{"damage":7.0,"enemies":"Large Slime","floor":5.0,"turns":5.0},{"damage":9.0,"enemies":"Exordium Thugs","floor":7.0,"turns":4.0},{"damage":9.0,"enemies":"Blue Slaver","floor":8.0,"turns":5.0},{"damage":12.0,"enemies":"Lagavulin","floor":12.0,"turns":5.0},{"damage":11.0,"enemies":"Large Slime","floor":13.0,"turns":5.0},{"damage":16.0,"enemies":"Hexaghost","floor":16.0,"turns":8.0},{"damage":20.0,"enemies":"Shell Parasite","floor":18.0,"turns":5.0},{"damage":17.0,"enemies":"Chosen","floor":20.0,"turns":5.0},{"damage":73.0,"enemies":"Book of Stabbing","floor":24.0,"turns":8.0},{"damage":33,"enemies":"Slavers","floor":28,"turns":4},{"damage":5,"enemies":"Snake Plant","floor":29,"turns":3}],"seed_played":"5216742302175349569","potions_obtained":[{"floor":4.0,"key":"GhostInAJar"},{"floor":5.0,"key":"Regen Potion"},{"floor":18.0,"key":"Dexterity Potion"},{"floor":24.0,"key":"Energy Potion"}],"is_trial":false,"path_per_floor":["M","M","$","M","M","R","M","M","T","R","?","E","M","?","R","B",null,"M","$","M","?","?","R","E","R","T","R","E","M"],"character_chosen":"THE_SILENT","items_purchased":["Bouncing Flask","Footwork"],"campfire_rested":3,"item_purchase_floors":[3,19],"current_hp_per_floor":[59,59,59,58,51,51,42,33,33,33,33,21,10,10,28,12,48,28,28,11,11,60,60,2,20,20,38,5,0,0],"gold":97,"neow_bonus":"REMOVE_TWO","is_daily":false,"chose_seed":false,"campfire_upgraded":3,"win_rate":0.0,"timestamp":1613915335,"path_taken":["M","M","$","M","M","R","M","M","T","R","?","E","M","?","R","BOSS","M","$","M","?","?","R","E","R","T","R","E","?"],"items_purchased_type":["Card","Card"],"build_version":"2020-12-22","purchased_purges":2,"victory":false,"max_hp_per_floor":[60,60,60,60,60,60,60,60,60,60,60,60,60,60,60,60,60,60,60,60,60,60,60,60,60,60,60,60,60,60],"card_choices":[{"not_picked":["Outmaneuver","Finisher"],"picked":"Deadly Poison","floor":1.0},{"not_picked":["Deflect","Predator"],"picked":"Dagger Spray","floor":2.0},{"not_picked":["Calculated Gamble","Dodge and Roll"],"picked":"Crippling Poison","floor":4.0},{"not_picked":["Acrobatics","Backstab"],"picked":"Wraith Form v2","floor":5.0},{"not_picked":["Quick Slash","Prepared"],"picked":"Bane","floor":7.0},{"not_picked":["Prepared","Choke"],"picked":"Dodge and Roll","floor":8.0},{"not_picked":["Blade Dance","Dodge and Roll"],"picked":"Noxious Fumes","floor":12.0},{"not_picked":["Crippling Poison","Underhanded Strike"],"picked":"Well Laid Plans","floor":13.0},{"not_picked":["Glass Knife","A Thousand Cuts"],"picked":"Die Die Die","floor":16.0},{"not_picked":["Underhanded Strike","Deflect"],"picked":"Backflip","floor":18.0},{"not_picked":["Footwork","Choke","Cloak And Dagger"],"picked":"SKIP","floor":20.0},{"not_picked":["Caltrops+1","Sucker Punch"],"picked":"Expertise","floor":24.0},{"not_picked":["Bane","Slice","Dodge and Roll"],"picked":"SKIP","floor":28}],"player_experience":793392,"relics_obtained":[{"floor":9.0,"key":"Sundial"},{"floor":24.0,"key":"Ginger"},{"floor":28,"key":"Darkstone Periapt"}],"event_choices":[{"damage_healed":0.0,"max_hp_gain":0.0,"max_hp_loss":0.0,"gold_gain":0.0,"event_name":"Golden Idol","player_choice":"Ignored","floor":11.0,"gold_loss":0.0,"damage_taken":0.0},{"damage_healed":0.0,"max_hp_gain":0.0,"max_hp_loss":0.0,"gold_gain":0.0,"event_name":"Shining Light","player_choice":"Ignored","floor":14.0,"gold_loss":0.0,"damage_taken":0.0},{"damage_healed":0.0,"max_hp_gain":0.0,"max_hp_loss":0.0,"gold_gain":0.0,"event_name":"Ghosts","player_choice":"Ignored","floor":21.0,"gold_loss":0.0,"damage_taken":0.0},{"damage_healed":49.0,"max_hp_gain":0.0,"max_hp_loss":0.0,"gold_gain":0.0,"event_name":"Wheel of Change","player_choice":"Full Heal","floor":22.0,"gold_loss":0.0,"damage_taken":0.0}],"is_beta":false,"boss_relics":[{"not_picked":["Calling Bell","Ectoplasm"],"picked":"HoveringKite"}],"items_purged_floors":[3,19],"is_endless":false,"potions_floor_spawned":[4,5,13,16,18,24],"killed_by":"Snake Plant","ascension_level":18}}