{"host":"hqxy2g3i5ker09hc","time":1613879651,"event":{"mods":["2.2 Compatiblity","AlwaysNeverKeys","Aspiration","BaseMod","Beaked The Cultist","Better Match","Better Note","Better Sensory Stone","Better Silent Start","Better Third Choice","Better-Laid Plans","CCEM2","CatGirl Mod","Chen","Conspire","Downfall","GifTheSpireLib","Gold Saver","GungeonMod","Hermit","Hubris","Ironclad Rager","Jorbs\u0027s Wanderer Trilogy","Minty Spire (QoL Compilation)","MostiFishMod","Permanent Neow","Quarter Circle Forward PUNCH!","Quick Restart","Replay The Spire","Shop Mod","Small Relic Pack","Spikes Relics","StSLib","Stuff the Spire","The Animator","The Bug Knight","The Forsaken","The Wild Card"],"gold_per_floor":[947,362,362,69,101,101,101,101,101,101,125,158,158,158,213,245,245,372,372,395,395,395,395,430,430,430,430,476,476,476,476,492,492],"floor_reached":32,"language":"ENG","playtime":2434,"items_purged":[],"score":252,"play_id":"17724461-3a21-4b0c-bc39-6fbb9be95211","local_time":"20210221045411","is_ascension_mode":false,"campfire_choices":[{"data":"hermit:Feint","floor":6.0,"key":"SMITH"},{"data":"hermit:Headshot","floor":9.0,"key":"SMITH"},{"data":"hermit:Brawl","floor":17.0,"key":"SMITH"},{"data":"hermit:Gestalt","floor":27.0,"key":"SMITH"},{"data":"hermit:ShadowCloak","floor":29.0,"key":"SMITH"},{"data":"MostiFishMod:SparklingWater","floor":31,"key":"SMITH"}],"circlet_count":0,"master_deck":["hermit:Strike_Hermit","hermit:Strike_Hermit","hermit:Strike_Hermit","hermit:Strike_Hermit","hermit:Defend_Hermit","hermit:Defend_Hermit","hermit:Defend_Hermit","hermit:Defend_Hermit","hermit:Snapshot","hermit:Covet","hermit:Headshot+1","hermit:Shortfuse","hermit:Reprieve+1","hermit:Feint+1","Injury","hermit:HeroicBravado+1","hermit:Brawl+1","hermit:FatalDesire+1","MostiFishMod:Neptune","MostiFishMod:TheEndOfMoonlight","MostiFishMod:SparklingWater+1","MostiFishMod:FantasySummer","MostiFishMod:NightSea","hermit:Gestalt+1","Secret Technique+1","hermit:EyeOfTheStorm+1","hermit:ShadowCloak+1"],"relics":["hermit:Momento","DaveBox","aspiration:Nostalgia","PureWater","SynthV:TestCard","Singing Bowl","Replay:Bandana","BrkXgEgg","Golden Idol","theForsaken:Lifeblossom","hubris:DisguiseKit","Replay:Kaleidoscope","MoonlightInvasionPlan","RetroEgg"],"acts_visited":["Exordium","TheCity","TheCity"],"potions_floor_usage":[],"damage_taken":[{"damage":0.0,"enemies":"Small Slimes","floor":1.0,"turns":4.0},{"damage":0.0,"enemies":"Cultist","floor":5.0,"turns":2.0},{"damage":6.0,"enemies":"Jaw Worm","floor":12.0,"turns":3.0},{"damage":18.0,"enemies":"Gremlin Nob","floor":15.0,"turns":4.0},{"damage":6.0,"enemies":"conspire:2 RoseBushes","floor":16.0,"turns":2.0},{"damage":32.0,"enemies":"The Guardian","floor":18.0,"turns":10.0},{"damage":8.0,"enemies":"conspire:FuzzyDice","floor":20.0,"turns":4.0},{"damage":8.0,"enemies":"Spheric Guardian","floor":24.0,"turns":6.0},{"damage":11.0,"enemies":"Gremlin Leader","floor":28.0,"turns":3.0},{"damage":108,"enemies":"DemoMod:4_Bullet_Kins","floor":32,"turns":16}],"seed_played":"-7070766445391895649","potions_obtained":[{"floor":3.0,"key":"Cursed Concoction"},{"floor":3.0,"key":"Toxic Potion"},{"floor":3.0,"key":"BlessingOfTheForge"},{"floor":15.0,"key":"Explosive Potion"},{"floor":24.0,"key":"SpeedPotion"},{"floor":28.0,"key":"Adrenaline Potion"}],"is_trial":false,"path_per_floor":["M","$","?","$","M","R","PTL","PTL","R","?","T","M","?","?","E","M","R","B",null,"M","?","?","?","M","PTL","PTL","R","E","R","T","R","M"],"character_chosen":"HERMIT","items_purchased":["Singing Bowl","Replay:Bandana","DemoMod:GnawedKey","hermit:Shortfuse","BrkXgEgg","hermit:Reprieve+1"],"campfire_rested":0,"item_purchase_floors":[2,2,2,2,4,4],"current_hp_per_floor":[75,75,75,75,75,75,75,75,75,75,75,71,71,71,58,57,57,31,77,77,77,77,79,74,74,74,74,68,68,79,79,0,0],"gold":492,"neow_bonus":"NOSTALGIA","is_daily":false,"chose_seed":false,"campfire_upgraded":6,"win_rate":0.0,"timestamp":1613879651,"path_taken":["M","$","?","$","?","R","PTL","PTL","R","?","T","M","?","?","E","M","R","BOSS","M","?","?","?","M","PTL","PTL","R","E","R","T","R","M"],"items_purchased_type":["Relic","Relic","Relic","Card","Relic","Card"],"build_version":"2020-12-22","purchased_purges":0,"victory":false,"max_hp_per_floor":[75,75,75,75,75,75,75,75,75,75,75,75,75,75,75,77,77,77,77,77,77,77,79,79,79,79,79,79,79,79,79,79,79],"card_choices":[{"not_picked":["hermit:Coalescence","hermit:WideOpen"],"picked":"hermit:Headshot","floor":1.0},{"not_picked":["hermit:Combo","hermit:LowProfile","hermit:Vantage","hermit:Coalescence"],"picked":"hermit:Feint","floor":5.0},{"not_picked":["hermit:LoneWolf","hermit:WideOpen","hermit:Manifest","hermit:TrackingShot"],"picked":"hermit:HeroicBravado+1","floor":12.0},{"not_picked":["hermit:ItchyTrigger","hermit:Spite","hermit:SprayPray","hermit:HoleUp","Conserve Battery"],"picked":"hermit:Brawl","floor":15.0},{"not_picked":["hermit:Glare","hermit:Combo","hermit:Ricochet","hermit:Desperado","hermit:CalledShot","Coolheaded"],"picked":"Singing Bowl","floor":16.0},{"not_picked":["hermit:Magnum+1","hermit:FromBeyond+1","hermit:HeroicBravado+1","hermit:BlackWind+1","MostiFishMod:StrandedSiren"],"picked":"hermit:FatalDesire+1","floor":18.0},{"not_picked":["hermit:Roulette","hermit:Deadeye","hermit:Horror","hermit:BodyArmor","DiskWipe"],"picked":"hermit:Gestalt","floor":20.0},{"not_picked":["Survey Options","MostiFishMod:PerfectForm+1","Blind","Flash of Steel"],"picked":"Secret Technique+1","floor":23.0},{"not_picked":["Specialist","hubris:Insight","Jack Of All Trades","PlatinumSkin","ReplayTheSpireMod:Trickstab"],"picked":"Singing Bowl","floor":23.0},{"not_picked":["hermit:ItchyTrigger","hermit:Vantage+1","hermit:Feint+1","hermit:SprayPray+1","Panic Button"],"picked":"hermit:EyeOfTheStorm+1","floor":24.0},{"not_picked":["hermit:Manifest","hermit:EyeOfTheStorm","hermit:TrackingShot","hermit:WideOpen+1","ReplayTheSpireMod:System Scan"],"picked":"hermit:ShadowCloak","floor":28.0}],"player_experience":731513,"relics_obtained":[{"floor":1.0,"key":"SynthV:TestCard"},{"floor":11.0,"key":"theForsaken:Lifeblossom"},{"floor":15.0,"key":"Replay:Kaleidoscope"},{"floor":28.0,"key":"RetroEgg"}],"event_choices":[{"damage_healed":0.0,"max_hp_gain":0.0,"max_hp_loss":0.0,"gold_gain":0.0,"event_name":"Lab","player_choice":"Got Potions","floor":3.0,"gold_loss":0.0,"damage_taken":0.0},{"damage_healed":0.0,"max_hp_gain":0.0,"max_hp_loss":0.0,"gold_gain":0.0,"event_name":"Golden Idol","player_choice":"Take Wound","floor":10.0,"gold_loss":0.0,"damage_taken":0.0,"relics_obtained":["Golden Idol"],"cards_obtained":["Injury"]},{"damage_healed":0.0,"max_hp_gain":0.0,"max_hp_loss":0.0,"gold_gain":0.0,"event_name":"betterNote:BetterNote","player_choice":"Ignored","floor":21.0,"gold_loss":0.0,"damage_taken":0.0,"cards_obtained":["Defend_G"]},{"damage_healed":0.0,"max_hp_gain":0.0,"max_hp_loss":0.0,"gold_gain":0.0,"event_name":"Vampires","player_choice":"Ignored","floor":22.0,"gold_loss":0.0,"damage_taken":0.0},{"damage_healed":0.0,"max_hp_gain":0.0,"max_hp_loss":0.0,"gold_gain":2.0,"event_name":"betterStone:BetterStone","player_choice":"1","floor":23.0,"gold_loss":0.0,"damage_taken":0.0}],"is_beta":false,"boss_relics":[{"not_picked":["qcfpunch:Dark_Gi","Snecko Eye"],"picked":"MoonlightInvasionPlan"}],"items_purged_floors":[],"is_endless":false,"potions_floor_spawned":[5,15,24,28],"killed_by":"DemoMod:4_Bullet_Kins","ascension_level":0}}