{"host":"93bjq340p293ukqy","time":1613937580,"event":{"mods":["BaseMod","Hermit","Minty Spire (QoL Compilation)","StSLib","The Cursed"],"gold_per_floor":[119,134,144,29,44,44,79,79,102,102,131,151,251,278,278,376,376,391,404,404,404,422,422,450,450,450,450,476,493,493,7,7,107,157,175,189,201,201,217,217,217],"floor_reached":40,"language":"ENG","playtime":2165,"items_purged":["Strike_G"],"score":636,"play_id":"8eaf1c0f-9bac-415e-a1ba-2b81e1be370d","local_time":"20210221215940","is_ascension_mode":true,"campfire_choices":[{"floor":6,"key":"RECALL"},{"floor":8,"key":"REST"},{"floor":15,"key":"REST"},{"floor":23,"key":"REST"},{"floor":25,"key":"REST"},{"floor":27,"key":"REST"},{"floor":32,"key":"REST"}],"circlet_count":0,"master_deck":["Strike_G","Strike_G","Strike_G","Strike_G","Defend_G","Defend_G","Defend_G","Defend_G","Survivor","Neutralize","Cloak And Dagger","All Out Attack","Caltrops","Noxious Fumes","Well Laid Plans","Accuracy","Cloak And Dagger","Cloak And Dagger","Caltrops","After Image+1","Distraction+1","PiercingWail","Tools of the Trade","Crippling Poison+1","Heel Hook","Blade Dance","Mayhem","Infinite Blades","Accuracy","Blade Dance","Terror+1","Blade Dance+1"],"relics":["Fusion Hammer","Bag of Marbles","Smiling Mask","Boot","Mummified Hand","Art of War","HoveringKite","Bronze Scales","Ninja Scroll","Letter Opener","Kunai","Tiny House"],"acts_visited":["Exordium","TheCity","TheBeyond"],"potions_floor_usage":[11,11,14,19,21,24,28,35,37,37,39,40],"damage_taken":[{"damage":0,"enemies":"Cultist","floor":1,"turns":5},{"damage":0,"enemies":"2 Louse","floor":2,"turns":3},{"damage":0,"enemies":"Small Slimes","floor":3,"turns":3},{"damage":7,"enemies":"3 Louse","floor":5,"turns":4},{"damage":24,"enemies":"Lagavulin","floor":7,"turns":8},{"damage":11,"enemies":"3 Sentries","floor":11,"turns":6},{"damage":4,"enemies":"Large Slime","floor":12,"turns":6},{"damage":27,"enemies":"Lagavulin","floor":14,"turns":6},{"damage":29,"enemies":"Hexaghost","floor":16,"turns":10},{"damage":3,"enemies":"Shell Parasite","floor":18,"turns":5},{"damage":7,"enemies":"Chosen","floor":19,"turns":8},{"damage":0,"enemies":"Masked Bandits","floor":21,"turns":1},{"damage":16,"enemies":"Centurion and Healer","floor":22,"turns":12},{"damage":44,"enemies":"Slavers","floor":24,"turns":6},{"damage":0,"enemies":"Gremlin Leader","floor":28,"turns":5},{"damage":12,"enemies":"Shelled Parasite and Fungi","floor":29,"turns":5},{"damage":27,"enemies":"Automaton","floor":33,"turns":9},{"damage":2,"enemies":"3 Shapes","floor":35,"turns":5},{"damage":4,"enemies":"Orb Walker","floor":36,"turns":3},{"damage":8,"enemies":"Writhing Mass","floor":37,"turns":6},{"damage":35,"enemies":"Spire Growth","floor":39,"turns":5},{"damage":39,"enemies":"Reptomancer","floor":40,"turns":2}],"seed_played":"-7689902195192955982","potions_obtained":[{"floor":1,"key":"GamblersBrew"},{"floor":3,"key":"SkillPotion"},{"floor":11,"key":"SmokeBomb"},{"floor":12,"key":"PowerPotion"},{"floor":16,"key":"BlessingOfTheForge"},{"floor":18,"key":"Weak Potion"},{"floor":22,"key":"SkillPotion"},{"floor":28,"key":"Poison Potion"},{"floor":33,"key":"ColorlessPotion"},{"floor":34,"key":"ColorlessPotion"},{"floor":35,"key":"PowerPotion"},{"floor":39,"key":"BlessingOfTheForge"}],"is_trial":false,"path_per_floor":["M","M","M","$","M","R","E","R","T","?","E","M","?","E","R","B",null,"M","M","?","?","M","R","E","R","T","R","E","M","?","$","R","B",null,"M","M","M","?","M","E"],"character_chosen":"THE_SILENT","items_purchased":["Noxious Fumes","Mayhem","Kunai","Infinite Blades"],"campfire_rested":6,"item_purchase_floors":[4,31,31,31],"current_hp_per_floor":[63,63,63,63,56,56,32,53,53,53,42,38,38,11,32,3,53,50,43,43,43,27,48,4,25,25,46,46,34,57,57,70,43,68,66,62,54,54,19,0,0],"gold":217,"neow_bonus":"BOSS_RELIC","is_daily":false,"chose_seed":false,"campfire_upgraded":0,"win_rate":0.0,"timestamp":1613937580,"path_taken":["M","M","M","$","M","R","E","R","T","?","E","M","?","E","R","BOSS","M","M","?","?","M","R","E","R","T","R","E","M","?","$","R","BOSS","M","M","M","?","M","E"],"items_purchased_type":["Card","Card","Relic","Card"],"build_version":"2020-12-22","purchased_purges":1,"victory":false,"max_hp_per_floor":[70,70,70,70,70,70,70,70,70,70,70,70,70,70,70,70,70,70,70,70,70,70,70,70,70,70,70,70,70,70,70,70,70,75,75,75,75,75,75,75,75],"card_choices":[{"not_picked":["Heel Hook","Tactician"],"picked":"Cloak And Dagger","floor":1},{"not_picked":["Dodge and Roll","Backflip"],"picked":"All Out Attack","floor":2},{"not_picked":["Quick Slash","Blade Dance"],"picked":"Caltrops","floor":3},{"not_picked":["Bouncing Flask","Outmaneuver"],"picked":"Well Laid Plans","floor":5},{"not_picked":["Calculated Gamble","Slice"],"picked":"Accuracy","floor":7},{"not_picked":["Burst","Concentrate"],"picked":"Cloak And Dagger","floor":11},{"not_picked":["Predator","Backflip"],"picked":"Cloak And Dagger","floor":12},{"not_picked":["Dagger Throw","Concentrate"],"picked":"Caltrops","floor":14},{"not_picked":["Die Die Die","Grand Finale"],"picked":"After Image","floor":16},{"not_picked":["Dodge and Roll","Concentrate"],"picked":"Distraction+1","floor":18},{"not_picked":["Flying Knee+1","Deflect"],"picked":"PiercingWail","floor":19},{"not_picked":["Backflip+1","Doppelganger"],"picked":"Crippling Poison+1","floor":22},{"not_picked":["Riddle With Holes+1","Corpse Explosion"],"picked":"Heel Hook","floor":24},{"not_picked":["Distraction","Bouncing Flask","Bane"],"picked":"SKIP","floor":28},{"not_picked":["Tactician+1","Dodge and Roll"],"picked":"Blade Dance","floor":29},{"not_picked":["Dagger Spray","Skewer"],"picked":"Accuracy","floor":34},{"not_picked":["Skewer","Flying Knee+1","All Out Attack+1"],"picked":"SKIP","floor":35},{"not_picked":["Noxious Fumes","Flechettes+1"],"picked":"Blade Dance","floor":36},{"not_picked":["Noxious Fumes+1","Acrobatics+1"],"picked":"Terror+1","floor":37},{"not_picked":["Eviscerate","Choke"],"picked":"Blade Dance+1","floor":39}],"player_experience":269189,"relics_obtained":[{"floor":7,"key":"Bag of Marbles"},{"floor":9,"key":"Smiling Mask"},{"floor":11,"key":"Mummified Hand"},{"floor":14,"key":"Art of War"},{"floor":24,"key":"Bronze Scales"},{"floor":26,"key":"Ninja Scroll"},{"floor":28,"key":"Letter Opener"}],"event_choices":[{"damage_healed":0,"gold_gain":0,"player_choice":"Box","damage_taken":0,"relics_obtained":["Boot"],"max_hp_gain":0,"max_hp_loss":0,"event_name":"Big Fish","floor":10,"gold_loss":0,"cards_obtained":["Regret"]},{"damage_healed":0,"gold_gain":100,"player_choice":"Gold","damage_taken":0,"max_hp_gain":0,"max_hp_loss":0,"event_name":"Wheel of Change","floor":13,"gold_loss":0},{"damage_healed":0,"gold_gain":0,"cards_transformed":["Regret","Defend_G"],"player_choice":"Became Test Subject","damage_taken":0,"max_hp_gain":0,"max_hp_loss":0,"event_name":"Drug Dealer","floor":20,"gold_loss":0,"cards_obtained":["Writhe","Tools of the Trade"]},{"damage_healed":0,"gold_gain":0,"player_choice":"Fought Bandits","damage_taken":0,"max_hp_gain":0,"max_hp_loss":0,"event_name":"Masked Bandits","floor":21,"gold_loss":0},{"damage_healed":23,"gold_gain":0,"player_choice":"Heal","damage_taken":0,"max_hp_gain":0,"max_hp_loss":0,"event_name":"The Library","floor":30,"gold_loss":0},{"cards_removed":["Writhe"],"damage_healed":0,"gold_gain":0,"player_choice":"Purged","damage_taken":0,"max_hp_gain":0,"max_hp_loss":0,"event_name":"Purifier","floor":38,"gold_loss":0}],"is_beta":false,"boss_relics":[{"not_picked":["Ectoplasm","Velvet Choker"],"picked":"HoveringKite"},{"not_picked":["Astrolabe","SacredBark"],"picked":"Tiny House"}],"items_purged_floors":[4],"is_endless":false,"potions_floor_spawned":[1,3,11,12,16,18,22,28,33,35,39],"killed_by":"Reptomancer","ascension_level":7}}