{"host":"py7qdianp3jrm8dm","time":1613945549,"event":{"mods":["AchievementEnabler","BaseMod","Bestiary","Downfall","Highlight Path","Minty Spire (QoL Compilation)","StSLib"],"gold_per_floor":[19,38,54,65,240,273,273,0,70,102,102,102,102,117,117,215,215,235,39,39,39,53,81,81,31,31,31,50,60,74,74,74,173,173,183,209,220,238,238,238,267,279,291,10,30,0,0,12,12,12,12],"floor_reached":50,"language":"ENG","playtime":2807,"items_purged":["Doubt"],"score":794,"play_id":"f9c11658-2df3-4247-89f7-fb6a2c0cf600","local_time":"20210221221229","is_ascension_mode":true,"campfire_choices":[{"floor":7,"key":"REST"},{"floor":11,"key":"REST"},{"data":"Study","floor":13,"key":"SMITH"},{"floor":15,"key":"REST"},{"data":"Omniscience","floor":24,"key":"SMITH"},{"data":"DeusExMachina","floor":27,"key":"SMITH"},{"floor":32,"key":"REST"},{"floor":40,"key":"REST"},{"data":"Worship","floor":42,"key":"SMITH"},{"data":"WreathOfFlame","floor":47,"key":"SMITH"},{"floor":49,"key":"REST"}],"circlet_count":0,"master_deck":["Strike_P","Strike_P","Strike_P","Defend_P","Defend_P","Defend_P","Defend_P","Eruption","Vigilance","DeceiveReality","Study+1","FlurryOfBlows","Prostrate","Omniscience+1","FollowUp","SandsOfTime","WreathOfFlame+1","Swivel","DeusExMachina+1","Prostrate","Pray","Prostrate","ReachHeaven","Prostrate+1","ReachHeaven","CrushJoints","WheelKick","MasterReality+1","FollowUp","SashWhip+1","Omniscience+1","Worship+1","FollowUp","Trip","TalkToTheHand+1","FollowUp+1"],"relics":["PureWater","Dead Branch","Ice Cream","Omamori","Frozen Egg 2","Bag of Preparation","Philosopher\u0027s Stone","MealTicket","Mercury Hourglass","WingedGreaves","Cursed Key","Anchor","MawBank","Orichalcum","Lantern","Red Mask"],"acts_visited":["Exordium","TheCity","TheBeyond"],"potions_floor_usage":[6,10,10,29,29,38,50,50],"damage_taken":[{"damage":9,"enemies":"2 Louse","floor":1,"turns":3},{"damage":0,"enemies":"Small Slimes","floor":2,"turns":3},{"damage":1,"enemies":"Cultist","floor":3,"turns":4},{"damage":0,"enemies":"Looter","floor":4,"turns":1},{"damage":15,"enemies":"3 Sentries","floor":6,"turns":4},{"damage":36,"enemies":"Lagavulin","floor":10,"turns":4},{"damage":14,"enemies":"Exordium Thugs","floor":14,"turns":3},{"damage":0,"enemies":"Slime Boss","floor":16,"turns":6},{"damage":10,"enemies":"3 Byrds","floor":18,"turns":6},{"damage":2,"enemies":"Chosen","floor":22,"turns":3},{"damage":12,"enemies":"Slavers","floor":23,"turns":4},{"damage":25,"enemies":"Centurion and Healer","floor":28,"turns":4},{"damage":0,"enemies":"Snake Plant","floor":29,"turns":2},{"damage":0,"enemies":"Snecko","floor":30,"turns":2},{"damage":28,"enemies":"Champ","floor":33,"turns":4},{"damage":0,"enemies":"Orb Walker","floor":35,"turns":1},{"damage":0,"enemies":"3 Shapes","floor":37,"turns":3},{"damage":27,"enemies":"Transient","floor":38,"turns":5},{"damage":8,"enemies":"Nemesis","floor":41,"turns":5},{"damage":0,"enemies":"3 Darklings","floor":45,"turns":1},{"damage":6,"enemies":"Writhing Mass","floor":48,"turns":5},{"damage":81,"enemies":"Awakened One","floor":50,"turns":8}],"seed_played":"1432559249832077435","potions_obtained":[{"floor":1,"key":"FearPotion"},{"floor":4,"key":"Strength Potion"},{"floor":6,"key":"Weak Potion"},{"floor":18,"key":"Weak Potion"},{"floor":22,"key":"Swift Potion"},{"floor":30,"key":"SteroidPotion"},{"floor":41,"key":"Block Potion"},{"floor":45,"key":"LiquidMemories"}],"is_trial":false,"path_per_floor":["M","M","M","M","?","E","R","$","T","E","R","?","R","M","R","B",null,"M","$","?","$","M","E","R","?","T","R","M","M","M","T","R","B",null,"M","T","M","M","?","R","E","R","T","$","M","?","R","M","R","B"],"character_chosen":"WATCHER","items_purchased":["Omamori","FollowUp","Pray","Prostrate","ReachHeaven","Lantern","FollowUp","Trip"],"campfire_rested":6,"item_purchase_floors":[8,8,19,19,19,44,44,44],"current_hp_per_floor":[63,63,62,62,62,47,68,68,68,32,53,53,53,39,60,60,69,59,59,59,59,57,45,45,45,45,45,20,20,20,20,41,13,57,57,57,57,30,30,51,43,43,43,58,58,58,58,52,72,0,0],"gold":12,"neow_bonus":"ONE_RARE_RELIC","is_daily":false,"chose_seed":false,"campfire_upgraded":5,"win_rate":0.0,"timestamp":1613945549,"path_taken":["M","M","M","M","?","E","R","$","T","E","R","?","R","M","R","BOSS","M","$","?","$","M","E","R","?","T","R","?","M","M","?","R","BOSS","M","?","?","M","?","R","E","R","T","$","?","?","R","M","R","BOSS"],"items_purchased_type":["Relic","Card","Card","Card","Card","Relic","Card","Card"],"build_version":"2020-12-22","purchased_purges":1,"victory":false,"max_hp_per_floor":[72,72,72,72,72,72,72,72,72,72,72,72,72,72,72,72,72,72,72,72,72,72,72,72,72,72,72,72,72,72,72,72,72,72,72,72,72,72,72,72,72,72,72,72,72,72,72,72,72,72,72],"card_choices":[{"not_picked":["SashWhip","Consecrate"],"picked":"DeceiveReality","floor":1},{"not_picked":["FlyingSleeves","Consecrate"],"picked":"Study","floor":2},{"not_picked":["Vengeance","Consecrate"],"picked":"FlurryOfBlows","floor":3},{"not_picked":["ClearTheMind","Protect"],"picked":"Prostrate","floor":4},{"not_picked":["Evaluate","WindmillStrike"],"picked":"Omniscience","floor":6},{"not_picked":["Nirvana+1","InnerPeace"],"picked":"SandsOfTime","floor":10},{"not_picked":["Consecrate","ThirdEye"],"picked":"Swivel","floor":14},{"not_picked":["Blasphemy","Wish"],"picked":"DeusExMachina","floor":16},{"not_picked":["Consecrate","EmptyFist"],"picked":"Prostrate","floor":18},{"not_picked":["SashWhip","MentalFortress+1"],"picked":"Prostrate+1","floor":22},{"not_picked":["Consecrate","Blasphemy"],"picked":"ReachHeaven","floor":23},{"not_picked":["ClearTheMind","Protect+1"],"picked":"CrushJoints","floor":28},{"not_picked":["MentalFortress+1","DeceiveReality+1"],"picked":"WheelKick","floor":29},{"not_picked":["Halt","Consecrate+1","Wireheading+1"],"picked":"SKIP","floor":30},{"not_picked":["LessonLearned","Wish"],"picked":"MasterReality+1","floor":33},{"not_picked":["ThirdEye+1","WaveOfTheHand"],"picked":"FollowUp","floor":35},{"not_picked":["FlurryOfBlows","PathToVictory+1"],"picked":"SashWhip+1","floor":37},{"not_picked":["Swivel+1","Adaptation+1","ThirdEye+1"],"picked":"SKIP","floor":38},{"not_picked":["EmptyBody","SpiritShield"],"picked":"Worship","floor":41},{"not_picked":["CutThroughFate","BowlingBash"],"picked":"TalkToTheHand+1","floor":45},{"not_picked":["FlyingSleeves+1","InnerPeace"],"picked":"FollowUp+1","floor":48}],"player_experience":650603,"relics_obtained":[{"floor":6,"key":"Ice Cream"},{"floor":9,"key":"Frozen Egg 2"},{"floor":10,"key":"Bag of Preparation"},{"floor":23,"key":"MealTicket"},{"floor":26,"key":"Mercury Hourglass"},{"floor":31,"key":"WingedGreaves"},{"floor":36,"key":"Anchor"},{"floor":41,"key":"MawBank"},{"floor":43,"key":"Orichalcum"}],"event_choices":[{"damage_healed":0,"gold_gain":175,"player_choice":"AGREE","damage_taken":0,"max_hp_gain":0,"max_hp_loss":0,"event_name":"Liars Game","floor":5,"gold_loss":0,"cards_obtained":["Doubt"]},{"damage_healed":0,"gold_gain":0,"cards_transformed":["Strike_P"],"player_choice":"Transformed","damage_taken":0,"max_hp_gain":0,"max_hp_loss":0,"event_name":"Transmorgrifier","floor":12,"gold_loss":0,"cards_obtained":["WreathOfFlame"]},{"damage_healed":0,"gold_gain":0,"player_choice":"Bet on Murderer","damage_taken":0,"max_hp_gain":0,"max_hp_loss":0,"event_name":"The Joust","floor":25,"gold_loss":50},{"damage_healed":0,"gold_gain":0,"player_choice":"Copied","damage_taken":0,"max_hp_gain":0,"max_hp_loss":0,"event_name":"Duplicator","floor":39,"gold_loss":0,"cards_obtained":["Omniscience"]},{"damage_healed":0,"gold_gain":0,"player_choice":"Paid","damage_taken":0,"relics_obtained":["Red Mask"],"max_hp_gain":0,"max_hp_loss":0,"event_name":"Tomb of Lord Red Mask","floor":46,"gold_loss":30}],"is_beta":false,"boss_relics":[{"not_picked":["SlaversCollar","HolyWater"],"picked":"Philosopher\u0027s Stone"},{"not_picked":["Pandora\u0027s Box","Black Star"],"picked":"Cursed Key"}],"items_purged_floors":[8],"is_endless":false,"potions_floor_spawned":[1,4,6,18,22,30,41,45],"killed_by":"Awakened One","ascension_level":5}}