{"host":"aapp7ew3jk5k1bvd","time":1613899742,"event":{"mods":["AchievementEnabler","BaseMod","Colored Map","Custom Start","Keyboard Shortcuts","Minty Spire (QoL Compilation)","Permanent Neow","Quick Restart","StSLib","SuperFastMode"],"gold_per_floor":[115,115,115,40,60,60,86,86,140,159,159,171,187,207,207,278,278,288,33,33,52,52,52,86,98,151,171,171,96,96,108,108,184,184,197,222,222,222,239,239,259,259,259,159,171,191,209,209,209],"floor_reached":48,"language":"KOR","playtime":1541,"items_purged":["Strike_B","Defend_B"],"score":817,"play_id":"c6a2f137-d32b-400e-98d9-4f451820bc04","local_time":"20210221182902","is_ascension_mode":true,"campfire_choices":[{"data":"Defragment","floor":6.0,"key":"SMITH"},{"data":"Zap","floor":8.0,"key":"SMITH"},{"data":"Loop","floor":11.0,"key":"SMITH"},{"floor":15.0,"key":"REST"},{"floor":23.0,"key":"REST"},{"data":"Loop","floor":30.0,"key":"SMITH"},{"data":"Coolheaded","floor":32.0,"key":"SMITH"},{"data":"Strike_B","floor":40.0,"key":"PURGE"},{"data":"Strike_B","floor":42,"key":"PURGE"}],"circlet_count":0,"master_deck":["AscendersBane","Defend_B+1","Defend_B","Defend_B","Zap+1","Dualcast+1","Ball Lightning","Defragment+1","Loop+1","Capacitor","Coolheaded","Electrodynamics","Cold Snap","Capacitor","Coolheaded+1","Loop+1","CurseOfTheBell","Blizzard+1","Blizzard","Conserve Battery"],"relics":["FrozenCore","FossilizedHelix","Ornamental Fan","Akabeko","DataDisk","Eternal Feather","War Paint","Nloth\u0027s Gift","Calling Bell","Regal Pillow","Gremlin Horn","Gambling Chip","Peace Pipe"],"acts_visited":["Exordium","TheCity","TheBeyond"],"potions_floor_usage":[],"damage_taken":[{"damage":0.0,"enemies":"Jaw Worm","floor":1.0,"turns":3.0},{"damage":0.0,"enemies":"2 Louse","floor":5.0,"turns":2.0},{"damage":20.0,"enemies":"3 Sentries","floor":7.0,"turns":6.0},{"damage":0.0,"enemies":"Cultist","floor":10.0,"turns":3.0},{"damage":0.0,"enemies":"3 Louse","floor":12.0,"turns":3.0},{"damage":0.0,"enemies":"2 Fungi Beasts","floor":13.0,"turns":2.0},{"damage":6.0,"enemies":"Exordium Thugs","floor":14.0,"turns":4.0},{"damage":8.0,"enemies":"Hexaghost","floor":16.0,"turns":8.0},{"damage":18.0,"enemies":"3 Byrds","floor":18.0,"turns":4.0},{"damage":0.0,"enemies":"Shell Parasite","floor":21.0,"turns":5.0},{"damage":17.0,"enemies":"Gremlin Leader","floor":24.0,"turns":6.0},{"damage":2.0,"enemies":"Shelled Parasite and Fungi","floor":25.0,"turns":5.0},{"damage":3.0,"enemies":"Cultist and Chosen","floor":27.0,"turns":6.0},{"damage":0.0,"enemies":"3 Cultists","floor":31.0,"turns":3.0},{"damage":10.0,"enemies":"Champ","floor":33.0,"turns":15.0},{"damage":0.0,"enemies":"Orb Walker","floor":35.0,"turns":5.0},{"damage":0.0,"enemies":"Mind Bloom Boss Battle","floor":36.0,"turns":8.0},{"damage":9.0,"enemies":"3 Darklings","floor":39.0,"turns":5.0},{"damage":0,"enemies":"Spire Growth","floor":41,"turns":7},{"damage":23,"enemies":"Jaw Worm Horde","floor":45,"turns":4},{"damage":0,"enemies":"3 Darklings","floor":46,"turns":4},{"damage":4,"enemies":"Maw","floor":47,"turns":9},{"damage":37,"enemies":"Sphere and 2 Shapes","floor":48,"turns":3}],"seed_played":"-5381529600557062043","potions_obtained":[{"floor":5.0,"key":"Swift Potion"},{"floor":7.0,"key":"SkillPotion"},{"floor":14.0,"key":"SteroidPotion"},{"floor":16.0,"key":"Dexterity Potion"},{"floor":18.0,"key":"Energy Potion"},{"floor":25.0,"key":"LiquidBronze"},{"floor":31.0,"key":"LiquidMemories"},{"floor":45,"key":"SpeedPotion"},{"floor":47,"key":"LiquidMemories"}],"is_trial":false,"path_per_floor":["M","?","?","$","M","R","E","R","T","M","R","M","M","M","R","B",null,"M","$","$","M","?","R","E","M","T","M","?","$","R","M","R","B",null,"M","?","?","?","M","R","M","R","T","$","M","M","M","M"],"character_chosen":"DEFECT","items_purchased":["DataDisk","Capacitor","Loop"],"campfire_rested":2,"item_purchase_floors":[19,19,29],"current_hp_per_floor":[64,57,46,46,46,46,26,26,26,26,26,26,26,20,39,31,56,38,38,38,38,38,57,40,38,38,35,35,35,44,44,53,43,59,59,59,59,59,50,62,62,64,64,64,41,41,37,0,0],"gold":209,"neow_bonus":"ONE_RARE_RELIC","is_daily":false,"chose_seed":false,"campfire_upgraded":5,"win_rate":0.0,"timestamp":1613899742,"path_taken":["M","?","?","$","M","R","E","R","T","?","R","M","M","M","R","BOSS","M","?","$","M","?","R","E","M","T","M","?","$","R","M","R","BOSS","M","?","?","?","M","R","M","R","T","$","M","M","M","M"],"items_purchased_type":["Relic","Card","Card"],"build_version":"2020-12-22","purchased_purges":2,"victory":false,"max_hp_per_floor":[64,64,64,64,64,64,64,64,64,64,64,64,64,64,64,64,64,64,64,64,64,64,64,64,64,64,64,64,64,64,64,64,64,64,64,64,64,64,64,64,64,64,64,64,64,64,64,64,64],"card_choices":[{"not_picked":["Streamline","Lockon"],"picked":"Ball Lightning","floor":1.0},{"not_picked":["Gash","Steam"],"picked":"Defragment","floor":5.0},{"not_picked":["Aggregate","Static Discharge"],"picked":"Loop","floor":7.0},{"not_picked":["Aggregate","Streamline","Beam Cell"],"picked":"SKIP","floor":10.0},{"not_picked":["Scrape","Stack"],"picked":"Capacitor","floor":12.0},{"not_picked":["Conserve Battery","Compile Driver"],"picked":"Coolheaded","floor":13.0},{"not_picked":["White Noise","Sweeping Beam","Barrage"],"picked":"SKIP","floor":14.0},{"not_picked":["Core Surge","Buffer"],"picked":"Electrodynamics","floor":16.0},{"not_picked":["Turbo","Redo"],"picked":"Cold Snap","floor":18.0},{"not_picked":["Stack","Redo"],"picked":"Coolheaded","floor":21.0},{"not_picked":["Rebound","Go for the Eyes","Multi-Cast"],"picked":"SKIP","floor":24.0},{"not_picked":["Leap","Coolheaded","Barrage+1"],"picked":"SKIP","floor":25.0},{"not_picked":["Gash","Double Energy","Streamline"],"picked":"SKIP","floor":27.0},{"not_picked":["Electrodynamics","Steam","Lockon+1"],"picked":"SKIP","floor":31.0},{"not_picked":["All For One","Amplify"],"picked":"Echo Form","floor":33.0},{"not_picked":["Steam","Self Repair+1"],"picked":"Blizzard+1","floor":35.0},{"not_picked":["Turbo","Streamline"],"picked":"Blizzard","floor":36.0},{"not_picked":["Fusion","Go for the Eyes","Barrage"],"picked":"SKIP","floor":39.0},{"not_picked":["White Noise","Barrage","Cold Snap"],"picked":"SKIP","floor":41},{"not_picked":["Streamline","Hyperbeam","Sweeping Beam"],"picked":"SKIP","floor":45},{"not_picked":["Leap","Double Energy"],"picked":"Conserve Battery","floor":46},{"not_picked":["Doom and Gloom+1","Hologram+1","Sweeping Beam"],"picked":"SKIP","floor":47}],"player_experience":1044450,"relics_obtained":[{"floor":7.0,"key":"Ornamental Fan"},{"floor":9.0,"key":"Akabeko"},{"floor":24.0,"key":"Eternal Feather"},{"floor":26.0,"key":"War Paint"},{"floor":34.0,"key":"Regal Pillow"},{"floor":34.0,"key":"Gremlin Horn"},{"floor":34.0,"key":"Gambling Chip"},{"floor":36.0,"key":"Peace Pipe"}],"event_choices":[{"cards_removed":["Strike_B"],"damage_healed":0.0,"max_hp_gain":0.0,"max_hp_loss":0.0,"gold_gain":0.0,"event_name":"Golden Wing","player_choice":"Card Removal","floor":2.0,"gold_loss":0.0,"damage_taken":7.0},{"damage_healed":0.0,"max_hp_gain":0.0,"max_hp_loss":0.0,"gold_gain":0.0,"event_name":"Scrap Ooze","player_choice":"Success","floor":3.0,"gold_loss":0.0,"damage_taken":11.0,"relics_obtained":["Boot"]},{"damage_healed":0.0,"max_hp_gain":0.0,"max_hp_loss":0.0,"gold_gain":0.0,"event_name":"The Mausoleum","player_choice":"Ignored","floor":22.0,"gold_loss":0.0,"damage_taken":0.0},{"damage_healed":0.0,"max_hp_gain":0.0,"max_hp_loss":0.0,"gold_gain":0.0,"event_name":"N\u0027loth","player_choice":"Traded Relic","floor":28.0,"relics_lost":["Boot"],"gold_loss":0.0,"damage_taken":0.0,"relics_obtained":["Nloth\u0027s Gift"]},{"damage_healed":0.0,"max_hp_gain":0.0,"max_hp_loss":0.0,"gold_gain":0.0,"event_name":"MindBloom","player_choice":"Fight","floor":36.0,"gold_loss":0.0,"damage_taken":0.0},{"damage_healed":0.0,"max_hp_gain":0.0,"max_hp_loss":0.0,"gold_gain":0.0,"event_name":"Tomb of Lord Red Mask","player_choice":"Ignored","floor":37.0,"gold_loss":0.0,"damage_taken":0.0},{"cards_removed":["Echo Form"],"damage_healed":0.0,"max_hp_gain":0.0,"max_hp_loss":0.0,"gold_gain":0.0,"event_name":"Falling","player_choice":"Removed Power","floor":38.0,"gold_loss":0.0,"damage_taken":0.0}],"is_beta":false,"boss_relics":[{"not_picked":["Astrolabe","Cursed Key"],"picked":"FrozenCore"},{"not_picked":["Sozu","Fusion Hammer"],"picked":"Calling Bell"}],"items_purged_floors":[4,44],"is_endless":false,"potions_floor_spawned":[5,7,12,14,16,18,21,25,31,33,36,45,46,47],"killed_by":"Sphere and 2 Shapes","ascension_level":16}}