{"host":"sw6p9u0oh417cx03","time":1613918644,"event":{"mods":["AchievementEnabler","Act Like it!","BaseMod","CapriCore","DeckTracker","Highlight Path","Minty Spire (QoL Compilation)","Quick Restart","StSLib"],"gold_per_floor":[113,63,63,63,63,89,104,104,104,22,32,64,64,64,64,169,169,182,182,182,182,132,132,151,171,171,216,242,0,12,37,49,61,61],"floor_reached":33,"language":"ZHS","playtime":1404,"items_purged":["Strike_G"],"score":459,"play_id":"af7b7bd6-ddac-470f-acdf-b72ca6f3bb70","local_time":"20210221224404","is_ascension_mode":true,"campfire_choices":[{"data":"Blade Dance","floor":8.0,"key":"SMITH"},{"data":"Reflex","floor":13.0,"key":"SMITH"},{"data":"Phantasmal Killer","floor":15.0,"key":"SMITH"},{"floor":23.0,"key":"REST"},{"floor":30,"key":"REST"},{"floor":32,"key":"REST"}],"circlet_count":0,"master_deck":["AscendersBane","Strike_G","Defend_G","Defend_G","Defend_G","Defend_G","Defend_G","Survivor","Neutralize","Well Laid Plans","Blade Dance+1","Reflex+1","Phantasmal Killer+1","After Image","Escape Plan","Adrenaline"],"relics":["Ring of the Snake","NeowsBlessing","Omamori","Bronze Scales","Smiling Mask","Philosopher\u0027s Stone","Nilry\u0027s Codex","MawBank","Molten Egg 2"],"acts_visited":["Exordium","TheCity"],"potions_floor_usage":[28,33,33],"damage_taken":[{"damage":0.0,"enemies":"Jaw Worm","floor":1.0,"turns":1.0},{"damage":0.0,"enemies":"Gremlin Nob","floor":6.0,"turns":1.0},{"damage":0.0,"enemies":"2 Louse","floor":7.0,"turns":1.0},{"damage":0.0,"enemies":"Cultist","floor":11.0,"turns":4.0},{"damage":23.0,"enemies":"Lagavulin","floor":12.0,"turns":9.0},{"damage":34.0,"enemies":"Hexaghost","floor":16.0,"turns":11.0},{"damage":8.0,"enemies":"3 Byrds","floor":18.0,"turns":3.0},{"damage":28.0,"enemies":"2 Thieves","floor":24.0,"turns":4.0},{"damage":0.0,"enemies":"3 Cultists","floor":25.0,"turns":6.0},{"damage":17.0,"enemies":"Gremlin Leader","floor":27.0,"turns":6.0},{"damage":5,"enemies":"Cultist and Chosen","floor":28,"turns":6},{"damage":2,"enemies":"Centurion and Healer","floor":31,"turns":6},{"damage":63,"enemies":"Collector","floor":33,"turns":6}],"seed_played":"-2686099906014504411","potions_obtained":[{"floor":7.0,"key":"EntropicBrew"},{"floor":24.0,"key":"SkillPotion"},{"floor":27.0,"key":"FearPotion"},{"floor":28,"key":"Explosive Potion"},{"floor":31,"key":"SneckoOil"}],"is_trial":false,"path_per_floor":["M","?","?","$","?","E","M","R","T","$","M","E","R","?","R","B",null,"M","T","?","?","$","R","M","M","T","E","M","?","R","M","R","B"],"character_chosen":"THE_SILENT","items_purchased":["Reflex"],"campfire_rested":3,"item_purchase_floors":[10],"current_hp_per_floor":[63,63,56,56,56,56,56,56,56,56,56,33,33,70,70,36,62,54,54,38,38,38,59,31,31,31,14,9,9,30,28,49,0,0],"gold":61,"neow_bonus":"THREE_ENEMY_KILL","is_daily":false,"chose_seed":false,"campfire_upgraded":3,"win_rate":0.0,"timestamp":1613918644,"path_taken":["M","?","?","?","?","E","M","R","T","?","?","E","R","?","R","BOSS","M","?","?","?","$","R","M","M","T","E","M","?","R","M","R","BOSS"],"items_purchased_type":["Card"],"build_version":"2020-12-22","purchased_purges":1,"victory":false,"max_hp_per_floor":[70,70,70,70,70,70,70,70,70,70,70,70,70,70,70,70,70,70,70,70,70,70,70,70,70,70,70,70,70,70,70,70,70,70],"card_choices":[{"not_picked":["Slice","Deadly Poison","Flying Knee"],"picked":"SKIP","floor":1.0},{"not_picked":["Quick Slash","Finisher","Deadly Poison"],"picked":"SKIP","floor":6.0},{"not_picked":["Dodge and Roll","Bane"],"picked":"Blade Dance","floor":7.0},{"not_picked":["Sucker Punch","Flechettes","Poisoned Stab"],"picked":"SKIP","floor":11.0},{"not_picked":["Bane","Quick Slash"],"picked":"Phantasmal Killer","floor":12.0},{"not_picked":["Doppelganger","Bullet Time"],"picked":"After Image","floor":16.0},{"not_picked":["Flying Knee+1","Setup","Leg Sweep+1"],"picked":"SKIP","floor":18.0},{"not_picked":["Deflect","Cloak And Dagger","Deadly Poison+1"],"picked":"SKIP","floor":24.0},{"not_picked":["Leg Sweep","Bane"],"picked":"Escape Plan","floor":25.0},{"not_picked":["Reflex","Quick Slash+1"],"picked":"Adrenaline","floor":27.0},{"not_picked":["Blur","Slice+1","Predator+1"],"picked":"SKIP","floor":28},{"not_picked":["Flying Knee+1","Choke+1","Poisoned Stab+1"],"picked":"SKIP","floor":31}],"player_experience":307320,"relics_obtained":[{"floor":6.0,"key":"Omamori"},{"floor":9.0,"key":"Bronze Scales"},{"floor":12.0,"key":"Smiling Mask"},{"floor":20.0,"key":"Nilry\u0027s Codex"},{"floor":26.0,"key":"MawBank"},{"floor":27.0,"key":"Molten Egg 2"}],"event_choices":[{"cards_removed":["Strike_G"],"damage_healed":0.0,"max_hp_gain":0.0,"max_hp_loss":0.0,"gold_gain":0.0,"event_name":"The Cleric","player_choice":"Card Removal","floor":2.0,"gold_loss":50.0,"damage_taken":0.0},{"cards_removed":["Strike_G"],"damage_healed":0.0,"max_hp_gain":0.0,"max_hp_loss":0.0,"gold_gain":0.0,"event_name":"Golden Wing","player_choice":"Card Removal","floor":3.0,"gold_loss":0.0,"damage_taken":7.0},{"damage_healed":0.0,"max_hp_gain":0.0,"max_hp_loss":0.0,"gold_gain":0.0,"cards_transformed":["Strike_G"],"event_name":"Living Wall","player_choice":"Change","floor":5.0,"gold_loss":0.0,"damage_taken":0.0,"cards_obtained":["Well Laid Plans"]},{"damage_healed":37.0,"max_hp_gain":0.0,"max_hp_loss":0.0,"gold_gain":0.0,"event_name":"Wheel of Change","player_choice":"Full Heal","floor":14.0,"gold_loss":0.0,"damage_taken":0.0},{"damage_healed":0.0,"max_hp_gain":0.0,"max_hp_loss":0.0,"gold_gain":0.0,"event_name":"Cursed Tome","player_choice":"Obtained Book","floor":20.0,"gold_loss":0.0,"damage_taken":16.0},{"damage_healed":0.0,"max_hp_gain":0.0,"max_hp_loss":0.0,"gold_gain":0.0,"event_name":"Vampires","player_choice":"Ignored","floor":21.0,"gold_loss":0.0,"damage_taken":0.0},{"damage_healed":0,"gold_gain":0,"player_choice":"Paid Fearfully","damage_taken":0,"max_hp_gain":0,"max_hp_loss":0,"event_name":"Masked Bandits","floor":29,"gold_loss":254}],"is_beta":false,"boss_relics":[{"not_picked":["Tiny House","Black Star"],"picked":"Philosopher\u0027s Stone"}],"items_purged_floors":[22],"is_endless":false,"potions_floor_spawned":[7,24,27,28,31],"killed_by":"Collector","ascension_level":11}}