{"host":"n08mv44ohivl39d9","time":1613884573,"event":{"mods":["BaseMod","Bestiary","Highlight Path","Minty Spire (QoL Compilation)","Relic Stats"],"gold_per_floor":[116,134,154,35,35,60,60,89,89,89,104,104,104,119,119,196,196,206,224,274,9,9,9,21,50,100,113,113,113,113,144,144,220,220,231,75,121,121,135,135,10,20,20,20,40,40,65,65,65,65,65,65],"floor_reached":51,"language":"ENG","playtime":3338,"items_purged":["Strike_G","Strike_G","Strike_G"],"score":1382,"play_id":"ed0115b0-4cb0-46c9-9e4c-044fc321e421","local_time":"20210220231613","is_ascension_mode":true,"campfire_choices":[{"floor":7,"key":"REST"},{"data":"Crippling Poison","floor":10,"key":"SMITH"},{"data":"Deadly Poison","floor":13,"key":"SMITH"},{"data":"Noxious Fumes","floor":15,"key":"SMITH"},{"data":"Burst","floor":23,"key":"SMITH"},{"data":"Footwork","floor":28,"key":"SMITH"},{"floor":30,"key":"REST"},{"floor":32,"key":"REST"},{"data":"Wraith Form v2","floor":40,"key":"SMITH"},{"floor":44,"key":"RECALL"},{"data":"Dodge and Roll","floor":46,"key":"SMITH"},{"floor":49,"key":"REST"}],"circlet_count":0,"master_deck":["AscendersBane","Strike_G","Strike_G","Defend_G","Defend_G","Defend_G","Defend_G","Defend_G","Survivor","Neutralize","Sadistic Nature+1","Slice","Crippling Poison+1","Noxious Fumes+1","Deadly Poison+1","Calculated Gamble","After Image","Blur","Burst+1","Crippling Poison","Footwork+1","Finesse","Dodge and Roll+1","Acrobatics","Wraith Form v2+1","Acrobatics","Footwork+1","Leg Sweep"],"relics":["Ring of the Snake","Bronze Scales","Shuriken","Runic Dome","Letter Opener","Centennial Puzzle","InkBottle","Cursed Key","Shovel","Peace Pipe"],"acts_visited":["Exordium","TheCity","TheBeyond"],"potions_floor_usage":[8,14,14,14,18,19,24,25,33,37,42,50],"damage_taken":[{"damage":12,"enemies":"Cultist","floor":1,"turns":7},{"damage":4,"enemies":"2 Louse","floor":2,"turns":4},{"damage":0,"enemies":"Small Slimes","floor":3,"turns":4},{"damage":26,"enemies":"Gremlin Nob","floor":6,"turns":4},{"damage":15,"enemies":"3 Sentries","floor":8,"turns":7},{"damage":0,"enemies":"2 Fungi Beasts","floor":11,"turns":1},{"damage":3,"enemies":"Large Slime","floor":14,"turns":4},{"damage":0,"enemies":"Hexaghost","floor":16,"turns":6},{"damage":15,"enemies":"Chosen","floor":18,"turns":5},{"damage":0,"enemies":"Spheric Guardian","floor":19,"turns":3},{"damage":11,"enemies":"Snecko","floor":24,"turns":5},{"damage":22,"enemies":"Slavers","floor":25,"turns":2},{"damage":0,"enemies":"3 Cultists","floor":27,"turns":3},{"damage":13,"enemies":"Colosseum Slavers","floor":29,"turns":3},{"damage":8,"enemies":"Book of Stabbing","floor":31,"turns":5},{"damage":21,"enemies":"Champ","floor":33,"turns":11},{"damage":0,"enemies":"Orb Walker","floor":35,"turns":4},{"damage":3,"enemies":"2 Orb Walkers","floor":37,"turns":3},{"damage":19,"enemies":"3 Darklings","floor":39,"turns":4},{"damage":0,"enemies":"Sphere and 2 Shapes","floor":42,"turns":5},{"damage":0,"enemies":"Spire Growth","floor":45,"turns":5},{"damage":0,"enemies":"Mind Bloom Boss Battle","floor":47,"turns":4},{"damage":22,"enemies":"Awakened One","floor":50,"turns":21},{"damage":25,"enemies":"Time Eater","floor":51,"turns":5}],"seed_played":"-1859763394795764617","potions_obtained":[{"floor":1,"key":"LiquidBronze"},{"floor":6,"key":"LiquidMemories"},{"floor":11,"key":"EntropicBrew"},{"floor":14,"key":"Swift Potion"},{"floor":16,"key":"Energy Potion"},{"floor":19,"key":"ColorlessPotion"},{"floor":25,"key":"CultistPotion"},{"floor":37,"key":"Fire Potion"},{"floor":39,"key":"Block Potion"}],"is_trial":false,"path_per_floor":["M","M","M","$","?","E","R","E","T","R","M","?","R","M","R","B",null,"M","M","?","$","?","R","M","E","T","M","R","?","R","E","R","B",null,"M","$","?","?","M","R","$","M","T","R","M","R","?","?","R","B","B"],"character_chosen":"THE_SILENT","items_purchased":["Noxious Fumes","Deadly Poison","Finesse","Regen Potion","Block Potion"],"campfire_rested":4,"item_purchase_floors":[4,4,21,21,36],"current_hp_per_floor":[47,43,43,43,43,17,35,20,20,20,20,20,20,17,17,17,49,34,34,34,34,34,34,38,16,16,16,16,3,21,13,31,10,48,48,48,45,45,26,26,26,26,26,26,26,26,26,26,43,21,0,0],"gold":65,"neow_bonus":"RANDOM_COLORLESS_2","is_daily":false,"chose_seed":false,"campfire_upgraded":7,"win_rate":0.0,"timestamp":1613884573,"path_taken":["M","M","M","$","?","E","R","E","T","R","M","?","R","M","R","BOSS","M","M","?","$","?","R","M","E","T","M","R","?","R","E","R","BOSS","M","$","?","?","M","R","?","?","T","R","?","R","?","?","R","BOSS","BOSS"],"items_purchased_type":["Card","Card","Card","Potion","Potion"],"build_version":"2020-12-22","purchased_purges":3,"victory":false,"max_hp_per_floor":[60,60,60,60,60,60,60,60,60,60,60,60,60,60,60,60,60,60,60,60,60,60,60,60,60,60,60,60,60,60,60,60,60,60,60,60,60,57,57,57,57,57,57,57,57,57,57,57,57,57,57,57],"relic_stats":{"Peace Pipe":0,"Centennial Puzzle":[21],"Shovel":0,"counters":[24,125],"Shuriken":[12],"Bronze Scales":[351],"Letter Opener":[468],"Cursed Key":0,"obtain_stats":[{"Peace Pipe":47,"Runic Dome":17,"Centennial Puzzle":26,"Shovel":37,"Shuriken":8,"Bronze Scales":6,"Letter Opener":25,"Cursed Key":34,"InkBottle":31,"Ring of the Snake":0},{"Peace Pipe":22,"Runic Dome":8,"Centennial Puzzle":12,"Shovel":18,"Shuriken":5,"Bronze Scales":4,"Letter Opener":12,"Cursed Key":16,"InkBottle":15,"Ring of the Snake":0},{"Peace Pipe":99,"Runic Dome":37,"Centennial Puzzle":52,"Shovel":81,"Shuriken":26,"Bronze Scales":19,"Letter Opener":52,"Cursed Key":74,"InkBottle":63,"Ring of the Snake":0}],"InkBottle":[34],"Ring of the Snake":[48]},"card_choices":[{"not_picked":["Secret Technique","Thinking Ahead"],"picked":"Sadistic Nature","floor":0},{"not_picked":["Escape Plan","Underhanded Strike"],"picked":"Slice","floor":1},{"not_picked":["Tactician","Outmaneuver"],"picked":"Backstab","floor":2},{"not_picked":["Choke","Slice"],"picked":"Crippling Poison","floor":3},{"not_picked":["Well Laid Plans","Cloak And Dagger"],"picked":"Calculated Gamble","floor":6},{"not_picked":["Underhanded Strike","Expertise"],"picked":"After Image","floor":8},{"not_picked":["Dagger Spray","Masterful Stab","Flechettes"],"picked":"SKIP","floor":11},{"not_picked":["Escape Plan","Tactician"],"picked":"Blur","floor":14},{"not_picked":["Die Die Die","Storm of Steel"],"picked":"Burst","floor":16},{"not_picked":["Bane+1","Choke"],"picked":"Crippling Poison","floor":18},{"not_picked":["Quick Slash","Acrobatics"],"picked":"Footwork","floor":19},{"not_picked":["Deflect","Flying Knee"],"picked":"Dodge and Roll","floor":24},{"not_picked":["Outmaneuver","Accuracy","Choke"],"picked":"SKIP","floor":25},{"not_picked":["Deadly Poison","Well Laid Plans"],"picked":"Acrobatics","floor":27},{"not_picked":["Prepared","Slice+1","Flying Knee"],"picked":"SKIP","floor":31},{"not_picked":["Grand Finale","Die Die Die"],"picked":"Wraith Form v2","floor":33},{"not_picked":["Well Laid Plans","Dodge and Roll"],"picked":"Acrobatics","floor":35},{"not_picked":["Finisher+1","Prepared"],"picked":"Footwork+1","floor":39},{"not_picked":["Distraction","Well Laid Plans+1"],"picked":"Leg Sweep","floor":42},{"not_picked":["Bane","Well Laid Plans","Underhanded Strike"],"picked":"SKIP","floor":45}],"player_experience":1506356,"relics_obtained":[{"floor":6,"key":"Bronze Scales"},{"floor":8,"key":"Shuriken"},{"floor":25,"key":"Letter Opener"},{"floor":26,"key":"Centennial Puzzle"},{"floor":31,"key":"InkBottle"},{"floor":37,"key":"Shovel"},{"floor":47,"key":"Peace Pipe"}],"event_choices":[{"damage_healed":0,"gold_gain":0,"player_choice":"Grow","damage_taken":0,"max_hp_gain":0,"max_hp_loss":0,"event_name":"Living Wall","floor":5,"gold_loss":0,"cards_upgraded":["Sadistic Nature"]},{"damage_healed":0,"gold_gain":0,"player_choice":"0 cards matched","damage_taken":0,"max_hp_gain":0,"max_hp_loss":0,"event_name":"Match and Keep!","floor":12,"gold_loss":0,"cards_obtained":[]},{"damage_healed":0,"gold_gain":50,"player_choice":"Stole From Cult","damage_taken":0,"max_hp_gain":0,"max_hp_loss":0,"event_name":"Nest","floor":20,"gold_loss":0},{"damage_healed":0,"gold_gain":0,"player_choice":"Fight","damage_taken":0,"max_hp_gain":0,"max_hp_loss":0,"event_name":"Colosseum","floor":29,"gold_loss":0},{"damage_healed":0,"gold_gain":0,"player_choice":"Fled From Nobs","damage_taken":0,"max_hp_gain":0,"max_hp_loss":0,"event_name":"Colosseum","floor":29,"gold_loss":0},{"damage_healed":0,"gold_gain":0,"player_choice":"Fight","damage_taken":0,"max_hp_gain":0,"max_hp_loss":0,"event_name":"Mysterious Sphere","floor":37,"gold_loss":0},{"damage_healed":0,"gold_gain":0,"player_choice":"Max HP","damage_taken":0,"max_hp_gain":0,"max_hp_loss":3,"event_name":"Winding Halls","floor":38,"gold_loss":0},{"damage_healed":0,"gold_gain":0,"player_choice":"Fight","damage_taken":0,"max_hp_gain":0,"max_hp_loss":0,"event_name":"MindBloom","floor":47,"gold_loss":0},{"cards_removed":["Backstab"],"damage_healed":0,"gold_gain":0,"player_choice":"Removed Attack","damage_taken":0,"max_hp_gain":0,"max_hp_loss":0,"event_name":"Falling","floor":48,"gold_loss":0}],"is_beta":false,"boss_relics":[{"not_picked":["Coffee Dripper","HoveringKite"],"picked":"Runic Dome"},{"not_picked":["Fusion Hammer","Velvet Choker"],"picked":"Cursed Key"}],"items_purged_floors":[21,36,41],"is_endless":false,"potions_floor_spawned":[1,6,11,14,16,19,25,29,37,39],"killed_by":"Time Eater","ascension_level":20}}