{"host":"pynofkhbweftzsaw","time":1613875391,"event":{"mods":["BaseMod","Colored Map","Marisa????????","Minty Spire (QoL Compilation)","StSLib","The Servant 0.9.4"],"gold_per_floor":[109,109,121,141,141,141,62,62,89,89,89,130,130,154,154,154,154],"floor_reached":16,"language":"ENG","playtime":602,"items_purged":[],"score":108,"play_id":"f38d0734-a5f9-4177-9487-2a79af0cc534","local_time":"20210221104311","is_ascension_mode":true,"campfire_choices":[{"data":"Reprogram","floor":6,"key":"SMITH"},{"data":"Sunder","floor":8,"key":"SMITH"},{"floor":10,"key":"REST"},{"data":"Dualcast","floor":13,"key":"SMITH"},{"data":"Go for the Eyes","floor":15,"key":"SMITH"}],"circlet_count":0,"master_deck":["Strike_B","Strike_B","Strike_B","Defend_B","Defend_B","Defend_B","Defend_B","Zap","Dualcast+1","Reprogram+1","Sunder+1","Go for the Eyes+1"],"relics":["Cracked Core","Golden Idol","Lantern","Mummified Hand","Dream Catcher"],"acts_visited":["Exordium"],"potions_floor_usage":[16],"damage_taken":[{"damage":0,"enemies":"Small Slimes","floor":1,"turns":3},{"damage":4,"enemies":"2 Louse","floor":3,"turns":3},{"damage":2,"enemies":"Jaw Worm","floor":4,"turns":3},{"damage":26,"enemies":"3 Sentries","floor":12,"turns":6},{"damage":3,"enemies":"Blue Slaver","floor":14,"turns":3},{"damage":38,"enemies":"Hexaghost","floor":16,"turns":10}],"seed_played":"4583093612057235293","potions_obtained":[{"floor":3,"key":"LiquidBronze"},{"floor":4,"key":"Strength Potion"}],"is_trial":false,"path_per_floor":["M","?","M","M","?","R","$","R","T","R","T","E","R","M","R","B"],"character_chosen":"DEFECT","items_purchased":["Sunder"],"campfire_rested":1,"item_purchase_floors":[7],"current_hp_per_floor":[75,68,64,62,44,44,44,44,44,66,66,40,40,37,37,0,0],"gold":154,"neow_bonus":"THREE_CARDS","is_daily":false,"chose_seed":false,"campfire_upgraded":4,"win_rate":0.0,"timestamp":1613875391,"path_taken":["M","?","M","M","?","R","?","R","T","R","?","E","R","?","R","BOSS"],"items_purchased_type":["Card"],"build_version":"2020-12-22","purchased_purges":0,"victory":false,"max_hp_per_floor":[75,75,75,75,75,75,75,75,75,75,75,75,75,75,75,75,75],"card_choices":[{"not_picked":["Barrage","Streamline","Undo"],"picked":"SKIP","floor":1},{"not_picked":["Sweeping Beam","Leap","Conserve Battery"],"picked":"SKIP","floor":3},{"not_picked":["Hologram","Steam"],"picked":"Reprogram","floor":4},{"not_picked":["Rebound","Doom and Gloom","Storm"],"picked":"SKIP","floor":12},{"not_picked":["Chill","Coolheaded"],"picked":"Go for the Eyes","floor":14}],"player_experience":180780,"relics_obtained":[{"floor":9,"key":"Lantern"},{"floor":11,"key":"Mummified Hand"},{"floor":12,"key":"Dream Catcher"}],"event_choices":[{"cards_removed":["Strike_B"],"damage_healed":0,"gold_gain":0,"player_choice":"Card Removal","damage_taken":7,"max_hp_gain":0,"max_hp_loss":0,"event_name":"Golden Wing","floor":2,"gold_loss":0},{"damage_healed":0,"gold_gain":0,"player_choice":"Take Damage","damage_taken":18,"relics_obtained":["Golden Idol"],"max_hp_gain":0,"max_hp_loss":0,"event_name":"Golden Idol","floor":5,"gold_loss":0}],"is_beta":false,"boss_relics":[],"items_purged_floors":[],"is_endless":false,"potions_floor_spawned":[3,4],"killed_by":"Hexaghost","ascension_level":2}}