{"host":"627up2rvtmm0cf0r","time":1613920451,"event":{"mods":["ATMod(阿瑾Mod)","Act Like it!","BaseMod","Better Vampires","Bossed Relics","CapriCore","Card Filter","Card Forge","Colored Powertips","DeckTracker","Dota2Spire","Downfall","Energized Spire","Friendly Minions","Highlight Path","Infinite Spire","Jedi Mod","Minty Spire (QoL Compilation)","MostiFishMod","Permanent Neow","Practice Mode","Quick Restart","Relic Stats","Reliquary","Ryuuou龙王","Shop Mod","Spicy Shops","StSLib","SuperFastMode","TestMod","【遗物卡牌】REMEMod","篝火指南"],"gold_per_floor":[109,128,128,147,222,222,255,255,278,297,82,116,41,81,81,186,186,206,206,206,222,233,233,233,243,243,99,99,119,19,50,50,750,750,768,768,782,782,782,809,824,846,871,909,634,672,696,710,341,341,341,166,21,53,55],"floor_reached":56,"language":"ZHS","playtime":1912,"items_purged":["Strike_B","Writhe","Strike_B","Strike_B","Defend_B+1","Defend_B+1","Defend_B+1"],"score":2254,"play_id":"f8f0d86d-0480-4748-bf98-4c356dc5879c","local_time":"20210221231411","is_ascension_mode":true,"campfire_choices":[{"data":"Discovery","floor":6,"key":"SMITH"},{"data":"White Noise","floor":8,"key":"SMITH"},{"data":"AT_FamilyPortrait","floor":15,"key":"SMITH"},{"data":"champ:EnchantCrown","floor":24,"key":"SMITH"},{"data":"Zap","floor":28,"key":"SMITH"},{"floor":32,"key":"RECALL"}],"circlet_count":0,"master_deck":["Defend_B+1","Zap+1","Dualcast+1","Discovery+1","AT_FamilyPortrait+1","champ:EnchantCrown+1","White Noise+1","AT_RightCognition+1","White Noise+1","infinitespire:Collect+1","MostiFishMod:ReadyAimFire+1"],"relics":["FrozenCore","Hammer of Thor","Seething Fire","Anvil of the Gods","DaveBox","testmod-TestBox","REME_ComplimentaryCards","AT_ATBox","testmod-AssaultLearning","FeatherPendant","SynthV:TestCard","Anchor","Bag of Preparation","BrkXgEgg","OrangePellets","reliquary:Firecrackers","Tiny House","SynthV:C4","Mercury Hourglass","AT_SilvercatRing","Black Star","Guardian:GemstoneGun","reliquary:CitrusReamer","AT_RedTearstoneRing","Pocketwatch","AT_SeraphEmbrace","testmod-Déjàvu","testmod-TheFather","testmod-Nyarlathotep","Omamori","AT_SpeedBoots","Dota2Spire:BladeMail","hexamod:BolsterEngine","bronze:DonusWashers","Lantern","reliquary:LoveEmittingDiode","Pen Nib"],"acts_visited":["Exordium","TheCity","TheBeyond","TheEnding"],"potions_floor_usage":[],"damage_taken":[{"damage":0,"enemies":"Jaw Worm","floor":1,"turns":2},{"damage":0,"enemies":"2 Louse","floor":2,"turns":2},{"damage":0,"enemies":"Cultist","floor":4,"turns":2},{"damage":24,"enemies":"3 Sentries","floor":7,"turns":3},{"damage":0,"enemies":"Exordium Wildlife","floor":10,"turns":2},{"damage":0,"enemies":"Gremlin Nob","floor":12,"turns":1},{"damage":0,"enemies":"Large Slime","floor":14,"turns":2},{"damage":0,"enemies":"Hexaghost","floor":16,"turns":3},{"damage":1,"enemies":"2 Thieves","floor":18,"turns":2},{"damage":0,"enemies":"Chosen","floor":21,"turns":1},{"damage":14,"enemies":"Snake Plant","floor":22,"turns":2},{"damage":0,"enemies":"Centurion and Healer","floor":25,"turns":1},{"damage":0,"enemies":"Shelled Parasite and Fungi","floor":29,"turns":2},{"damage":6,"enemies":"Book of Stabbing","floor":31,"turns":1},{"damage":0,"enemies":"Automaton","floor":33,"turns":3},{"damage":0,"enemies":"3 Darklings","floor":35,"turns":1},{"damage":0,"enemies":"Orb Walker","floor":37,"turns":1},{"damage":0,"enemies":"Reptomancer","floor":40,"turns":2},{"damage":0,"enemies":"Jaw Worm Horde","floor":41,"turns":1},{"damage":0,"enemies":"Maw","floor":42,"turns":1},{"damage":0,"enemies":"Giant Head","floor":44,"turns":1},{"damage":0,"enemies":"Reptomancer","floor":46,"turns":1},{"damage":0,"enemies":"4 Shapes","floor":47,"turns":1},{"damage":0,"enemies":"Spire Growth","floor":48,"turns":1},{"damage":0,"enemies":"Donu and Deca","floor":50,"turns":1},{"damage":0,"enemies":"Shield and Spear","floor":54,"turns":1},{"damage":9,"enemies":"The Heart","floor":55,"turns":3}],"seed_played":"-3348629112786595715","potions_obtained":[{"floor":1,"key":"champ:CounterPotion"},{"floor":10,"key":"jedi:tentaclejuice"},{"floor":12,"key":"BlessingOfTheForge"}],"is_trial":false,"path_per_floor":["M","M","?","M","?","R","E","R","T","M","$","E","$","M","R","B",null,"M","?","?","M","M","AVR","R","M","T","$","R","M","$","E","R","B",null,"M","AVR","M","?","?","E","M","M","T","E","R","E","M","M","R","B",null,"R","$","E","B",null],"character_chosen":"DEFECT","items_purchased":["BrkXgEgg","OrangePellets","reliquary:CitrusReamer","Omamori","hexamod:BolsterEngine","bronze:DonusWashers","Lantern"],"campfire_rested":0,"item_purchase_floors":[11,11,27,45,49,49,53],"current_hp_per_floor":[68,68,68,68,61,61,37,37,37,37,37,37,37,37,37,37,66,65,65,65,65,51,51,51,51,51,51,51,51,51,45,45,45,68,68,68,68,68,68,68,68,68,68,68,68,68,68,68,68,68,70,70,70,70,61],"gold":55,"neow_bonus":"RANDOM_COLORLESS","is_daily":false,"chose_seed":false,"campfire_upgraded":5,"win_rate":0.0,"timestamp":1613920451,"path_taken":["M","M","?","M","?","R","E","R","T","?","$","E","$","M","R","BOSS","M","?","?","M","M","AVR","R","?","T","?","R","M","$","E","R","BOSS","M","AVR","M","?","?","E","M","?","T","E","R","E","M","M","R","BOSS","R","$","E","BOSS"],"items_purchased_type":["Relic","Relic","Relic","Relic","Relic","Relic","Relic"],"build_version":"2020-12-22","purchased_purges":7,"victory":true,"max_hp_per_floor":[75,75,75,75,75,75,75,75,75,75,75,75,75,75,75,75,75,75,75,75,75,75,75,75,75,75,75,75,75,75,75,75,75,75,75,75,75,71,71,71,71,71,71,71,71,71,71,71,71,71,71,71,71,71,71],"relic_stats":{"OrangePellets":[11],"counters":[27,43],"Pen Nib":[0],"Bag of Preparation":[46],"Black Star":5,"obtain_stats":[{"AT_SeraphEmbrace":55,"Lantern":53,"AT_ATBox":0,"Tiny House":17,"DaveBox":0,"reliquary:Firecrackers":12,"Hammer of Thor":0,"Bag of Preparation":9,"testmod-Nyarlathotep":44,"AT_ArchangelStaff":36,"SynthV:C4":19,"FrozenCore":34,"reliquary:CitrusReamer":27,"Dota2Spire:BladeMail":46,"testmod-TheFather":40,"testmod-Déjàvu":40,"Cracked Core":0,"AT_RedTearstoneRing":31,"bronze:DonusWashers":49,"testmod-TestBox":0,"reliquary:LoveEmittingDiode":54,"Guardian:GemstoneGun":26,"BrkXgEgg":11,"Pen Nib":54,"Omamori":45,"Seething Fire":0,"AT_SilvercatRing":23,"Mercury Hourglass":20,"OrangePellets":11,"Anchor":7,"AT_SpeedBoots":46,"SynthV:TestCard":1,"Anvil of the Gods":0,"FeatherPendant":0,"testmod-AssaultLearning":0,"Black Star":23,"hexamod:BolsterEngine":49,"REME_ComplimentaryCards":0,"Pocketwatch":31},{"AT_SeraphEmbrace":27,"Lantern":25,"AT_ATBox":0,"Tiny House":8,"DaveBox":0,"reliquary:Firecrackers":6,"Hammer of Thor":0,"Bag of Preparation":4,"testmod-Nyarlathotep":21,"AT_ArchangelStaff":16,"SynthV:C4":9,"FrozenCore":15,"reliquary:CitrusReamer":12,"Dota2Spire:BladeMail":22,"testmod-TheFather":18,"testmod-Déjàvu":18,"Cracked Core":0,"AT_RedTearstoneRing":14,"bronze:DonusWashers":24,"testmod-TestBox":0,"reliquary:LoveEmittingDiode":26,"Guardian:GemstoneGun":12,"BrkXgEgg":5,"Pen Nib":26,"Omamori":21,"Seething Fire":0,"AT_SilvercatRing":11,"Mercury Hourglass":9,"OrangePellets":5,"Anchor":4,"AT_SpeedBoots":22,"SynthV:TestCard":1,"Anvil of the Gods":0,"FeatherPendant":0,"testmod-AssaultLearning":0,"Black Star":11,"hexamod:BolsterEngine":24,"REME_ComplimentaryCards":0,"Pocketwatch":14},{"AT_SeraphEmbrace":42,"Lantern":40,"AT_ATBox":0,"Tiny House":17,"DaveBox":0,"reliquary:Firecrackers":12,"Hammer of Thor":0,"Bag of Preparation":9,"testmod-Nyarlathotep":36,"AT_ArchangelStaff":30,"SynthV:C4":19,"FrozenCore":29,"reliquary:CitrusReamer":23,"Dota2Spire:BladeMail":37,"testmod-TheFather":33,"testmod-Déjàvu":33,"Cracked Core":0,"AT_RedTearstoneRing":26,"bronze:DonusWashers":39,"testmod-TestBox":0,"reliquary:LoveEmittingDiode":41,"Guardian:GemstoneGun":23,"BrkXgEgg":11,"Pen Nib":41,"Omamori":36,"Seething Fire":0,"AT_SilvercatRing":22,"Mercury Hourglass":19,"OrangePellets":11,"Anchor":9,"AT_SpeedBoots":37,"SynthV:TestCard":2,"Anvil of the Gods":0,"FeatherPendant":0,"testmod-AssaultLearning":0,"Black Star":22,"hexamod:BolsterEngine":39,"REME_ComplimentaryCards":0,"Pocketwatch":26}],"FrozenCore":[0],"Mercury Hourglass":[111],"Pocketwatch":[0]},"card_choices":[{"not_picked":["testmod-DeathImprint","testmod-BackupPower"],"picked":"Discovery","floor":0},{"not_picked":["Stack","Compile Driver","Go for the Eyes"],"picked":"SKIP","floor":1},{"not_picked":["Gash","Ball Lightning","Coolheaded","jedi:bruteforce"],"picked":"White Noise","floor":2},{"not_picked":["Melter","Gash","Streamline","Beam Cell","Darkness"],"picked":"SKIP","floor":4},{"not_picked":["Leap","jedi:markofdeath","REME_SelfUpgrade","jedi:BurstLightning"],"picked":"AT_RightCognition","floor":7},{"not_picked":["Gash","AT_EMC2","AT_ThunderBolt","Turbo","Sweeping Beam"],"picked":"SKIP","floor":10},{"not_picked":["jedi:BurstLightning","Hologram","MostiFishMod:ActiveDefenseSystem+1","jedi:blockon","AT_HeatAcrobatics"],"picked":"SKIP","floor":12},{"not_picked":["Redo","jedi:locknload","Gash","MostiFishMod:Impulse","jedi:overflow"],"picked":"SKIP","floor":14},{"not_picked":["Leap","Coolheaded+1","Redo","Consume","Ball Lightning+1"],"picked":"SKIP","floor":18},{"not_picked":["MostiFishMod:PushDownKick","AT_HeatAcrobatics","Go for the Eyes","Stack"],"picked":"White Noise","floor":21},{"not_picked":["Self Repair","Compile Driver","Defragment","Doom and Gloom","Conserve Battery"],"picked":"SKIP","floor":22},{"not_picked":["Beam Cell","MostiFishMod:DawningShadow+1","Leap","Streamline","jedi:sharpshooter"],"picked":"SKIP","floor":25},{"not_picked":["Conserve Battery","Sunder","jedi:spotbugs","Undo","jedi:BurstFrost"],"picked":"SKIP","floor":29},{"not_picked":["jedi:reiji","MostiFishMod:GatherIntelligence","Sunder","Coolheaded","REME_Shoggoth+1"],"picked":"SKIP","floor":31},{"not_picked":["Seek+1","Multi-Cast+1","Core Surge+1","Buffer+1"],"picked":"MostiFishMod:ReadyAimFire+1","floor":33},{"not_picked":["AT_HeatAcrobatics+1","Force Field+1","Go for the Eyes","Chaos+1","Gash+1"],"picked":"SKIP","floor":35},{"not_picked":["Streamline","Beam Cell","Sweeping Beam","Barrage+1","Rainbow+1"],"picked":"SKIP","floor":37},{"not_picked":["MostiFishMod:StarOceanB+1","jedi:markofdeath+1","Turbo+1","Lockon","Capacitor"],"picked":"SKIP","floor":40},{"not_picked":["Leap+1","Conserve Battery","jedi:blockon","Buffer+1","Reinforced Body+1"],"picked":"SKIP","floor":41},{"not_picked":["Conserve Battery","Self Repair","Stack","Barrage+1","Leap"],"picked":"SKIP","floor":42},{"not_picked":["jedi:readyaimfire+1","Reinforced Body+1","Redo+1","REME_Compress","Streamline+1"],"picked":"SKIP","floor":44},{"not_picked":["Blizzard+1","MostiFishMod:ReprogramOld+1","REME_SelfUpgrade+1","Leap+1","Static Discharge+1"],"picked":"SKIP","floor":46},{"not_picked":["Defragment","jedi:BurstLightning","Ball Lightning","Coolheaded+1","AT_DarkMatter"],"picked":"SKIP","floor":47},{"not_picked":["Rebound","Beam Cell+1","Barrage","MostiFishMod:PushDownKick","Ball Lightning+1"],"picked":"SKIP","floor":48},{"not_picked":["Self Repair","BootSequence","Doom and Gloom","Glacier+1","Leap"],"picked":"SKIP","floor":54}],"player_experience":175666,"relics_obtained":[{"floor":1,"key":"SynthV:TestCard"},{"floor":7,"key":"Anchor"},{"floor":9,"key":"Bag of Preparation"},{"floor":12,"key":"reliquary:Firecrackers"},{"floor":19,"key":"SynthV:C4"},{"floor":26,"key":"Guardian:GemstoneGun"},{"floor":31,"key":"AT_RedTearstoneRing"},{"floor":31,"key":"Pocketwatch"},{"floor":40,"key":"testmod-Déjàvu"},{"floor":40,"key":"testmod-TheFather"},{"floor":44,"key":"testmod-Nyarlathotep"},{"floor":46,"key":"AT_SpeedBoots"},{"floor":46,"key":"Dota2Spire:BladeMail"},{"floor":54,"key":"reliquary:LoveEmittingDiode"},{"floor":54,"key":"Pen Nib"}],"event_choices":[{"damage_healed":0,"gold_gain":0,"player_choice":"Ignored","damage_taken":0,"max_hp_gain":0,"max_hp_loss":0,"event_name":"给自己的盒子","floor":3,"gold_loss":0},{"damage_healed":0,"gold_gain":75,"player_choice":"Touch","damage_taken":7,"max_hp_gain":0,"max_hp_loss":0,"event_name":"FaceTrader","floor":5,"gold_loss":0},{"damage_healed":0,"gold_gain":0,"player_choice":"Opened","damage_taken":0,"relics_obtained":["Mercury Hourglass"],"max_hp_gain":0,"max_hp_loss":0,"event_name":"The Mausoleum","floor":20,"gold_loss":0,"cards_obtained":["Writhe"]},{"damage_healed":0,"gold_gain":0,"player_choice":"Max HP","damage_taken":0,"max_hp_gain":0,"max_hp_loss":4,"event_name":"Winding Halls","floor":38,"gold_loss":0},{"cards_removed":["Strike_B"],"damage_healed":0,"gold_gain":0,"player_choice":"Purged","damage_taken":0,"max_hp_gain":0,"max_hp_loss":0,"event_name":"Purifier","floor":39,"gold_loss":0}],"is_beta":false,"boss_relics":[{"not_picked":["Runic Pyramid","jedi:hotpepper"],"picked":"Tiny House"},{"not_picked":["Cursed Key","EE1DDrone"],"picked":"FrozenCore"}],"items_purged_floors":[13,23,30,36,45,49,52],"is_endless":false,"potions_floor_spawned":[1,10,12,21,29,42,44,46,48,54],"ascension_level":8}}