{"host":"w2kjv12xyhtt0cv2","time":1613931745,"event":{"mods":["100% Spire Juice","Act Like it!","BaseMod","Colored Map","Friendly Minions","Gensokyo","GifTheSpireLib","Highlight Path","Hubris","Marisa（F雨　魔理沙）","Minty Spire (QoL Compilation)","Prisma Mod","Quick Restart","Reimu（博丽灵梦）","Relic Stats","Reliquary","Replay The Spire","Robot Space Explorer","RumiaBox-露米娅的神秘盒子","Shop Mod","Spicy Shops","StSLib","The Bug Knight","The Cursed","The Dragon Tamer","The Servant 0.9.4","UnlockEverythingMod","Waifu the Spire","[功能]功能增强和修复MOD","【功能Mod】Neow奖励","【遗物卡牌】REMEMod","没有小屋子和绿帽子啦"],"gold_per_floor":[114,114,114,114,64,94,269,299,299,401,141,207,228,270,270,409,409,448,481,481,481,121,154,154,193,268,316,181,217,241,280,280,383,383,398,398,128,185,62,107,107,146,146,185,185,233,233,317,317,359],"floor_reached":51,"language":"ZHS","playtime":2956,"items_purged":["Doubt"],"score":1442,"play_id":"224fe8cf-58f7-473a-a497-279c8c9839ab","local_time":"20210222022225","daily_mods":["SealedDeck","Diverse","Elite Swarm"],"is_ascension_mode":false,"campfire_choices":[{"data":"Blade Dance","floor":15.0,"key":"SMITH"},{"data":"HollowMod:LifebloodCocoon","floor":24.0,"key":"SMITH"},{"data":"PrismaMod:IllyaPartialInstallAssassin","floor":32.0,"key":"SMITH"},{"data":"PrismaMod:MiyuUncommonDefend","floor":45,"key":"SMITH"},{"data":"Acrobatics","floor":47,"key":"SMITH"},{"data":"Shrug It Off","floor":49,"key":"SMITH"}],"circlet_count":0,"master_deck":["PrismaMod:MiyuUncommonDefend+1","Go for the Eyes","Cleave","Outmaneuver","Shrug It Off+1","PrismaMod:IllyaPartialInstallAssassin+1","Blade Dance+1","HollowMod:CloakDash+1","HollowMod:CloakDash","Meditation:ReiMu","RainPray2:ReiMu","Creative AI+1","PrismaMod:MiyuDefenseAbsorbMinor+1","Burst+1","Moonworks:MeltingMemories+1","Acrobatics+1","PropBag","DeusExMachina+1","HollowMod:LifebloodCocoon+1","hubris:Prefetch+1","Panache+1","Corpse Explosion+1","Moonworks:AccelHyper+1","FlawlessForm+1","Apotheosis+1"],"relics":["RobotSpaceExplorer:RoboCore","REME_ComplimentaryCards","Prayer Wheel","REME_ArchaeologicalTools","MagicDraw2","Golden Egg","TentaclePot:ReiMu","MagicDraw1","Garlic","Black Star","MutagenicStrength","hubris:SphereOfDissonance","OrangePellets","reliquary:BoilingFlask","CrazyTorch:ReiMu","RobotSpaceExplorer:RingOfTheNewt","reliquary:Stiletto","Blue Candle","Singing Bowl","Shuriken","Guide Book","TungstenRod","hubris:Teleporter","Prayer Wheel","Replay:Rubber Ducky","Juzu Bracelet","Replay:Grab Bag","Coffee Dripper","ChewingGum","REME_LowDesire","reliquary:WeakTea","Potion Belt","Bird Faced Urn","CatCart","CaptainsWheel","ReplayFunnel","hubris:64BitClover","REME_LimitBreaker","reliquary:Firecrackers","Peace Pipe","Bottled Tornado","Ancient Tea Set","hubris:Potato","Strawberry","reliquary:Boomerang"],"acts_visited":["Exordium","TheCity","TheBeyond"],"potions_floor_usage":[38,44,44,50,50,50,50,50,50,50],"damage_taken":[{"damage":0.0,"enemies":"Small Slimes","floor":1.0,"turns":3.0},{"damage":22.0,"enemies":"Gremlin Nob","floor":6.0,"turns":4.0},{"damage":10.0,"enemies":"Lagavulin","floor":8.0,"turns":9.0},{"damage":32.0,"enemies":"Gremlin Nob","floor":10.0,"turns":5.0},{"damage":0.0,"enemies":"Lagavulin","floor":12.0,"turns":7.0},{"damage":0.0,"enemies":"2 Louse","floor":13.0,"turns":1.0},{"damage":0.0,"enemies":"Gremlin Nob","floor":14.0,"turns":2.0},{"damage":44.0,"enemies":"The Guardian","floor":16.0,"turns":7.0},{"damage":0.0,"enemies":"2 Thieves","floor":18.0,"turns":3.0},{"damage":0.0,"enemies":"Chosen","floor":19.0,"turns":3.0},{"damage":0.0,"enemies":"Book of Stabbing","floor":23.0,"turns":1.0},{"damage":0.0,"enemies":"Slavers","floor":25.0,"turns":2.0},{"damage":0.0,"enemies":"Gremlin Leader","floor":27.0,"turns":2.0},{"damage":0.0,"enemies":"Slavers","floor":29.0,"turns":1.0},{"damage":0.0,"enemies":"Snake Plant","floor":30.0,"turns":1.0},{"damage":0.0,"enemies":"Book of Stabbing","floor":31.0,"turns":2.0},{"damage":0,"enemies":"hubris:MusketHawk","floor":33,"turns":1},{"damage":0,"enemies":"3 Darklings","floor":35,"turns":1},{"damage":0,"enemies":"Orin","floor":38,"turns":3},{"damage":16,"enemies":"Nemesis","floor":40,"turns":3},{"damage":0,"enemies":"Giant Head","floor":42,"turns":3},{"damage":0,"enemies":"Nemesis","floor":44,"turns":3},{"damage":0,"enemies":"Reptomancer","floor":46,"turns":3},{"damage":0,"enemies":"Nemesis","floor":48,"turns":6},{"damage":0,"enemies":"hubris:GrandSnecko","floor":50,"turns":5}],"seed_played":"-7397021786818157212","potions_obtained":[{"floor":8.0,"key":"Dexterity Potion"},{"floor":10.0,"key":"GrandPatriotsElixir:ReiMu"},{"floor":14.0,"key":"Cursed Concoction"},{"floor":19.0,"key":"RobotSpaceExplorer:RecyclePotion"},{"floor":25.0,"key":"Explosive Potion"},{"floor":40,"key":"Swift Potion"},{"floor":46,"key":"ZuzhouPotion:ReiMu"},{"floor":48,"key":"EntropicBrew"}],"is_trial":false,"path_per_floor":["M","?","?","?","?","E","?","E","T","E","$","E","M","E","R","B",null,"M","M","?","?","$","E","R","E","T","E","$","E","M","E","R","B",null,"M","?","$","?","$","E","?","E","T","E","R","E","R","E","R","B",null],"character_chosen":"RobotSpaceExplorer","items_purchased":["FearNoEvil","TentaclePot:ReiMu","hubris:SphereOfDissonance","OrangePellets","Guide Book","Bird Faced Urn","Corpse Explosion"],"campfire_rested":0,"item_purchase_floors":[11,11,22,22,28,37,39],"current_hp_per_floor":[75,75,75,75,75,53,53,43,43,11,11,11,17,46,46,14,75,75,75,75,75,75,75,75,75,75,77,77,77,83,85,85,87,87,91,91,91,93,93,77,77,83,83,95,95,103,103,110,110,110],"gold":359,"neow_bonus":"","is_daily":true,"chose_seed":false,"campfire_upgraded":6,"win_rate":0.0,"timestamp":1613931745,"path_taken":["M","?","?","?","?","E","?","E","T","E","?","E","?","E","R","BOSS","M","M","?","?","$","E","R","E","T","E","$","E","M","E","R","BOSS","M","?","$","?","$","E","?","E","T","E","R","E","R","E","R","BOSS"],"items_purchased_type":["Card","Relic","Relic","Relic","Relic","Relic","Card"],"build_version":"2020-12-22","purchased_purges":1,"victory":true,"max_hp_per_floor":[75,75,75,75,75,75,75,75,75,75,75,75,75,75,75,75,75,75,75,75,75,75,75,75,75,75,77,77,77,83,85,85,87,87,91,91,91,93,93,93,99,99,99,101,101,103,103,110,110,110],"relic_stats":{"Peace Pipe":0,"OrangePellets":[24],"Singing Bowl":28,"counters":[25,80],"Shuriken":[23],"Blue Candle":[0],"Bird Faced Urn":[22],"Prayer Wheel":5,"Black Star":10,"Juzu Bracelet":1,"obtain_stats":[{"Golden Egg":10,"Gremlin Horn":14,"Bottled Tornado":44,"MagicDraw2":9,"MagicDraw1":12,"Sundial":25,"Strawberry":48,"Prayer Wheel":6,"REME_ArchaeologicalTools":8,"Kunai":48,"hubris:Teleporter":29,"TentaclePot:ReiMu":11,"Blue Candle":26,"Replay:Grab Bag":34,"hubris:SphereOfDissonance":22,"RobotSpaceExplorer:RingOfTheNewt":25,"reliquary:WeakTea":34,"Letter Opener":40,"REME_LimitBreaker":42,"OrangePellets":22,"Shuriken":16,"MutagenicStrength":20,"Bird Faced Urn":37,"Black Star":17,"CatCart":38,"Meat on the Bone":31,"ReplayFunnel":40,"reliquary:Boomerang":48,"Singing Bowl":27,"reliquary:BoilingFlask":23,"reliquary:Firecrackers":43,"Juzu Bracelet":31,"Ancient Tea Set":46,"Replay:Rubber Ducky":31,"Mummified Hand":18,"REME_LowDesire":34,"Potion Belt":34,"hubris:64BitClover":42,"Guide Book":28,"RobotSpaceExplorer:RoboCore":0,"Mercury Hourglass":50,"Peace Pipe":44,"CaptainsWheel":40,"Ornamental Fan":44,"CrazyTorch:ReiMu":23,"ChewingGum":34,"reliquary:Stiletto":25,"Garlic":14,"Coffee Dripper":34,"TungstenRod":29,"hubris:Potato":46,"REME_ComplimentaryCards":0},{"Golden Egg":4,"Gremlin Horn":7,"Bottled Tornado":22,"MagicDraw2":3,"MagicDraw1":5,"Sundial":12,"Strawberry":24,"Prayer Wheel":2,"REME_ArchaeologicalTools":3,"Kunai":24,"hubris:Teleporter":14,"TentaclePot:ReiMu":4,"Blue Candle":12,"Replay:Grab Bag":17,"hubris:SphereOfDissonance":10,"RobotSpaceExplorer:RingOfTheNewt":12,"reliquary:WeakTea":17,"Letter Opener":20,"REME_LimitBreaker":21,"OrangePellets":10,"Shuriken":8,"MutagenicStrength":10,"Bird Faced Urn":18,"Black Star":8,"CatCart":19,"Meat on the Bone":16,"ReplayFunnel":20,"reliquary:Boomerang":24,"Singing Bowl":13,"reliquary:BoilingFlask":11,"reliquary:Firecrackers":21,"Juzu Bracelet":16,"Ancient Tea Set":23,"Replay:Rubber Ducky":16,"Mummified Hand":9,"REME_LowDesire":17,"Potion Belt":17,"hubris:64BitClover":21,"Guide Book":13,"RobotSpaceExplorer:RoboCore":0,"Mercury Hourglass":25,"Peace Pipe":22,"CaptainsWheel":20,"Ornamental Fan":22,"CrazyTorch:ReiMu":11,"ChewingGum":17,"reliquary:Stiletto":12,"Garlic":7,"Coffee Dripper":17,"TungstenRod":14,"hubris:Potato":23,"REME_ComplimentaryCards":0},{"Golden Egg":21,"Gremlin Horn":29,"Bottled Tornado":66,"MagicDraw2":16,"MagicDraw1":27,"Sundial":46,"Strawberry":75,"Prayer Wheel":7,"REME_ArchaeologicalTools":16,"Kunai":70,"hubris:Teleporter":49,"TentaclePot:ReiMu":21,"Blue Candle":46,"Replay:Grab Bag":53,"hubris:SphereOfDissonance":43,"RobotSpaceExplorer:RingOfTheNewt":46,"reliquary:WeakTea":53,"Letter Opener":59,"REME_LimitBreaker":63,"OrangePellets":43,"Shuriken":31,"MutagenicStrength":43,"Bird Faced Urn":54,"Black Star":37,"CatCart":57,"Meat on the Bone":51,"ReplayFunnel":60,"reliquary:Boomerang":75,"Singing Bowl":48,"reliquary:BoilingFlask":44,"reliquary:Firecrackers":63,"Juzu Bracelet":52,"Ancient Tea Set":69,"Replay:Rubber Ducky":52,"Mummified Hand":38,"REME_LowDesire":53,"Potion Belt":53,"hubris:64BitClover":63,"Guide Book":48,"RobotSpaceExplorer:RoboCore":0,"Mercury Hourglass":78,"Peace Pipe":66,"CaptainsWheel":60,"Ornamental Fan":65,"CrazyTorch:ReiMu":44,"ChewingGum":53,"reliquary:Stiletto":46,"Garlic":30,"Coffee Dripper":53,"TungstenRod":49,"hubris:Potato":69,"REME_ComplimentaryCards":0}],"TungstenRod":2},"card_choices":[{"not_picked":["Force Field","Combust","TheCursedMod:CircleOfAmplification"],"picked":"SKIP","floor":1.0},{"not_picked":["TheCursedMod:AntiAging","Dilation"],"picked":"Creative AI","floor":6.0},{"not_picked":["ReplayTheSpireMod:Necrosis","Initiator"],"picked":"PrismaMod:MiyuDefenseAbsorbMinor","floor":8.0},{"not_picked":["Free:ReiMu","DTMod:Prediction"],"picked":"Burst","floor":10.0},{"not_picked":["HollowMod:WhiteLadysBlessing","RobotSpaceExplorer:HighVoltage"],"picked":"Moonworks:MeltingMemories","floor":12.0},{"not_picked":["PrismaMod:ChloeExhaustTwo","PulseMagic"],"picked":"Acrobatics","floor":13.0},{"not_picked":["FantasyMoon:ReiMu","PropBag","PathToVictory"],"picked":"SKIP","floor":13.0},{"not_picked":["FantasyMoon:ReiMu","PathToVictory"],"picked":"PropBag","floor":13.0},{"not_picked":["Tools of the Trade","PendulumOfEternity","DTMod:TriAttack"],"picked":"SKIP","floor":14.0},{"not_picked":["Moonworks:CrystalBarrier","DTMod:GearUp"],"picked":"DeusExMachina","floor":16.0},{"not_picked":["TheCursedMod:FleshFromBone+1","YinYangSign:ReiMu+1","Defragment+1"],"picked":"SKIP","floor":18.0},{"not_picked":["Rearm","PrismaMod:IllyaMaid","TheCursedMod:LuckyCharm"],"picked":"SKIP","floor":18.0},{"not_picked":["Blasphemy","Moonworks:FullSpeedAlicianrone","DancingSilver"],"picked":"HollowMod:LifebloodCocoon","floor":19.0},{"not_picked":["RobotSpaceExplorer:BigMissile","FollowUp","BowlingBash+1","PrismaMod:MiyuCheapAttack2+1"],"picked":"SKIP","floor":19.0},{"not_picked":["HollowMod:HornetsHelp","HollowMod:Hiveblood","PrismaMod:MiyuChannelDefendEvoke"],"picked":"SKIP","floor":23.0},{"not_picked":["YinYang:ReiMu","Devotion","MurderousAura"],"picked":"SKIP","floor":25.0},{"not_picked":["Creative AI","Moonworks:Wanted","HollowMod:PureVessel"],"picked":"Singing Bowl","floor":27.0},{"not_picked":["Hyperbeam","DTMod:EchoTactic"],"picked":"ReplayTheSpireMod:Fabricate Wheel","floor":29.0},{"not_picked":["PrismaMod:IllyaRussianRoulette","PrismaMod:IllyaGrailKun","Tempest"],"picked":"Singing Bowl","floor":30.0},{"not_picked":["HollowMod:LifebloodCocoon","PrismaMod:ChloeChristmas","OpenUniverse+1"],"picked":"Singing Bowl","floor":30.0},{"not_picked":["Slice+1","Swivel+1","DTMod:Coolant"],"picked":"Singing Bowl","floor":30.0},{"not_picked":["Alpha","Moonworks:FinalBattle","Moonworks:HolyNight"],"picked":"Singing Bowl","floor":31.0},{"not_picked":["OctopathSalyBorderN:ReiMu","hubris:DoWhile","DTMod:TriAttack"],"picked":"Singing Bowl","floor":33},{"not_picked":["PiercingWail+1","PrismaMod:IllyaGun+1","TheCursedMod:SmokeScreen+1","Secret Technique"],"picked":"Singing Bowl","floor":35},{"not_picked":["Replay:AtTheReady+1","AlertArray:ReiMu","DTMod:LightShield"],"picked":"Panache","floor":35},{"not_picked":["MysteriousBeam+1","Sucker Punch","DTMod:CalculatedDefense","ReplayTheSpireMod:Private Reserves"],"picked":"Singing Bowl","floor":35},{"not_picked":["PrismaMod:MiyuDefenseExplosion","DTMod:CleansingStrike","PrismaMod:MiyuUberAOEAttack+1","REME_TheoryOfElimination"],"picked":"Singing Bowl","floor":38},{"not_picked":["Demon Form","DTMod:Safeguard","Purity"],"picked":"Moonworks:AccelHyper","floor":40},{"not_picked":["hubris:Insight","REME_FirmDetermination","REME_AllRoundStrike"],"picked":"Singing Bowl","floor":41},{"not_picked":["REME_PuzzleBox","Finesse","Dark Shackles"],"picked":"Singing Bowl","floor":41},{"not_picked":["REME_Flogging","REME_PuzzleBox","Replay:Sssssssssshield"],"picked":"Singing Bowl","floor":41},{"not_picked":["Doppelganger","PrismaMod:MiyuDefenseAbsorbMinor","Violence"],"picked":"FlawlessForm","floor":42},{"not_picked":["hubris:Prefetch","ReplayTheSpireMod:Necrosis","Judgement","Replay:Sssssssssstrike+1"],"picked":"Singing Bowl","floor":44},{"not_picked":["REME_ForAll","Replay:LoomingThreat","REME_CopyPotion","REME_BodyOfCthun"],"picked":"Singing Bowl","floor":46},{"not_picked":["HollowMod:RadiancesLament","DTMod:Inferno","KyokaiOfKami:ReiMu"],"picked":"Apotheosis","floor":48}],"player_experience":267742,"relics_obtained":[{"floor":6.0,"key":"Prayer Wheel"},{"floor":8.0,"key":"REME_ArchaeologicalTools"},{"floor":9.0,"key":"MagicDraw2"},{"floor":10.0,"key":"Golden Egg"},{"floor":12.0,"key":"MagicDraw1"},{"floor":14.0,"key":"Garlic"},{"floor":23.0,"key":"reliquary:BoilingFlask"},{"floor":23.0,"key":"CrazyTorch:ReiMu"},{"floor":25.0,"key":"RobotSpaceExplorer:RingOfTheNewt"},{"floor":25.0,"key":"reliquary:Stiletto"},{"floor":26.0,"key":"Blue Candle"},{"floor":27.0,"key":"Singing Bowl"},{"floor":27.0,"key":"Shuriken"},{"floor":29.0,"key":"TungstenRod"},{"floor":29.0,"key":"hubris:Teleporter"},{"floor":31.0,"key":"Replay:Rubber Ducky"},{"floor":31.0,"key":"Juzu Bracelet"},{"floor":34,"key":"reliquary:WeakTea"},{"floor":34,"key":"Potion Belt"},{"floor":38,"key":"CatCart"},{"floor":40,"key":"CaptainsWheel"},{"floor":40,"key":"ReplayFunnel"},{"floor":42,"key":"hubris:64BitClover"},{"floor":42,"key":"REME_LimitBreaker"},{"floor":43,"key":"reliquary:Firecrackers"},{"floor":44,"key":"Peace Pipe"},{"floor":44,"key":"Bottled Tornado"},{"floor":46,"key":"Ancient Tea Set"},{"floor":46,"key":"hubris:Potato"},{"floor":48,"key":"Strawberry"},{"floor":48,"key":"reliquary:Boomerang"}],"event_choices":[{"damage_healed":0.0,"max_hp_gain":0.0,"max_hp_loss":0.0,"gold_gain":0.0,"cards_transformed":["Moonworks:LulusLuckyEgg"],"event_name":"Living Wall","player_choice":"Change","floor":2.0,"gold_loss":0.0,"damage_taken":0.0,"cards_obtained":["Meditation:ReiMu"]},{"cards_removed":["Moonworks:CloudOfSeagulls"],"damage_healed":0.0,"max_hp_gain":0.0,"max_hp_loss":0.0,"gold_gain":0.0,"event_name":"The Cleric","player_choice":"Card Removal","floor":5.0,"gold_loss":50.0,"damage_taken":0.0},{"damage_healed":0.0,"max_hp_gain":0.0,"max_hp_loss":0.0,"gold_gain":175.0,"event_name":"Liars Game","player_choice":"AGREE","floor":7.0,"gold_loss":0.0,"damage_taken":0.0,"cards_obtained":["Doubt"]},{"damage_healed":0.0,"max_hp_gain":0.0,"max_hp_loss":0.0,"gold_gain":0.0,"event_name":"Drug Dealer","player_choice":"Inject Mutagens","floor":20.0,"gold_loss":0.0,"damage_taken":0.0,"relics_obtained":["MutagenicStrength"]},{"damage_healed":0.0,"max_hp_gain":0.0,"max_hp_loss":0.0,"gold_gain":0.0,"event_name":"The Woman in Blue","player_choice":"Bought 0 Potions","floor":21.0,"gold_loss":0.0,"damage_taken":0.0},{"cards_removed":["FearNoEvil"],"damage_healed":0,"gold_gain":0,"player_choice":"Removed Attack","damage_taken":0,"max_hp_gain":0,"max_hp_loss":0,"event_name":"Falling","floor":36,"gold_loss":0},{"damage_healed":0,"gold_gain":0,"player_choice":"Fight","damage_taken":0,"max_hp_gain":0,"max_hp_loss":0,"event_name":"OrinTheCat","floor":38,"gold_loss":0},{"damage_healed":0,"gold_gain":0,"player_choice":"Memory 3","damage_taken":10,"max_hp_gain":0,"max_hp_loss":0,"event_name":"SensoryStone","floor":41,"gold_loss":0}],"is_beta":false,"boss_relics":[{"not_picked":["REME_DuelDisc","Honey Jar"],"picked":"Black Star"},{"not_picked":["hubris:BlackHole","SacredBark"],"picked":"Replay:Grab Bag"},{"not_picked":["Busted Crown","Sozu"],"picked":"Coffee Dripper"},{"not_picked":["reliquary:Craggleroot","hubris:CrackedHourglass"],"picked":"ChewingGum"},{"not_picked":["Empty Cage","Astrolabe"],"picked":"REME_LowDesire"}],"items_purged_floors":[11],"is_endless":false,"potions_floor_spawned":[8,10,14,19,25,29,31,40,46,48],"ascension_level":0}}