{"host":"2se5dq1do2gp0x9k","time":1613887591,"event":{"mods":["AchievementEnabler","BaseMod","Block Reminder","Colored Map","Colored Powertips","Minty Spire (QoL Compilation)","Relic Stats","StSLib","SuperFastMode"],"gold_per_floor":[116,116,74,86,105,105,133,133,157,183,201,235,252,270,270,270,270],"floor_reached":16,"language":"ENG","playtime":601,"items_purged":[],"score":244,"play_id":"f9b02e17-a016-4215-b26a-28c05b83cb5e","local_time":"20210220220631","is_ascension_mode":true,"campfire_choices":[{"data":"Dash","floor":6,"key":"SMITH"},{"data":"Deadly Poison","floor":15,"key":"SMITH"}],"circlet_count":0,"master_deck":["AscendersBane","Strike_G","Strike_G","Strike_G","Strike_G","Defend_G","Defend_G","Defend_G","Defend_G","Defend_G","Survivor","Neutralize","Dagger Throw","Calculated Gamble","Dash+1","Well Laid Plans","Noxious Fumes","Bane","Wraith Form v2","Deadly Poison+1"],"relics":["Ring of the Snake","NeowsBlessing","Tiny Chest","Strawberry","Bronze Scales","Snake Skull","Omamori"],"acts_visited":["Exordium"],"potions_floor_usage":[7,10,12,16],"damage_taken":[{"damage":0,"enemies":"2 Louse","floor":1,"turns":1},{"damage":0,"enemies":"Small Slimes","floor":4,"turns":1},{"damage":0,"enemies":"Jaw Worm","floor":5,"turns":1},{"damage":20,"enemies":"Gremlin Nob","floor":7,"turns":5},{"damage":9,"enemies":"Lagavulin","floor":10,"turns":7},{"damage":1,"enemies":"Looter","floor":11,"turns":4},{"damage":12,"enemies":"3 Sentries","floor":12,"turns":6},{"damage":2,"enemies":"Exordium Thugs","floor":13,"turns":4},{"damage":0,"enemies":"2 Fungi Beasts","floor":14,"turns":4},{"damage":17,"enemies":"Slime Boss","floor":16,"turns":6}],"seed_played":"-544802759701114427","potions_obtained":[{"floor":1,"key":"PowerPotion"},{"floor":4,"key":"Swift Potion"},{"floor":7,"key":"LiquidMemories"},{"floor":10,"key":"Poison Potion"},{"floor":13,"key":"Weak Potion"}],"is_trial":false,"path_per_floor":["M","?","$","M","M","R","E","?","T","E","M","E","M","M","R","B"],"character_chosen":"THE_SILENT","items_purchased":["Calculated Gamble"],"campfire_rested":0,"item_purchase_floors":[3],"current_hp_per_floor":[59,54,54,54,54,54,41,34,34,25,24,12,10,10,10,0,0],"gold":270,"neow_bonus":"THREE_ENEMY_KILL","is_daily":false,"chose_seed":false,"campfire_upgraded":2,"win_rate":0.0,"timestamp":1613887591,"path_taken":["M","?","$","M","M","R","E","?","T","E","M","E","M","M","R","BOSS"],"items_purchased_type":["Card"],"build_version":"2020-12-22","purchased_purges":0,"victory":false,"max_hp_per_floor":[66,66,66,66,66,66,73,73,73,73,73,73,73,73,73,73,73],"relic_stats":{"counters":[10,39],"Bronze Scales":[60],"Tiny Chest":0,"Snake Skull":[34],"obtain_stats":[{"NeowsBlessing":0,"Strawberry":7,"Bronze Scales":9,"Tiny Chest":2,"Snake Skull":10,"Omamori":12,"Ring of the Snake":0},{"NeowsBlessing":0,"Strawberry":4,"Bronze Scales":4,"Tiny Chest":1,"Snake Skull":5,"Omamori":7,"Ring of the Snake":0},{"NeowsBlessing":0,"Strawberry":8,"Bronze Scales":8,"Tiny Chest":1,"Snake Skull":15,"Omamori":25,"Ring of the Snake":0}],"Ring of the Snake":[20]},"card_choices":[{"not_picked":["Outmaneuver","Choke"],"picked":"Dagger Throw","floor":1},{"not_picked":["Flechettes","Quick Slash"],"picked":"Dash","floor":4},{"not_picked":["Dodge and Roll","Prepared"],"picked":"Well Laid Plans","floor":5},{"not_picked":["Reflex","Bane"],"picked":"Noxious Fumes","floor":7},{"not_picked":["Slice","Quick Slash"],"picked":"Bane","floor":10},{"not_picked":["Sucker Punch","Flying Knee","Accuracy"],"picked":"SKIP","floor":11},{"not_picked":["Leg Sweep","Dagger Spray"],"picked":"Wraith Form v2","floor":12},{"not_picked":["Outmaneuver","Skewer","Slice"],"picked":"SKIP","floor":13},{"not_picked":["Terror","Noxious Fumes"],"picked":"Deadly Poison","floor":14}],"player_experience":4092773,"relics_obtained":[{"floor":7,"key":"Strawberry"},{"floor":9,"key":"Bronze Scales"},{"floor":10,"key":"Snake Skull"},{"floor":12,"key":"Omamori"}],"event_choices":[{"damage_healed":0,"gold_gain":0,"player_choice":"Success","damage_taken":5,"relics_obtained":["Tiny Chest"],"max_hp_gain":0,"max_hp_loss":0,"event_name":"Scrap Ooze","floor":2,"gold_loss":0},{"cards_removed":["Strike_G"],"damage_healed":0,"gold_gain":0,"player_choice":"Card Removal","damage_taken":7,"max_hp_gain":0,"max_hp_loss":0,"event_name":"Golden Wing","floor":8,"gold_loss":0}],"is_beta":false,"boss_relics":[],"items_purged_floors":[],"is_endless":false,"potions_floor_spawned":[1,4,7,10,13],"killed_by":"Slime Boss","ascension_level":20}}