{"host":"yp2ga117svxnbcen","time":1613869892,"event":{"mods":["Act Like it!","Aspiration","BaseMod","BetterRewards","ChefMod","Colored Map","Conspire","Custom Start","Downfall","Elementarium","Gensokyo","GifTheSpireLib","Gold Saver","GungeonMod","Halation","Hallownest","Hermit","HornydragonMod","Hubris","Menagerie","Minty Spire (QoL Compilation)","Quick Restart","Remove Card Discount Mod","Replay The Spire","Shop Mod","Spicy Shops","StSLib","Stuff the Spire","The Blue Laboratory","The IronCluck","egg","slay the spire mod where everything is the same but ironclad has a cowboy hat","??????REMEMod"],"gold_per_floor":[957,957,966,966,981,1009,1028,1059,1059,1075,1088,1088,1088,1102,1102,1180,1180,1214,1214,1227,1227,1242,1242,1275,1275,1299,1299,1086,1086,923,960,960,1037,1037,1060,767,780,780,609,609,638,393,393,393,308,328,349,380,380,380],"floor_reached":51,"language":"ENG","playtime":791,"items_purged":["Vigilance","Defend_P","Defend_P","Defend_P","Defend_P","Sickly","Strike_P","Strike_P","Strike_P","Strike_P+1","BowlingBash+1"],"score":2301,"play_id":"7c38d739-9b9d-4a27-b438-78dee7c5b7e3","local_time":"20210220171132","is_ascension_mode":true,"campfire_choices":[{"data":"Eruption","floor":13.0,"key":"SMITH"},{"data":"Pot Of Greed","floor":15.0,"key":"SMITH"},{"data":"Pot Of Greed","floor":23,"key":"SMITH"},{"data":"FlurryOfBlows","floor":25,"key":"SMITH"},{"floor":27,"key":"RECALL"},{"data":"BowlingBash","floor":29,"key":"SMITH"},{"data":"DeusExMachina","floor":40,"key":"SMITH"},{"data":"FlurryOfBlows","floor":49,"key":"SMITH"},{"data":"FollowUp","floor":49,"key":"SMITH"}],"circlet_count":0,"master_deck":["AscendersBane","Eruption+1","FlurryOfBlows+1","FlurryOfBlows+1","Consecrate","Pot Of Greed+1","FollowUp","Eruption+1","Consecrate","Pot Of Greed+1","FlurryOfBlows+1","DeusExMachina+1","FollowUp+1","CrushJoints+1","FollowUp+1"],"relics":["PureWater","REME_ComplimentaryCards","Guide Book","ReplayTheSpireMod:CursedCoin","Gremlin Horn","halation:TrafficLight","StuffTheSpire:Gunfinga","Shuriken","Grinning Jar","ClockworkSouvenir","CeramicFish","hubris:Icosahedron","DemoMod:GlassGuonStoneRelic","Mummified Hand","StuffTheSpire:Barrel","hubris:BottledRain","conspire:RunicOctahedron","ReplayTheSpireMod:Shallot","halation:EternalFortune","Chameleon Ring","conspire:TopHat","Orrery","Membership Card","Du-Vu Doll","REME_LowDesire","Potion Belt","StuffTheSpire:HeavyRock","DemoMod:MeatBun","Sling","HandDrill","sneckomod:BlankCard","DemoMod:Orange","Vajra","halation:Sosunser","hubris:FunFungus","StuffTheSpire:Rhapsscallions","Incense Burner","Nunchaku","Replay:Arrowhead"],"acts_visited":["Exordium","Gensokyo:Gensokyo","Gensokyo:Gensokyoer"],"potions_floor_usage":[33,50,50],"damage_taken":[{"damage":0.0,"enemies":"Gensokyo:Python","floor":1.0,"turns":1.0},{"damage":0.0,"enemies":"Gensokyo:2_Kodama","floor":5.0,"turns":1.0},{"damage":0.0,"enemies":"Gensokyo:Cirno","floor":6.0,"turns":4.0},{"damage":0.0,"enemies":"Gensokyo:3_Fairies","floor":7.0,"turns":2.0},{"damage":0.0,"enemies":"Gensokyo:Aya","floor":8.0,"turns":2.0},{"damage":0.0,"enemies":"Gensokyo:VengefulSpirit","floor":10.0,"turns":1.0},{"damage":0.0,"enemies":"Gensokyo:LivingMonolith","floor":11.0,"turns":1.0},{"damage":0.0,"enemies":"Gensokyo:3_Kodama","floor":14.0,"turns":1.0},{"damage":0,"enemies":"Gensokyo:Kokoro","floor":16,"turns":1},{"damage":0,"enemies":"Gensokyo:3_Dogs","floor":18,"turns":1},{"damage":5,"enemies":"Gensokyo:AngelMirror","floor":20,"turns":1},{"damage":0,"enemies":"Gensokyo:Monolith_and_Dog","floor":22,"turns":1},{"damage":0,"enemies":"Gensokyo:Koishi","floor":24,"turns":2},{"damage":0,"enemies":"Gensokyo:Reisen","floor":31,"turns":1},{"damage":0,"enemies":"Gensokyo:Eiki","floor":33,"turns":1},{"damage":0,"enemies":"Gensokyo:3_Bats","floor":35,"turns":1},{"damage":0,"enemies":"Gensokyo:3_Boulders","floor":37,"turns":1},{"damage":0,"enemies":"Gensokyo:Marisa","floor":41,"turns":1},{"damage":0,"enemies":"Gensokyo:Rafflesia","floor":46,"turns":1},{"damage":0,"enemies":"Gensokyo:Dusk_and_Dawn","floor":47,"turns":1},{"damage":0,"enemies":"Gensokyo:Kasen","floor":48,"turns":1},{"damage":0,"enemies":"Gensokyo:Scarlet_Devils","floor":50,"turns":1}],"seed_played":"702851494733566335","potions_obtained":[{"floor":8.0,"key":"Block Potion"},{"floor":20,"key":"FairyPotion"},{"floor":32,"key":"blueLaboratory:EnragingPotion"},{"floor":33,"key":"DuplicationPotion"},{"floor":35,"key":"Block Potion"},{"floor":47,"key":"SkillPotion"}],"is_trial":false,"path_per_floor":["M","$","?","?","M","E","M","E","T","M","M","?","R","M","R","B",null,"M","?","M","?","M","R","E","R","T","R","$","R","$","E","R","B",null,"M","COS","M","?","$","R","E","$","T","?","$","M","M","E","R","B",null],"character_chosen":"WATCHER","items_purchased":["FlurryOfBlows","Guide Book","FlurryOfBlows","ReplayTheSpireMod:CursedCoin","Gremlin Horn","halation:TrafficLight","StuffTheSpire:Gunfinga","Shuriken","Consecrate","Grinning Jar","ClockworkSouvenir","CeramicFish","blueLaboratory:FruitPreserves","FlurryOfBlows","Orrery","Membership Card","HandDrill","sneckomod:BlankCard","Vajra","halation:Sosunser","hubris:FunFungus","Nunchaku"],"campfire_rested":0,"item_purchase_floors":[0,0,0,0,0,0,0,0,0,0,0,0,0,28,28,30,39,39,42,42,42,45],"current_hp_per_floor":[61,61,61,61,61,61,61,61,61,61,61,64,64,64,64,64,67,67,62,57,60,60,60,60,60,60,60,60,60,60,60,60,60,64,64,65,65,65,65,65,77,77,81,41,41,41,41,41,41,41],"gold":380,"neow_bonus":"","is_daily":false,"chose_seed":false,"campfire_upgraded":8,"win_rate":0.0,"timestamp":1613869892,"path_taken":["M","$","?","?","M","E","M","E","T","M","M","?","R","?","R","BOSS","M","?","M","?","?","R","E","R","T","R","?","R","$","E","R","BOSS","M","COS","M","?","$","R","E","?","T","?","?","?","M","E","R","BOSS"],"items_purchased_type":["Card","Relic","Card","Relic","Relic","Relic","Relic","Relic","Card","Relic","Relic","Relic","Potion","Card","Relic","Relic","Relic","Relic","Relic","Relic","Relic","Relic"],"build_version":"2020-12-22","purchased_purges":11,"victory":true,"max_hp_per_floor":[68,68,68,68,68,68,68,68,68,68,68,68,68,68,68,68,68,68,62,62,65,65,65,65,65,65,65,65,65,65,65,65,65,65,65,65,65,65,65,65,77,77,81,81,81,81,81,81,81,81],"card_choices":[{"not_picked":["Replay:Cycle","WindmillStrike"],"picked":"FollowUp","floor":1.0},{"not_picked":["ThirdEye","ForeignInfluence","PathToVictory"],"picked":"SKIP","floor":5.0},{"not_picked":["DeceiveReality","Vengeance","Wireheading"],"picked":"SKIP","floor":6.0},{"not_picked":["Replay:AtTheReady","CutThroughFate","ClearTheMind"],"picked":"SKIP","floor":7.0},{"not_picked":["ClearTheMind","REME_Repentance","Alpha"],"picked":"SKIP","floor":8.0},{"not_picked":["Meditate","Protect","Replay:BluntJabs"],"picked":"SKIP","floor":10.0},{"not_picked":["FlyingSleeves","REME_MusicOfDeath","EmptyMind"],"picked":"SKIP","floor":11.0},{"not_picked":["Replay:AtTheReady","Sanctity","Evaluate"],"picked":"SKIP","floor":14.0},{"not_picked":["Vengeance","SignatureMove+1"],"picked":"Consecrate","floor":18},{"not_picked":["ClearTheMind","ThirdEye","Evaluate"],"picked":"SKIP","floor":20},{"not_picked":["REME_MusicOfDeath+1","Protect","Replay:AllIn"],"picked":"SKIP","floor":22},{"not_picked":["Replay:DivineShield","BowlingBash+1","Collect"],"picked":"SKIP","floor":24},{"not_picked":["Nirvana","CutThroughFate"],"picked":"DeusExMachina","floor":28},{"not_picked":["SashWhip","Collect+1"],"picked":"FollowUp","floor":28},{"not_picked":["Vengeance","EmptyBody"],"picked":"BowlingBash","floor":28},{"not_picked":["JustLucky","Devotion"],"picked":"CrushJoints+1","floor":31},{"not_picked":["Replay:DivineShield","Evaluate","Specialist+1"],"picked":"Crescendo+1","floor":35},{"not_picked":["Halt","Replay:BluntJabs","EmptyFist","StuffTheSpire:FreeRealEstate"],"picked":"SKIP","floor":37},{"not_picked":["Meditate","WindmillStrike","Worship","Survey Options+1"],"picked":"SKIP","floor":41},{"not_picked":["ThirdEye+1","FollowUp+1","ClearTheMind","ReplayUltimateDefense"],"picked":"SKIP","floor":46},{"not_picked":["MentalFortress","PathToVictory","Secret Weapon"],"picked":"FollowUp+1","floor":47},{"not_picked":["Replay:Cycle","Halt+1","FearNoEvil","Replay:Bootleg Shield Generator"],"picked":"SKIP","floor":48}],"player_experience":1187057,"relics_obtained":[{"floor":6.0,"key":"Mummified Hand"},{"floor":8.0,"key":"StuffTheSpire:Barrel"},{"floor":9.0,"key":"hubris:BottledRain"},{"floor":24,"key":"Chameleon Ring"},{"floor":26,"key":"conspire:TopHat"},{"floor":31,"key":"Du-Vu Doll"},{"floor":34,"key":"Potion Belt"},{"floor":34,"key":"StuffTheSpire:HeavyRock"},{"floor":41,"key":"DemoMod:Orange"},{"floor":43,"key":"StuffTheSpire:Rhapsscallions"},{"floor":48,"key":"Replay:Arrowhead"}],"event_choices":[],"is_beta":false,"boss_relics":[{"not_picked":["Honey Jar","ReplayTheSpireMod:DimensionalGlitch"],"picked":"conspire:RunicOctahedron"},{"not_picked":["VioletLotus","hubris:Stopwatch"],"picked":"REME_LowDesire"}],"items_purged_floors":[0,0,0,0,0,0,28,28,28,28,39],"is_endless":false,"potions_floor_spawned":[6,8,10,14,16,20,31,33,35,47],"ascension_level":16}}