{"host":"ywif2ugnepgiw45s","time":1613943446,"event":{"mods":["Act Like it!","BaseMod","Better Skull","Bossed Relics","Downfall","GifTheSpireLib","Gremlin Mod","Hermit","Lobotomy","Mimic Mod","Minty Spire (QoL Compilation)","Quick Restart","READ ME - Guardian Mod","Replay The Spire","Shade Mod","Shapeshifter Mod","Shop Mod","StSLib","The Cursed","The Exalted","The Hierophant","The Jungle","The Necromancer","The Servant 0.9.4"],"gold_per_floor":[115,115,127,30,30,30,59,33,33,33,59,59,90,110,110,210,210,230,230,248,158,177,177,212,224,248,248,248,277,277,277,60,60,60,158,158,176,176,193,143,143,143,5,5,36,36,90,107,107,107,107,160,160,160,160,160,55,90,90],"floor_reached":60,"language":"ENG","playtime":2388,"items_purged":["Strike_W","Writhe","Strike_W","Defend_W"],"score":1489,"play_id":"776cab59-f9e7-44db-9a57-e74012cc4d8f","local_time":"20210221163726","is_ascension_mode":true,"campfire_choices":[{"data":"Negative_Energy_Arrows","floor":6,"key":"SMITH"},{"data":"Bone_Prison","floor":15,"key":"SMITH"},{"data":"Summon_Vampire_Lady","floor":23,"key":"SMITH"},{"data":"Summon_Lich","floor":30,"key":"SMITH"},{"data":"Spectral_Walk","floor":34,"key":"SMITH"},{"floor":44,"key":"RECALL"},{"data":"Grasp_Heart","floor":46,"key":"SMITH"},{"data":"Summon_Vampire_Lady","floor":50,"key":"SMITH"},{"data":"Siphon_Strength","floor":53,"key":"SMITH"},{"data":"Bone_Wall","floor":56,"key":"SMITH"}],"circlet_count":0,"master_deck":["Strike_W+1","Defend_W+1","Defend_W+1","Defend_W","Negative_Energy_Arrows+1","Bone_Wall+1","Siphon_Strength+1","Flash of Steel","Bone_Prison+1","Negative_Energy_Shield","Spectral_Walk+1","Summon_Vampire_Lady+1","Negative_Energy_Javelin+1","Summon_Lich+1","Negative_Energy_Sphere","Detonate_Bones","Bone_Prison+1","Summon_Vampire_Lady+1","Toxic_Smoke_Screen+1","Grasp_Heart+1","Siphon_Strength+1","Madness","Madness","Bone_Shift+1","Summon_Lich","ReplayUltimateDefense"],"relics":["Vampire_Amulet","Bromod:ArcaneFury","Replay:Mystery Machine","Bromod:ArcaneTempo","Du-Vu Doll","Matryoshka","Honey Jar","Bromod:ArcaneMomentum","Bromod:ArcaneConsequence","Anchor","ReplayTheSpireMod:Shallot","Membership Card","MerchantsRug","Juzu Bracelet","Philosopher\u0027s Stone","Guardian:PocketSentry","Kunai","Singing Bowl","Dream Catcher","Bromod:ArcaneGuardian","Turnip","BargainBundle","Ornamental Fan"],"acts_visited":["Exordium","TheCity","TheBeyond","TheEnding"],"potions_floor_usage":[7,35,54,58,59,59,59,59],"damage_taken":[{"damage":0,"enemies":"2 Louse","floor":1,"turns":4},{"damage":0,"enemies":"Cultist","floor":3,"turns":3},{"damage":15,"enemies":"3 Sentries","floor":7,"turns":9},{"damage":7,"enemies":"Lagavulin","floor":11,"turns":7},{"damage":11,"enemies":"Gremlin Nob","floor":13,"turns":4},{"damage":0,"enemies":"Small Slimes","floor":14,"turns":3},{"damage":0,"enemies":"The Guardian","floor":16,"turns":10},{"damage":4,"enemies":"3 Byrds","floor":18,"turns":6},{"damage":0,"enemies":"Spheric Guardian","floor":20,"turns":4},{"damage":0,"enemies":"Snake Plant","floor":22,"turns":5},{"damage":35,"enemies":"Slavers","floor":24,"turns":4},{"damage":5,"enemies":"Centurion and Healer","floor":25,"turns":6},{"damage":6,"enemies":"Gremlin Leader","floor":29,"turns":6},{"damage":35,"enemies":"Automaton","floor":35,"turns":8},{"damage":0,"enemies":"Orb Walker","floor":37,"turns":3},{"damage":0,"enemies":"3 Shapes","floor":39,"turns":5},{"damage":22,"enemies":"Giant Head","floor":45,"turns":11},{"damage":0,"enemies":"Maw","floor":48,"turns":6},{"damage":10,"enemies":"2 Orb Walkers","floor":52,"turns":5},{"damage":10,"enemies":"Time Eater","floor":54,"turns":10},{"damage":67,"enemies":"Shield and Spear","floor":58,"turns":8},{"damage":39,"enemies":"The Heart","floor":59,"turns":9}],"seed_played":"-6838900803214607328","potions_obtained":[{"floor":1,"key":"Weak Potion"},{"floor":3,"key":"bronze:BurnAndBuffPotion"},{"floor":13,"key":"bronze:BurnAndBuffPotion"},{"floor":16,"key":"Venom Potion"},{"floor":25,"key":"DistilledChaos"},{"floor":35,"key":"PowerPotion"},{"floor":48,"key":"PowerPotion"},{"floor":52,"key":"Fire Potion"},{"floor":58,"key":"champ:CounterPotion"}],"is_trial":false,"path_per_floor":["M","?","M","$","?","R","E","$","T","?","E","?","E","M","R","B",null,"M","?","M","?","M","R","E","M","T","PTL","PTL","E","R","?","$","?","R","B",null,"M","?","M","$","PTL","PTL","$","R","E","R","T","M","?","R","T","?","R","B",null,"R","$","E","B",null],"character_chosen":"NECROMANCER","items_purchased":["Flash of Steel","Negative_Energy_Shield","Membership Card","MerchantsRug","Guardian:PocketSentry","BargainBundle","Summon_Lich","ReplayUltimateDefense","Regen Potion"],"campfire_rested":0,"item_purchase_floors":[4,8,32,32,43,57,57,57,57],"current_hp_per_floor":[58,58,60,60,45,45,36,36,36,36,31,31,22,26,26,28,75,75,75,75,75,75,75,52,66,66,66,66,75,75,61,61,61,61,44,80,80,80,80,80,80,80,80,80,71,71,71,80,70,70,70,70,70,80,80,80,80,60,65],"gold":90,"neow_bonus":"ONE_RARE_RELIC","is_daily":false,"chose_seed":false,"campfire_upgraded":9,"win_rate":0.0,"timestamp":1613943446,"path_taken":["M","?","?","?","?","R","E","$","T","?","E","?","E","?","R","BOSS","M","?","?","?","?","R","E","M","T","PTL","PTL","E","R","?","$","?","R","BOSS","M","?","M","?","PTL","PTL","$","R","E","R","T","M","?","R","?","?","R","BOSS","R","$","E","BOSS"],"items_purchased_type":["Card","Card","Relic","Relic","Relic","Relic","Card","Card","Potion"],"build_version":"2020-12-22","purchased_purges":4,"victory":true,"max_hp_per_floor":[75,75,75,75,75,75,75,75,75,75,75,75,75,75,75,75,75,75,75,75,75,75,75,75,75,75,75,75,75,75,80,80,80,80,80,80,80,80,80,80,80,80,80,80,80,80,80,80,80,80,80,80,80,80,80,80,80,82,82],"card_choices":[{"not_picked":["Negative_Energy_Sphere","Negative_Energy_Javelin"],"picked":"Siphon_Strength","floor":1},{"not_picked":["Negative_Energy_Burst","Bone_Spikes","Corrupt"],"picked":"SKIP","floor":3},{"not_picked":["Bone_Shift","Chill_Blood"],"picked":"Bone_Prison","floor":7},{"not_picked":["Death_Coil","Bone_Shift","Blood_Shield"],"picked":"SKIP","floor":11},{"not_picked":["Death_Coil","Blood_Is_Power","Chill_Blood"],"picked":"SKIP","floor":13},{"not_picked":["Bone_Armor","Acid_Javelin"],"picked":"Spectral_Walk","floor":14},{"not_picked":["Grasp_Heart","Summon_Death_Knight"],"picked":"Summon_Vampire_Lady","floor":16},{"not_picked":["Negative_Energy_Mist","Vampiric_Strike","Blood_Curse+1"],"picked":"Negative_Energy_Javelin+1","floor":18},{"not_picked":["Bone_Shift","Death_Coil+1","Bone_Spikes+1"],"picked":"Summon_Lich","floor":20},{"not_picked":["Consume_Illness","Epidemic","Bones_to_Steel"],"picked":"Negative_Energy_Sphere","floor":22},{"not_picked":["Vampiric_Strike","Death_Coil","Strike_from_Beyond+1"],"picked":"Exploit","floor":24},{"not_picked":["Death_March_Dance","Blood_Whip","Blood_Curse"],"picked":"Detonate_Bones","floor":25},{"not_picked":["Chill_Blood","Blood_Curse","Bone_Bullets"],"picked":"Bone_Prison+1","floor":29},{"not_picked":["Hellfire","Detonate_Bones","Summon_Death_Knight"],"picked":"Summon_Vampire_Lady","floor":35},{"not_picked":["Finger_Of_Death","Negative_Energy_Shield+1","Blood_Whip"],"picked":"Toxic_Smoke_Screen+1","floor":37},{"not_picked":["Necrotic_Claws+1","Whirlwind_of_Bones+1","Consume_Illness+1","Deaths_Shadow+1"],"picked":"SKIP","floor":39},{"not_picked":["Blood_Curse","Bone_Armor","Summon_Undead_Army+1"],"picked":"Grasp_Heart","floor":45},{"not_picked":["Scare+1","Consume_Illness","Summon_Undead"],"picked":"Siphon_Strength","floor":48},{"not_picked":["Scare+1","Blood_Magic","Necromantic_Selection+1"],"picked":"Bone_Shift+1","floor":52},{"not_picked":["Thousand_Bone_Knives","Blood_for_Blood+1","Death_March_Dance+1","Life_Drain+1"],"picked":"Singing Bowl","floor":58}],"player_experience":1836562,"relics_obtained":[{"floor":2,"key":"Replay:Mystery Machine"},{"floor":7,"key":"Bromod:ArcaneTempo"},{"floor":11,"key":"Du-Vu Doll"},{"floor":13,"key":"Matryoshka"},{"floor":24,"key":"Bromod:ArcaneMomentum"},{"floor":26,"key":"Bromod:ArcaneConsequence"},{"floor":26,"key":"Anchor"},{"floor":29,"key":"ReplayTheSpireMod:Shallot"},{"floor":45,"key":"Kunai"},{"floor":47,"key":"Singing Bowl"},{"floor":47,"key":"Dream Catcher"},{"floor":51,"key":"Bromod:ArcaneGuardian"},{"floor":52,"key":"Turnip"},{"floor":58,"key":"Ornamental Fan"}],"event_choices":[{"damage_healed":0,"gold_gain":0,"player_choice":"Relic","damage_taken":0,"max_hp_gain":0,"max_hp_loss":0,"event_name":"Wheel of Change","floor":2,"gold_loss":0},{"damage_healed":0,"gold_gain":0,"player_choice":"Entered Light","damage_taken":15,"max_hp_gain":0,"max_hp_loss":0,"event_name":"Shining Light","floor":5,"gold_loss":0,"cards_upgraded":["Siphon_Strength","Strike_W"]},{"damage_healed":0,"gold_gain":0,"player_choice":"Ignored","damage_taken":0,"max_hp_gain":0,"max_hp_loss":0,"event_name":"N\u0027loth","floor":19,"gold_loss":0},{"cards_removed":["Strike_W"],"damage_healed":0,"gold_gain":0,"player_choice":"Upgrade and Remove","damage_taken":0,"max_hp_gain":0,"max_hp_loss":0,"event_name":"Designer","floor":21,"gold_loss":90,"cards_upgraded":["Defend_W"]},{"damage_healed":0,"gold_gain":0,"player_choice":"Shed Blood","damage_taken":19,"max_hp_gain":5,"max_hp_loss":0,"event_name":"Forgotten Altar","floor":31,"gold_loss":0},{"damage_healed":0,"gold_gain":0,"player_choice":"Opened","damage_taken":0,"relics_obtained":["Juzu Bracelet"],"max_hp_gain":0,"max_hp_loss":0,"event_name":"The Mausoleum","floor":33,"gold_loss":0,"cards_obtained":["Writhe"]},{"cards_removed":["Exploit"],"damage_healed":0,"gold_gain":0,"player_choice":"Removed Attack","damage_taken":0,"max_hp_gain":0,"max_hp_loss":0,"event_name":"Falling","floor":38,"gold_loss":0},{"damage_healed":0,"gold_gain":0,"player_choice":"Embrace Madness","damage_taken":10,"max_hp_gain":0,"max_hp_loss":0,"event_name":"Winding Halls","floor":49,"gold_loss":0,"cards_obtained":["Madness","Madness"]},{"damage_healed":0,"gold_gain":0,"player_choice":"Fight","damage_taken":0,"max_hp_gain":0,"max_hp_loss":0,"event_name":"Mysterious Sphere","floor":52,"gold_loss":0}],"is_beta":false,"boss_relics":[{"not_picked":["Cursed Key","Replay:Fungal Core"],"picked":"Honey Jar"},{"not_picked":["Busted Crown","Black Star"],"picked":"Philosopher\u0027s Stone"}],"items_purged_floors":[32,40,43,57],"is_endless":false,"potions_floor_spawned":[1,3,13,16,25,35,45,48,52,58],"ascension_level":4}}