{"host":"fc4hh3zaz3zk8cya","time":1613870766,"event":{"mods":["BaseMod","BetterRewards","Colored Map","Colored Powertips","Downfall","GifTheSpireLib","Gremlin Mod","Hermit","Highlight Path","Infinite Spire","Minty Spire (QoL Compilation)","Permanent Neow","Quick Restart","Replay The Spire","Shop Mod","StSLib","Stuff the Spire","The Bladedancer","The Construct","The Cursed","The Disciple","The Hayseed","The Hierophant","The Necromancer","The Poker Player","The Runesmith","everything is the same but u backflip on backflip","slay the spire mod where everything is the same but ironclad has a cowboy hat"],"gold_per_floor":[364,364,364,380,380,419,419,440,495,56,56,56,74,44,44,173,173,173],"floor_reached":17,"language":"ENG","playtime":758,"items_purged":["Injury"],"score":153,"play_id":"3159068b-5e50-412d-85b0-c873091e5e62","local_time":"20210220202606","is_ascension_mode":false,"campfire_choices":[{"floor":7,"key":"REST"},{"floor":15,"key":"REST"}],"circlet_count":0,"master_deck":["Runesmith:Strike_RS+1","Runesmith:Strike_RS+2","Runesmith:Strike_RS+1","Runesmith:Strike_RS+1","Runesmith:Defend_RS","Runesmith:Defend_RS+1","Runesmith:Defend_RS","Runesmith:CraftFirestone","Runesmith:Fortify","Runesmith:ChiselStab","Runesmith:EarthShield","Runesmith:LithiumIon","Regret","Runesmith:ShiftingStrike+1","Runesmith:HeatedChisel","SwitchThreat","ReplayTheSpireMod:IOU","Injury"],"relics":["Runesmith:BrokenRuby","Replay:Mystery Machine","Golden Idol","StuffTheSpire:HeavyRock","Anchor","Runesmith:Nanobots","Runesmith:MiniCore","Replay:Ancient Bell","Simple Rune","Replay:Bottled Eggs","Gambling Chip"],"acts_visited":["Exordium","TheCity"],"potions_floor_usage":[16],"damage_taken":[{"damage":4,"enemies":"Jaw Worm","floor":1,"turns":4},{"damage":0,"enemies":"2 Louse","floor":4,"turns":2},{"damage":34,"enemies":"Gremlin Nob","floor":6,"turns":5},{"damage":0,"enemies":"Small Slimes","floor":8,"turns":3},{"damage":9,"enemies":"Exordium Thugs","floor":13,"turns":4},{"damage":8,"enemies":"The Guardian","floor":16,"turns":9}],"seed_played":"-4022991094158509863","potions_obtained":[{"floor":1,"key":"LiquidBronze"},{"floor":6,"key":"SkillPotion"},{"floor":14,"key":"LifebloodPotion"},{"floor":14,"key":"Reflective Coating"},{"floor":16,"key":"AttackPotion"}],"is_trial":false,"path_per_floor":["M","?","?","M","?","E","R","M","T","$","?","?","M","?","R","B",null],"character_chosen":"RUNESMITH_CLASS","items_purchased":["Runesmith:BackupBattery","Runesmith:Nanobots","Runesmith:LithiumIon"],"campfire_rested":2,"item_purchase_floors":[10,10,10],"current_hp_per_floor":[59,52,52,52,52,18,36,36,36,36,36,36,27,27,45,37,63,63],"gold":173,"neow_bonus":"TWO_FIFTY_GOLD","is_daily":false,"chose_seed":false,"campfire_upgraded":0,"win_rate":0.0,"timestamp":1613870766,"path_taken":["M","?","?","M","?","E","R","?","T","$","?","?","M","?","R","BOSS"],"items_purchased_type":["Card","Relic","Card"],"build_version":"2020-12-22","purchased_purges":1,"victory":false,"max_hp_per_floor":[63,63,63,63,63,63,63,63,63,63,63,63,63,63,63,63,63,63],"card_choices":[{"not_picked":["Runesmith:StaticCage","Runesmith:HammerThrow"],"picked":"Runesmith:ChiselStab","floor":1},{"not_picked":["Runesmith:GenerateForcefield","Runesmith:EnergizedChisel","Runesmith:StaticCage"],"picked":"SKIP","floor":4},{"not_picked":["Runesmith:EnergizedChisel","Runesmith:WhiteBalance"],"picked":"Runesmith:EarthShield","floor":6},{"not_picked":["Runesmith:CraftObretio","Runesmith:ChiselStab","Runesmith:Repurpose"],"picked":"SKIP","floor":8},{"not_picked":["Runesmith:UnstableHammer","Runesmith:StaticCage"],"picked":"Runesmith:HeatedChisel","floor":13},{"not_picked":["Replay:Hysterical Blindness","Delirium"],"picked":"SwitchThreat","floor":17},{"not_picked":["ReplayTheSpireMod:Doomed","Replay:Hysterical Blindness"],"picked":"ReplayTheSpireMod:IOU","floor":17},{"not_picked":["Normality","Delirium"],"picked":"Injury","floor":17}],"player_experience":141194,"relics_obtained":[{"floor":3,"key":"Replay:Mystery Machine"},{"floor":6,"key":"StuffTheSpire:HeavyRock"},{"floor":9,"key":"Anchor"}],"event_choices":[{"cards_removed":["Runesmith:Defend_RS"],"damage_healed":0,"gold_gain":0,"player_choice":"Card Removal","damage_taken":7,"max_hp_gain":0,"max_hp_loss":0,"event_name":"Golden Wing","floor":2,"gold_loss":0},{"damage_healed":0,"gold_gain":0,"player_choice":"Take Wound","damage_taken":0,"relics_obtained":["Golden Idol"],"max_hp_gain":0,"max_hp_loss":0,"event_name":"Golden Idol","floor":5,"gold_loss":0,"cards_obtained":["Injury"]},{"damage_healed":0,"gold_gain":0,"player_choice":"Box","damage_taken":0,"relics_obtained":["Runesmith:MiniCore"],"max_hp_gain":0,"max_hp_loss":0,"event_name":"Big Fish","floor":11,"gold_loss":0,"cards_obtained":["Regret"]},{"damage_healed":0,"gold_gain":0,"player_choice":"Bought 2 Potions","damage_taken":0,"max_hp_gain":0,"max_hp_loss":0,"event_name":"The Woman in Blue","floor":14,"gold_loss":0}],"is_beta":false,"boss_relics":[{"not_picked":["construct:ClawGrip","construct:WeddingRing"],"picked":"Replay:Ancient Bell"},{"not_picked":["infinitespire:Satchel","Pet Ghost"],"picked":"Simple Rune"},{"not_picked":["Meat on the Bone","Blue Candle"],"picked":"Replay:Bottled Eggs"},{"not_picked":["FossilizedHelix","StuffTheSpire:Expresso"],"picked":"Gambling Chip"}],"items_purged_floors":[10],"is_endless":false,"potions_floor_spawned":[1,6,16],"ascension_level":0}}