{"host":"b3fp0sgzld04crtx","time":1613895460,"event":{"mods":["AchievementEnabler","BaseMod","Colored Map","Colored Powertips","Highlight Path","Minty Spire (QoL Compilation)","Quick Restart","StSLib","The Servant 0.9.4"],"gold_per_floor":[360,370,545,545,545,573,319,336,336,353,353,365,365,378,378,475,475,495,509,509,521,521,521,546,245,268,301,301,319,319,334,334,429,429,447,170,217,237,237,253,271,291,291,122,147,147,162,181,181,181,181],"floor_reached":50,"language":"ENG","playtime":6044,"items_purged":["Normality","Pain","Doubt"],"score":566,"play_id":"37a97b6e-d9dc-4267-a097-23ac00f37746","local_time":"20210221021739","is_ascension_mode":false,"campfire_choices":[{"data":"Eruption","floor":11,"key":"SMITH"},{"floor":15,"key":"REST"},{"data":"Fasting2","floor":23,"key":"SMITH"},{"floor":28,"key":"REST"},{"data":"Scrawl","floor":30,"key":"SMITH"},{"data":"ClearTheMind","floor":32,"key":"SMITH"},{"floor":46,"key":"REST"},{"floor":49,"key":"RECALL"}],"circlet_count":0,"master_deck":["Strike_P","Strike_P","Strike_P+1","Strike_P+1","Defend_P","Defend_P","Defend_P","Defend_P","Eruption+1","Vigilance","EmptyFist","Tantrum","Fasting2+1","ClearTheMind+1","Scrawl+1","Devotion","WheelKick+1","Meditate+1","Crescendo","Blasphemy","Establishment","InnerPeace+1","SandsOfTime","Vault","Conclude+1","Protect","LessonLearned+1","WaveOfTheHand+1","Master of Strategy","ClearTheMind+1"],"relics":["HolyWater","WarpedTongs","GoldenEye","Dead Branch","GremlinMask","Question Card","Bag of Marbles","Regal Pillow","Mango","Sozu","Omamori","Ginger","Shuriken"],"acts_visited":["Exordium","TheCity","TheBeyond"],"potions_floor_usage":[16,16,27,27,31,33],"damage_taken":[{"damage":0,"enemies":"2 Louse","floor":1,"turns":2},{"damage":1,"enemies":"Jaw Worm","floor":2,"turns":4},{"damage":28,"enemies":"Gremlin Nob","floor":6,"turns":5},{"damage":2,"enemies":"Small Slimes","floor":8,"turns":3},{"damage":3,"enemies":"Gremlin Gang","floor":10,"turns":4},{"damage":10,"enemies":"3 Louse","floor":12,"turns":3},{"damage":8,"enemies":"Large Slime","floor":14,"turns":2},{"damage":26,"enemies":"Hexaghost","floor":16,"turns":6},{"damage":2,"enemies":"Shell Parasite","floor":18,"turns":2},{"damage":12,"enemies":"2 Thieves","floor":19,"turns":3},{"damage":20,"enemies":"Centurion and Healer","floor":21,"turns":3},{"damage":4,"enemies":"Gremlin Leader","floor":24,"turns":5},{"damage":24,"enemies":"Book of Stabbing","floor":27,"turns":4},{"damage":3,"enemies":"Shelled Parasite and Fungi","floor":29,"turns":2},{"damage":0,"enemies":"Snake Plant","floor":31,"turns":1},{"damage":105,"enemies":"Collector","floor":33,"turns":10},{"damage":6,"enemies":"3 Darklings","floor":35,"turns":4},{"damage":2,"enemies":"2 Orb Walkers","floor":37,"turns":6},{"damage":0,"enemies":"Orb Walker","floor":38,"turns":2},{"damage":0,"enemies":"Spire Growth","floor":40,"turns":1},{"damage":0,"enemies":"3 Darklings","floor":41,"turns":2},{"damage":20,"enemies":"Maw","floor":42,"turns":5},{"damage":18,"enemies":"Reptomancer","floor":45,"turns":4},{"damage":4,"enemies":"Writhing Mass","floor":47,"turns":3},{"damage":10,"enemies":"4 Shapes","floor":48,"turns":3},{"damage":85,"enemies":"Time Eater","floor":50,"turns":8}],"seed_played":"-7607542582147022806","potions_obtained":[{"floor":2,"key":"BlessingOfTheForge"},{"floor":10,"key":"Ancient Potion"},{"floor":14,"key":"Dexterity Potion"},{"floor":24,"key":"LiquidBronze"},{"floor":29,"key":"GamblersBrew"},{"floor":31,"key":"AttackPotion"}],"is_trial":false,"path_per_floor":["M","M","?","?","?","E","$","M","T","M","R","M","?","M","R","B",null,"M","M","?","M","?","R","E","$","T","E","R","M","R","M","R","B",null,"M","$","?","M","?","M","M","M","T","$","E","R","M","M","R","B"],"character_chosen":"WATCHER","items_purchased":["FairyPotion","Fasting2","Bag of Marbles","BlessingOfTheForge","Omamori","Master of Strategy"],"campfire_rested":3,"item_purchase_floors":[7,7,25,25,36,44],"current_hp_per_floor":[72,71,71,57,57,29,29,27,27,24,24,14,14,6,27,1,72,70,58,58,38,38,38,34,34,34,24,64,61,61,61,61,25,86,80,80,78,78,86,86,86,66,66,66,48,86,82,72,72,0,0],"gold":181,"neow_bonus":"TWO_FIFTY_GOLD","is_daily":false,"chose_seed":false,"campfire_upgraded":4,"win_rate":0.0,"timestamp":1613895459,"path_taken":["M","M","?","?","?","E","$","M","T","?","R","M","?","?","R","BOSS","M","?","?","M","?","R","E","$","T","E","R","M","R","M","R","BOSS","M","?","?","M","?","?","M","M","T","$","E","R","M","M","R","BOSS"],"items_purchased_type":["Potion","Card","Relic","Potion","Relic","Card"],"build_version":"2020-12-22","purchased_purges":3,"victory":false,"max_hp_per_floor":[72,72,72,72,72,72,72,72,72,72,72,72,72,72,72,72,72,72,72,72,72,72,72,72,72,72,86,86,86,86,86,86,86,86,86,86,86,86,86,86,86,86,86,86,86,86,86,86,86,86,86],"card_choices":[{"not_picked":["WreathOfFlame","Prostrate"],"picked":"EmptyFist","floor":1},{"not_picked":["SignatureMove","FollowUp"],"picked":"Tantrum","floor":2},{"not_picked":["WreathOfFlame","DeceiveReality","Prostrate"],"picked":"SKIP","floor":6},{"not_picked":["Adaptation","Indignation"],"picked":"ClearTheMind","floor":8},{"not_picked":["SashWhip","Worship","Evaluate"],"picked":"SKIP","floor":10},{"not_picked":["Prostrate","FollowUp","Indignation"],"picked":"SKIP","floor":12},{"not_picked":["Prostrate","FollowUp","Indignation"],"picked":"SKIP","floor":12},{"not_picked":["Swivel","FollowUp","EmptyFist"],"picked":"SKIP","floor":14},{"not_picked":["Swivel","FollowUp","EmptyFist"],"picked":"SKIP","floor":14},{"not_picked":["Ragnarok","DevaForm"],"picked":"Devotion","floor":16},{"not_picked":["Nirvana","Wallop+1"],"picked":"WheelKick+1","floor":18},{"not_picked":["Halt","SashWhip"],"picked":"Meditate+1","floor":19},{"not_picked":["FlurryOfBlows","CrushJoints+1"],"picked":"Conclude","floor":21},{"not_picked":["Vengeance","Protect+1"],"picked":"Blasphemy","floor":24},{"not_picked":["SignatureMove","Sanctity","FlurryOfBlows"],"picked":"Establishment","floor":27},{"not_picked":["Prostrate","Perseverance","Evaluate+1"],"picked":"InnerPeace+1","floor":29},{"not_picked":["FollowUp","EmptyBody","JustLucky"],"picked":"SandsOfTime","floor":31},{"not_picked":["Establishment","DevaForm","ConjureBlade"],"picked":"Vault","floor":33},{"not_picked":["BowlingBash+1","Halt+1","Crescendo"],"picked":"Conclude+1","floor":35},{"not_picked":["Conclude+1","EmptyFist","Evaluate"],"picked":"Protect","floor":37},{"not_picked":["Worship+1","JustLucky+1","EmptyBody+1"],"picked":"LessonLearned","floor":38},{"not_picked":["FlurryOfBlows","Consecrate","FlyingSleeves+1","SashWhip"],"picked":"SKIP","floor":40},{"not_picked":["FlurryOfBlows+1","Protect","Perseverance+1","FlyingSleeves"],"picked":"SKIP","floor":41},{"not_picked":["ThirdEye+1","Indignation+1","SashWhip"],"picked":"WaveOfTheHand+1","floor":42},{"not_picked":["Protect","ReachHeaven","BowlingBash+1","Brilliance"],"picked":"SKIP","floor":45},{"not_picked":["EmptyFist+1","Halt+1","Study+1"],"picked":"ClearTheMind+1","floor":47},{"not_picked":["FollowUp","Indignation","Evaluate","Worship"],"picked":"SKIP","floor":48}],"player_experience":340319,"relics_obtained":[{"floor":6,"key":"GoldenEye"},{"floor":9,"key":"Dead Branch"},{"floor":24,"key":"Question Card"},{"floor":26,"key":"Regal Pillow"},{"floor":27,"key":"Mango"},{"floor":37,"key":"Ginger"},{"floor":45,"key":"Shuriken"}],"event_choices":[{"damage_healed":0,"gold_gain":175,"player_choice":"AGREE","damage_taken":0,"max_hp_gain":0,"max_hp_loss":0,"event_name":"Liars Game","floor":3,"gold_loss":0,"cards_obtained":["Doubt"]},{"damage_healed":0,"gold_gain":0,"player_choice":"Entered Light","damage_taken":14,"max_hp_gain":0,"max_hp_loss":0,"event_name":"Shining Light","floor":4,"gold_loss":0,"cards_upgraded":["Strike_P","Strike_P"]},{"damage_healed":0,"gold_gain":0,"player_choice":"Rummage","damage_taken":0,"relics_obtained":["WarpedTongs"],"max_hp_gain":0,"max_hp_loss":0,"event_name":"Accursed Blacksmith","floor":5,"gold_loss":0,"cards_obtained":["Pain"]},{"damage_healed":0,"gold_gain":0,"player_choice":"1 cards matched","damage_taken":0,"max_hp_gain":0,"max_hp_loss":0,"event_name":"Match and Keep!","floor":13,"gold_loss":0,"cards_obtained":["Scrawl"]},{"damage_healed":0,"gold_gain":0,"player_choice":"Read","damage_taken":0,"max_hp_gain":0,"max_hp_loss":0,"event_name":"The Library","floor":20,"gold_loss":0,"cards_obtained":["Crescendo"]},{"damage_healed":0,"gold_gain":0,"player_choice":"Trade","damage_taken":0,"relics_obtained":["GremlinMask"],"max_hp_gain":0,"max_hp_loss":0,"event_name":"FaceTrader","floor":22,"gold_loss":0},{"damage_healed":0,"gold_gain":0,"player_choice":"Fight","damage_taken":0,"max_hp_gain":0,"max_hp_loss":0,"event_name":"Mysterious Sphere","floor":37,"gold_loss":0},{"cards_removed":["Conclude"],"damage_healed":8,"gold_gain":0,"player_choice":"Offered Uncommon","damage_taken":0,"max_hp_gain":0,"max_hp_loss":0,"event_name":"Bonfire Elementals","floor":39,"gold_loss":0}],"is_beta":false,"boss_relics":[{"not_picked":["SacredBark","Snecko Eye"],"picked":"HolyWater"},{"not_picked":["Calling Bell","Tiny House"],"picked":"Sozu"}],"items_purged_floors":[7,25,36],"is_endless":false,"potions_floor_spawned":[2,10,12,14,24,29,31,35,45,47],"killed_by":"Time Eater","ascension_level":0}}