{"host":"1lxw72ckkilnkgp7","time":1613887028,"event":{"mods":["ATMod(阿瑾Mod)","BaseMod","BetterRewards","Custom Start","Marisa（F雨　魔理沙）","Minty Spire (QoL Compilation)","Quick Restart","Replay The Spire","Shop Mod","StSLib","The Servant 0.9.4","[功能]功能增强和修复MOD","【功能Mod】聪明的最终Boss"],"gold_per_floor":[112,112,187,92,111,439,451,590,626,638,666,678,704,850,862,1267,1279,1317,1276,1298,1318,1338,1338,1481,1481,1508,1528,1528,1528,1665,1591,1591,2094,2194,2282,2426,2426,2244,2295,2451,2550,2485,2485,2645,2822,2822,2640,2782,2782,2909,2909,2909,2808,3086,3213],"floor_reached":56,"language":"ZHS","playtime":3714,"items_purged":["Strike_B","Strike_B","Strike_B","Strike_B","Defend_B","Defend_B","Defend_B","Zap","Dualcast","Defend_B","Static Discharge","Cold Snap+1","Reprogram","Pot Of Greed","Pot Of Greed","Hologram","Writhe"],"score":2410,"play_id":"d552dac2-a4a6-4831-9220-33159d23e461","local_time":"20210221135708","is_ascension_mode":true,"campfire_choices":[{"data":"Turbo","floor":15.0,"key":"SMITH"},{"data":"Consume","floor":23,"key":"SMITH"},{"floor":25,"key":"RECALL"},{"data":"Genetic Algorithm","floor":29,"key":"SMITH"},{"data":"Pot Of Greed","floor":32,"key":"SMITH"},{"data":"Self Repair","floor":49,"key":"PURGE"},{"data":"Loop","floor":52,"key":"SMITH"}],"circlet_count":0,"master_deck":["AT_FamilyPortrait+1","Ball Lightning","Genetic Algorithm+1","Capacitor","Coolheaded+1","Recycle+1","Defragment","Skim+1","AT_StudyProgram+1","Consume+1","Reboot+1","Echo Form","AT_EMC2+1","Coolheaded+1","Turbo+1","Core Surge+1","AT_WaterDrop","Electrodynamics","Fission+1","Amplify+1","Pot Of Greed+1","Meteor Strike+1","AT_RightCognition","Machine Learning","Fission+1","Thinking Ahead","Dark Embrace+1","Loop+1"],"relics":["Cracked Core","AT_ATBox","BargainBundle","Replay:Baseball","Kunai","Bag of Marbles","AT_TheCollector","Orrery","Membership Card","Molten Egg 2","Mango","ClockworkSouvenir","OrangePellets","AT_SilvercatRing","Lee\u0027s Waffle","Omamori","Medical Kit","AT_ChloranthyRing","Replay:Wax Seal","Potion Belt","Matryoshka","Ice Cream","Runic Capacitor","Anchor","AT_RabadonDeathcap","ReplayTheSpireMod:Ring of Collecting","Ring of Hypnosis","DataDisk","DollysMirror","MawBank","Ornamental Fan","Sundial","Art of War","Grinning Jar","PreservedInsect","Incense Burner","Calling Bell","Replay:Bandana","Quantum Egg","Ginger","Chemical X","Chameleon Ring","ReplayTheSpireMod:Ring of Addiction","Strawberry","SacredBark","Toy Ornithopter","Thread and Needle","Geode","AT_MibuBalloonWealth","Replay:Wanted Poster","AT_BellowingDragoncrestRing","Juzu Bracelet","PrismaticShard","Bottled Tornado","Ring of Fury","Replay:Rubber Ducky","Peace Pipe","Calipers","Replay:Frozen Program","War Paint","Shuriken","Cauldron","Blood Vial"],"acts_visited":["Exordium","TheCity","TheBeyond","TheEnding"],"potions_floor_usage":[24,33,38,41,44,45,48,55,55,55],"damage_taken":[{"damage":0.0,"enemies":"Jaw Worm","floor":1.0,"turns":3.0},{"damage":0.0,"enemies":"2 Louse","floor":5.0,"turns":2.0},{"damage":1.0,"enemies":"3 Sentries","floor":6.0,"turns":3.0},{"damage":1.0,"enemies":"Replay:BlueRogue","floor":8.0,"turns":2.0},{"damage":0.0,"enemies":"Cultist","floor":11.0,"turns":2.0},{"damage":18.0,"enemies":"Exordium Thugs","floor":13.0,"turns":4.0},{"damage":0.0,"enemies":"Lagavulin","floor":14.0,"turns":5.0},{"damage":0,"enemies":"Fading Forest","floor":16,"turns":4},{"damage":2,"enemies":"Spheric Guardian","floor":18,"turns":4},{"damage":0,"enemies":"Chosen","floor":20,"turns":2},{"damage":0,"enemies":"Centurion and Healer","floor":21,"turns":4},{"damage":0,"enemies":"Snake Plant","floor":22,"turns":3},{"damage":0,"enemies":"Book of Stabbing","floor":24,"turns":4},{"damage":0,"enemies":"Shelled Parasite and Fungi","floor":27,"turns":2},{"damage":3,"enemies":"Gremlin Leader","floor":30,"turns":2},{"damage":0,"enemies":"Pondfish","floor":33,"turns":4},{"damage":2,"enemies":"3 Shapes","floor":35,"turns":2},{"damage":0,"enemies":"3 Darklings","floor":36,"turns":4},{"damage":0,"enemies":"Transient","floor":39,"turns":4},{"damage":0,"enemies":"R_Hoarder","floor":40,"turns":3},{"damage":0,"enemies":"Jaw Worm Horde","floor":41,"turns":4},{"damage":0,"enemies":"Giant Head","floor":44,"turns":3},{"damage":0,"enemies":"Mind Bloom Boss Battle","floor":45,"turns":2},{"damage":0,"enemies":"3 Darklings","floor":48,"turns":3},{"damage":0,"enemies":"Time Eater","floor":50,"turns":5},{"damage":0,"enemies":"Shield and Spear","floor":54,"turns":1},{"damage":0,"enemies":"The Heart","floor":55,"turns":3}],"seed_played":"-2628260630399549437","potions_obtained":[{"floor":1.0,"key":"FocusPotion"},{"floor":1.0,"key":"EssenceOfSteel"},{"floor":8.0,"key":"PotionOfCapacity"},{"floor":8.0,"key":"FearPotion"},{"floor":11.0,"key":"DuplicationPotion"},{"floor":18,"key":"Swift Potion"},{"floor":24,"key":"Venom Potion"},{"floor":26,"key":"AttackPotion"},{"floor":33,"key":"EssenceOfSteel"},{"floor":33,"key":"Swift Potion"},{"floor":41,"key":"FocusPotion"},{"floor":41,"key":"Reflective Coating"},{"floor":48,"key":"SkillPotion"},{"floor":53,"key":"Block Potion"}],"is_trial":false,"path_per_floor":["M","?","?","$","M","E","T","E","T","$","M","?","M","E","R","B",null,"M","$","M","M","M","R","E","R","T","M","?","R","E","$","R","B",null,"M","M","?","$","M","E","M","$","T","E","?","?","$","M","R","B",null,"R","$","E","B",null],"character_chosen":"DEFECT","items_purchased":["BargainBundle","Ball Lightning","Genetic Algorithm","Replay:Baseball","Kunai","Bag of Marbles","Capacitor","Self Repair","Coolheaded","AT_TheCollector","Orrery","Membership Card","Skim","Molten Egg 2","Mango","ClockworkSouvenir","OrangePellets","AT_SilvercatRing","Ball Lightning+1","Lee\u0027s Waffle","Omamori","Medical Kit","AT_ChloranthyRing","Replay:Wax Seal","Potion Belt","DuplicationPotion","AT_StudyProgram","Consume","Matryoshka","Reboot","Echo Form","Ice Cream","Runic Capacitor","AT_EMC2","Anchor","DataDisk","Cold Snap+1","DollysMirror","Chemical X","Geode","Meteor Strike+1","AT_BellowingDragoncrestRing","Juzu Bracelet","Fruit Juice","Block Potion","PrismaticShard","Bottled Tornado","Calipers","Replay:Frozen Program","Loop","War Paint","Block Potion","Shuriken","Cauldron"],"campfire_rested":0,"item_purchase_floors":[0,0,0,0,0,0,0,0,0,0,0,0,0,0,0,0,0,0,0,0,0,0,0,0,0,0,0,0,0,0,0,0,0,0,0,4,4,4,19,31,31,38,38,38,38,38,42,47,47,47,47,47,53,53],"current_hp_per_floor":[96,96,85,85,85,84,84,90,90,90,96,96,92,96,96,96,96,96,96,96,96,96,96,96,96,103,103,103,103,101,101,101,99,99,99,99,87,107,107,107,112,112,112,112,112,112,112,112,112,112,112,110,110,110,108],"gold":3213,"neow_bonus":"","is_daily":false,"chose_seed":false,"campfire_upgraded":5,"win_rate":0.0,"timestamp":1613887028,"path_taken":["M","?","?","?","?","E","?","E","T","$","M","?","?","E","R","BOSS","M","$","M","M","M","R","E","R","T","M","?","R","E","$","R","BOSS","M","M","?","$","M","E","M","$","T","E","?","?","$","M","R","BOSS","R","$","E","BOSS"],"items_purchased_type":["Relic","Card","Card","Relic","Relic","Relic","Card","Card","Card","Relic","Relic","Relic","Card","Relic","Relic","Relic","Relic","Relic","Card","Relic","Relic","Relic","Relic","Relic","Relic","Potion","Card","Card","Relic","Card","Card","Relic","Relic","Card","Relic","Relic","Card","Relic","Relic","Relic","Card","Relic","Relic","Potion","Potion","Relic","Relic","Relic","Relic","Card","Relic","Potion","Relic","Relic"],"build_version":"2020-12-22","purchased_purges":17,"victory":true,"max_hp_per_floor":[96,96,96,96,96,96,96,96,96,96,96,96,96,96,96,96,96,96,96,96,96,96,96,96,96,103,103,103,103,101,101,101,99,99,99,99,97,112,112,112,112,112,112,112,112,112,112,112,112,112,112,110,110,110,108],"card_choices":[{"not_picked":["AT_WaterDrop","Reinforced Body"],"picked":"Reprogram","floor":0.0},{"not_picked":["Steam Power","Reprogram"],"picked":"Hologram","floor":0.0},{"not_picked":["Undo","Panic Button"],"picked":"Recycle","floor":0.0},{"not_picked":["Rebound","Gash"],"picked":"Defragment","floor":0.0},{"not_picked":["Go for the Eyes","BasicCrystalCard"],"picked":"Static Discharge","floor":0.0},{"not_picked":["BasicCrystalCard","Beam Cell+1","Compile Driver+1"],"picked":"SKIP","floor":1.0},{"not_picked":["Gash+1","Redo"],"picked":"Turbo","floor":5.0},{"not_picked":["Seek","Scrape+1","Leap"],"picked":"SKIP","floor":6.0},{"not_picked":["Panic Button","Sweeping Beam+1","Barrage+1"],"picked":"SKIP","floor":8.0},{"not_picked":["Ball Lightning+1","Defragment","Leap"],"picked":"SKIP","floor":11.0},{"not_picked":["Doom and Gloom+1","Crystallizer","Genetic Algorithm"],"picked":"SKIP","floor":13.0},{"not_picked":["Reprogram","Redo"],"picked":"AT_WaterDrop","floor":14.0},{"not_picked":["Mirror Shield","Rainbow"],"picked":"Electrodynamics","floor":16},{"not_picked":["Amplify","All For One+1"],"picked":"Fission","floor":16},{"not_picked":["Electrodynamics","Core Surge+1"],"picked":"Amplify","floor":16},{"not_picked":["Hologram","AT_HeatAcrobatics+1","Auto Shields"],"picked":"SKIP","floor":18},{"not_picked":["BasicCrystalCard","Leap","Blizzard+1"],"picked":"SKIP","floor":20},{"not_picked":["BasicCrystalCard+1","Sweeping Beam+1","Rebound+1"],"picked":"SKIP","floor":21},{"not_picked":["Ball Lightning+1","ReplayTheSpireMod:Reroute Power","Stack+1"],"picked":"SKIP","floor":22},{"not_picked":["Seek","Steam+1","Crystallizer"],"picked":"SKIP","floor":24},{"not_picked":["Panic Button","Conserve Battery","Gash+1"],"picked":"SKIP","floor":27},{"not_picked":["Time Bomb","Loop","Hello World+1"],"picked":"SKIP","floor":30},{"not_picked":["Creative AI","Reboot"],"picked":"AT_RightCognition","floor":33},{"not_picked":["ReplayTheSpireMod:Omega Cannon+1","AT_RightCognition"],"picked":"Machine Learning","floor":33},{"not_picked":["Biased Cognition","Creative AI"],"picked":"Fission","floor":33},{"not_picked":["ReplayTheSpireMod:System Scan","Go for the Eyes+1","Compile Driver+1"],"picked":"SKIP","floor":35},{"not_picked":["Loop","ReplayTheSpireMod:System Scan","ReplayTheSpireMod:Reroute Power"],"picked":"SKIP","floor":36},{"not_picked":["HandOfGreedLower+1","HandOfGreedExtend+1"],"picked":"Thinking Ahead","floor":37},{"not_picked":["Wallop+1","Havoc+1","Mind Blast+1"],"picked":"SKIP","floor":39},{"not_picked":["DarkMatter","Gash+1","ReplayTheSpireMod:Corrosion Curse"],"picked":"SKIP","floor":40},{"not_picked":["Finisher+1","PulseMagic"],"picked":"Dark Embrace","floor":41},{"not_picked":["Deflect+1","DragonMeteor+1","Consecrate+1"],"picked":"SKIP","floor":44},{"not_picked":["Force Field","Halt+1","Outmaneuver"],"picked":"SKIP","floor":48},{"not_picked":["PathToVictory+1","AT_ChampionStep+1","Evaluate"],"picked":"SKIP","floor":54}],"player_experience":138698,"relics_obtained":[{"floor":2.0,"key":"ReplayTheSpireMod:Ring of Collecting"},{"floor":2.0,"key":"Ring of Hypnosis"},{"floor":6.0,"key":"MawBank"},{"floor":7.0,"key":"Ornamental Fan"},{"floor":8.0,"key":"Sundial"},{"floor":9.0,"key":"Art of War"},{"floor":9.0,"key":"Grinning Jar"},{"floor":14.0,"key":"PreservedInsect"},{"floor":16,"key":"Incense Burner"},{"floor":17,"key":"Replay:Bandana"},{"floor":17,"key":"Quantum Egg"},{"floor":17,"key":"Ginger"},{"floor":24,"key":"Chameleon Ring"},{"floor":26,"key":"ReplayTheSpireMod:Ring of Addiction"},{"floor":26,"key":"Strawberry"},{"floor":26,"key":"SacredBark"},{"floor":26,"key":"Toy Ornithopter"},{"floor":30,"key":"Thread and Needle"},{"floor":33,"key":"AT_MibuBalloonWealth"},{"floor":43,"key":"Ring of Fury"},{"floor":44,"key":"Replay:Rubber Ducky"},{"floor":45,"key":"Peace Pipe"},{"floor":54,"key":"Blood Vial"}],"event_choices":[{"damage_healed":0.0,"max_hp_gain":0.0,"max_hp_loss":0.0,"gold_gain":75.0,"event_name":"World of Goop","player_choice":"Gather Gold","floor":3.0,"gold_loss":0.0,"damage_taken":11.0},{"damage_healed":0.0,"max_hp_gain":0.0,"max_hp_loss":0.0,"gold_gain":0.0,"event_name":"Match and Keep!","player_choice":"1 cards matched","floor":12.0,"gold_loss":0.0,"damage_taken":0.0,"cards_obtained":["Core Surge"]},{"cards_removed":["Ball Lightning"],"damage_healed":0,"gold_gain":0,"player_choice":"Purged","damage_taken":0,"max_hp_gain":0,"max_hp_loss":0,"event_name":"Purifier","floor":28,"gold_loss":0},{"damage_healed":0,"gold_gain":0,"player_choice":"Memory 3","damage_taken":10,"max_hp_gain":0,"max_hp_loss":0,"event_name":"SensoryStone","floor":37,"gold_loss":0},{"damage_healed":0,"gold_gain":0,"player_choice":"Fight","damage_taken":0,"max_hp_gain":0,"max_hp_loss":0,"event_name":"MindBloom","floor":45,"gold_loss":0},{"damage_healed":28,"gold_gain":0,"player_choice":"Writhe","damage_taken":0,"max_hp_gain":0,"max_hp_loss":0,"event_name":"Winding Halls","floor":46,"gold_loss":0,"cards_obtained":["Writhe"]}],"is_beta":false,"boss_relics":[{"not_picked":["Painkiller Herb","Honey Jar"],"picked":"Calling Bell"},{"not_picked":["Replay:Ancient Bell","Nuclear Battery"],"picked":"Replay:Wanted Poster"}],"items_purged_floors":[0,0,0,0,0,0,0,0,0,0,0,4,19,19,19,38,47],"is_endless":false,"potions_floor_spawned":[1,1,6,8,8,8,11,14,14,16,16,18,20,21,24,30,30,30,33,33,35,35,36,39,39,40,41,41,48,54],"ascension_level":5}}