{"host":"v4nyfngrgywi7zc6","time":1613868509,"event":{"mods":["2.2 Compatiblity","Act Like it!","BaseMod","Custom Start","Friendly Minions","Minty Spire (QoL Compilation)","Reliquary","Ruina","Shade Mod","Shop Mod","StSLib","The Cursed","The Judge","The Jungle","The Marked","The Mystic","The Necromancer","The Saiyan"],"gold_per_floor":[109,127,202,202,214,214,225,260,260,279,294,329,279,297,297,398,398,418,368,368,368,388,416,192,192,217,217,234,234,254,264,264,360,360,378,398,398,409,409,409,441,441,441,468,31,31,48,59,59,59,59,59,20,48,48,48],"floor_reached":55,"language":"ENG","playtime":4413,"items_purged":["Writhe","Parasite"],"score":561,"play_id":"d96924ef-f3fe-4328-b77b-9c13227c1c6c","local_time":"20210220184829","is_ascension_mode":false,"campfire_choices":[{"data":"mysticmod:SuddenClarity","floor":6.0,"key":"SMITH"},{"floor":15.0,"key":"REST"},{"floor":27.0,"key":"REST"},{"floor":32.0,"key":"REST"},{"floor":40.0,"key":"REST"},{"data":"mysticmod:StyleChange","floor":42.0,"key":"SMITH"},{"floor":49.0,"key":"RECALL"},{"data":"mysticmod:SuddenClarity","floor":52.0,"key":"SMITH"}],"circlet_count":0,"master_deck":["mysticmod:Strike_Mystic","mysticmod:Strike_Mystic","mysticmod:Defend_Mystic","mysticmod:Defend_Mystic","mysticmod:Defend_Mystic","mysticmod:ArcaneDodge","mysticmod:ShockingGrasp+1","mysticmod:SuddenClarity+1","mysticmod:SuddenClarity+1","mysticmod:TomeOfSpells","mysticmod:StyleChange+1","mysticmod:StyleChange+1","mysticmod:EnchantedMoulinet","mysticmod:Momentum+1","mysticmod:ArcaneAccuracy+1","Clumsy","mysticmod:PunishingArmor+1","mysticmod:SuddenClarity+1","mysticmod:GeminiForm+1","mysticmod:Spellstrike","mysticmod:MysticalShield+1","mysticmod:Grease+1","mysticmod:ComboCaster+1","mysticmod:LightningBolt"],"relics":["mysticmod:BlessedBook","NeowsBlessing","Vajra","Frozen Egg 2","Juzu Bracelet","reliquary:RedCape","ruina:FalsePresent","ruina:Goodbye","Pocketwatch","reliquary:Buckler","reliquary:RosewoodLute","Ancient Tea Set","CeramicFish","Ginger","Bottled Tornado","Sundial"],"acts_visited":["Exordium","Exordium","TheBeyond","TheEnding"],"potions_floor_usage":[55],"damage_taken":[{"damage":0.0,"enemies":"Jaw Worm","floor":1.0,"turns":1.0},{"damage":0.0,"enemies":"Cultist","floor":2.0,"turns":1.0},{"damage":0.0,"enemies":"2 Louse","floor":5.0,"turns":1.0},{"damage":5.0,"enemies":"Blue Slaver","floor":7.0,"turns":4.0},{"damage":12.0,"enemies":"3 Sentries","floor":8.0,"turns":10.0},{"damage":0.0,"enemies":"2 Fungi Beasts","floor":10.0,"turns":4.0},{"damage":1.0,"enemies":"Exordium Thugs","floor":11.0,"turns":3.0},{"damage":36.0,"enemies":"Gremlin Nob","floor":12.0,"turns":4.0},{"damage":0.0,"enemies":"3 Louse","floor":14.0,"turns":1.0},{"damage":32.0,"enemies":"Slime Boss","floor":16.0,"turns":11.0},{"damage":20.0,"enemies":"ruina:Nosferatu","floor":18.0,"turns":5.0},{"damage":9.0,"enemies":"ruina:3_Bats","floor":22.0,"turns":3.0},{"damage":13.0,"enemies":"ruina:ServantOfWrath","floor":23.0,"turns":5.0},{"damage":0.0,"enemies":"ruina:QueenOfHate","floor":28.0,"turns":3.0},{"damage":5.0,"enemies":"ruina:KnightOfDespair","floor":29.0,"turns":3.0},{"damage":4.0,"enemies":"ruina:Woodsman","floor":30.0,"turns":5.0},{"damage":16.0,"enemies":"ruina:QueenOfHate","floor":31.0,"turns":5.0},{"damage":18.0,"enemies":"ruina:Ozma","floor":33.0,"turns":15.0},{"damage":1.0,"enemies":"Orb Walker","floor":35.0,"turns":4.0},{"damage":13.0,"enemies":"3 Darklings","floor":36.0,"turns":5.0},{"damage":11.0,"enemies":"Writhing Mass","floor":38.0,"turns":6.0},{"damage":22.0,"enemies":"Nemesis","floor":41.0,"turns":7.0},{"damage":25.0,"enemies":"Reptomancer","floor":44.0,"turns":6.0},{"damage":0.0,"enemies":"Jaw Worm Horde","floor":47.0,"turns":4.0},{"damage":0.0,"enemies":"4 Shapes","floor":48.0,"turns":4.0},{"damage":6.0,"enemies":"Donu and Deca","floor":50.0,"turns":10.0},{"damage":17.0,"enemies":"Shield and Spear","floor":54.0,"turns":6.0},{"damage":106,"enemies":"The Heart","floor":55,"turns":11}],"seed_played":"-4077123929811491511","potions_obtained":[{"floor":2.0,"key":"Energy Potion"},{"floor":5.0,"key":"SmokeBomb"},{"floor":7.0,"key":"Dexterity Potion"},{"floor":16.0,"key":"Explosive Potion"},{"floor":18.0,"key":"EssenceOfSteel"},{"floor":19.0,"key":"ColorlessPotion"},{"floor":23.0,"key":"mysticmod:EssenceOfMagic"},{"floor":31.0,"key":"Fire Potion"},{"floor":38.0,"key":"Explosive Potion"},{"floor":41.0,"key":"SkillPotion"},{"floor":44.0,"key":"Block Potion"},{"floor":48.0,"key":"Ancient Potion"}],"is_trial":false,"path_per_floor":["M","M","?","?","M","R","M","E","T","M","M","E","?","M","R","B",null,"M","?","?","?","M","E","$","?","T","R","M","M","M","M","R","B",null,"M","M","?","M","?","R","E","R","T","E","$","$","M","M","R","B",null,"R","$","E","B"],"character_chosen":"MYSTIC_CLASS","items_purchased":["mysticmod:GeminiForm+1","Bottled Tornado","mysticmod:ComboCaster+1","PowerPotion","mysticmod:LightningBolt"],"campfire_rested":4,"item_purchase_floors":[24,45,45,45,53],"current_hp_per_floor":[77,77,66,66,66,66,61,49,49,49,48,12,12,12,35,3,77,57,53,46,46,37,24,24,36,36,61,61,56,52,36,61,43,84,83,70,70,59,59,84,62,62,62,37,37,37,37,37,37,31,81,81,81,64,0,0],"gold":48,"neow_bonus":"THREE_ENEMY_KILL","is_daily":false,"chose_seed":false,"campfire_upgraded":3,"win_rate":0.0,"timestamp":1613868509,"path_taken":["M","M","?","?","M","R","M","E","T","?","M","E","?","M","R","BOSS","M","?","?","?","M","E","$","?","T","R","M","M","M","M","R","BOSS","M","M","?","M","?","R","E","R","T","E","?","$","M","M","R","BOSS","R","$","E","BOSS"],"items_purchased_type":["Card","Relic","Card","Potion","Card"],"build_version":"2020-12-22","purchased_purges":2,"victory":false,"max_hp_per_floor":[77,77,77,77,77,77,77,77,77,77,77,77,77,77,77,77,77,77,72,72,72,72,72,72,84,84,84,84,84,84,84,84,84,84,84,84,84,84,84,84,84,84,84,84,81,81,81,81,81,81,81,81,81,81,81,81],"card_choices":[{"not_picked":["mysticmod:Disengage","mysticmod:Dedication","mysticmod:Riposte"],"picked":"SKIP","floor":1.0},{"not_picked":["mysticmod:IllusionOfCalm","mysticmod:BulkUp"],"picked":"mysticmod:SuddenClarity","floor":2.0},{"not_picked":["mysticmod:Disengage","mysticmod:Daze","mysticmod:ComponentsPouch"],"picked":"SKIP","floor":5.0},{"not_picked":["mysticmod:Snowball","mysticmod:EarthenWall"],"picked":"mysticmod:SuddenClarity","floor":7.0},{"not_picked":["mysticmod:Fireball","mysticmod:Alacrity"],"picked":"mysticmod:TomeOfSpells","floor":8.0},{"not_picked":["mysticmod:CorrosiveTouch","mysticmod:Riposte"],"picked":"mysticmod:StyleChange","floor":10.0},{"not_picked":["mysticmod:HunkerDown","mysticmod:Sideswipe"],"picked":"mysticmod:StyleChange","floor":11.0},{"not_picked":["mysticmod:Alacrity","mysticmod:BladedDash"],"picked":"mysticmod:EnchantedMoulinet","floor":12.0},{"not_picked":["mysticmod:Probe","mysticmod:KeenEdge","mysticmod:HunkerDown"],"picked":"SKIP","floor":14.0},{"not_picked":["mysticmod:Discipline+1","mysticmod:MirrorEntity+1"],"picked":"mysticmod:Momentum+1","floor":16.0},{"not_picked":["mysticmod:ChargedParry","mysticmod:Snowball"],"picked":"mysticmod:ArcaneAccuracy+1","floor":18.0},{"not_picked":["mysticmod:ComponentsPouch","mysticmod:MagicWeapon"],"picked":"mysticmod:SuddenClarity+1","floor":22.0},{"not_picked":["mysticmod:Flurry+1","mysticmod:CorrosiveTouch","mysticmod:Daze"],"picked":"SKIP","floor":23.0},{"not_picked":["mysticmod:SummonFamiliar+1","mysticmod:Fly","mysticmod:Sideswipe"],"picked":"SKIP","floor":28.0},{"not_picked":["mysticmod:ChargedParry","mysticmod:SuddenClarity"],"picked":"mysticmod:Spellstrike","floor":30.0},{"not_picked":["mysticmod:PowerSlash","mysticmod:BulkUp","mysticmod:SuddenClarity"],"picked":"SKIP","floor":31.0},{"not_picked":["mysticmod:Discipline+1","mysticmod:MirrorEntity+1"],"picked":"mysticmod:MysticalShield+1","floor":33.0},{"not_picked":["mysticmod:Flourish","mysticmod:ChargedParry","mysticmod:VorpalThrust"],"picked":"SKIP","floor":35.0},{"not_picked":["mysticmod:Riposte","mysticmod:Probe+1","mysticmod:PowerSlash+1"],"picked":"SKIP","floor":36.0},{"not_picked":["mysticmod:FloatingDisk","mysticmod:ArcaneAccuracy+1","mysticmod:HeavyStrike+1"],"picked":"SKIP","floor":38.0},{"not_picked":["mysticmod:PureInstinct","mysticmod:LightningBolt+1"],"picked":"mysticmod:Grease+1","floor":41.0},{"not_picked":["mysticmod:BulkUp","mysticmod:Dedication+1","mysticmod:Snowball+1"],"picked":"SKIP","floor":44.0},{"not_picked":["mysticmod:PowerSlash","mysticmod:LightningBolt+1","mysticmod:HeavyStrike+1"],"picked":"SKIP","floor":47.0},{"not_picked":["mysticmod:PureInstinct+1","mysticmod:Shield+1","mysticmod:MagicMissile+1"],"picked":"SKIP","floor":48.0},{"not_picked":["mysticmod:EnergizedRift","mysticmod:Natural20","mysticmod:PowerAttack+1"],"picked":"SKIP","floor":54.0}],"player_experience":284511,"relics_obtained":[{"floor":8.0,"key":"Frozen Egg 2"},{"floor":12.0,"key":"Juzu Bracelet"},{"floor":23.0,"key":"Pocketwatch"},{"floor":26.0,"key":"reliquary:Buckler"},{"floor":39.0,"key":"reliquary:RosewoodLute"},{"floor":41.0,"key":"Ancient Tea Set"},{"floor":43.0,"key":"CeramicFish"},{"floor":44.0,"key":"Ginger"},{"floor":54.0,"key":"Sundial"}],"event_choices":[{"damage_healed":0.0,"max_hp_gain":0.0,"max_hp_loss":0.0,"gold_gain":75.0,"event_name":"World of Goop","player_choice":"Gather Gold","floor":3.0,"gold_loss":0.0,"damage_taken":11.0},{"damage_healed":0.0,"max_hp_gain":0.0,"max_hp_loss":0.0,"gold_gain":0.0,"event_name":"WeMeetAgain","player_choice":"Gave Potion","floor":4.0,"gold_loss":0.0,"damage_taken":0.0,"relics_obtained":["Vajra"]},{"cards_removed":["mysticmod:Strike_Mystic"],"damage_healed":0.0,"max_hp_gain":0.0,"max_hp_loss":0.0,"gold_gain":0.0,"event_name":"The Cleric","player_choice":"Card Removal","floor":13.0,"gold_loss":50.0,"damage_taken":0.0},{"damage_healed":0.0,"max_hp_gain":0.0,"max_hp_loss":0.0,"gold_gain":0.0,"event_name":"Match and Keep!","player_choice":"0 cards matched","floor":37.0,"gold_loss":0.0,"damage_taken":0.0,"cards_obtained":[]},{"damage_healed":0.0,"max_hp_gain":0.0,"max_hp_loss":0.0,"gold_gain":0.0,"event_name":"Wheel of Change","player_choice":"Relic","floor":39.0,"gold_loss":0.0,"damage_taken":0.0}],"is_beta":false,"boss_relics":[{"not_picked":["reliquary:WritOfMandamus","mysticmod:DeckOfManyThings"],"picked":"reliquary:RedCape"},{"not_picked":["Coffee Dripper","Snecko Eye"],"picked":"mysticmod:BlessedBook"}],"items_purged_floors":[24,45],"is_endless":false,"potions_floor_spawned":[2,5,7,16,18,23,29,31,38,41,44,48],"killed_by":"The Heart","ascension_level":0}}