{"host":"pifa3o3uv2a0m12r","time":1613900520,"event":{"mods":["AchievementEnabler","BaseMod","Colored Map","Minty Spire (QoL Compilation)","StSLib","SuperFastMode"],"gold_per_floor":[118,129,204,221,241,269,269,299,299,317,317,337,337,372,372,477,477,494,511,248,265,265,299,299,275,275,301,312,327,327,344,344,441,441,460,301,319,319,60,60,91,110,110,135,155,155,174,194,194,194],"floor_reached":51,"language":"FRA","playtime":2571,"items_purged":[],"score":935,"play_id":"e1098b10-fab8-4534-bb1e-b16000f93166","local_time":"20210220234200","is_ascension_mode":true,"campfire_choices":[{"floor":11,"key":"REST"},{"data":"1","floor":13,"key":"LIFT"},{"data":"2","floor":15,"key":"LIFT"},{"data":"3","floor":32,"key":"LIFT"},{"floor":40,"key":"REST"},{"data":"WindmillStrike","floor":46,"key":"SMITH"},{"floor":49,"key":"REST"}],"circlet_count":0,"master_deck":["Defend_P","Defend_P","Defend_P","Defend_P","Eruption","Vigilance","EmptyFist","DeceiveReality","MentalFortress","FlurryOfBlows","Perseverance","ReachHeaven","SpiritShield+1","ClearTheMind+1","Crescendo+1","ConjureBlade+1","FollowUp+1","FlurryOfBlows+1","Bite","Bite","Bite","Bite","Bite","Prostrate+1","Prostrate+1","CarveReality","Perseverance+1","RitualDagger","EmptyBody+1","Omniscience+1","FlurryOfBlows","WindmillStrike+1","EmptyFist+1","Madness+1","Madness+1","FlurryOfBlows","Evaluate+1","Protect+1","ThirdEye+1","FlurryOfBlows+1","LikeWater"],"relics":["HolyWater","Akabeko","CaptainsWheel","Girya","Toxic Egg 2","Letter Opener","Membership Card","Shuriken","Meat on the Bone","Gremlin Horn","Bronze Scales","VioletLotus","Pear","TheAbacus","Thread and Needle","Dead Branch","Damaru","Bottled Flame"],"acts_visited":["Exordium","TheCity","TheBeyond"],"potions_floor_usage":[6,12,16,18,18,27,33,37,47,50,50],"damage_taken":[{"damage":6,"enemies":"Jaw Worm","floor":1,"turns":4},{"damage":0,"enemies":"2 Louse","floor":2,"turns":2},{"damage":0,"enemies":"Cultist","floor":4,"turns":3},{"damage":2,"enemies":"Blue Slaver","floor":5,"turns":5},{"damage":15,"enemies":"Lagavulin","floor":6,"turns":6},{"damage":22,"enemies":"Gremlin Nob","floor":8,"turns":6},{"damage":1,"enemies":"Exordium Wildlife","floor":10,"turns":4},{"damage":4,"enemies":"Gremlin Gang","floor":12,"turns":6},{"damage":1,"enemies":"Lagavulin","floor":14,"turns":5},{"damage":30,"enemies":"The Guardian","floor":16,"turns":7},{"damage":12,"enemies":"3 Byrds","floor":18,"turns":3},{"damage":0,"enemies":"Chosen","floor":19,"turns":4},{"damage":4,"enemies":"Sentry and Sphere","floor":21,"turns":6},{"damage":0,"enemies":"Gremlin Leader","floor":23,"turns":3},{"damage":18,"enemies":"Slavers","floor":27,"turns":5},{"damage":0,"enemies":"Centurion and Healer","floor":28,"turns":6},{"damage":15,"enemies":"Snake Plant","floor":29,"turns":4},{"damage":1,"enemies":"3 Cultists","floor":31,"turns":5},{"damage":17,"enemies":"Automaton","floor":33,"turns":4},{"damage":25,"enemies":"3 Shapes","floor":35,"turns":6},{"damage":35,"enemies":"3 Darklings","floor":37,"turns":5},{"damage":22,"enemies":"Nemesis","floor":41,"turns":5},{"damage":0,"enemies":"Sphere and 2 Shapes","floor":42,"turns":4},{"damage":7,"enemies":"Giant Head","floor":44,"turns":6},{"damage":1,"enemies":"Jaw Worm Horde","floor":45,"turns":4},{"damage":10,"enemies":"3 Darklings","floor":47,"turns":3},{"damage":24,"enemies":"Spire Growth","floor":48,"turns":6},{"damage":58,"enemies":"Time Eater","floor":50,"turns":7}],"seed_played":"-8202123053690412154","potions_obtained":[{"floor":2,"key":"PowerPotion"},{"floor":6,"key":"EssenceOfSteel"},{"floor":8,"key":"Fire Potion"},{"floor":12,"key":"Swift Potion"},{"floor":14,"key":"LiquidBronze"},{"floor":16,"key":"Fire Potion"},{"floor":21,"key":"Energy Potion"},{"floor":23,"key":"Dexterity Potion"},{"floor":27,"key":"Energy Potion"},{"floor":31,"key":"AttackPotion"},{"floor":41,"key":"StancePotion"},{"floor":44,"key":"AttackPotion"},{"floor":48,"key":"Dexterity Potion"}],"is_trial":false,"path_per_floor":["M","M","?","M","M","E","?","E","T","M","R","M","R","E","R","B",null,"M","M","$","M","?","E","?","$","T","E","M","M","?","M","R","B",null,"M","$","M","?","$","R","E","M","T","E","M","R","M","M","R","B",null],"character_chosen":"WATCHER","items_purchased":["Membership Card","Shuriken","Prostrate+1","Pear","WindmillStrike","FlurryOfBlows","TheAbacus","Thread and Needle"],"campfire_rested":3,"item_purchase_floors":[20,20,25,36,36,39,39,39],"current_hp_per_floor":[66,66,55,55,53,38,62,40,40,39,60,56,56,55,55,25,72,60,60,60,56,50,50,42,42,42,30,36,37,31,40,40,31,55,36,46,33,25,25,44,42,48,48,47,52,52,48,42,61,19],"gold":194,"neow_bonus":"RANDOM_COMMON_RELIC","is_daily":false,"chose_seed":false,"campfire_upgraded":1,"win_rate":0.0,"timestamp":1613900520,"path_taken":["M","M","?","M","M","E","?","E","T","M","R","M","R","E","R","BOSS","M","M","$","M","?","E","?","?","T","E","?","M","?","M","R","BOSS","M","$","M","?","$","R","E","M","T","E","M","R","M","M","R","BOSS"],"items_purchased_type":["Relic","Relic","Card","Relic","Card","Card","Relic","Relic"],"build_version":"2020-12-22","purchased_purges":0,"victory":true,"max_hp_per_floor":[72,72,72,72,72,72,72,72,72,72,72,72,72,72,72,72,72,72,72,72,72,50,50,55,55,55,55,55,55,55,55,55,55,55,55,65,65,65,65,65,65,65,65,65,65,65,65,65,65,65],"card_choices":[{"not_picked":["Consecrate","CrushJoints"],"picked":"EmptyFist","floor":1},{"not_picked":["FlyingSleeves","Indignation"],"picked":"DeceiveReality","floor":2},{"not_picked":["Evaluate","BowlingBash"],"picked":"MentalFortress","floor":4},{"not_picked":["Halt","Weave"],"picked":"FlurryOfBlows","floor":5},{"not_picked":["JustLucky","FollowUp"],"picked":"Perseverance","floor":6},{"not_picked":["SashWhip","Evaluate"],"picked":"ReachHeaven","floor":8},{"not_picked":["WreathOfFlame+1","SignatureMove"],"picked":"SpiritShield+1","floor":10},{"not_picked":["BowlingBash","Consecrate"],"picked":"ClearTheMind+1","floor":12},{"not_picked":["Tantrum","Nirvana"],"picked":"Crescendo+1","floor":14},{"not_picked":["Judgement+1","SpiritShield+1"],"picked":"ConjureBlade+1","floor":16},{"not_picked":["BowlingBash+1","Adaptation"],"picked":"FollowUp+1","floor":18},{"not_picked":["Weave","CutThroughFate","WreathOfFlame+1"],"picked":"SKIP","floor":19},{"not_picked":["Protect+1","FollowUp"],"picked":"FlurryOfBlows+1","floor":21},{"not_picked":["CrushJoints","Sanctity+1","ClearTheMind+1"],"picked":"SKIP","floor":23},{"not_picked":["CrushJoints","Ragnarok"],"picked":"Prostrate+1","floor":27},{"not_picked":["Weave","Fasting2"],"picked":"CarveReality","floor":28},{"not_picked":["ForeignInfluence+1","Sanctity+1"],"picked":"Perseverance+1","floor":29},{"not_picked":["Protect+1","Crescendo+1"],"picked":"EmptyBody+1","floor":31},{"not_picked":["ConjureBlade+1","DeusExMachina+1"],"picked":"Omniscience+1","floor":33},{"not_picked":["Crescendo+1","JustLucky+1"],"picked":"FlurryOfBlows","floor":35},{"not_picked":["FlyingSleeves+1","CrushJoints"],"picked":"EmptyFist+1","floor":37},{"not_picked":["FearNoEvil","Wish+1"],"picked":"Evaluate+1","floor":41},{"not_picked":["ForeignInfluence+1","InnerPeace+1"],"picked":"Protect+1","floor":42},{"not_picked":["Nirvana+1","ForeignInfluence+1"],"picked":"ThirdEye+1","floor":44},{"not_picked":["Evaluate+1","WindmillStrike+1"],"picked":"FlurryOfBlows+1","floor":45},{"not_picked":["Consecrate","ThirdEye+1","Protect+1"],"picked":"SKIP","floor":47},{"not_picked":["Fasting2","EmptyBody+1"],"picked":"LikeWater","floor":48}],"player_experience":128224,"relics_obtained":[{"floor":6,"key":"CaptainsWheel"},{"floor":8,"key":"Girya"},{"floor":9,"key":"Toxic Egg 2"},{"floor":14,"key":"Letter Opener"},{"floor":23,"key":"Meat on the Bone"},{"floor":26,"key":"Gremlin Horn"},{"floor":27,"key":"Bronze Scales"},{"floor":41,"key":"Dead Branch"},{"floor":43,"key":"Damaru"},{"floor":44,"key":"Bottled Flame"}],"event_choices":[{"damage_healed":0,"gold_gain":75,"player_choice":"Gather Gold","damage_taken":11,"max_hp_gain":0,"max_hp_loss":0,"event_name":"World of Goop","floor":3,"gold_loss":0},{"damage_healed":24,"gold_gain":0,"player_choice":"Banana","damage_taken":0,"max_hp_gain":0,"max_hp_loss":0,"event_name":"Big Fish","floor":7,"gold_loss":0},{"damage_healed":0,"gold_gain":0,"player_choice":"Became a vampire","damage_taken":0,"max_hp_gain":0,"max_hp_loss":22,"event_name":"Vampires","floor":22,"gold_loss":0,"cards_obtained":["Bite","Bite","Bite","Bite","Bite"]},{"damage_healed":0,"gold_gain":0,"player_choice":"Shed Blood","damage_taken":13,"max_hp_gain":5,"max_hp_loss":0,"event_name":"Forgotten Altar","floor":24,"gold_loss":0},{"damage_healed":0,"gold_gain":0,"player_choice":"Joined the Cult","damage_taken":6,"max_hp_gain":0,"max_hp_loss":0,"event_name":"Nest","floor":30,"gold_loss":0,"cards_obtained":["RitualDagger"]},{"damage_healed":0,"gold_gain":0,"player_choice":"Embrace Madness","damage_taken":8,"max_hp_gain":0,"max_hp_loss":0,"event_name":"Winding Halls","floor":38,"gold_loss":0,"cards_obtained":["Madness","Madness"]}],"is_beta":false,"boss_relics":[{"not_picked":["Cursed Key","Coffee Dripper"],"picked":"HolyWater"},{"not_picked":["Busted Crown","Velvet Choker"],"picked":"VioletLotus"}],"items_purged_floors":[],"is_endless":false,"potions_floor_spawned":[2,6,8,12,14,16,21,23,27,28,29,31,41,44,48],"ascension_level":1}}