{"host":"d3b2x3wue20uj2ir","time":1613876444,"event":{"mods":["AchievementEnabler","BaseMod","Better Third Choice","BetterRewards","Exacting","FTL Soundtrack","Minty Spire (QoL Compilation)","Shop Mod","StSLib"],"gold_per_floor":[118,132,160,175,190,217,227,227,253,58,93,127,127,99,99,195,195,207,207,223,240,258,258,258,258,258,258,1,1,1,27,27,27,27],"floor_reached":33,"language":"ENG","playtime":1156,"items_purged":[],"score":340,"play_id":"0d15abbb-4c43-4857-8a8d-f68f2e077031","local_time":"20210221130044","is_ascension_mode":true,"campfire_choices":[{"floor":8,"key":"REST"},{"floor":13,"key":"REST"},{"floor":15,"key":"REST"},{"floor":23,"key":"REST"},{"floor":25,"key":"RECALL"},{"floor":27,"key":"REST"},{"data":"White Noise","floor":30,"key":"SMITH"},{"data":"Apotheosis","floor":32,"key":"SMITH"}],"circlet_count":0,"master_deck":["Strike_B","Strike_B","Strike_B","Strike_B","Defend_B","Defend_B","Defend_B","Defend_B","Zap","Dualcast","Chaos","Cold Snap","Fusion","Ball Lightning","Force Field","Barrage","Tempest","Static Discharge","Stack","Apotheosis+1","Biased Cognition","Loop","Core Surge","Leap","Beam Cell+1","Ball Lightning","White Noise+1","Doubt","Shame","White Noise"],"relics":["Cracked Core","Orichalcum","PreservedInsect","Blue Candle","betterThird:SlimedRelic","Cursed Key","Symbiotic Virus","Nunchaku"],"acts_visited":["Exordium","TheCity"],"potions_floor_usage":[11,16,16,16,31,33],"damage_taken":[{"damage":1,"enemies":"Cultist","floor":1,"turns":3},{"damage":12,"enemies":"Small Slimes","floor":2,"turns":2},{"damage":12,"enemies":"Jaw Worm","floor":3,"turns":5},{"damage":13,"enemies":"2 Fungi Beasts","floor":4,"turns":3},{"damage":11,"enemies":"Large Slime","floor":5,"turns":6},{"damage":17,"enemies":"Lagavulin","floor":6,"turns":6},{"damage":6,"enemies":"Blue Slaver","floor":7,"turns":3},{"damage":7,"enemies":"3 Sentries","floor":11,"turns":4},{"damage":0,"enemies":"2 Fungi Beasts","floor":12,"turns":2},{"damage":0,"enemies":"Slime Boss","floor":16,"turns":4},{"damage":7,"enemies":"Shell Parasite","floor":18,"turns":4},{"damage":4,"enemies":"Chosen","floor":20,"turns":6},{"damage":18,"enemies":"Snake Plant","floor":21,"turns":3},{"damage":7,"enemies":"Snecko","floor":22,"turns":4},{"damage":7,"enemies":"Centurion and Healer","floor":31,"turns":5},{"damage":69,"enemies":"Collector","floor":33,"turns":7}],"seed_played":"-900131880095975115","potions_obtained":[{"floor":4,"key":"Explosive Potion"},{"floor":6,"key":"PotionOfCapacity"},{"floor":11,"key":"DuplicationPotion"},{"floor":11,"key":"LiquidMemories"},{"floor":18,"key":"Explosive Potion"},{"floor":22,"key":"Strength Potion"},{"floor":31,"key":"PowerPotion"}],"is_trial":false,"path_per_floor":["M","M","M","M","M","E","M","R","T","$","E","M","R","?","R","B",null,"M","?","M","M","M","R","?","R","T","R","$","?","R","M","R","B"],"character_chosen":"DEFECT","items_purchased":["Chaos","Apotheosis","Symbiotic Virus"],"campfire_rested":5,"item_purchase_floors":[0,10,28],"current_hp_per_floor":[74,62,50,37,37,20,14,36,36,36,29,29,51,40,62,62,75,68,54,50,32,25,49,49,49,49,73,73,73,73,66,66,0,0],"gold":27,"neow_bonus":"","is_daily":false,"chose_seed":false,"campfire_upgraded":2,"win_rate":0.0,"timestamp":1613876444,"path_taken":["M","M","M","M","?","E","M","R","T","$","E","M","R","?","R","BOSS","M","?","M","M","M","R","?","R","T","R","$","?","R","M","R","BOSS"],"items_purchased_type":["Card","Card","Relic"],"build_version":"2020-12-22","purchased_purges":0,"victory":false,"max_hp_per_floor":[75,75,75,75,75,75,75,75,75,75,75,75,75,75,75,75,75,75,80,80,80,80,80,80,80,80,80,80,80,80,80,80,80,80],"card_choices":[{"not_picked":["Reinforced Body","Chill"],"picked":"Cold Snap","floor":1},{"not_picked":["Redo","Coolheaded"],"picked":"Fusion","floor":2},{"not_picked":["Go for the Eyes","Sweeping Beam"],"picked":"Ball Lightning","floor":3},{"not_picked":["Sweeping Beam","Blizzard"],"picked":"Force Field","floor":4},{"not_picked":["Gash","Reprogram"],"picked":"Barrage","floor":5},{"not_picked":["Fusion","Scrape"],"picked":"Tempest","floor":6},{"not_picked":["Reprogram","Steam"],"picked":"Static Discharge","floor":7},{"not_picked":["Rebound","Turbo"],"picked":"Stack","floor":7},{"not_picked":["Compile Driver","Steam"],"picked":"Biased Cognition","floor":11},{"not_picked":["Leap","Conserve Battery"],"picked":"Loop","floor":12},{"not_picked":["Fission","All For One"],"picked":"Core Surge","floor":16},{"not_picked":["Gash","Steam+1"],"picked":"Leap","floor":18},{"not_picked":["Undo","Coolheaded+1"],"picked":"Beam Cell+1","floor":20},{"not_picked":["Recycle","Hologram+1"],"picked":"Ball Lightning","floor":21},{"not_picked":["Rebound+1","Redo+1"],"picked":"White Noise","floor":22},{"not_picked":["Hologram","Chill"],"picked":"White Noise","floor":31}],"player_experience":717002,"relics_obtained":[{"floor":6,"key":"Orichalcum"},{"floor":9,"key":"PreservedInsect"},{"floor":11,"key":"Blue Candle"}],"event_choices":[{"damage_healed":0,"gold_gain":0,"player_choice":"Slimed","damage_taken":11,"max_hp_gain":0,"max_hp_loss":0,"event_name":"betterThird:BetterGoop","floor":14,"gold_loss":28},{"damage_healed":0,"gold_gain":0,"player_choice":"Shed Blood","damage_taken":19,"max_hp_gain":5,"max_hp_loss":0,"event_name":"Forgotten Altar","floor":19,"gold_loss":0},{"damage_healed":0,"gold_gain":0,"player_choice":"Ignored","damage_taken":0,"max_hp_gain":0,"max_hp_loss":0,"event_name":"Beggar","floor":24,"gold_loss":0},{"damage_healed":0,"gold_gain":0,"player_choice":"Stole Relic","damage_taken":0,"relics_obtained":["Nunchaku"],"max_hp_gain":0,"max_hp_loss":0,"event_name":"Addict","floor":29,"gold_loss":0,"cards_obtained":["Shame"]}],"is_beta":false,"boss_relics":[{"not_picked":["Inserter","Sozu"],"picked":"Cursed Key"}],"items_purged_floors":[],"is_endless":false,"potions_floor_spawned":[4,6,11,12,18,22,31],"killed_by":"Collector","ascension_level":2}}