{"host":"wri98rxht4656ll8","time":1613904510,"event":{"mods":["AchievementEnabler","BaseMod","Colored Map","Colored Powertips","Minty Spire (QoL Compilation)","Permanent Neow","StSLib"],"gold_per_floor":[110,122,297,222,233,261,261,57,57,70,86,110,122,138,138,237,237,248,225,225,239,250,250,250,264,289,314,314,348,348],"floor_reached":29,"language":"ENG","playtime":1162,"items_purged":["Doubt"],"score":247,"play_id":"f6d2ecc1-9a9f-4aca-a16b-1dc2a076a755","local_time":"20210221114830","is_ascension_mode":false,"campfire_choices":[{"data":"Juggernaut","floor":15.0,"key":"SMITH"},{"floor":24.0,"key":"REST"},{"floor":28,"key":"REST"}],"circlet_count":0,"master_deck":["Bash","Pommel Strike+1","Cleave","Rupture","Juggernaut+1","Shrug It Off","Metallicize","Juggernaut","True Grit","Offering","Berserk","Power Through","Clash","Combust","Combust","Limit Break","Power Through","Clash","Pummel+1","Ghostly Armor","Shrug It Off"],"relics":["Burning Blood","FossilizedHelix","Du-Vu Doll","Orrery","StoneCalendar","Anchor","Pandora\u0027s Box","Whetstone","Red Mask","Magic Flower"],"acts_visited":["Exordium","TheCity"],"potions_floor_usage":[27,27],"damage_taken":[{"damage":0.0,"enemies":"Small Slimes","floor":1.0,"turns":3.0},{"damage":2.0,"enemies":"Jaw Worm","floor":2.0,"turns":5.0},{"damage":2.0,"enemies":"2 Louse","floor":5.0,"turns":3.0},{"damage":40.0,"enemies":"Lagavulin","floor":6.0,"turns":8.0},{"damage":9.0,"enemies":"Exordium Wildlife","floor":10.0,"turns":5.0},{"damage":0.0,"enemies":"Red Slaver","floor":11.0,"turns":4.0},{"damage":0.0,"enemies":"Exordium Thugs","floor":13.0,"turns":4.0},{"damage":2.0,"enemies":"Blue Slaver","floor":14.0,"turns":4.0},{"damage":30.0,"enemies":"Hexaghost","floor":16.0,"turns":7.0},{"damage":4.0,"enemies":"2 Thieves","floor":18.0,"turns":4.0},{"damage":9.0,"enemies":"Spheric Guardian","floor":21.0,"turns":5.0},{"damage":24.0,"enemies":"Chosen and Byrds","floor":22.0,"turns":5.0},{"damage":36,"enemies":"3 Cultists","floor":25,"turns":5},{"damage":28,"enemies":"Masked Bandits","floor":27,"turns":4},{"damage":23,"enemies":"Book of Stabbing","floor":29,"turns":5}],"seed_played":"6707708800786665395","potions_obtained":[{"floor":1.0,"key":"PowerPotion"},{"floor":6.0,"key":"Swift Potion"},{"floor":11.0,"key":"FearPotion"},{"floor":14.0,"key":"BloodPotion"},{"floor":21.0,"key":"Explosive Potion"},{"floor":29,"key":"PowerPotion"}],"is_trial":false,"path_per_floor":["M","M","?","$","M","E","?","$","T","M","M","T","M","M","R","B",null,"M","$","?","M","M","?","R","M","T","?","R","E"],"character_chosen":"IRONCLAD","items_purchased":["Orrery","True Grit","Shrug It Off"],"campfire_rested":2,"item_purchase_floors":[8,8,19],"current_hp_per_floor":[72,72,72,72,72,38,62,62,62,59,65,65,71,72,72,48,72,72,72,59,56,38,38,61,31,31,24,47,30,30],"gold":348,"neow_bonus":"ONE_RARE_RELIC","is_daily":false,"chose_seed":false,"campfire_upgraded":1,"win_rate":0.0,"timestamp":1613904510,"path_taken":["M","M","?","$","M","E","?","$","T","M","M","?","M","M","R","BOSS","M","$","?","M","M","?","R","M","T","?","R","E"],"items_purchased_type":["Relic","Card","Card"],"build_version":"2020-12-22","purchased_purges":1,"victory":false,"max_hp_per_floor":[72,72,72,72,72,72,72,72,72,72,72,72,72,72,72,72,72,72,72,77,77,77,77,77,77,77,77,77,77,77],"card_choices":[{"not_picked":["Metallicize","Armaments"],"picked":"Pommel Strike","floor":1.0},{"not_picked":["Rupture","Headbutt"],"picked":"Cleave","floor":2.0},{"not_picked":["Rampage","Dropkick"],"picked":"Rupture","floor":5.0},{"not_picked":["Immolate","True Grit"],"picked":"Juggernaut","floor":6.0},{"not_picked":["Combust","Armaments"],"picked":"Shrug It Off","floor":8.0},{"not_picked":["Flex","Cleave"],"picked":"Metallicize","floor":8.0},{"not_picked":["Body Slam","Dropkick"],"picked":"Juggernaut","floor":8.0},{"not_picked":["Flex","Clothesline","Sever Soul"],"picked":"SKIP","floor":10.0},{"not_picked":["Warcry","Headbutt","Feel No Pain"],"picked":"SKIP","floor":11.0},{"not_picked":["Warcry","Pummel","Flex"],"picked":"SKIP","floor":13.0},{"not_picked":["Inflame","Flex","Twin Strike"],"picked":"SKIP","floor":14.0},{"not_picked":["Feed","Bludgeon"],"picked":"Offering","floor":16.0},{"not_picked":["Twin Strike","Perfected Strike"],"picked":"Ghostly Armor","floor":18.0},{"not_picked":["Dual Wield","Havoc","Perfected Strike"],"picked":"SKIP","floor":21.0},{"not_picked":["Perfected Strike","Iron Wave+1","Havoc+1"],"picked":"SKIP","floor":22.0},{"not_picked":["Second Wind+1","Bloodletting","Thunderclap"],"picked":"SKIP","floor":25}],"player_experience":246016,"relics_obtained":[{"floor":6.0,"key":"Du-Vu Doll"},{"floor":9.0,"key":"StoneCalendar"},{"floor":12.0,"key":"Anchor"},{"floor":26,"key":"Whetstone"},{"floor":27,"key":"Red Mask"},{"floor":29,"key":"Magic Flower"}],"event_choices":[{"damage_healed":0.0,"max_hp_gain":0.0,"max_hp_loss":0.0,"gold_gain":175.0,"event_name":"Liars Game","player_choice":"AGREE","floor":3.0,"gold_loss":0.0,"damage_taken":0.0,"cards_obtained":["Doubt"]},{"damage_healed":24.0,"max_hp_gain":0.0,"max_hp_loss":0.0,"gold_gain":0.0,"event_name":"Big Fish","player_choice":"Banana","floor":7.0,"gold_loss":0.0,"damage_taken":0.0},{"damage_healed":0.0,"max_hp_gain":5.0,"max_hp_loss":0.0,"gold_gain":0.0,"event_name":"Forgotten Altar","player_choice":"Shed Blood","floor":20.0,"gold_loss":0.0,"damage_taken":18.0},{"damage_healed":0.0,"max_hp_gain":0.0,"max_hp_loss":0.0,"gold_gain":0.0,"event_name":"Cursed Tome","player_choice":"Ignored","floor":23.0,"gold_loss":0.0,"damage_taken":0.0},{"damage_healed":0,"gold_gain":0,"player_choice":"Fought Bandits","damage_taken":0,"max_hp_gain":0,"max_hp_loss":0,"event_name":"Masked Bandits","floor":27,"gold_loss":0}],"is_beta":false,"boss_relics":[{"not_picked":["Busted Crown","Mark of Pain"],"picked":"Pandora\u0027s Box"}],"items_purged_floors":[4],"is_endless":false,"potions_floor_spawned":[1,6,11,14,21,25,29],"killed_by":"Book of Stabbing","ascension_level":0}}