{"host":"7jbuhzz8yy5cuou7","time":1613949389,"event":{"mods":["AchievementEnabler","Act Like it!","BaseMod","Better Third Choice","Bossed Relics","Colored Map","Colored Powertips","Dark Map","DeckTracker","Minty Spire (QoL Compilation)","Permanent Neow","Quick Restart","Ruina","StSLib","The Necromancer","Weighted Paths"],"gold_per_floor":[117,128,141,152,168,193,193,193,219,219,301,341,359,208,208,332,332,353,452,452,452],"floor_reached":20,"language":"ENG","playtime":882,"items_purged":["Strike_W"],"score":184,"play_id":"43f1e100-61fd-4ec0-b67e-16c28405f7fb","local_time":"20210221161629","is_ascension_mode":false,"campfire_choices":[{"floor":7,"key":"RECALL"},{"floor":15,"key":"REST"}],"circlet_count":0,"master_deck":["Strike_W","Strike_W","Strike_W","Defend_W","Defend_W","Defend_W","Defend_W","Negative_Energy_Arrows","Bone_Wall","Necrotic_Claws","Siphon_Strength","Thousand_Bone_Knives","Exploit","Toxic_Smoke_Screen","Corrupt","Parasite","Negative_Energy_Sphere","Shackles_Of_Pain","Requiem","Summon_Vampire_Lady","Pandemic+1"],"relics":["Black Star","Mercury Hourglass","Potion Belt","Golden Idol","Mummified Hand","Art of War","HornCleat","Runic Pyramid"],"acts_visited":["Exordium","TheCity"],"potions_floor_usage":[5,6,12],"damage_taken":[{"damage":3,"enemies":"2 Louse","floor":1,"turns":3},{"damage":0,"enemies":"Jaw Worm","floor":2,"turns":3},{"damage":0,"enemies":"Cultist","floor":3,"turns":3},{"damage":6,"enemies":"Large Slime","floor":4,"turns":4},{"damage":0,"enemies":"Exordium Wildlife","floor":5,"turns":1},{"damage":15,"enemies":"3 Sentries","floor":6,"turns":5},{"damage":24,"enemies":"Lagavulin","floor":12,"turns":7},{"damage":4,"enemies":"2 Fungi Beasts","floor":13,"turns":3},{"damage":46,"enemies":"Slime Boss","floor":16,"turns":8},{"damage":24,"enemies":"Chosen","floor":18,"turns":4},{"damage":51,"enemies":"Masked Bandits","floor":20,"turns":4}],"seed_played":"-5973793310266552139","potions_obtained":[{"floor":1,"key":"Fire Potion"},{"floor":5,"key":"Explosive Potion"},{"floor":6,"key":"Block Potion"}],"is_trial":false,"path_per_floor":["M","M","M","M","M","E","R","?","T","?","T","E","M","$","R","B",null,"M","?","?"],"character_chosen":"NECROMANCER","items_purchased":["Requiem"],"campfire_rested":1,"item_purchase_floors":[14],"current_hp_per_floor":[72,72,72,66,66,51,51,51,51,68,68,44,40,40,60,14,69,49,49,0,0],"gold":452,"neow_bonus":"BOSS_RELIC","is_daily":false,"chose_seed":false,"campfire_upgraded":0,"win_rate":0.0,"timestamp":1613949389,"path_taken":["M","M","M","M","M","E","R","?","T","?","?","E","?","$","R","BOSS","M","?","?"],"items_purchased_type":["Card"],"build_version":"2020-12-22","purchased_purges":1,"victory":false,"max_hp_per_floor":[75,75,75,75,75,75,75,69,69,69,69,69,69,69,69,69,69,69,69,69,69],"card_choices":[{"not_picked":["Finger_Of_Death","Negative_Energy_Shield"],"picked":"Necrotic_Claws","floor":1},{"not_picked":["Blood_Whip","Bone_Shift"],"picked":"Siphon_Strength","floor":2},{"not_picked":["Bone_Armor","Blood_Whip"],"picked":"Thousand_Bone_Knives","floor":3},{"not_picked":["Chill_Blood","Blood_Whip"],"picked":"Exploit","floor":4},{"not_picked":["Summon_Undead","Negative_Energy_Shield"],"picked":"Toxic_Smoke_Screen","floor":5},{"not_picked":["Scare","Slay_Living"],"picked":"Corrupt","floor":6},{"not_picked":["Thousand_Bone_Knives","Blood_Whip"],"picked":"Negative_Energy_Sphere","floor":12},{"not_picked":["Death_March_Dance","Corrupt"],"picked":"Shackles_Of_Pain","floor":13},{"not_picked":["Detonate_Bones","Blood_Wake"],"picked":"Summon_Vampire_Lady","floor":16},{"not_picked":["Summon_Undead_Army","Scare"],"picked":"Pandemic+1","floor":18}],"player_experience":422980,"relics_obtained":[{"floor":6,"key":"Mercury Hourglass"},{"floor":6,"key":"Potion Belt"},{"floor":11,"key":"Mummified Hand"},{"floor":12,"key":"Art of War"},{"floor":12,"key":"HornCleat"}],"event_choices":[{"damage_healed":0,"gold_gain":0,"player_choice":"Lose Max HP","damage_taken":0,"relics_obtained":["Golden Idol"],"max_hp_gain":0,"max_hp_loss":6,"event_name":"Golden Idol","floor":8,"gold_loss":0},{"damage_healed":17,"gold_gain":0,"player_choice":"Healed and dodged fight","damage_taken":0,"max_hp_gain":0,"max_hp_loss":0,"event_name":"Mushrooms","floor":10,"gold_loss":0,"cards_obtained":["Parasite"]},{"damage_healed":0,"gold_gain":99,"player_choice":"Steal","damage_taken":0,"max_hp_gain":0,"max_hp_loss":0,"event_name":"betterThird:BetterNest","floor":19,"gold_loss":0},{"damage_healed":0,"gold_gain":0,"player_choice":"Fought Bandits","damage_taken":0,"max_hp_gain":0,"max_hp_loss":0,"event_name":"Masked Bandits","floor":20,"gold_loss":0}],"is_beta":false,"boss_relics":[{"not_picked":["Busted Crown","Runic Dome"],"picked":"Runic Pyramid"}],"items_purged_floors":[14],"is_endless":false,"potions_floor_spawned":[1,5,6],"killed_by":"Masked Bandits","ascension_level":0}}