{"host":"g7uq9uzahx9e0kti","time":1613883460,"event":{"mods":["100% Spire Juice","AchievementEnabler","Act Like it!","Arknights","BaseMod","CapriCore","Hermit","Koishi","Minty Spire (QoL Compilation)","Permanent Neow","Quick Restart","StSLib","SuperFastMode","The Bug Knight","The Cursed","The Hierophant","The Poker Player","Together in Spire","WarShipGirlsR/??á´Ò³R mod"],"gold_per_floor":[110,122,72,72,91,120,120,120,165,165,185,209,209,228,228,349,349,369,369],"floor_reached":18,"language":"KOR","playtime":486,"items_purged":[],"score":189,"play_id":"6d8fb376-3fa1-4e3f-b430-6f8ae20cdff7","local_time":"20210221135740","is_ascension_mode":false,"campfire_choices":[{"data":"Dramatic Entrance","floor":10,"key":"SMITH"},{"data":"hermit:Quickdraw","floor":13,"key":"SMITH"},{"data":"hermit:Quickdraw","floor":15,"key":"SMITH"}],"circlet_count":0,"master_deck":["hermit:Snapshot","hermit:Covet","Dramatic Entrance+1","hermit:Quickdraw+1","hermit:Misfire","Regret","hermit:Quickdraw+1","hermit:Quickdraw+1","hermit:Quickdraw","hermit:Dive","hermit:Reprieve","hermit:Malice","hermit:LuckOfTheDraw","hermit:Purgatory","hermit:PistolWhip","hermit:Malice","hermit:GoldenBullet","hermit:EternalForm"],"relics":["hermit:Momento","MealTicket","Potion Belt","Golden Idol","Vajra","Pandora\u0027s Box"],"acts_visited":["Exordium","TheCity"],"potions_floor_usage":[16,16,16],"damage_taken":[{"damage":0,"enemies":"2 Louse","floor":1,"turns":2},{"damage":0,"enemies":"Small Slimes","floor":2,"turns":2},{"damage":3,"enemies":"Jaw Worm","floor":5,"turns":2},{"damage":21,"enemies":"Lagavulin","floor":6,"turns":5},{"damage":0,"enemies":"Large Slime","floor":11,"turns":4},{"damage":0,"enemies":"Gremlin Gang","floor":12,"turns":2},{"damage":0,"enemies":"Lots of Slimes","floor":14,"turns":1},{"damage":58,"enemies":"Hexaghost","floor":16,"turns":12},{"damage":38,"enemies":"Shell Parasite","floor":18,"turns":2}],"seed_played":"-8118923365685680100","potions_obtained":[{"floor":1,"key":"Regen Potion"},{"floor":5,"key":"Energy Potion"},{"floor":11,"key":"PowerPotion"},{"floor":12,"key":"Regen Potion"},{"floor":16,"key":"Fire Potion"}],"is_trial":false,"path_per_floor":["M","M","?","?","M","E","?","?","T","R","M","M","R","M","R","B",null,"M"],"character_chosen":"HERMIT","items_purchased":[],"campfire_rested":0,"item_purchase_floors":[],"current_hp_per_floor":[75,75,75,75,72,51,33,18,18,18,18,18,18,18,18,15,75,37,37],"gold":369,"neow_bonus":"RANDOM_COLORLESS","is_daily":false,"chose_seed":false,"campfire_upgraded":3,"win_rate":0.0,"timestamp":1613883460,"path_taken":["M","M","?","?","M","E","?","?","T","R","M","M","R","M","R","BOSS","M"],"items_purchased_type":[],"build_version":"2020-12-22","purchased_purges":0,"victory":false,"max_hp_per_floor":[75,75,75,75,75,75,75,75,75,75,75,75,75,75,75,75,75,75,75],"card_choices":[{"not_picked":["Dark Shackles","Impatience"],"picked":"Dramatic Entrance","floor":0},{"not_picked":["hermit:LuckOfTheDraw","hermit:Combo"],"picked":"hermit:Quickdraw","floor":1},{"not_picked":["hermit:Midnight","hermit:EyeOfTheStorm"],"picked":"hermit:Misfire","floor":2},{"not_picked":["hermit:Spite","hermit:Ricochet"],"picked":"hermit:Quickdraw","floor":5},{"not_picked":["hermit:Vantage","hermit:FlashPowder"],"picked":"hermit:Quickdraw","floor":6},{"not_picked":["hermit:Enervate","hermit:Feint"],"picked":"hermit:Quickdraw","floor":11},{"not_picked":["hermit:LowProfile","hermit:Grudge","hermit:Roulette"],"picked":"SKIP","floor":12},{"not_picked":["hermit:Showdown","hermit:FromBeyond"],"picked":"hermit:Dive","floor":14},{"not_picked":["hermit:DeadOrAlive","hermit:RoundhouseKick"],"picked":"hermit:Reprieve","floor":16}],"player_experience":157750,"relics_obtained":[{"floor":6,"key":"Potion Belt"},{"floor":9,"key":"Vajra"}],"event_choices":[{"cards_removed":["hermit:Defend_Hermit"],"damage_healed":0,"gold_gain":0,"player_choice":"Card Removal","damage_taken":0,"max_hp_gain":0,"max_hp_loss":0,"event_name":"The Cleric","floor":3,"gold_loss":50},{"damage_healed":0,"gold_gain":0,"player_choice":"Box","damage_taken":0,"relics_obtained":["MealTicket"],"max_hp_gain":0,"max_hp_loss":0,"event_name":"Big Fish","floor":4,"gold_loss":0,"cards_obtained":["Regret"]},{"damage_healed":0,"gold_gain":0,"player_choice":"Take Damage","damage_taken":18,"relics_obtained":["Golden Idol"],"max_hp_gain":0,"max_hp_loss":0,"event_name":"Golden Idol","floor":7,"gold_loss":0},{"damage_healed":0,"gold_gain":0,"player_choice":"Entered Light","damage_taken":15,"max_hp_gain":0,"max_hp_loss":0,"event_name":"Shining Light","floor":8,"gold_loss":0,"cards_upgraded":["hermit:Defend_Hermit","hermit:Quickdraw"]}],"is_beta":false,"boss_relics":[{"not_picked":["Cursed Key","Snecko Eye"],"picked":"Pandora\u0027s Box"}],"items_purged_floors":[],"is_endless":false,"potions_floor_spawned":[1,5,11,12,16],"killed_by":"Shell Parasite","ascension_level":0}}