{"host":"8t5dkgm85abdp22d","time":1613886603,"event":{"mods":["ATMod(阿瑾Mod)","Act Like it!","BaseMod","Colored Powertips","Conspire","Gensokyo","GungeonMod","Hallownest","Minty Spire (QoL Compilation)","MostiFishMod","Remilia（蕾米莉亚）","RumiaBox-露米娅的神秘盒子","Ryuuou龙王","StSLib","The Bug Knight","UnlockEverythingMod","Waifu the Spire","WarShipGirlsR/战舰少女R mod","Yakumo Yukari mod"],"gold_per_floor":[109,124,134,134,148,179,193,228,307,307,318,318,336,364,364,435,435,453,466,479,498,514,547,560,571,571,621,646,663,698,698,698,775,775,787,200,217,229,229,259,270,282,282,310,310,341,341,360,360,360,360,360,360,89,124,124],"floor_reached":57,"language":"ZHS","playtime":1808,"items_purged":["Strike_R","Strike_R"],"score":3314,"play_id":"214d5fa7-c2a0-4a16-8bf1-8e027d188aae","local_time":"20210221135003","is_ascension_mode":true,"campfire_choices":[{"data":"Pommel Strike","floor":10.0,"key":"SMITH"},{"data":"Burning Pact","floor":12.0,"key":"SMITH"},{"data":"Pommel Strike","floor":15.0,"key":"SMITH"},{"data":"AT_ShrugMaster","floor":32,"key":"SMITH"},{"floor":47,"key":"RECALL"},{"data":"AT_ChampionStep","floor":49,"key":"SMITH"},{"data":"Pommel Strike","floor":53,"key":"SMITH"}],"circlet_count":0,"master_deck":["AscendersBane","Strike_R","Strike_R","Strike_R","Defend_R","Defend_R","Defend_R","Defend_R","Bash","AT_ChampionStep+1","Warcry","Burning Pact+1","Pommel Strike+1","Pommel Strike+1","AT_IchimonjiDouble","MostiFishMod:CullingBlade","Entrench+1","AT_ShrugMaster+1","Pommel Strike+1","Warcry+1","Fiend Fire","Battle Trance+1","Demon Form"],"relics":["Burning Blood","AT_ATBox","DaveBox","NeowsBlessing","FeatherPendant","SynthV:TestCard","ZombieArmy","GodSword1","AT_BellowingDragoncrestRing","Toy Ornithopter","Black Star","Blood Vial","SSSystem","Sundial","SentryEyes","Tiny Chest","DemoMod:MonsterBlood","Gremlin Horn","HereWithMe","Omamori","DemoMod:GreenGuonStone","Ice Cream","Lantern","Bag of Marbles","DemoMod:PoisonVial","DemoMod:WhiteGuonStone","DemoMod:ClearGuonStone","Dream Catcher","AT_ChloranthyRing","DemoMod:GlassGuonStoneRelic","MagicDraw2","AT_PhaseBoots"],"acts_visited":["Exordium","TheCity","TheBeyond","TheEnding"],"potions_floor_usage":[56,56],"damage_taken":[{"damage":0.0,"enemies":"Small Slimes","floor":1.0,"turns":1.0},{"damage":0.0,"enemies":"Cultist","floor":2.0,"turns":1.0},{"damage":0.0,"enemies":"2 Louse","floor":3.0,"turns":1.0},{"damage":1.0,"enemies":"Looter","floor":5.0,"turns":2.0},{"damage":20.0,"enemies":"Lagavulin","floor":6.0,"turns":4.0},{"damage":0.0,"enemies":"Large Slime","floor":7.0,"turns":3.0},{"damage":9.0,"enemies":"3 Sentries","floor":8.0,"turns":4.0},{"damage":0.0,"enemies":"2 Fungi Beasts","floor":11.0,"turns":1.0},{"damage":5.0,"enemies":"Exordium Wildlife","floor":13.0,"turns":2.0},{"damage":7.0,"enemies":"Gremlin Nob","floor":14.0,"turns":3.0},{"damage":7.0,"enemies":"The Guardian","floor":16.0,"turns":4.0},{"damage":0.0,"enemies":"Spheric Guardian","floor":18.0,"turns":1.0},{"damage":10.0,"enemies":"2 Thieves","floor":19.0,"turns":2.0},{"damage":2.0,"enemies":"Centurion and Healer","floor":20.0,"turns":3.0},{"damage":11.0,"enemies":"Shelled Parasite and Fungi","floor":21.0,"turns":2.0},{"damage":0.0,"enemies":"Snake Plant","floor":22.0,"turns":2.0},{"damage":9.0,"enemies":"conspire:Head Lice","floor":23.0,"turns":3.0},{"damage":0.0,"enemies":"Cultist and Chosen","floor":24.0,"turns":2.0},{"damage":13.0,"enemies":"Centurion and Healer","floor":25.0,"turns":3.0},{"damage":0.0,"enemies":"Slavers","floor":28.0,"turns":2.0},{"damage":0.0,"enemies":"Shelled Parasite and Fungi","floor":29.0,"turns":2.0},{"damage":0.0,"enemies":"Gremlin Leader","floor":30.0,"turns":1.0},{"damage":0,"enemies":"conspire:MysteriousRune","floor":33,"turns":2},{"damage":0,"enemies":"Orb Walker","floor":35,"turns":1},{"damage":0,"enemies":"3 Shapes","floor":37,"turns":2},{"damage":14,"enemies":"Writhing Mass","floor":38,"turns":2},{"damage":1,"enemies":"Nemesis","floor":40,"turns":3},{"damage":0,"enemies":"Jaw Worm Horde","floor":41,"turns":1},{"damage":0,"enemies":"Spire Growth","floor":42,"turns":2},{"damage":0,"enemies":"Giant Head","floor":44,"turns":1},{"damage":0,"enemies":"Reptomancer","floor":46,"turns":1},{"damage":0,"enemies":"Writhing Mass","floor":48,"turns":2},{"damage":7,"enemies":"Donu and Deca","floor":50,"turns":2},{"damage":19,"enemies":"conspire:OrnateMirror","floor":51,"turns":2},{"damage":0,"enemies":"Shield and Spear","floor":55,"turns":1},{"damage":8,"enemies":"The Heart","floor":56,"turns":5}],"seed_played":"-525149750928952830","potions_obtained":[{"floor":4.0,"key":"SneckoOil"},{"floor":4.0,"key":"EssenceOfSteel"},{"floor":19.0,"key":"LiquidMemories"}],"is_trial":false,"path_per_floor":["M","M","M","?","M","E","M","E","T","R","M","R","M","E","R","B",null,"M","M","M","M","M","E","M","M","T","?","E","M","E","?","R","B",null,"M","$","M","M","?","E","M","M","T","E","T","E","R","M","R","B","B",null,"R","$","E","B",null],"character_chosen":"IRONCLAD","items_purchased":["Omamori","DemoMod:GreenGuonStone","AT_ChloranthyRing"],"campfire_rested":0,"item_purchase_floors":[36,36,54],"current_hp_per_floor":[74,75,75,75,75,61,67,64,64,64,70,70,71,70,70,69,74,75,71,75,70,75,72,75,68,68,68,75,75,82,82,82,82,82,82,82,82,74,69,76,82,82,82,82,82,82,82,82,82,81,69,79,79,79,82,82],"gold":124,"neow_bonus":"THREE_ENEMY_KILL","is_daily":false,"chose_seed":false,"campfire_upgraded":6,"win_rate":0.0,"timestamp":1613886603,"path_taken":["M","M","M","?","?","E","M","E","T","R","M","R","M","E","R","BOSS","M","M","M","M","M","E","M","M","T","?","E","M","E","?","R","BOSS","M","$","M","M","?","E","?","M","T","E","?","E","R","M","R","BOSS","BOSS","R","$","E","BOSS"],"items_purchased_type":["Relic","Relic","Relic"],"build_version":"2020-12-22","purchased_purges":2,"victory":true,"max_hp_per_floor":[75,75,75,75,75,75,75,75,75,75,75,75,75,75,75,75,75,75,75,75,75,75,75,75,75,75,75,75,75,82,82,82,82,82,82,82,82,82,82,82,82,82,82,82,82,82,82,82,82,82,82,82,82,82,82,82],"card_choices":[{"not_picked":["Clothesline","Havoc","Cleave"],"picked":"SKIP","floor":1.0},{"not_picked":["Flame Barrier","DemoMod:BlackBlade","Clothesline","Dropkick"],"picked":"Warcry","floor":2.0},{"not_picked":["Clash","Rage","Flex","Uppercut","Wild Strike"],"picked":"SKIP","floor":3.0},{"not_picked":["Headbutt","Cleave","Armaments","Rage"],"picked":"Burning Pact","floor":5.0},{"not_picked":["Rage","Anger","AT_GerminateFire","MostiFishMod:FlyOverUtopia","Clothesline"],"picked":"SKIP","floor":6.0},{"not_picked":["Twin Strike","Heavy Blade","Sword Boomerang","Clothesline"],"picked":"Pommel Strike","floor":7.0},{"not_picked":["Perfected Strike","Corruption","Anger","Headbutt"],"picked":"Pommel Strike","floor":8.0},{"not_picked":["Rampage","Dual Wield","Feel No Pain","Sever Soul","Headbutt"],"picked":"SKIP","floor":11.0},{"not_picked":["Iron Wave","Headbutt","Heavy Blade","Havoc","Sword Boomerang"],"picked":"SKIP","floor":13.0},{"not_picked":["Blood for Blood","AT_DiedThrough","MostiFishMod:BrandingRite","MostiFishMod:UltimateDefense"],"picked":"AT_IchimonjiDouble","floor":14.0},{"not_picked":["MostiFishMod:WingOfPhoenix","MostiFishMod:ChineseTea","MostiFishMod:RainCloud","Corruption"],"picked":"MostiFishMod:CullingBlade","floor":16.0},{"not_picked":["Headbutt","Evolve","Anger","Iron Wave"],"picked":"Entrench+1","floor":18.0},{"not_picked":["Shrug It Off","Clash","Wild Strike","Carnage"],"picked":"AT_ShrugMaster","floor":19.0},{"not_picked":["Body Slam","Demon Form","Shrug It Off","Clothesline","Headbutt"],"picked":"SKIP","floor":20.0},{"not_picked":["Headbutt","True Grit","Havoc","Burning Pact"],"picked":"Pommel Strike","floor":21.0},{"not_picked":["Warcry","Cleave","Heavy Blade","Sword Boomerang+1","Thunderclap"],"picked":"SKIP","floor":22.0},{"not_picked":["AT_ShrugMaster","MostiFishMod:NewArrival","Iron Wave","Wild Strike","Intimidate"],"picked":"SKIP","floor":23.0},{"not_picked":["Evolve","AT_BodySlamDance","Ghostly Armor","Wild Strike","Shockwave"],"picked":"SKIP","floor":24.0},{"not_picked":["Shrug It Off","conspire:ExplosiveBarrier","Blood for Blood","Wild Strike"],"picked":"Warcry+1","floor":25.0},{"not_picked":["Anger","Bloodletting","Warcry","Carnage","conspire:ExplosiveBarrier+1"],"picked":"SKIP","floor":28.0},{"not_picked":["Clothesline","MostiFishMod:OrdinaryWorld","True Grit","Dropkick","AT_IchimonjiDouble"],"picked":"SKIP","floor":29.0},{"not_picked":["Clothesline","MostiFishMod:OrdinaryWorld","True Grit","Dropkick","AT_IchimonjiDouble"],"picked":"SKIP","floor":29.0},{"not_picked":["Anger","True Grit","Body Slam","Perfected Strike","Clothesline+1"],"picked":"SKIP","floor":30.0},{"not_picked":["Thunderclap+1","MostiFishMod:Chiaki","Havoc","Clash+1","Fire Breathing"],"picked":"SKIP","floor":35},{"not_picked":["Havoc","Cleave","Thunderclap","AT_BodySlamDance","Flex+1"],"picked":"SKIP","floor":37},{"not_picked":["Wild Strike","Feel No Pain+1","Sword Boomerang","Rupture","Thunderclap"],"picked":"SKIP","floor":38},{"not_picked":["Flex","Pommel Strike+1","Sentinel","Sword Boomerang"],"picked":"Fiend Fire","floor":40},{"not_picked":["Thunderclap+1","Metallicize","AT_IchimonjiDouble","Havoc+1"],"picked":"Battle Trance+1","floor":41},{"not_picked":["Pommel Strike","Sword Boomerang","Thunderclap","Cleave","True Grit+1"],"picked":"SKIP","floor":42},{"not_picked":["Bloodletting","True Grit+1","MostiFishMod:404NotFound","Havoc","Sentinel"],"picked":"SKIP","floor":44},{"not_picked":["Cleave","AT_IchimonjiDouble","Body Slam","Perfected Strike","Combust"],"picked":"SKIP","floor":46},{"not_picked":["Clash","Pommel Strike","MostiFishMod:BrandingRite+1","Body Slam","Shrug It Off"],"picked":"SKIP","floor":48},{"not_picked":["Sever Soul","Rampage","True Grit","Sword Boomerang"],"picked":"Demon Form","floor":55}],"player_experience":110944,"relics_obtained":[{"floor":1.0,"key":"SynthV:TestCard"},{"floor":6.0,"key":"ZombieArmy"},{"floor":8.0,"key":"GodSword1"},{"floor":9.0,"key":"AT_BellowingDragoncrestRing"},{"floor":14.0,"key":"Toy Ornithopter"},{"floor":23.0,"key":"Blood Vial"},{"floor":23.0,"key":"SSSystem"},{"floor":26.0,"key":"Sundial"},{"floor":28.0,"key":"SentryEyes"},{"floor":28.0,"key":"Tiny Chest"},{"floor":30.0,"key":"DemoMod:MonsterBlood"},{"floor":30.0,"key":"Gremlin Horn"},{"floor":40,"key":"Ice Cream"},{"floor":40,"key":"Lantern"},{"floor":44,"key":"Bag of Marbles"},{"floor":44,"key":"DemoMod:PoisonVial"},{"floor":45,"key":"DemoMod:WhiteGuonStone"},{"floor":46,"key":"DemoMod:ClearGuonStone"},{"floor":46,"key":"Dream Catcher"},{"floor":55,"key":"MagicDraw2"},{"floor":55,"key":"AT_SpeedBoots"}],"event_choices":[{"damage_healed":0.0,"max_hp_gain":0.0,"max_hp_loss":0.0,"gold_gain":0.0,"event_name":"Lab","player_choice":"Got Potions","floor":4.0,"gold_loss":0.0,"damage_taken":0.0},{"damage_healed":0.0,"max_hp_gain":0.0,"max_hp_loss":0.0,"gold_gain":50.0,"event_name":"Nest","player_choice":"Stole From Cult","floor":27.0,"gold_loss":0.0,"damage_taken":0.0},{"damage_healed":0,"gold_gain":0,"player_choice":"Ignored","damage_taken":0,"max_hp_gain":0,"max_hp_loss":0,"event_name":"Cursed Tome","floor":31,"gold_loss":0},{"damage_healed":0,"gold_gain":0,"player_choice":"Bought 0 Potions","damage_taken":0,"max_hp_gain":0,"max_hp_loss":0,"event_name":"The Woman in Blue","floor":39,"gold_loss":0}],"is_beta":false,"boss_relics":[{"not_picked":["TimeKeys","conspire:SpecialSausage"],"picked":"Black Star"},{"not_picked":["AT_MortalBlade","OneHitWonderSystem"],"picked":"HereWithMe"}],"items_purged_floors":[36,54],"is_endless":false,"potions_floor_spawned":[5,6,8,11,13,18,19,28,29,30,37,38,41,42,48],"ascension_level":20}}