{"host":"stqnn5bzyihqkhze","time":1613875623,"event":{"mods":["BaseMod","Better Third Choice","Downfall","Minty Spire (QoL Compilation)","Replay The Spire","Spicy Shops","StSLib"],"gold_per_floor":[115,126,126,146,75,75,110,110,110,110,125,150,173,216,228,335,347,370,382,394,406,437,449,510,555,567,591,603,615,642,680,692,704,704],"floor_reached":33,"language":"ENG","playtime":2317,"items_purged":[],"score":344,"play_id":"39e9b3fa-7e26-409b-ba5f-55a6381f4fea","local_time":"20210220204703","is_ascension_mode":true,"campfire_choices":[{"data":"Setup","floor":6,"key":"SMITH"},{"floor":8,"key":"REST"},{"data":"Bouncing Flask","floor":10,"key":"SMITH"},{"floor":15,"key":"DIG"},{"floor":29,"key":"REST"},{"floor":32,"key":"REST"}],"circlet_count":0,"master_deck":["Neutralize","Crippling Poison","Backflip","Bane","Setup+1","Bouncing Flask+1","Deadly Poison","Slice","Backflip","All Out Attack","Envenom","ReplayTheSpireMod:Faulty Equipment","ReplayTheSpireMod:Faulty Equipment","Slimebound:Tackle+1","Slimebound:Tackle+1","Slimebound:Tackle+1","Poisoned Stab","Calculated Gamble","Leg Sweep","Pot Of Greed","Pot Of Greed","Backstab"],"relics":["Ring of the Snake","ReplayFunnel","HornCleat","Gremlin Horn","MawBank","Art of War","Chameleon Ring","Kintsugi","Lantern","Bottled Lightning","Shuriken","betterThird:NestCultRelic","Grinning Jar"],"acts_visited":["Exordium","TheCity"],"potions_floor_usage":[12,13,14,16,25,25,27,31,33],"damage_taken":[{"damage":10,"enemies":"Jaw Worm","floor":1,"turns":5},{"damage":0,"enemies":"Cultist","floor":2,"turns":3},{"damage":0,"enemies":"Small Slimes","floor":4,"turns":3},{"damage":19,"enemies":"Replay:BlueRogue","floor":7,"turns":5},{"damage":0,"enemies":"Blue Slaver","floor":11,"turns":3},{"damage":0,"enemies":"Gremlin Nob","floor":12,"turns":3},{"damage":1,"enemies":"2 Fungi Beasts","floor":13,"turns":2},{"damage":7,"enemies":"3 Sentries","floor":14,"turns":7},{"damage":26,"enemies":"Slime Boss","floor":16,"turns":8},{"damage":34,"enemies":"2 Thieves","floor":18,"turns":4},{"damage":8,"enemies":"3 Byrds","floor":22,"turns":4},{"damage":10,"enemies":"Slavers","floor":25,"turns":5},{"damage":3,"enemies":"Shelled Parasite and Fungi","floor":27,"turns":4},{"damage":4,"enemies":"Cultist and Chosen","floor":30,"turns":5},{"damage":3,"enemies":"Gremlin Leader","floor":31,"turns":4},{"damage":56,"enemies":"Automaton","floor":33,"turns":6}],"seed_played":"-4085339120375133116","potions_obtained":[{"floor":1,"key":"LifebloodPotion"},{"floor":11,"key":"Regen Potion"},{"floor":12,"key":"Swift Potion"},{"floor":14,"key":"ColorlessPotion"},{"floor":16,"key":"Dexterity Potion"},{"floor":22,"key":"Flashbang"},{"floor":23,"key":"CunningPotion"},{"floor":23,"key":"EssenceOfSteel"},{"floor":25,"key":"Fire Potion"},{"floor":27,"key":"Slimebound:ThreeZeroPotion"}],"is_trial":false,"path_per_floor":["M","M","?","M","$","R","E","R","T","R","M","E","M","E","R","B",null,"M","?","?","$","M","R","T","E","T","M","?","R","M","E","R","B"],"character_chosen":"THE_SILENT","items_purchased":["Toxic Potion"],"campfire_rested":3,"item_purchase_floors":[5],"current_hp_per_floor":[53,53,53,53,53,53,34,52,52,52,52,63,62,55,55,29,63,29,29,29,29,21,21,21,11,11,8,8,26,22,19,37,0,0],"gold":704,"neow_bonus":"TRANSFORM_TWO_CARDS","is_daily":false,"chose_seed":false,"campfire_upgraded":2,"win_rate":0.0,"timestamp":1613875623,"path_taken":["M","M","?","M","$","R","E","R","T","R","M","E","?","E","R","BOSS","M","?","?","$","M","R","?","E","T","M","?","R","M","E","R","BOSS"],"items_purchased_type":["Potion"],"build_version":"2020-12-22","purchased_purges":0,"victory":false,"max_hp_per_floor":[63,63,63,63,63,63,63,63,63,63,63,63,63,63,63,63,63,63,63,63,63,63,63,63,63,63,63,63,63,63,63,63,63,63],"card_choices":[{"not_picked":["All Out Attack","Flying Knee"],"picked":"Bane","floor":1},{"not_picked":["Quick Slash","ReplayTheSpireMod:Tripwire"],"picked":"Setup","floor":2},{"not_picked":["Poisoned Stab","Setup"],"picked":"Bouncing Flask","floor":4},{"not_picked":["PiercingWail","Masterful Stab","Reflex"],"picked":"SKIP","floor":7},{"not_picked":["Deflect","Backflip"],"picked":"Deadly Poison","floor":11},{"not_picked":["Grand Finale","Setup"],"picked":"Slice","floor":12},{"not_picked":["Cloak And Dagger","Sucker Punch"],"picked":"Backflip","floor":13},{"not_picked":["Eviscerate","Calculated Gamble"],"picked":"All Out Attack","floor":14},{"not_picked":["Grand Finale","Storm of Steel"],"picked":"Envenom","floor":16},{"not_picked":["Flying Knee+1","Hidden Blade","Dagger Throw+1"],"picked":"SKIP","floor":18},{"not_picked":["Dagger Spray+1","Slice"],"picked":"Poisoned Stab","floor":22},{"not_picked":["Acrobatics+1","Quick Slash+1"],"picked":"Calculated Gamble","floor":25},{"not_picked":["Dodge and Roll","Escape Plan"],"picked":"Leg Sweep","floor":27},{"not_picked":["Sucker Punch+1","Unload","Acrobatics"],"picked":"SKIP","floor":30},{"not_picked":["Prepared","Skewer"],"picked":"Backstab","floor":31}],"player_experience":652041,"relics_obtained":[{"floor":7,"key":"HornCleat"},{"floor":9,"key":"Gremlin Horn"},{"floor":12,"key":"MawBank"},{"floor":14,"key":"Art of War"},{"floor":15,"key":"Chameleon Ring"},{"floor":24,"key":"Lantern"},{"floor":25,"key":"Bottled Lightning"},{"floor":26,"key":"Shuriken"},{"floor":31,"key":"Grinning Jar"}],"event_choices":[{"damage_healed":0,"gold_gain":0,"player_choice":"Gave Potion","damage_taken":0,"relics_obtained":["ReplayFunnel"],"max_hp_gain":0,"max_hp_loss":0,"event_name":"WeMeetAgain","floor":3,"gold_loss":0},{"damage_healed":0,"gold_gain":0,"player_choice":"Simplicity","damage_taken":0,"max_hp_gain":0,"max_hp_loss":4,"event_name":"betterThird:BetterWriting","floor":19,"gold_loss":0},{"damage_healed":0,"gold_gain":0,"player_choice":"Madness","damage_taken":0,"relics_obtained":["betterThird:NestCultRelic"],"max_hp_gain":0,"max_hp_loss":0,"event_name":"betterThird:BetterNest","floor":28,"gold_loss":0}],"is_beta":false,"boss_relics":[{"not_picked":["Replay:Drink Me","HoveringKite"],"picked":"Kintsugi"}],"items_purged_floors":[],"is_endless":false,"potions_floor_spawned":[1,11,12,14,16,22,25,27],"killed_by":"Automaton","ascension_level":1}}