{"host":"c1f068k7a3x1dnrh","time":1613920660,"event":{"mods":["BaseMod","Minty Spire (QoL Compilation)","Quick Restart","Reliquary","Spicy Shops","StSLib","[IsaacMod]ÒÔÈö¼âËþ"],"gold_per_floor":[115,115,115,115,125,160,160,173,173,189,205,205,226,226,226,349,349,349,349],"floor_reached":18,"language":"ZHS","playtime":1016,"items_purged":[],"score":211,"play_id":"d08da63b-c4cd-4023-a37a-60995a278e29","local_time":"20210221231740","is_ascension_mode":true,"campfire_choices":[{"data":"Neutralize","floor":7.0,"key":"SMITH"},{"data":"Caltrops","floor":15.0,"key":"SMITH"}],"circlet_count":0,"master_deck":["Strike_G","Strike_G","Defend_G","Defend_G","Defend_G","Defend_G","Defend_G","Survivor","Neutralize+1","Caltrops+1","Dagger Throw","Backflip","Dagger Throw+1","Bullet Time","Grand Finale+1","The Bomb"],"relics":["HushsDoor","D6","Black Star","CultistMask","Letter Opener","Question Card","Molten Egg 2","Golden Idol","WristBlade"],"acts_visited":["Exordium","TheCity"],"potions_floor_usage":[],"damage_taken":[{"damage":3.0,"enemies":"2 Louse","floor":1.0,"turns":3.0},{"damage":0.0,"enemies":"Jaw Worm","floor":5.0,"turns":6.0},{"damage":7.0,"enemies":"Lagavulin","floor":6.0,"turns":6.0},{"damage":0.0,"enemies":"Cultist","floor":8.0,"turns":5.0},{"damage":1.0,"enemies":"3 Louse","floor":10.0,"turns":3.0},{"damage":3.0,"enemies":"Exordium Wildlife","floor":11.0,"turns":7.0},{"damage":0.0,"enemies":"Lots of Slimes","floor":13.0,"turns":4.0},{"damage":18.0,"enemies":"Hexaghost","floor":16.0,"turns":9.0},{"damage":0,"enemies":"2 Thieves","floor":18,"turns":1}],"seed_played":"-5253548863568504785","potions_obtained":[{"floor":8.0,"key":"SpeedPotion"},{"floor":11.0,"key":"LiquidMemories"},{"floor":13.0,"key":"SteroidPotion"}],"is_trial":false,"path_per_floor":["M","?","?","?","M","E","R","M","T","M","M","?","M","?","R","B",null,"M"],"character_chosen":"THE_SILENT","items_purchased":["Grand Finale+1","The Bomb"],"campfire_rested":0,"item_purchase_floors":[17,17],"current_hp_per_floor":[60,53,53,53,53,46,46,46,46,45,42,42,42,42,42,24,48,48,48],"gold":349,"neow_bonus":"BOSS_RELIC","is_daily":false,"chose_seed":false,"campfire_upgraded":2,"win_rate":0.0,"timestamp":1613920660,"path_taken":["M","?","?","?","M","E","R","M","T","M","M","?","?","?","R","BOSS","M"],"items_purchased_type":["Card","Card"],"build_version":"2020-12-22","purchased_purges":0,"victory":false,"max_hp_per_floor":[70,70,70,70,70,70,70,70,70,70,70,65,65,65,65,65,56,56,56],"card_choices":[{"not_picked":[],"picked":"Bomb","floor":0.0},{"not_picked":["PiercingWail","Leg Sweep"],"picked":"Caltrops","floor":1.0},{"not_picked":["Predator","Bane"],"picked":"Bomb","floor":5.0},{"not_picked":["Concentrate","Flying Knee","Masterful Stab"],"picked":"SKIP","floor":6.0},{"not_picked":["Distraction","Bane","Dodge and Roll"],"picked":"Dagger Throw","floor":8.0},{"not_picked":["Leg Sweep","Flying Knee+1","Deadly Poison"],"picked":"Backflip","floor":10.0},{"not_picked":["Expertise","Reflex","Malaise","PiercingWail"],"picked":"SKIP","floor":11.0},{"not_picked":["PiercingWail","Expertise","Blade Dance"],"picked":"Dagger Throw+1","floor":13.0},{"not_picked":["Doppelganger","Glass Knife+1","Malaise"],"picked":"Bullet Time","floor":16.0}],"player_experience":99039,"relics_obtained":[{"floor":6.0,"key":"Letter Opener"},{"floor":6.0,"key":"Question Card"},{"floor":9.0,"key":"Molten Egg 2"}],"event_choices":[{"cards_removed":["Strike_G"],"damage_healed":0.0,"max_hp_gain":0.0,"max_hp_loss":0.0,"gold_gain":0.0,"event_name":"Golden Wing","player_choice":"Card Removal","floor":2.0,"gold_loss":0.0,"damage_taken":7.0},{"cards_removed":["Strike_G"],"damage_healed":0.0,"max_hp_gain":0.0,"max_hp_loss":0.0,"gold_gain":0.0,"event_name":"Living Wall","player_choice":"Forget","floor":3.0,"gold_loss":0.0,"damage_taken":0.0},{"damage_healed":0.0,"max_hp_gain":0.0,"max_hp_loss":0.0,"gold_gain":0.0,"event_name":"FaceTrader","player_choice":"Trade","floor":4.0,"gold_loss":0.0,"damage_taken":0.0,"relics_obtained":["CultistMask"]},{"damage_healed":0.0,"max_hp_gain":0.0,"max_hp_loss":5.0,"gold_gain":0.0,"event_name":"Golden Idol","player_choice":"Lose Max HP","floor":12.0,"gold_loss":0.0,"damage_taken":0.0,"relics_obtained":["Golden Idol"]},{"cards_removed":["Strike_G"],"damage_healed":0.0,"max_hp_gain":0.0,"max_hp_loss":0.0,"gold_gain":0.0,"event_name":"Bonfire Elementals","player_choice":"Offered Basic","floor":14.0,"gold_loss":0.0,"damage_taken":0.0}],"is_beta":false,"boss_relics":[{"not_picked":["Cursed Key","reliquary:RedCape"],"picked":"WristBlade"},{"not_picked":[]}],"items_purged_floors":[],"is_endless":false,"potions_floor_spawned":[8,11,13],"killed_by":"2 Thieves","ascension_level":6}}