{"host":"q6l9o5ad25lrm2yj","time":1613918783,"event":{"mods":["BaseMod","BetterRewards","Colored Powertips","Lobotomy","Marisa£®ÏF”Í°°ƒß¿Ì…≥£©","Minty Spire (QoL Compilation)","Replay The Spire","StSLib","[IsaacMod]“‘»ˆº‚À˛"],"gold_per_floor":[115,126,126,51,68,68,80,80,107,107,157,207,207,239,311,407,407,427,438,449,463,482,482,482,482,238,264,264,275,275,287,287,304,304,407,407,426,471,483,99,99,111,111,111,111,111,111,136,150,150,150,150],"floor_reached":51,"language":"ZHS","playtime":4168,"items_purged":["Scarecrow","ReplayTheSpireMod:Splinters","LittlePrince"],"score":622,"play_id":"ff290452-f5bf-4aa1-ba4c-f21f6c923fac","local_time":"20210221224623","is_ascension_mode":false,"campfire_choices":[{"data":"Anger","floor":6.0,"key":"SMITH"},{"data":"Rage","floor":8.0,"key":"SMITH"},{"floor":13.0,"key":"REST"},{"floor":23.0,"key":"REST"},{"floor":30,"key":"REST"},{"data":"Strike_R","floor":34,"key":"PURGE"},{"data":"Anger","floor":45,"key":"SMITH"},{"floor":50,"key":"REST"}],"circlet_count":0,"master_deck":["Strike_R+1","Defend_R","Defend_R","Defend_R","Double Tap","OldLady","Rage+1","DreamingCurrent","Mercenary","Spot Weakness","Anger+1","Yin","Thunderclap+1","SnowQueen","Limit Break+1","Berserk+1","Pummel+1","Impervious+1","SingingMachine","ReplayTheSpireMod:Limb From Limb+1","Anger+1","OSAHOGD","True Grit+1","Double Tap+1","LittleHelper","Armaments+1","BlackSwan","Flex+1","Double Tap+1","Bloodbath","Anger+1","Anger+1","Thunderclap+1","Parasite","Demon Form+1","SilentOrchestra","Pommel Strike+1","DespairKnight","Metallicize+1"],"relics":["Burning Blood","HushsDoor","DeadEye","CogitoBucket","RabbitCall","Strawberry","TheBean","Snack Pack","Toxic Egg 2","BFFS","Yang_Lob","Whetstone","Astrolabe","LuminousBracelet","Gremlin Food","Pear","AnarchistCookbook","Enchiridion","SlaversCollar","Thread and Needle","AtMidnight","Letter Opener","D6","Juzu Bracelet"],"acts_visited":["Exordium","TheCity","TheBeyond"],"potions_floor_usage":[35,37,38],"damage_taken":[{"damage":0.0,"enemies":"Cultist","floor":1.0,"turns":2.0},{"damage":4.0,"enemies":"2 Louse","floor":2.0,"turns":2.0},{"damage":13.0,"enemies":"Jaw Worm","floor":5.0,"turns":3.0},{"damage":26.0,"enemies":"3 Louse","floor":7.0,"turns":3.0},{"damage":73.0,"enemies":"Hiden Room Battle","floor":12.0,"turns":7.0},{"damage":33.0,"enemies":"3 Sentries","floor":14.0,"turns":7.0},{"damage":129.0,"enemies":"Fading Forest","floor":16.0,"turns":11.0},{"damage":47.0,"enemies":"3 Byrds","floor":18.0,"turns":4.0},{"damage":69.0,"enemies":"Spheric Guardian","floor":19.0,"turns":8.0},{"damage":47.0,"enemies":"Shelled Parasite and Fungi","floor":20.0,"turns":5.0},{"damage":12.0,"enemies":"Snecko","floor":21.0,"turns":3.0},{"damage":58.0,"enemies":"Cultist and Chosen","floor":22.0,"turns":8.0},{"damage":71.0,"enemies":"Slavers","floor":27.0,"turns":6.0},{"damage":119.0,"enemies":"Sentry and Sphere","floor":29.0,"turns":6.0},{"damage":76,"enemies":"Shelled Parasite and Fungi","floor":31,"turns":8},{"damage":70,"enemies":"Centurion and Healer","floor":33,"turns":9},{"damage":134,"enemies":"Champ","floor":35,"turns":10},{"damage":62,"enemies":"3 Darklings","floor":37,"turns":5},{"damage":43,"enemies":"2 Orb Walkers","floor":38,"turns":3},{"damage":119,"enemies":"3 Shapes","floor":39,"turns":17},{"damage":18,"enemies":"Writhing Mass","floor":42,"turns":5},{"damage":80,"enemies":"Giant Head","floor":48,"turns":7},{"damage":44,"enemies":"Jaw Worm Horde","floor":49,"turns":4},{"damage":89,"enemies":"Maw","floor":51,"turns":5}],"seed_played":"-722943797758487845","potions_obtained":[{"floor":1.0,"key":"BloodPotion"},{"floor":7.0,"key":"EssenceOfSteel"},{"floor":18.0,"key":"BloodPotion"},{"floor":20.0,"key":"Explosive Potion"},{"floor":21.0,"key":"ElixirPotion"},{"floor":27.0,"key":"Toxic Potion"},{"floor":35,"key":"AttackPotion"},{"floor":37,"key":"Explosive Potion"},{"floor":49,"key":"SmokeBomb"}],"is_trial":false,"path_per_floor":["M","M","?","$","M","R","M","R","T","?","?","?","R","E","R","B",null,"M","M","M","M","M","R","PTL","PTL","$","E","T","M","R","M","?","M","R","B",null,"M","?","M","$","?","M","PTL","PTL","R","?","T","E","M","R","M"],"character_chosen":"IRONCLAD","items_purchased":["Gremlin Food","Letter Opener"],"campfire_rested":4,"item_purchase_floors":[26,40],"current_hp_per_floor":[80,80,75,75,68,68,66,66,66,71,71,48,75,86,86,54,92,78,67,69,76,86,107,107,107,107,117,117,77,112,101,85,88,88,42,117,99,82,117,117,117,117,117,117,117,111,111,59,34,34,0,0],"gold":150,"neow_bonus":"","is_daily":false,"chose_seed":false,"campfire_upgraded":3,"win_rate":0.0,"timestamp":1613918783,"path_taken":["M","M","?","$","M","R","M","R","T","?","?","?","R","E","R","BOSS","M","M","M","M","M","R","PTL","PTL","$","E","T","M","R","M","?","M","R","BOSS","M","?","M","$","?","M","PTL","PTL","R","?","T","E","M","R","M"],"items_purchased_type":["Relic","Relic"],"build_version":"2020-12-22","purchased_purges":3,"victory":false,"max_hp_per_floor":[80,80,87,87,87,87,87,87,87,92,92,92,92,92,92,92,92,107,107,107,107,107,107,107,107,107,117,117,117,117,117,117,117,117,117,117,117,117,117,117,117,117,117,117,117,111,111,111,111,111,111,111],"card_choices":[{"not_picked":[],"picked":"ChaosCard","floor":0.0},{"not_picked":["ReplayTheSpireMod:Strike From Hell","ReplayTheSpireMod:Stacked"],"picked":"Double Tap","floor":1.0},{"not_picked":["Alriune","Scorched"],"picked":"OldLady","floor":1.0},{"not_picked":["ShyLook","Funeral"],"picked":"Scarecrow","floor":2.0},{"not_picked":["ReplayTheSpireMod:Strike From Hell","Headbutt"],"picked":"Anger","floor":2.0},{"not_picked":["ReplayTheSpireMod:Strike From Hell","Berserk"],"picked":"Rage","floor":5.0},{"not_picked":["SpiderBud","FairyFestival","ShyLook"],"picked":"Singing Bowl","floor":5.0},{"not_picked":["MeatLantern","CENSORED"],"picked":"DreamingCurrent","floor":5.0},{"not_picked":["Intimidate","Flame Barrier"],"picked":"Bomb","floor":7.0},{"not_picked":["Scorched","ShyLook"],"picked":"Mercenary","floor":7.0},{"not_picked":["Defy Death","True Grit"],"picked":"Spot Weakness","floor":11.0},{"not_picked":["Reaper","Twin Strike"],"picked":"Anger","floor":11.0},{"not_picked":["WallGazer","Bloodbath"],"picked":"Yin","floor":12.0},{"not_picked":["Headbutt","Heavy Blade"],"picked":"Thunderclap","floor":12.0},{"not_picked":["Cleave","Clothesline","Perfected Strike"],"picked":"SKIP","floor":14.0},{"not_picked":["ShyLook","Freischutz"],"picked":"SnowQueen","floor":16.0},{"not_picked":["Offering+1","Impervious+1"],"picked":"Limit Break+1","floor":16.0},{"not_picked":["Murderer","CrumblingArmor","WallGazer"],"picked":"Singing Bowl","floor":18.0},{"not_picked":["Perfected Strike","Body Slam+1","Rampage"],"picked":"SKIP","floor":18.0},{"not_picked":["GreedKing","SpiderBud","UniverseFragment"],"picked":"Singing Bowl","floor":19.0},{"not_picked":["PunishingBird","Freischutz"],"picked":"SingingMachine","floor":19.0},{"not_picked":["Warcry+1","Heavy Blade"],"picked":"ReplayTheSpireMod:Limb From Limb","floor":19.0},{"not_picked":["Dropkick+1","Clothesline"],"picked":"Anger+1","floor":20.0},{"not_picked":["Porccubus","SpiderBud"],"picked":"QueenBee","floor":20.0},{"not_picked":["PunishingBird","UniverseFragment"],"picked":"OSAHOGD","floor":21.0},{"not_picked":["Headbutt","Clothesline"],"picked":"True Grit+1","floor":21.0},{"not_picked":["Alriune","WallGazer","MeatLantern"],"picked":"Singing Bowl","floor":22.0},{"not_picked":["ReplayTheSpireMod:Strike From Hell","Sword Boomerang"],"picked":"Double Tap+1","floor":22.0},{"not_picked":["Scorched","Alriune"],"picked":"LittleHelper","floor":27.0},{"not_picked":["Whirlwind","Perfected Strike","ReplayTheSpireMod:LeadingStrike"],"picked":"SKIP","floor":27.0},{"not_picked":["Whirlwind","Perfected Strike","ReplayTheSpireMod:LeadingStrike"],"picked":"SKIP","floor":27.0},{"not_picked":["Clash","Sword Boomerang","Headbutt"],"picked":"SKIP","floor":29},{"not_picked":["Heavy Blade","Clothesline"],"picked":"Armaments+1","floor":31},{"not_picked":["Rudolta","GreedKing"],"picked":"BlackSwan","floor":31},{"not_picked":["Laetitia","Variant","WhitesApple"],"picked":"Singing Bowl","floor":33},{"not_picked":["Iron Wave","Perfected Strike"],"picked":"Flex+1","floor":33},{"not_picked":["Berserk","Fiend Fire"],"picked":"Double Tap+1","floor":35},{"not_picked":["CrumblingArmor","Freischutz","GreedKing"],"picked":"Singing Bowl","floor":35},{"not_picked":["LongBird","CrumblingArmor"],"picked":"LittlePrince","floor":35},{"not_picked":["NothingThere","Scarecrow"],"picked":"Bloodbath","floor":37},{"not_picked":["Feel No Pain+1","Flex+1"],"picked":"Anger+1","floor":37},{"not_picked":["BigBadWolf","HeroicMonk","GalaxyChild"],"picked":"Singing Bowl","floor":38},{"not_picked":["Clothesline","Spot Weakness+1"],"picked":"Anger+1","floor":38},{"not_picked":["Heavy Blade+1","Run Through+1"],"picked":"Thunderclap+1","floor":39},{"not_picked":["HeroicMonk","LongBird"],"picked":"WhiteNight","floor":39},{"not_picked":["FairyFestival","Woodsman","CENSORED"],"picked":"Singing Bowl","floor":42},{"not_picked":["Rampage","Body Slam+1"],"picked":"Demon Form","floor":42},{"not_picked":["BlueStar","NothingThere"],"picked":"SilentOrchestra","floor":48},{"not_picked":["Clash","Ghostly Armor+1"],"picked":"Pommel Strike+1","floor":48},{"not_picked":["Freischutz","Porccubus"],"picked":"DespairKnight","floor":49},{"not_picked":["Second Wind+1","Disarm+1"],"picked":"Metallicize+1","floor":49}],"player_experience":35595,"relics_obtained":[{"floor":9.0,"key":"TheBean"},{"floor":11.0,"key":"Snack Pack"},{"floor":12.0,"key":"Toxic Egg 2"},{"floor":12.0,"key":"BFFS"},{"floor":14.0,"key":"Whetstone"},{"floor":27.0,"key":"Pear"},{"floor":28.0,"key":"AnarchistCookbook"},{"floor":32,"key":"Enchiridion"},{"floor":38,"key":"Thread and Needle"},{"floor":39,"key":"AtMidnight"},{"floor":47,"key":"D6"},{"floor":48,"key":"Juzu Bracelet"}],"event_choices":[{"damage_healed":0.0,"max_hp_gain":0.0,"max_hp_loss":0.0,"gold_gain":0.0,"event_name":"Scrap Ooze","player_choice":"Success","floor":3.0,"gold_loss":0.0,"damage_taken":12.0,"relics_obtained":["Strawberry"]},{"damage_healed":0.0,"max_hp_gain":5.0,"max_hp_loss":0.0,"gold_gain":0.0,"event_name":"Big Fish","player_choice":"Donut","floor":10.0,"gold_loss":0.0,"damage_taken":0.0},{"damage_healed":0.0,"max_hp_gain":0.0,"max_hp_loss":0.0,"gold_gain":0.0,"event_name":"HidenRoomEvent","player_choice":"Fight","floor":12.0,"gold_loss":0.0,"damage_taken":0.0},{"damage_healed":0,"gold_gain":0,"player_choice":"Obtained Book","damage_taken":16,"max_hp_gain":0,"max_hp_loss":0,"event_name":"Cursed Tome","floor":32,"gold_loss":0},{"damage_healed":0,"gold_gain":0,"player_choice":"Fight","damage_taken":0,"max_hp_gain":0,"max_hp_loss":0,"event_name":"Mysterious Sphere","floor":38,"gold_loss":0},{"cards_removed":["Anger"],"damage_healed":0,"gold_gain":0,"player_choice":"Removed Attack","damage_taken":0,"max_hp_gain":0,"max_hp_loss":0,"event_name":"Falling","floor":41,"gold_loss":0},{"damage_healed":0,"gold_gain":0,"player_choice":"Max HP","damage_taken":0,"max_hp_gain":0,"max_hp_loss":6,"event_name":"Winding Halls","floor":46,"gold_loss":0}],"is_beta":false,"boss_relics":[{"not_picked":["Velvet Choker","Cursed Key"],"picked":"Astrolabe"},{"not_picked":[]},{"not_picked":["Runic Dome","Busted Crown"],"picked":"SlaversCollar"},{"not_picked":[]}],"items_purged_floors":[4,26,40],"is_endless":false,"potions_floor_spawned":[1,7,18,20,21,27,35,37,49],"killed_by":"Maw","ascension_level":0}}