{"host":"bg8va46pgqgvtzim","time":1613920331,"event":{"mods":["BaseMod","Minty Spire (QoL Compilation)","Quick Restart","StSLib","SuperFastMode"],"gold_per_floor":[113,131,64,83,83,102,117,117,131,145,145,145,145,170,170,170,188,188,204,223,223,223,322,322,335,335,351,87,101,113,141,141,168,197,210,210,233,233,233,148,159,159,186,186,186,287,287,304,316,334,354,371,371,371,399,399,409,438,438,438,438,450,450,469,469,485,435,453,464,464,464,464,464,464,244,279,279],"floor_reached":78,"language":"ZHS","playtime":2632,"items_purged":["Strike_B+1","Lockon+1","Defend_B"],"score":1747,"play_id":"61bc0692-6ebb-4ce5-98b6-ed37fda2beeb","local_time":"20210221231211","is_ascension_mode":true,"campfire_choices":[{"data":"Zap","floor":8.0,"key":"SMITH"},{"data":"Recycle","floor":12.0,"key":"SMITH"},{"data":"Dualcast","floor":16.0,"key":"SMITH"},{"data":"Lockon","floor":18.0,"key":"SMITH"},{"data":"Coolheaded","floor":21.0,"key":"SMITH"},{"data":"Turbo","floor":22.0,"key":"SMITH"},{"data":"Skim","floor":32.0,"key":"SMITH"},{"floor":39.0,"key":"REST"},{"data":"Consume","floor":42.0,"key":"SMITH"},{"data":"Coolheaded","floor":44.0,"key":"SMITH"},{"data":"Seek","floor":45.0,"key":"SMITH"},{"data":"Undo","floor":54.0,"key":"SMITH"},{"data":"Gash","floor":56.0,"key":"SMITH"},{"data":"Madness","floor":65.0,"key":"SMITH"},{"floor":70.0,"key":"RECALL"},{"data":"Impatience","floor":71.0,"key":"SMITH"},{"floor":74.0,"key":"REST"}],"circlet_count":0,"master_deck":["Defend_B","Defend_B","Zap+1","Dualcast+1","Seek+1","Turbo+1","Recycle+1","Undo+1","Skim+1","Gash+1","Coolheaded+1","Beam Cell+1","Coolheaded+1","Consume+1","Skim+1","Impatience+1","Madness+1","Loop","Panacea","BootSequence"],"relics":["Cracked Core","Bag of Preparation","Whetstone","Inserter","Enchiridion","Membership Card","MealTicket","Tiny Chest","Happy Flower","Bag of Marbles","Anchor","Singing Bowl","Dream Catcher","Empty Cage","Unceasing Top","Incense Burner","Sundial","Thread and Needle","Gremlin Horn","Medical Kit"],"acts_visited":["Exordium","TheCity","TheBeyond","TheEnding"],"potions_floor_usage":[77,77,77],"damage_taken":[{"damage":3.0,"enemies":"2 Louse","floor":1.0,"turns":3.0},{"damage":0.0,"enemies":"Cultist","floor":2.0,"turns":2.0},{"damage":1.0,"enemies":"Jaw Worm","floor":4.0,"turns":2.0},{"damage":6.0,"enemies":"Red Slaver","floor":6.0,"turns":4.0},{"damage":14.0,"enemies":"Exordium Thugs","floor":7.0,"turns":6.0},{"damage":7.0,"enemies":"Large Slime","floor":9.0,"turns":6.0},{"damage":0.0,"enemies":"2 Fungi Beasts","floor":10.0,"turns":3.0},{"damage":17.0,"enemies":"3 Sentries","floor":14.0,"turns":13.0},{"damage":1.0,"enemies":"Exordium Wildlife","floor":17.0,"turns":5.0},{"damage":0.0,"enemies":"Lots of Slimes","floor":19.0,"turns":3.0},{"damage":2.0,"enemies":"3 Louse","floor":20.0,"turns":3.0},{"damage":0.0,"enemies":"Hexaghost","floor":23.0,"turns":9.0},{"damage":0.0,"enemies":"Chosen","floor":25.0,"turns":4.0},{"damage":0.0,"enemies":"Spheric Guardian","floor":27.0,"turns":4.0},{"damage":16.0,"enemies":"3 Cultists","floor":29.0,"turns":7.0},{"damage":3.0,"enemies":"Snake Plant","floor":30.0,"turns":7.0},{"damage":10.0,"enemies":"Book of Stabbing","floor":31.0,"turns":6.0},{"damage":17.0,"enemies":"Slavers","floor":34.0,"turns":3.0},{"damage":0.0,"enemies":"Cultist and Chosen","floor":35.0,"turns":8.0},{"damage":0.0,"enemies":"Snecko","floor":41.0,"turns":5.0},{"damage":4.0,"enemies":"Collector","floor":46.0,"turns":13.0},{"damage":0.0,"enemies":"Orb Walker","floor":48.0,"turns":3.0},{"damage":0.0,"enemies":"3 Darklings","floor":49.0,"turns":4.0},{"damage":0.0,"enemies":"Spire Growth","floor":50.0,"turns":4.0},{"damage":0.0,"enemies":"Transient","floor":51.0,"turns":5.0},{"damage":0.0,"enemies":"3 Darklings","floor":52.0,"turns":2.0},{"damage":0.0,"enemies":"Nemesis","floor":55.0,"turns":3.0},{"damage":0.0,"enemies":"Sphere and 2 Shapes","floor":57.0,"turns":4.0},{"damage":0.0,"enemies":"Giant Head","floor":58.0,"turns":2.0},{"damage":0.0,"enemies":"Maw","floor":62.0,"turns":2.0},{"damage":0.0,"enemies":"3 Darklings","floor":64.0,"turns":1.0},{"damage":0.0,"enemies":"Transient","floor":66.0,"turns":4.0},{"damage":0.0,"enemies":"Spire Growth","floor":68.0,"turns":1.0},{"damage":0.0,"enemies":"Sphere and 2 Shapes","floor":69.0,"turns":1.0},{"damage":0.0,"enemies":"Awakened One","floor":72.0,"turns":2.0},{"damage":0.0,"enemies":"Shield and Spear","floor":76.0,"turns":5.0},{"damage":0,"enemies":"The Heart","floor":77,"turns":3}],"seed_played":"-1257521686420975270","potions_obtained":[{"floor":2.0,"key":"Swift Potion"},{"floor":6.0,"key":"Block Potion"},{"floor":7.0,"key":"Dexterity Potion"},{"floor":9.0,"key":"SkillPotion"},{"floor":14.0,"key":"Regen Potion"},{"floor":17.0,"key":"GamblersBrew"},{"floor":30.0,"key":"LiquidMemories"},{"floor":34.0,"key":"ColorlessPotion"},{"floor":35.0,"key":"PowerPotion"},{"floor":41.0,"key":"Strength Potion"},{"floor":46.0,"key":"GamblersBrew"},{"floor":58.0,"key":"FairyPotion"},{"floor":68.0,"key":"PowerPotion"}],"is_trial":false,"path_per_floor":["M","M","$","M","?","M","M","R","M","M","E","R","T","E","?","R","M","R","M","M","R","R","B",null,"M","?","M","$","M","M","E","R","T","E","M","T","T","?","R","?","M","R","T","R","R","B",null,"M","M","M","M","M","?","R","E","R","M","E","T","T","?","M","T","M","R","M","$","M","M","R","R","B",null,"R","$","E","B",null],"character_chosen":"DEFECT","items_purchased":["Lockon","Membership Card","MealTicket","Medical Kit","Loop","Panacea"],"campfire_rested":2,"item_purchase_floors":[3,28,28,75,75,75],"current_hp_per_floor":[65,65,65,64,64,58,44,44,37,37,28,28,28,11,11,11,10,10,10,8,8,8,8,68,68,52,52,52,36,33,38,38,38,21,21,21,21,9,30,30,32,32,32,32,32,30,77,79,81,83,83,85,81,81,83,83,85,87,87,87,79,81,81,83,83,85,95,97,99,99,99,99,99,101,101,101,101],"gold":279,"neow_bonus":"THREE_RARE_CARDS","is_daily":false,"chose_seed":false,"campfire_upgraded":14,"win_rate":0.0,"timestamp":1613920331,"path_taken":["M","M","$","M","?","M","M","R","?","M","E","R","T","E","?","R","?","R","M","M","R","R","BOSS","M","?","M","$","M","M","E","R","?","E","M","T","T","?","R","?","M","R","?","R","R","BOSS","M","M","M","?","M","?","R","E","R","M","E","T","T","?","M","?","?","R","M","$","M","M","R","R","BOSS","R","$","E","BOSS"],"items_purchased_type":["Card","Relic","Relic","Relic","Card","Card"],"build_version":"2020-12-22","purchased_purges":3,"victory":true,"max_hp_per_floor":[68,68,68,68,68,68,68,68,68,68,68,68,68,68,68,68,68,68,68,68,68,68,68,68,68,68,68,68,68,68,68,68,68,68,68,68,68,73,73,73,75,75,75,75,75,77,77,79,81,83,83,85,81,81,83,83,85,87,87,87,89,91,91,93,93,95,95,97,99,99,99,99,99,101,101,101,101],"card_choices":[{"not_picked":["Rainbow","Amplify"],"picked":"Seek","floor":0.0},{"not_picked":["Compile Driver","Redo","Self Repair"],"picked":"SKIP","floor":1.0},{"not_picked":["Barrage","Conserve Battery"],"picked":"Turbo","floor":2.0},{"not_picked":["Ball Lightning","Conserve Battery"],"picked":"Recycle","floor":4.0},{"not_picked":["Double Energy","Barrage","Sweeping Beam"],"picked":"SKIP","floor":6.0},{"not_picked":["Reinforced Body","Leap"],"picked":"Undo","floor":7.0},{"not_picked":["Barrage","Rebound","Beam Cell"],"picked":"SKIP","floor":9.0},{"not_picked":["Meteor Strike","Rebound","Lockon"],"picked":"SKIP","floor":10.0},{"not_picked":["Tempest","Compile Driver"],"picked":"Skim","floor":14.0},{"not_picked":["Fusion","Static Discharge"],"picked":"Gash","floor":17.0},{"not_picked":["Redo","Storm"],"picked":"Coolheaded","floor":19.0},{"not_picked":["Rebound","Conserve Battery","Stack"],"picked":"SKIP","floor":20.0},{"not_picked":["Leap+1","Lockon"],"picked":"Beam Cell+1","floor":25.0},{"not_picked":["Genetic Algorithm","Doom and Gloom+1"],"picked":"Coolheaded","floor":27.0},{"not_picked":["Stack+1","Conserve Battery","Melter"],"picked":"SKIP","floor":29.0},{"not_picked":["Turbo","Compile Driver"],"picked":"Consume","floor":30.0},{"not_picked":["Ball Lightning","Reprogram","Rebound"],"picked":"SKIP","floor":31.0},{"not_picked":["Aggregate","Steam+1","Go for the Eyes"],"picked":"SKIP","floor":34.0},{"not_picked":["Hello World","Streamline","Rebound"],"picked":"SKIP","floor":35.0},{"not_picked":["Sunder","Gash","Steam Power"],"picked":"Singing Bowl","floor":41.0},{"not_picked":["All For One","Biased Cognition","Meteor Strike"],"picked":"Singing Bowl","floor":46.0},{"not_picked":["Cold Snap+1","Redo","Reprogram"],"picked":"Singing Bowl","floor":48.0},{"not_picked":["Static Discharge","Compile Driver","Streamline+1"],"picked":"Singing Bowl","floor":49.0},{"not_picked":["Heatsinks","Steam","Ball Lightning+1"],"picked":"Singing Bowl","floor":50.0},{"not_picked":["Loop+1","Undo+1"],"picked":"Skim+1","floor":51.0},{"not_picked":["Chaos+1","Rebound","Heatsinks"],"picked":"Singing Bowl","floor":52.0},{"not_picked":["Aggregate+1","Fission","Barrage+1"],"picked":"Singing Bowl","floor":55.0},{"not_picked":["Hello World","Rebound","Steam+1"],"picked":"Singing Bowl","floor":57.0},{"not_picked":["Hyperbeam","Steam Power+1","Beam Cell+1"],"picked":"Singing Bowl","floor":58.0},{"not_picked":["Good Instincts","Trip"],"picked":"Impatience","floor":61.0},{"not_picked":["The Bomb","Violence"],"picked":"Madness","floor":61.0},{"not_picked":["Transmutation","Apotheosis","Good Instincts"],"picked":"Singing Bowl","floor":61.0},{"not_picked":["Redo+1","Barrage","Recycle"],"picked":"Singing Bowl","floor":62.0},{"not_picked":["Coolheaded","Compile Driver+1","Undo+1"],"picked":"Singing Bowl","floor":64.0},{"not_picked":["Chill","Ball Lightning","Streamline+1"],"picked":"Singing Bowl","floor":66.0},{"not_picked":["Conserve Battery+1","Storm","Ball Lightning+1"],"picked":"Singing Bowl","floor":68.0},{"not_picked":["Cold Snap","Melter+1","Reinforced Body+1"],"picked":"Singing Bowl","floor":69.0},{"not_picked":["Beam Cell","Undo","Ball Lightning"],"picked":"Singing Bowl","floor":74.0},{"not_picked":["Storm","Hologram+1"],"picked":"BootSequence","floor":76.0}],"player_experience":2516775,"relics_obtained":[{"floor":13.0,"key":"Bag of Preparation"},{"floor":14.0,"key":"Whetstone"},{"floor":26.0,"key":"Enchiridion"},{"floor":31.0,"key":"Tiny Chest"},{"floor":33.0,"key":"Happy Flower"},{"floor":34.0,"key":"Bag of Marbles"},{"floor":36.0,"key":"Anchor"},{"floor":43.0,"key":"Dream Catcher"},{"floor":55.0,"key":"Unceasing Top"},{"floor":58.0,"key":"Incense Burner"},{"floor":59.0,"key":"Sundial"},{"floor":60.0,"key":"Thread and Needle"},{"floor":63.0,"key":"Gremlin Horn"}],"event_choices":[{"cards_removed":["Strike_B"],"damage_healed":0.0,"max_hp_gain":0.0,"max_hp_loss":0.0,"gold_gain":0.0,"event_name":"Bonfire Elementals","player_choice":"Offered Basic","floor":5.0,"gold_loss":0.0,"damage_taken":0.0},{"cards_removed":["Strike_B"],"damage_healed":0.0,"max_hp_gain":0.0,"max_hp_loss":0.0,"gold_gain":0.0,"event_name":"Purifier","player_choice":"Purged","floor":15.0,"gold_loss":0.0,"damage_taken":0.0},{"damage_healed":0.0,"max_hp_gain":0.0,"max_hp_loss":0.0,"gold_gain":0.0,"event_name":"Cursed Tome","player_choice":"Obtained Book","floor":26.0,"gold_loss":0.0,"damage_taken":16.0},{"damage_healed":0.0,"max_hp_gain":5.0,"max_hp_loss":0.0,"gold_gain":0.0,"event_name":"Forgotten Altar","player_choice":"Shed Blood","floor":38.0,"gold_loss":0.0,"damage_taken":17.0},{"damage_healed":0.0,"max_hp_gain":0.0,"max_hp_loss":0.0,"gold_gain":0.0,"event_name":"Addict","player_choice":"Obtained Relic","floor":40.0,"gold_loss":85.0,"damage_taken":0.0,"relics_obtained":["Singing Bowl"]},{"damage_healed":0.0,"max_hp_gain":0.0,"max_hp_loss":4.0,"gold_gain":0.0,"event_name":"Winding Halls","player_choice":"Max HP","floor":53.0,"gold_loss":0.0,"damage_taken":0.0},{"damage_healed":0.0,"max_hp_gain":0.0,"max_hp_loss":0.0,"gold_gain":0.0,"event_name":"SensoryStone","player_choice":"Memory 3","floor":61.0,"gold_loss":0.0,"damage_taken":10.0}],"is_beta":false,"boss_relics":[{"not_picked":["Philosopher\u0027s Stone","Velvet Choker"],"picked":"Inserter"},{"not_picked":["Busted Crown","Fusion Hammer"],"picked":"Empty Cage"}],"items_purged_floors":[28,67,75],"is_endless":false,"potions_floor_spawned":[2,6,7,9,14,17,30,34,35,41,46,49,50,52,58,64,68,69],"ascension_level":1}}