{"host":"9op7xyky91xc1g6p","time":1613887113,"event":{"mods":["100% Spire Juice","Act Like it!","Astrologer","Bartender","BaseMod","Beaked The Cultist","Better Altar","Better Note","Better Sensory Stone","Better Skull","Better Third Choice","Better Vampires","Bossed Relics","BshForSts","CapriCore","Energized Spire","Gensokyo","Hallownest","Hermit","HololiveMod","Infinite Spire","Koishi","Magitek Elite","Marisa????????","Minty Spire (QoL Compilation)","Random Character Button","Remilia??????","Retaliation","Robot Space Explorer","Shade Mod","SpireExporter+","StSLib","The Animator","The Bladedancer","The Disciple","The Dragon Tamer","The Elementalist","The Hierophant","The Immortal","The Marked","The Mystic","The Poker Player","The Problem Sleuth","The Runesmith","The Spell Scribe","TheBandit","Trackpad","Yuyuko","??????REMEMod"],"gold_per_floor":[118,198,198,45,65,65,65,84,84,84,103,44,61,61,61,61,61],"floor_reached":16,"language":"ENG","playtime":1325,"items_purged":[],"score":90,"play_id":"43496049-2c5f-4e6a-9116-26303811070a","local_time":"20210220215833","is_ascension_mode":false,"campfire_choices":[{"floor":6,"key":"REST"},{"floor":10,"key":"REST"},{"floor":15,"key":"REST"}],"circlet_count":0,"master_deck":["theScribe:StarterAttack","theScribe:StarterAttack","theScribe:LightningStrike","theScribe:LightningStrike","theScribe:StarterDefend","theScribe:StarterDefend","theScribe:StarterDefend","theScribe:IcyDefend","theScribe:IcyDefend","theScribe:StarterModifier","theScribe:LightningBolt","theScribe:WordsOfPower","theScribe:Focused","theScribe:StaticSeries","theScribe:Insight","theScribe:LightningBlade","Gensokyo:TarnishedGold","Gensokyo:RPG","theScribe:FocusingBlow"],"relics":["theScribe:StarterRelic1","REME_ComplimentaryCards","Lantern","trackpad:SappingStone","Tiny Chest","Bottled Lightning","Girya"],"acts_visited":["Gensokyo:Gensokyo"],"potions_floor_usage":[11,16],"damage_taken":[{"damage":7,"enemies":"Gensokyo:Gryphon","floor":1,"turns":4},{"damage":3,"enemies":"Gensokyo:2_Kodama","floor":5,"turns":5},{"damage":1,"enemies":"Gensokyo:3_Fairies","floor":8,"turns":5},{"damage":9,"enemies":"Gensokyo:CorruptedTreant","floor":11,"turns":4},{"damage":8,"enemies":"Gensokyo:VengefulSpirit","floor":13,"turns":5},{"damage":74,"enemies":"Gensokyo:Reimu","floor":16,"turns":11}],"seed_played":"-1914246796634309482","potions_obtained":[{"floor":8,"key":"REME_GoldPotion"},{"floor":11,"key":"SteroidPotion"},{"floor":13,"key":"Explosive Potion"}],"is_trial":false,"path_per_floor":["M","?","?","$","M","R","?","M","T","R","M","COS","M","T","R","B"],"character_chosen":"THE_SCRIBE","items_purchased":["theScribe:WordsOfPower","theScribe:Focused"],"campfire_rested":3,"item_purchase_floors":[4,4],"current_hp_per_floor":[75,75,23,23,20,44,44,43,43,67,58,58,50,50,74,0,0],"gold":61,"neow_bonus":"TEN_PERCENT_HP_BONUS","is_daily":false,"chose_seed":false,"campfire_upgraded":0,"win_rate":0.0,"timestamp":1613887113,"path_taken":["M","?","?","$","?","R","?","?","T","R","M","COS","M","?","R","BOSS"],"items_purchased_type":["Card","Card"],"build_version":"2020-12-22","purchased_purges":0,"victory":false,"max_hp_per_floor":[82,82,82,82,82,82,82,82,82,82,82,82,82,82,82,82,82],"card_choices":[{"not_picked":["theScribe:InvigoratingStrike","theScribe:Split"],"picked":"theScribe:LightningBolt","floor":1},{"not_picked":["theScribe:ArcaneBarrier","theScribe:WeirdBlast"],"picked":"theScribe:StaticSeries","floor":5},{"not_picked":["theScribe:WeirdBlast","theScribe:Meditate"],"picked":"theScribe:Insight","floor":8},{"not_picked":["theScribe:ToxicSpellstone","theScribe:Split"],"picked":"theScribe:LightningBlade","floor":11},{"not_picked":["theScribe:ScrollOfShadows","theScribe:ToxicSpellstone"],"picked":"theScribe:FocusingBlow","floor":13}],"player_experience":454360,"relics_obtained":[{"floor":9,"key":"Bottled Lightning"},{"floor":14,"key":"Girya"}],"event_choices":[{"damage_healed":0,"gold_gain":0,"player_choice":"RE RE RE ","damage_taken":58,"relics_obtained":["Lantern","trackpad:SappingStone","Tiny Chest"],"max_hp_gain":0,"max_hp_loss":0,"event_name":"betterSkull:BetterSkull","floor":3,"gold_loss":0,"cards_upgraded":[]}],"is_beta":false,"boss_relics":[],"items_purged_floors":[],"is_endless":false,"potions_floor_spawned":[8,11,13],"killed_by":"Gensokyo:Reimu","ascension_level":0}}