{"host":"i0avyit1s6jb1siw","time":1613943795,"event":{"mods":["BaseMod","DeckTracker","Dota2Spire","Minty Spire (QoL Compilation)","Quick Restart","StSLib","SuperFastMode"],"gold_per_floor":[116,134,134,134,134,134,166,178,178,178,178,188,214,243,258,258,336,336,347,397,397,414,427,427,427,462,462,462,489,489,505,505,517,535,535,535,535,535],"floor_reached":37,"language":"ENG","playtime":771,"items_purged":[],"score":634,"play_id":"bcf6610a-14cd-4304-86ef-bde4edfd877b","local_time":"20210221224315","is_ascension_mode":true,"campfire_choices":[{"data":"Bash","floor":6,"key":"SMITH"},{"data":"Fire Breathing","floor":11,"key":"SMITH"},{"data":"Clothesline","floor":16,"key":"SMITH"},{"data":"Bloodletting","floor":24,"key":"SMITH"},{"data":"True Grit","floor":30,"key":"SMITH"},{"data":"Corruption","floor":32,"key":"SMITH"},{"data":"Barricade","floor":35,"key":"SMITH"},{"data":"Armaments","floor":36,"key":"SMITH"}],"circlet_count":0,"master_deck":["AscendersBane","Strike_R","Strike_R","Strike_R","Strike_R","Defend_R","Defend_R","Defend_R","Bash+1","Clothesline+1","Perfected Strike+1","Fire Breathing+1","Shrug It Off","Twin Strike","Wild Strike","Offering","Bloodletting+1","Battle Trance","Spot Weakness","Power Through","Body Slam","Corruption+1","True Grit+1","Armaments+1","Barricade+1"],"relics":["Burning Blood","Torii","Dota2Spire:BlackKingBar","Dota2Spire:AghanimScepter","White Beast Statue","Bottled Tornado","Letter Opener","Odd Mushroom","Runic Pyramid","Bronze Scales","Eternal Feather","HornCleat","Ornamental Fan"],"acts_visited":["Exordium","TheCity"],"potions_floor_usage":[13,14,23,26,29,37,37,37],"damage_taken":[{"damage":8,"enemies":"Small Slimes","floor":1,"turns":4},{"damage":8,"enemies":"Jaw Worm","floor":2,"turns":4},{"damage":36,"enemies":"3 Sentries","floor":7,"turns":9},{"damage":0,"enemies":"2 Louse","floor":8,"turns":2},{"damage":0,"enemies":"2 Fungi Beasts","floor":12,"turns":2},{"damage":26,"enemies":"Gremlin Nob","floor":13,"turns":4},{"damage":7,"enemies":"The Mushroom Lair","floor":14,"turns":3},{"damage":8,"enemies":"Blue Slaver","floor":15,"turns":3},{"damage":18,"enemies":"Hexaghost","floor":17,"turns":9},{"damage":15,"enemies":"Shell Parasite","floor":19,"turns":3},{"damage":6,"enemies":"Spheric Guardian","floor":22,"turns":1},{"damage":10,"enemies":"Centurion and Healer","floor":23,"turns":5},{"damage":10,"enemies":"Gremlin Leader","floor":26,"turns":3},{"damage":12,"enemies":"Book of Stabbing","floor":29,"turns":4},{"damage":17,"enemies":"Sentry and Sphere","floor":31,"turns":4},{"damage":16,"enemies":"Shelled Parasite and Fungi","floor":33,"turns":3},{"damage":9,"enemies":"Snecko","floor":34,"turns":4},{"damage":55,"enemies":"Champ","floor":37,"turns":10}],"seed_played":"-7101515115960264087","potions_obtained":[{"floor":7,"key":"Regen Potion"},{"floor":12,"key":"Regen Potion"},{"floor":13,"key":"GamblersBrew"},{"floor":14,"key":"PowerPotion"},{"floor":17,"key":"CultistPotion"},{"floor":19,"key":"Energy Potion"},{"floor":22,"key":"BloodPotion"},{"floor":23,"key":"Explosive Potion"},{"floor":26,"key":"FearPotion"},{"floor":29,"key":"EntropicBrew"},{"floor":34,"key":"Swift Potion"}],"is_trial":false,"path_per_floor":["M","M","?","?","?","R","E","M","T","T","R","M","E","?","M","R","B",null,"M","?","?","M","M","R","?","E","T","T","E","R","M","R","M","M","R","R","B"],"character_chosen":"IRONCLAD","items_purchased":[],"campfire_rested":0,"item_purchase_floors":[],"current_hp_per_floor":[66,64,57,52,52,52,22,28,28,28,28,34,19,27,25,25,13,54,45,45,45,45,54,54,35,31,31,31,25,37,26,38,28,25,40,55,0,0],"gold":535,"neow_bonus":"ONE_RARE_RELIC","is_daily":false,"chose_seed":false,"campfire_upgraded":8,"win_rate":0.0,"timestamp":1613943795,"path_taken":["M","M","?","?","?","R","E","M","T","T","R","M","E","?","M","R","BOSS","M","?","?","M","M","R","?","E","T","T","E","R","M","R","M","M","R","R","BOSS"],"items_purchased_type":[],"build_version":"2020-12-22","purchased_purges":0,"victory":false,"max_hp_per_floor":[68,68,68,68,68,68,68,68,68,68,68,68,68,68,68,68,68,68,68,68,68,68,68,68,73,73,73,73,73,73,73,73,73,73,73,73,73,73],"card_choices":[{"not_picked":["Searing Blow","True Grit"],"picked":"Clothesline","floor":1},{"not_picked":["Headbutt","Pummel"],"picked":"Perfected Strike","floor":2},{"not_picked":["Sword Boomerang","Brutality"],"picked":"Fire Breathing","floor":7},{"not_picked":["Sword Boomerang","Flex"],"picked":"Shrug It Off","floor":8},{"not_picked":["Heavy Blade","Flex"],"picked":"Twin Strike","floor":12},{"not_picked":["Intimidate","Flex"],"picked":"Wild Strike","floor":13},{"not_picked":["Warcry","Entrench"],"picked":"Offering","floor":14},{"not_picked":["Sentinel","Flex","Thunderclap"],"picked":"SKIP","floor":15},{"not_picked":["Exhume","Juggernaut"],"picked":"Reaper","floor":17},{"not_picked":["Pommel Strike","Clash"],"picked":"Bloodletting","floor":19},{"not_picked":["Twin Strike","Headbutt+1"],"picked":"Power Through","floor":22},{"not_picked":["Power Through+1","Heavy Blade"],"picked":"Body Slam","floor":23},{"not_picked":["Metallicize","Sentinel"],"picked":"Corruption","floor":26},{"not_picked":["Perfected Strike","Havoc"],"picked":"True Grit","floor":29},{"not_picked":["Hemokinesis+1","Clothesline","Havoc"],"picked":"SKIP","floor":31},{"not_picked":["Perfected Strike","Warcry"],"picked":"Armaments","floor":33},{"not_picked":["Shrug It Off","Clash"],"picked":"Barricade","floor":34}],"player_experience":2485492,"relics_obtained":[{"floor":7,"key":"Dota2Spire:AghanimScepter"},{"floor":9,"key":"White Beast Statue"},{"floor":10,"key":"Bottled Tornado"},{"floor":13,"key":"Letter Opener"},{"floor":14,"key":"Odd Mushroom"},{"floor":26,"key":"Bronze Scales"},{"floor":27,"key":"Eternal Feather"},{"floor":28,"key":"HornCleat"},{"floor":29,"key":"Ornamental Fan"}],"event_choices":[{"cards_removed":["Strike_R"],"damage_healed":0,"gold_gain":0,"player_choice":"Card Removal","damage_taken":7,"max_hp_gain":0,"max_hp_loss":0,"event_name":"Golden Wing","floor":3,"gold_loss":0},{"damage_healed":0,"gold_gain":0,"player_choice":"Success","damage_taken":5,"relics_obtained":["Dota2Spire:BlackKingBar"],"max_hp_gain":0,"max_hp_loss":0,"event_name":"Scrap Ooze","floor":4,"gold_loss":0},{"damage_healed":0,"gold_gain":0,"player_choice":"Grow","damage_taken":0,"max_hp_gain":0,"max_hp_loss":0,"event_name":"Living Wall","floor":5,"gold_loss":0,"cards_upgraded":["Perfected Strike"]},{"damage_healed":0,"gold_gain":0,"player_choice":"Fought Mushrooms","damage_taken":0,"max_hp_gain":0,"max_hp_loss":0,"event_name":"Mushrooms","floor":14,"gold_loss":0},{"damage_healed":0,"gold_gain":50,"player_choice":"Stole From Cult","damage_taken":0,"max_hp_gain":0,"max_hp_loss":0,"event_name":"Nest","floor":20,"gold_loss":0},{"damage_healed":0,"gold_gain":0,"cards_transformed":["Reaper","Defend_R"],"player_choice":"Became Test Subject","damage_taken":0,"max_hp_gain":0,"max_hp_loss":0,"event_name":"Drug Dealer","floor":21,"gold_loss":0,"cards_obtained":["Battle Trance","Spot Weakness"]},{"damage_healed":0,"gold_gain":0,"player_choice":"Shed Blood","damage_taken":24,"max_hp_gain":5,"max_hp_loss":0,"event_name":"Forgotten Altar","floor":25,"gold_loss":0}],"is_beta":false,"boss_relics":[{"not_picked":["Cursed Key","Coffee Dripper"],"picked":"Runic Pyramid"}],"items_purged_floors":[],"is_endless":false,"potions_floor_spawned":[7,12,13,14,15,17,19,22,23,26,29,31,33,34],"killed_by":"Champ","ascension_level":20}}