{"host":"bixuo0n4q745us7v","time":1613866767,"event":{"mods":["2.2 Compatiblity","Act Like it!","Aspiration","BaseMod","Beaked The Cultist","Block Reminder","Custom Start","Hubris","Minty Spire (QoL Compilation)","Relic Sorter","Robot Space Explorer","StSLib","The Cursed"],"gold_per_floor":[110,130,140,160,176,207,207,218,218,238,252,270,270,93,93,191,191,203,203,218,1,12,44,44,54,136,136,136,148,166,166,166,262,262,277,296,311,327,350,362,387,410,445,33,51,65,65,84,84,84,84,84,58,83,83,83],"floor_reached":55,"language":"DEU","playtime":6442,"items_purged":["TheCursedMod:Defend_TheCursed"],"score":728,"play_id":"7fbd70a0-936c-4446-ba85-884e6ec975cd","local_time":"20210221011927","is_ascension_mode":false,"campfire_choices":[{"floor":7,"key":"RECALL"},{"floor":15,"key":"REST"},{"data":"TheCursedMod:CursedWand","floor":24,"key":"SMITH"},{"floor":27,"key":"REST"},{"floor":32,"key":"REST"},{"floor":40,"key":"REST"},{"data":"TheCursedMod:HellfireBreathing","floor":47,"key":"SMITH"},{"floor":49,"key":"REST"},{"data":"TheCursedMod:SoulReap","floor":52,"key":"SMITH"}],"circlet_count":0,"master_deck":["TheCursedMod:Strike_TheCursed+1","TheCursedMod:Strike_TheCursed+1","TheCursedMod:Strike_TheCursed+1","TheCursedMod:Strike_TheCursed+1","TheCursedMod:Defend_TheCursed+1","TheCursedMod:Defend_TheCursed+1","TheCursedMod:Defend_TheCursed+1","TheCursedMod:CursedWand+1","TheCursedMod:CleanUpWorkshop","TheCursedMod:Dregs","TheCursedMod:WearCloak","TheCursedMod:ReleasedStrength","TheCursedMod:CursedSpellbook","TheCursedMod:LuckyCharm","TheCursedMod:CursedBlade","TheCursedMod:SurpriseAttack","TheCursedMod:Obscuration","TheCursedMod:FleshFromBone","TheCursedMod:CursedShiv","TheCursedMod:Wield","TheCursedMod:CursedAmulet","TheCursedMod:CircleOfAbyss+1","TheCursedMod:CursedBlade+1","hubris:NaturalOne","TheCursedMod:SoulCrush","TheCursedMod:RapidMovement","TheCursedMod:CursedMace+1","TheCursedMod:SmokeScreen","TheCursedMod:DemonSword","TheCursedMod:CircleOfBlood","TheCursedMod:Neurasthenia","TheCursedMod:SoulReap+1","TheCursedMod:HellfireBreathing+1","TheCursedMod:ManaBullet","Discovery","Parasite","TheCursedMod:LuckyCharm","TheCursedMod:CursedAmulet"],"relics":["TheCursedMod:BlackMagic101","hubris:Icosahedron","aspiration:Nostalgia","RobotSpaceExplorer:RoboCore","Bronze Scales","SlaversCollar","War Paint","Lantern","Busted Crown","MawBank","aspiration:EmptySkull","Lee\u0027s Waffle","Vajra"],"acts_visited":["Exordium","TheCity","TheBeyond","TheEnding"],"potions_floor_usage":[6,18,20,23,25,33,33,37,38,45,50,50,50,55],"damage_taken":[{"damage":1,"enemies":"Jaw Worm","floor":1,"turns":3},{"damage":0,"enemies":"Cultist","floor":2,"turns":3},{"damage":1,"enemies":"2 Louse","floor":3,"turns":2},{"damage":3,"enemies":"2 Fungi Beasts","floor":4,"turns":4},{"damage":0,"enemies":"3 Louse","floor":5,"turns":4},{"damage":30,"enemies":"Gremlin Nob","floor":6,"turns":4},{"damage":0,"enemies":"Lots of Slimes","floor":8,"turns":1},{"damage":0,"enemies":"Gremlin Gang","floor":10,"turns":3},{"damage":9,"enemies":"Exordium Thugs","floor":11,"turns":4},{"damage":9,"enemies":"3 Louse","floor":12,"turns":3},{"damage":0,"enemies":"Hexaghost","floor":16,"turns":9},{"damage":7,"enemies":"2 Thieves","floor":18,"turns":4},{"damage":7,"enemies":"Spheric Guardian","floor":20,"turns":4},{"damage":7,"enemies":"Chosen and Byrds","floor":22,"turns":5},{"damage":10,"enemies":"Gremlin Leader","floor":23,"turns":8},{"damage":14,"enemies":"Snake Plant","floor":25,"turns":3},{"damage":3,"enemies":"Centurion and Healer","floor":29,"turns":6},{"damage":5,"enemies":"Cultist and Chosen","floor":30,"turns":6},{"damage":9,"enemies":"Collector","floor":33,"turns":8},{"damage":0,"enemies":"3 Shapes","floor":35,"turns":4},{"damage":28,"enemies":"3 Darklings","floor":36,"turns":8},{"damage":34,"enemies":"Spire Growth","floor":37,"turns":6},{"damage":17,"enemies":"Transient","floor":38,"turns":5},{"damage":19,"enemies":"Writhing Mass","floor":41,"turns":10},{"damage":3,"enemies":"Sphere and 2 Shapes","floor":42,"turns":5},{"damage":16,"enemies":"3 Darklings","floor":45,"turns":4},{"damage":20,"enemies":"Writhing Mass","floor":46,"turns":7},{"damage":32,"enemies":"Maw","floor":48,"turns":9},{"damage":42,"enemies":"Awakened One","floor":50,"turns":13},{"damage":89,"enemies":"Shield and Spear","floor":54,"turns":12},{"damage":32,"enemies":"The Heart","floor":55,"turns":3}],"seed_played":"5459399683771987341","potions_obtained":[{"floor":5,"key":"Strength Potion"},{"floor":10,"key":"Energy Potion"},{"floor":12,"key":"DuplicationPotion"},{"floor":16,"key":"Regen Potion"},{"floor":18,"key":"FearPotion"},{"floor":23,"key":"GamblersBrew"},{"floor":30,"key":"ColorlessPotion"},{"floor":36,"key":"Weak Potion"},{"floor":37,"key":"GamblersBrew"},{"floor":41,"key":"Dexterity Potion"},{"floor":45,"key":"Ancient Potion"},{"floor":46,"key":"EssenceOfSteel"},{"floor":54,"key":"Strength Potion"}],"is_trial":false,"path_per_floor":["M","M","M","M","M","E","R","M","T","M","M","M","?","$","R","B",null,"M","?","M","$","M","E","R","M","T","R","?","M","M","?","R","B",null,"M","M","M","M","T","R","M","M","T","$","M","M","R","M","R","B",null,"R","$","E","B"],"character_chosen":"THE_CURSED","items_purchased":["TheCursedMod:Wield","TheCursedMod:CursedAmulet","TheCursedMod:SoulCrush","War Paint","Lee\u0027s Waffle","TheCursedMod:ManaBullet","Fruit Juice","Discovery","TheCursedMod:CursedAmulet"],"campfire_rested":5,"item_purchase_floors":[14,14,21,21,44,44,44,44,53],"current_hp_per_floor":[74,74,73,70,70,40,40,40,40,40,31,22,22,22,44,44,75,68,68,61,61,54,59,59,45,45,67,67,64,59,59,75,66,75,75,49,17,10,10,32,24,31,31,82,79,72,72,53,79,45,87,87,87,10,0,0],"gold":83,"neow_bonus":"NOSTALGIA","is_daily":false,"chose_seed":false,"campfire_upgraded":3,"win_rate":0.0,"timestamp":1613866767,"path_taken":["M","M","M","M","M","E","R","M","T","M","M","M","?","?","R","BOSS","M","?","M","$","M","E","R","M","T","R","?","M","M","?","R","BOSS","M","?","?","M","?","R","M","M","T","?","M","M","R","M","R","BOSS","R","$","E","BOSS"],"items_purchased_type":["Card","Card","Card","Relic","Relic","Card","Potion","Card","Card"],"build_version":"2020-12-22","purchased_purges":1,"victory":false,"max_hp_per_floor":[75,75,75,75,75,75,75,75,75,75,75,75,75,75,75,75,75,75,75,75,75,75,75,75,75,75,75,75,75,75,75,75,75,75,75,75,75,75,75,75,75,75,75,82,87,87,87,87,87,87,87,87,87,87,87,87],"card_choices":[{"not_picked":["TheCursedMod:CircleOfCorruption","TheCursedMod:PrepareRite"],"picked":"TheCursedMod:WearCloak","floor":1},{"not_picked":["TheCursedMod:Stretching","TheCursedMod:TacticalStrike"],"picked":"TheCursedMod:ReleasedStrength","floor":2},{"not_picked":["TheCursedMod:DoubleShield","TheCursedMod:Torture"],"picked":"TheCursedMod:CursedSpellbook","floor":3},{"not_picked":["TheCursedMod:Torture","TheCursedMod:SpitefulPray"],"picked":"TheCursedMod:LuckyCharm","floor":4},{"not_picked":["TheCursedMod:OutForBlood","TheCursedMod:TroublousMinions"],"picked":"TheCursedMod:CursedBlade","floor":5},{"not_picked":["TheCursedMod:Torture","TheCursedMod:EmpowerCircles"],"picked":"TheCursedMod:SurpriseAttack","floor":6},{"not_picked":["TheCursedMod:Stigma","TheCursedMod:EmpowerCircles"],"picked":"TheCursedMod:Obscuration","floor":8},{"not_picked":["TheCursedMod:CircleOfCorruption","TheCursedMod:Mangle"],"picked":"TheCursedMod:FleshFromBone","floor":10},{"not_picked":["TheCursedMod:Torture","TheCursedMod:CursedStaff"],"picked":"TheCursedMod:CursedShiv","floor":11},{"not_picked":["TheCursedMod:BloodBarrier","TheCursedMod:FleshFromBone","TheCursedMod:Neurasthenia"],"picked":"SKIP","floor":12},{"not_picked":["TheCursedMod:AntiAging","TheCursedMod:CursedRelics"],"picked":"TheCursedMod:CircleOfAbyss","floor":16},{"not_picked":["TheCursedMod:RavingStaff","TheCursedMod:CursedShiv"],"picked":"TheCursedMod:CursedBlade+1","floor":18},{"not_picked":["TheCursedMod:RavingStaff","TheCursedMod:CircleOfFlame","TheCursedMod:PrepareRite"],"picked":"SKIP","floor":20},{"not_picked":["TheCursedMod:SurpriseAttack+1","TheCursedMod:FuryStrike"],"picked":"TheCursedMod:RapidMovement","floor":22},{"not_picked":["TheCursedMod:Stigma","TheCursedMod:CircleOfAmplification"],"picked":"TheCursedMod:CursedMace+1","floor":23},{"not_picked":["TheCursedMod:WearCloak","TheCursedMod:CircleOfFlame+1"],"picked":"TheCursedMod:SmokeScreen","floor":25},{"not_picked":["TheCursedMod:CircleOfCorruption","TheCursedMod:FuryStrike","TheCursedMod:SurpriseAttack"],"picked":"SKIP","floor":29},{"not_picked":["TheCursedMod:VitalStrike","TheCursedMod:TacticalStrike"],"picked":"TheCursedMod:DemonSword","floor":30},{"not_picked":["TheCursedMod:StunningStrike","TheCursedMod:ParallelWorld"],"picked":"TheCursedMod:Neurasthenia","floor":33},{"not_picked":["TheCursedMod:CursedMace+1"],"picked":"SKIP","floor":35},{"not_picked":["TheCursedMod:WearCloak+1"],"picked":"SKIP","floor":36},{"not_picked":["TheCursedMod:Wield"],"picked":"SKIP","floor":37},{"not_picked":[],"picked":"TheCursedMod:SoulReap","floor":38},{"not_picked":[],"picked":"TheCursedMod:HellfireBreathing","floor":41},{"not_picked":["TheCursedMod:CursedMace"],"picked":"SKIP","floor":42},{"not_picked":["TheCursedMod:RavingStaff+1"],"picked":"SKIP","floor":45},{"not_picked":[],"picked":"TheCursedMod:LuckyCharm","floor":46},{"not_picked":["TheCursedMod:CircleOfAmplification"],"picked":"SKIP","floor":48},{"not_picked":["TheCursedMod:CircleOfAmplification+1"],"picked":"SKIP","floor":54}],"player_experience":569625,"relics_obtained":[{"floor":6,"key":"Bronze Scales"},{"floor":23,"key":"Lantern"},{"floor":39,"key":"MawBank"},{"floor":43,"key":"aspiration:EmptySkull"},{"floor":54,"key":"Vajra"}],"event_choices":[{"damage_healed":0,"gold_gain":0,"player_choice":"Bought 0 Potions","damage_taken":0,"max_hp_gain":0,"max_hp_loss":0,"event_name":"The Woman in Blue","floor":13,"gold_loss":0},{"damage_healed":0,"gold_gain":0,"player_choice":"Simplicity","damage_taken":0,"max_hp_gain":0,"max_hp_loss":0,"event_name":"Back to Basics","floor":28,"gold_loss":0,"cards_upgraded":["TheCursedMod:Strike_TheCursed","TheCursedMod:Strike_TheCursed","TheCursedMod:Strike_TheCursed","TheCursedMod:Strike_TheCursed","TheCursedMod:Defend_TheCursed","TheCursedMod:Defend_TheCursed"]},{"damage_healed":0,"gold_gain":0,"player_choice":"Read","damage_taken":0,"max_hp_gain":0,"max_hp_loss":0,"event_name":"The Library","floor":31,"gold_loss":0,"cards_obtained":["TheCursedMod:CircleOfBlood"]}],"is_beta":false,"boss_relics":[{"not_picked":["Ectoplasm","hubris:CrackedHourglass"],"picked":"SlaversCollar"},{"not_picked":["hubris:Stopwatch","TheCursedMod:BlackMagicAdvanced"],"picked":"Busted Crown"}],"items_purged_floors":[14],"is_endless":false,"potions_floor_spawned":[5,10,12,16,18,23,29,30,36,37,41,45,46,54],"killed_by":"The Heart","ascension_level":0}}