{"host":"amnup8uv961nil3y","time":1613924880,"event":{"mods":["Act Like it!","Arknights","Aspiration","BaseMod","Bestiary","Better Altar","Better Match","Better Sensory Stone","Better Synergies","Better Third Choice","Block Reminder","Challenge The Spire","Colored Map","Colored Powertips","Colorless Booster Pack","Conspire","DeckTracker","Disable Question Mark Monsters","Elementarium","Energized Spire","Evolution","Extra Virgin Snecko Oil","GifTheSpireLib","Halation","Hermit","HexUI Lib","Highlight Path","Hubris","Infinite Spire","JesterMod","Lotus Mark","Menagerie","Minty Spire (QoL Compilation)","Pale of the Ancients","Potion Indicator Mod","Quarter Circle Forward PUNCH!","Random Character Button","Relic Stats","Reliquary","Replay The Spire","Reworked Bosses","Ruina","Shapeshifter Mod","Shop Mod","Small Relic Pack","Spicy Shops","Spikes Relics","StSLib","Stuff the Spire","Swap Starting Deck Mod","TheVacant","Trackpad","Useless Jewels Mod","Wandering Minibosses","??????REMEMod"],"gold_per_floor":[116,129,129,129,145,210,242,242,290,290,320,399,399,478,478,585,585,623,663,663,663,512,583,626,665,665,684,684,723,750,750,750,858,826,845,1048,1068,1093,1093,1093,1119,1119,1160,1160,1160,1160,1160,1197,1218,1218,1218,1218],"floor_reached":53,"language":"ENG","playtime":6544,"items_purged":["ats:Strike G"],"score":892,"play_id":"bede074d-a5d3-4b61-9d4a-01558ac9c815","local_time":"20210221162800","is_ascension_mode":false,"campfire_choices":[{"floor":8.0,"key":"REST"},{"data":"ats:Emotion Absorption","floor":15.0,"key":"SMITH"},{"data":"ats:Support Order","floor":28.0,"key":"SMITH"},{"data":"ats:Healing Strengthening","floor":42,"key":"SMITH"},{"data":"ats:Roar Of Ursus","floor":44,"key":"SMITH"},{"data":"ReplayTheSpireMod:Chaos Vortex","floor":46,"key":"SMITH"},{"data":"ats:Literary Storm","floor":51,"key":"SMITH"}],"circlet_count":0,"master_deck":["ats:Strike C","ats:Strike S","ats:Strike V+1","ats:Armor Crushing Shot+1","ats:Defend+1","ats:Defend","ats:Defend+1","ats:Defend","ats:Emotion Absorption+1","ats:Healing Drone+1","ats:Burning Ground+1","ats:Chain Hook+1","ats:Volcano","ats:Ignite+1","ats:Hook Shot","ats:Support Order+1","ats:Charging Defense+1","ats:Nebulous Foxfire+1","ats:Automatic Cover","ats:Assault Order+1","ats:Leaping Hammer+1","ats:Hook Shot+1","ats:Calcification","ats:Closed Bolt Burst Fire","ats:Part Time Job+1","infinitespire:Collect+1","hubris:Fate+1","ReplayTheSpireMod:Chaos Vortex+1","ats:Roar Of Ursus+1","ats:Strike C","ats:Hook Shot","ats:Very Hot Blade+1","ats:Absolute Focus+1","ats:Healing Strengthening+1","ats:Revitalization+1","ats:Support Order+1","ats:Chain Hook+1","ats:Literary Storm+1","ats:Very Hot Blade"],"relics":["ats:Sanity","EVO:Axolotl","REME_ComplimentaryCards","StuffTheSpire:RedRose","Spirit Poop","ats:Originium","hubris:ToyBattleship","Blood Vial","trackpad:CultistFigurine","CeramicFish","ats:Bonebreaker","halation:HeavySnake","conspire:Dentures","MerchantsRug","relicPack:DarknessArmor","Lantern","halation:Toothbrush","reliquary:JackalopeAntler","relicPack:NeonSign","Philosopher\u0027s Stone","hubris:Towel","Elementarium:ElementariumTrophy","energizedSpire:HugeHouse","trackpad:HandOfMidas","ats:Military Tradition","ReplayTheSpireMod:Shallot"],"acts_visited":["Exordium","Elementarium:Elementarium","TheBeyond"],"potions_floor_usage":[52,52,52],"damage_taken":[{"damage":2.0,"enemies":"ats:Genji","floor":1.0,"turns":4.0},{"damage":6.0,"enemies":"Jaw Worm","floor":2.0,"turns":5.0},{"damage":19.0,"enemies":"infinitespire:Voidling","floor":5.0,"turns":5.0},{"damage":33.0,"enemies":"Gremlin Nob","floor":6.0,"turns":4.0},{"damage":16.0,"enemies":"3 Louse","floor":7.0,"turns":3.0},{"damage":0.0,"enemies":"Exordium Wildlife","floor":11.0,"turns":3.0},{"damage":22.0,"enemies":"3 Sentries","floor":12.0,"turns":6.0},{"damage":19.0,"enemies":"Lagavulin","floor":14.0,"turns":6.0},{"damage":21.0,"enemies":"Hexaghost","floor":16.0,"turns":9.0},{"damage":10.0,"enemies":"Elementarium:2_ELEMENTALS","floor":18.0,"turns":4.0},{"damage":29.0,"enemies":"Elementarium:Cyclone","floor":19.0,"turns":8.0},{"damage":34.0,"enemies":"Elementarium:WarGolem","floor":23.0,"turns":6.0},{"damage":15.0,"enemies":"Elementarium:3_ELEMENTALS","floor":24.0,"turns":3.0},{"damage":21.0,"enemies":"Nightmare","floor":25.0,"turns":12.0},{"damage":33.0,"enemies":"Elementarium:VoidBeast","floor":27.0,"turns":6.0},{"damage":38.0,"enemies":"Elementarium:WarGolem","floor":29.0,"turns":7.0},{"damage":22.0,"enemies":"Elementarium:GoldenDragon","floor":33.0,"turns":8.0},{"damage":4,"enemies":"3 Darklings","floor":35,"turns":7},{"damage":0,"enemies":"3 Shapes","floor":37,"turns":3},{"damage":28,"enemies":"Sphere and 2 Shapes","floor":38,"turns":8},{"damage":5,"enemies":"4 Shapes","floor":41,"turns":5},{"damage":15,"enemies":"Nemesis","floor":43,"turns":7},{"damage":14,"enemies":"Giant Head","floor":48,"turns":7},{"damage":6,"enemies":"Writhing Mass","floor":49,"turns":6},{"damage":121,"enemies":"hubris:GrandSnecko","floor":52,"turns":10}],"seed_played":"152647520295613585","potions_obtained":[{"floor":2.0,"key":"Explosive Potion"},{"floor":5.0,"key":"Regen Potion"},{"floor":7.0,"key":"Languid Potion"},{"floor":25.0,"key":"ats:Burn Small Potion"},{"floor":27.0,"key":"ats:Burn Big Potion"},{"floor":35,"key":"Strength Potion"},{"floor":37,"key":"DistilledChaos"},{"floor":43,"key":"Milkshake"}],"is_trial":false,"path_per_floor":["M","M","?","?","M","E","M","R","T","?","M","E","$","E","R","B",null,"M","M","?","T","$","E","M","NM","T","M","R","E","AVR","?","R_BF","B",null,"M","?","M","M","PTL","PTL","M","R","E","R","T","R","?","E","M","?","R","B",null],"character_chosen":"DOCTOR_CLASS","items_purchased":["MerchantsRug"],"campfire_rested":1,"item_purchase_floors":[22],"current_hp_per_floor":[77,79,79,79,66,45,35,58,58,58,66,46,46,35,35,43,79,72,56,64,64,64,43,36,59,59,42,42,32,35,35,62,81,88,88,88,88,77,77,77,88,88,88,88,88,88,88,88,88,88,88,69],"gold":1218,"neow_bonus":"TEN_PERCENT_HP_BONUS","is_daily":false,"chose_seed":false,"campfire_upgraded":6,"win_rate":0.0,"timestamp":1613924880,"path_taken":["M","M","?","?","?","E","?","R","T","?","M","E","?","E","R","BOSS","M","M","?","?","$","E","M","NM","T","M","R","E","AVR","?","R_BF","BOSS","M","?","M","M","PTL","PTL","M","R","E","R","T","R","?","E","?","?","R","BOSS"],"items_purchased_type":["Relic"],"build_version":"2020-12-22","purchased_purges":1,"victory":true,"max_hp_per_floor":[79,79,79,79,79,79,79,79,79,79,79,79,79,79,79,79,79,79,79,87,87,87,87,87,87,87,87,87,87,90,90,90,90,88,88,88,88,88,88,88,88,88,88,88,88,88,88,88,88,88,88,88],"relic_stats":{"Blood Vial":24,"counters":[25,152],"CeramicFish":216,"obtain_stats":[{"Lantern":25,"CeramicFish":12,"Spirit Poop":4,"EVO:Axolotl":0,"relicPack:DarknessArmor":23,"halation:HeavySnake":17,"Blood Vial":9,"Philosopher\u0027s Stone":30,"halation:Toothbrush":26,"energizedSpire:HugeHouse":34,"ats:Sanity":0,"StuffTheSpire:RedRose":3,"trackpad:CultistFigurine":10,"ats:Bonebreaker":14,"relicPack:NeonSign":30,"conspire:Dentures":21,"MerchantsRug":22,"trackpad:HandOfMidas":43,"hubris:Towel":31,"reliquary:JackalopeAntler":29,"ats:Originium":6,"Elementarium:ElementariumTrophy":33,"ReplayTheSpireMod:Shallot":48,"hubris:ToyBattleship":6,"ats:Military Tradition":45,"REME_ComplimentaryCards":0},{"Lantern":14,"CeramicFish":7,"Spirit Poop":2,"EVO:Axolotl":0,"relicPack:DarknessArmor":12,"halation:HeavySnake":9,"Blood Vial":5,"Philosopher\u0027s Stone":16,"halation:Toothbrush":14,"energizedSpire:HugeHouse":17,"ats:Sanity":0,"StuffTheSpire:RedRose":2,"trackpad:CultistFigurine":5,"ats:Bonebreaker":8,"relicPack:NeonSign":16,"conspire:Dentures":11,"MerchantsRug":11,"trackpad:HandOfMidas":22,"hubris:Towel":16,"reliquary:JackalopeAntler":16,"ats:Originium":4,"Elementarium:ElementariumTrophy":17,"ReplayTheSpireMod:Shallot":23,"hubris:ToyBattleship":4,"ats:Military Tradition":22,"REME_ComplimentaryCards":0},{"Lantern":78,"CeramicFish":30,"Spirit Poop":9,"EVO:Axolotl":0,"relicPack:DarknessArmor":63,"halation:HeavySnake":45,"Blood Vial":21,"Philosopher\u0027s Stone":91,"halation:Toothbrush":78,"energizedSpire:HugeHouse":99,"ats:Sanity":0,"StuffTheSpire:RedRose":9,"trackpad:CultistFigurine":21,"ats:Bonebreaker":36,"relicPack:NeonSign":91,"conspire:Dentures":57,"MerchantsRug":57,"trackpad:HandOfMidas":129,"hubris:Towel":91,"reliquary:JackalopeAntler":91,"ats:Originium":18,"Elementarium:ElementariumTrophy":99,"ReplayTheSpireMod:Shallot":136,"hubris:ToyBattleship":18,"ats:Military Tradition":129,"REME_ComplimentaryCards":0}]},"card_choices":[{"not_picked":["ats:Counter Healing Mode","ats:Thermite Blade"],"picked":"ats:Healing Drone","floor":1.0},{"not_picked":["ats:Revitalization","ats:Closed Bolt Burst Fire"],"picked":"ats:Burning Ground","floor":2.0},{"not_picked":["ats:Apocalypse","ats:Shell Defense"],"picked":"ats:Chain Hook","floor":5.0},{"not_picked":["ats:Collapsing Strike","ats:Explosion Area Strengthen"],"picked":"ats:Volcano","floor":6.0},{"not_picked":["ats:Consecutive Shot Auto","ats:Shell Defense"],"picked":"ats:Ignite","floor":7.0},{"not_picked":["ats:Explosion Area Strengthen","ats:Blood Oath"],"picked":"ats:Hook Shot","floor":11.0},{"not_picked":["ats:Consecutive Shot Auto","ats:Thorns"],"picked":"ats:Support Order","floor":12.0},{"not_picked":["ats:Leaping Hammer","ats:Sunburst"],"picked":"ats:Charging Defense","floor":14.0},{"not_picked":["ats:Roar Of Ursus","ats:Soul Rend"],"picked":"ats:Nebulous Foxfire","floor":16.0},{"not_picked":["ats:Ignite+1","ats:Red Shift"],"picked":"ats:Automatic Cover","floor":18.0},{"not_picked":["ats:Revitalization","ats:Durian"],"picked":"ats:Assault Order","floor":19.0},{"not_picked":["ats:Guard Mode","ats:Thermite Blade"],"picked":"ats:Leaping Hammer","floor":23.0},{"not_picked":["ats:Shell Defense","ats:Powerful Strike+1"],"picked":"ats:Hook Shot","floor":24.0},{"not_picked":["ats:Powerful Strike","ats:Assault Order"],"picked":"ats:Calcification","floor":25.0},{"not_picked":["ats:Flame Of Heaven","ats:Cat Scratch+1"],"picked":"ats:Closed Bolt Burst Fire","floor":27.0},{"not_picked":["ats:Red Shift","ats:Rapid Magazine"],"picked":"ats:Part Time Job","floor":29.0},{"not_picked":["ats:Echo Reverb","ats:Ambush"],"picked":"ats:Roar Of Ursus","floor":33.0},{"not_picked":["ats:Poison Spread","ats:Hammer On"],"picked":"ats:Very Hot Blade+1","floor":35},{"not_picked":["ats:Explosion Area Strengthen+1","ats:Flexible Camouflage"],"picked":"ats:Absolute Focus+1","floor":36},{"not_picked":["ats:Leaping Hammer","ats:Curse Doll+1"],"picked":"ats:Healing Strengthening","floor":37},{"not_picked":["ats:Blood Oath+1","ats:Ignite"],"picked":"ats:Revitalization+1","floor":38},{"not_picked":["ats:Explosion Area Strengthen+1","ats:Assault Order+1"],"picked":"ats:Support Order+1","floor":41},{"not_picked":["ats:Burning Ground+1","ats:Magnetic Hammer+1"],"picked":"ats:Chain Hook","floor":43},{"not_picked":["ats:Explosion Area Strengthen","ats:Flexible Camouflage"],"picked":"ats:Literary Storm","floor":48},{"not_picked":["ats:Guard Mode+1","ats:Leaping Hammer"],"picked":"ats:Very Hot Blade","floor":49}],"player_experience":426618,"relics_obtained":[{"floor":6.0,"key":"ats:Originium"},{"floor":6.0,"key":"hubris:ToyBattleship"},{"floor":9.0,"key":"Blood Vial"},{"floor":10.0,"key":"trackpad:CultistFigurine"},{"floor":12.0,"key":"ats:Originium"},{"floor":12.0,"key":"CeramicFish"},{"floor":14.0,"key":"ats:Originium"},{"floor":14.0,"key":"ats:Bonebreaker"},{"floor":21.0,"key":"conspire:Dentures"},{"floor":23.0,"key":"ats:Originium"},{"floor":23.0,"key":"relicPack:DarknessArmor"},{"floor":25.0,"key":"Lantern"},{"floor":26.0,"key":"halation:Toothbrush"},{"floor":29.0,"key":"reliquary:JackalopeAntler"},{"floor":43,"key":"trackpad:HandOfMidas"},{"floor":45,"key":"ats:Military Tradition"},{"floor":48,"key":"ReplayTheSpireMod:Shallot"}],"event_choices":[{"cards_removed":["Regret"],"damage_healed":0.0,"max_hp_gain":0.0,"max_hp_loss":0.0,"gold_gain":0.0,"event_name":"Bonfire Elementals","player_choice":"Offered Curse","floor":4.0,"gold_loss":0.0,"damage_taken":0.0,"relics_obtained":["Spirit Poop"]},{"damage_healed":0.0,"max_hp_gain":8.0,"max_hp_loss":0.0,"gold_gain":0.0,"event_name":"Elementarium:SculptureGarden","player_choice":"Graft","floor":20.0,"gold_loss":0.0,"damage_taken":0.0},{"damage_healed":0,"gold_gain":0,"player_choice":"Upgraded","damage_taken":0,"max_hp_gain":0,"max_hp_loss":0,"event_name":"Upgrade Shrine","floor":47,"gold_loss":0,"cards_upgraded":["hubris:Fate"]}],"is_beta":false,"boss_relics":[{"not_picked":["halation:Prosthetics","halation:Risk"],"picked":"halation:HeavySnake"},{"not_picked":["StuffTheSpire:Kangaroo","StuffTheSpire:RunicHypercube"],"picked":"energizedSpire:HugeHouse"}],"items_purged_floors":[30],"is_endless":false,"potions_floor_spawned":[2,5,7,25,27,35,37,43],"ascension_level":0}}