{"host":"Jinnai","time":1613944589,"event":{"mods":["BaseMod","Block Reminder","Colored Map","Colored Powertips","Curses Come First","Highlight Path","Minty Spire (QoL Compilation)","Potion Indicator Mod","Quick Restart","Relic Stats","StSLib","ojb\u0027s Info Mod"],"gold_per_floor":[112,112,125,125,143,169,71,99,99,99,99,113,141,151,151,228,228,246,246,246,265,265,265],"floor_reached":22,"language":"ENG","playtime":797,"items_purged":[],"score":408,"play_id":"dca39261-1042-4a10-885b-63ac5d053b77","local_time":"20210221165629","is_ascension_mode":true,"campfire_choices":[{"floor":10,"key":"REST"},{"data":"Defragment","floor":15,"key":"SMITH"}],"circlet_count":0,"master_deck":["AscendersBane","Strike_B+1","Strike_B+1","Strike_B+1","Defend_B+1","Defend_B+1","Defend_B+1","Defend_B+1","Zap","Dualcast","Cold Snap","Beam Cell","Turbo","Defragment+1","Ball Lightning","Seek","Hologram","Defragment","Ball Lightning","Thunder Strike","Heatsinks+1","Glacier","Rainbow","Self Repair"],"relics":["Cracked Core","NeowsBlessing","DataDisk","Letter Opener","Oddly Smooth Stone","FaceOfCleric","Question Card","Nuclear Battery"],"acts_visited":["Exordium","TheCity"],"potions_floor_usage":[6,8,16,22],"damage_taken":[{"damage":0,"enemies":"2 Louse","floor":1,"turns":1},{"damage":0,"enemies":"Cultist","floor":3,"turns":1},{"damage":0,"enemies":"Jaw Worm","floor":5,"turns":1},{"damage":39,"enemies":"Lagavulin","floor":6,"turns":8},{"damage":13,"enemies":"3 Sentries","floor":8,"turns":6},{"damage":10,"enemies":"Gremlin Gang","floor":12,"turns":5},{"damage":5,"enemies":"Gremlin Nob","floor":13,"turns":3},{"damage":17,"enemies":"3 Louse","floor":14,"turns":3},{"damage":6,"enemies":"Hexaghost","floor":16,"turns":8},{"damage":38,"enemies":"2 Thieves","floor":18,"turns":3},{"damage":16,"enemies":"3 Byrds","floor":21,"turns":5},{"damage":12,"enemies":"Masked Bandits","floor":22,"turns":4}],"seed_played":"-7314680060218897692","potions_obtained":[{"floor":3,"key":"EssenceOfSteel"},{"floor":6,"key":"Dexterity Potion"},{"floor":8,"key":"Energy Potion"},{"floor":13,"key":"Block Potion"}],"is_trial":false,"path_per_floor":["M","?","M","?","M","E","$","E","T","R","?","M","E","M","R","B",null,"M","?","?","M","?"],"character_chosen":"DEFECT","items_purchased":["Defragment","Ball Lightning"],"campfire_rested":1,"item_purchase_floors":[7,7],"current_hp_per_floor":[64,71,71,71,71,32,32,19,19,40,40,31,27,11,11,6,58,21,21,21,6,0,0],"gold":265,"neow_bonus":"THREE_ENEMY_KILL","is_daily":false,"chose_seed":false,"campfire_upgraded":1,"win_rate":0.0,"timestamp":1613944589,"path_taken":["M","?","?","?","M","E","$","E","T","R","?","M","E","?","R","BOSS","M","?","?","M","?"],"items_purchased_type":["Card","Card"],"build_version":"2020-12-18","purchased_purges":0,"victory":false,"max_hp_per_floor":[71,71,71,71,71,71,71,71,71,71,71,72,73,74,74,75,75,76,76,76,77,77,77],"relic_stats":{"FaceOfCleric":6,"counters":[12,48],"Letter Opener":[33],"Question Card":4,"obtain_stats":[{"DataDisk":6,"NeowsBlessing":0,"FaceOfCleric":11,"Oddly Smooth Stone":9,"Letter Opener":8,"Cracked Core":0,"Question Card":13,"Nuclear Battery":17},{"DataDisk":4,"NeowsBlessing":0,"FaceOfCleric":5,"Oddly Smooth Stone":5,"Letter Opener":5,"Cracked Core":0,"Question Card":7,"Nuclear Battery":9},{"DataDisk":11,"NeowsBlessing":0,"FaceOfCleric":17,"Oddly Smooth Stone":17,"Letter Opener":17,"Cracked Core":0,"Question Card":25,"Nuclear Battery":36}]},"card_choices":[{"not_picked":["Steam","Gash"],"picked":"Cold Snap","floor":1},{"not_picked":["Streamline","Steam"],"picked":"Beam Cell","floor":3},{"not_picked":["Melter","Stack"],"picked":"Beam Cell","floor":5},{"not_picked":["Fusion","Force Field"],"picked":"Turbo","floor":6},{"not_picked":["Aggregate","Steam Power"],"picked":"Seek","floor":8},{"not_picked":["Turbo","Conserve Battery"],"picked":"Hologram","floor":12},{"not_picked":["Rip and Tear","Skim"],"picked":"Defragment","floor":13},{"not_picked":["Streamline","Hologram","Barrage"],"picked":"Ball Lightning","floor":14},{"not_picked":["Multi-Cast","Core Surge","All For One"],"picked":"Thunder Strike","floor":16},{"not_picked":["Consume","Go for the Eyes","Cold Snap"],"picked":"Heatsinks+1","floor":18},{"not_picked":["Leap","Go for the Eyes","Heatsinks"],"picked":"Self Repair","floor":21}],"player_experience":1748110,"relics_obtained":[{"floor":6,"key":"DataDisk"},{"floor":8,"key":"Letter Opener"},{"floor":9,"key":"Oddly Smooth Stone"},{"floor":13,"key":"Question Card"}],"event_choices":[{"damage_healed":7,"gold_gain":0,"player_choice":"Full Heal","damage_taken":0,"max_hp_gain":0,"max_hp_loss":0,"event_name":"Wheel of Change","floor":2,"gold_loss":0},{"damage_healed":0,"gold_gain":0,"cards_transformed":["Strike_B"],"player_choice":"Change","damage_taken":0,"max_hp_gain":0,"max_hp_loss":0,"event_name":"Living Wall","floor":4,"gold_loss":0,"cards_obtained":["Blizzard"]},{"damage_healed":0,"gold_gain":0,"player_choice":"Trade","damage_taken":0,"relics_obtained":["FaceOfCleric"],"max_hp_gain":0,"max_hp_loss":0,"event_name":"FaceTrader","floor":11,"gold_loss":0},{"damage_healed":0,"gold_gain":0,"player_choice":"Simplicity","damage_taken":0,"max_hp_gain":0,"max_hp_loss":0,"event_name":"Back to Basics","floor":19,"gold_loss":0,"cards_upgraded":["Strike_B","Strike_B","Strike_B","Defend_B","Defend_B","Defend_B","Defend_B"]},{"damage_healed":0,"gold_gain":0,"cards_transformed":["Blizzard","Beam Cell"],"player_choice":"Became Test Subject","damage_taken":0,"max_hp_gain":0,"max_hp_loss":0,"event_name":"Drug Dealer","floor":20,"gold_loss":0,"cards_obtained":["Glacier","Rainbow"]},{"damage_healed":0,"gold_gain":0,"player_choice":"Fought Bandits","damage_taken":0,"max_hp_gain":0,"max_hp_loss":0,"event_name":"Masked Bandits","floor":22,"gold_loss":0}],"is_beta":true,"boss_relics":[{"not_picked":["Ectoplasm","Velvet Choker"],"picked":"Nuclear Battery"}],"items_purged_floors":[],"is_endless":false,"potions_floor_spawned":[3,6,8,13,14],"killed_by":"Masked Bandits","ascension_level":20}}