{"host":"qgrlfjrqk9z96gfi","time":1613931994,"event":{"mods":["BaseMod","Block Reminder","Colored Map","Custom Start","DeckTracker","Minty Spire (QoL Compilation)"],"gold_per_floor":[367,367,367,367,383,383,426,440,440,514,129,129,129,129],"floor_reached":13,"language":"ENG","playtime":343,"items_purged":["Strike_G"],"score":162,"play_id":"81f360d2-6174-4339-bcbd-fc775b946fda","local_time":"20210221082634","is_ascension_mode":true,"campfire_choices":[{"data":"Quick Slash","floor":6,"key":"SMITH"},{"data":"Prepared","floor":12,"key":"SMITH"}],"circlet_count":0,"master_deck":["AscendersBane","Strike_G","Strike_G","Strike_G","Strike_G","Defend_G","Defend_G","Defend_G","Defend_G","Defend_G","Survivor","Neutralize","Prepared+1","Quick Slash+1","Dagger Throw","Blade Dance","Glass Knife","Cloak And Dagger"],"relics":["Ring of the Snake","Golden Idol","Pantograph","Eternal Feather","TwistedFunnel"],"acts_visited":["Exordium"],"potions_floor_usage":[7],"damage_taken":[{"damage":2,"enemies":"Jaw Worm","floor":1,"turns":7},{"damage":4,"enemies":"2 Louse","floor":5,"turns":4},{"damage":37,"enemies":"3 Sentries","floor":7,"turns":11},{"damage":0,"enemies":"Cultist","floor":8,"turns":4},{"damage":28,"enemies":"Lagavulin","floor":13,"turns":5}],"seed_played":"6268633743780426290","potions_obtained":[{"floor":5,"key":"Strength Potion"}],"is_trial":false,"path_per_floor":["M","?","?","?","M","R","E","M","T","?","$","R","E"],"character_chosen":"THE_SILENT","items_purchased":["Glass Knife","TwistedFunnel","Cloak And Dagger"],"campfire_rested":0,"item_purchase_floors":[11,11,11],"current_hp_per_floor":[42,42,42,60,56,56,19,19,19,19,19,28,0,0],"gold":129,"neow_bonus":"TWO_FIFTY_GOLD","is_daily":false,"chose_seed":false,"campfire_upgraded":2,"win_rate":0.0,"timestamp":1613931994,"path_taken":["M","?","?","?","M","R","E","?","T","?","$","R","E"],"items_purchased_type":["Card","Relic","Card"],"build_version":"2020-12-22","purchased_purges":1,"victory":false,"max_hp_per_floor":[66,60,60,60,60,60,60,60,60,60,60,60,60,60],"card_choices":[{"not_picked":["Backflip","Acrobatics"],"picked":"Prepared","floor":1},{"not_picked":["Backflip","Poisoned Stab"],"picked":"Quick Slash","floor":5},{"not_picked":["Deadly Poison","Backflip"],"picked":"Dagger Throw","floor":7},{"not_picked":["Tactician","Dodge and Roll"],"picked":"Blade Dance","floor":8}],"player_experience":1179582,"relics_obtained":[{"floor":7,"key":"Pantograph"},{"floor":9,"key":"Eternal Feather"}],"event_choices":[{"damage_healed":0,"gold_gain":0,"player_choice":"Lose Max HP","damage_taken":0,"relics_obtained":["Golden Idol"],"max_hp_gain":0,"max_hp_loss":6,"event_name":"Golden Idol","floor":2,"gold_loss":0},{"damage_healed":0,"gold_gain":0,"player_choice":"Ignored","damage_taken":0,"max_hp_gain":0,"max_hp_loss":0,"event_name":"Shining Light","floor":3,"gold_loss":0},{"damage_healed":18,"gold_gain":0,"player_choice":"Full Heal","damage_taken":0,"max_hp_gain":0,"max_hp_loss":0,"event_name":"Wheel of Change","floor":4,"gold_loss":0},{"damage_healed":0,"gold_gain":74,"player_choice":"Gained Gold","damage_taken":0,"max_hp_gain":0,"max_hp_loss":0,"event_name":"Golden Wing","floor":10,"gold_loss":0}],"is_beta":false,"boss_relics":[],"items_purged_floors":[11],"is_endless":false,"potions_floor_spawned":[5],"killed_by":"Lagavulin","ascension_level":20}}