{"host":"91blwi3hgehj6ch9","time":1613942022,"event":{"mods":["2.2 Compatiblity","AchievementEnabler","BaseMod","Colored Map","DeckTracker","Keyboard Shortcuts","Minty Spire (QoL Compilation)","Permanent Neow","Relic Stats","StSLib","SuperFastMode","everything is the same but u backflip on backflip"],"gold_per_floor":[14,30,30,42,56,56,66,82,107,107,124,136,136,136,136,208,208,226,68,0,0,0,0],"floor_reached":22,"language":"KOR","playtime":598,"items_purged":["Defend_G"],"score":356,"play_id":"b0950c90-8070-4815-bcb3-27dcf3f193a5","local_time":"20210222061342","is_ascension_mode":true,"campfire_choices":[{"data":"Accuracy","floor":6.0,"key":"SMITH"},{"data":"Blade Dance","floor":13.0,"key":"SMITH"},{"floor":15.0,"key":"REST"}],"circlet_count":0,"master_deck":["AscendersBane","Strike_G+1","Strike_G","Strike_G","Defend_G","Defend_G+1","Defend_G","Survivor","Neutralize","Infinite Blades","Backstab","Accuracy+1","Noxious Fumes","Flechettes","Acrobatics","Backstab","All Out Attack","Dagger Spray","Blade Dance+1","Adrenaline","Footwork","Ghostly","Ghostly","Ghostly"],"relics":["Ring of the Snake","Vajra","SlaversCollar"],"acts_visited":["Exordium","TheCity"],"potions_floor_usage":[],"damage_taken":[{"damage":2.0,"enemies":"Small Slimes","floor":1.0,"turns":5.0},{"damage":5.0,"enemies":"2 Louse","floor":2.0,"turns":3.0},{"damage":14.0,"enemies":"Jaw Worm","floor":4.0,"turns":4.0},{"damage":11.0,"enemies":"Looter","floor":5.0,"turns":3.0},{"damage":12.0,"enemies":"Exordium Wildlife","floor":7.0,"turns":4.0},{"damage":0.0,"enemies":"Blue Slaver","floor":8.0,"turns":3.0},{"damage":4.0,"enemies":"Exordium Thugs","floor":11.0,"turns":4.0},{"damage":0.0,"enemies":"Large Slime","floor":12.0,"turns":4.0},{"damage":33.0,"enemies":"The Guardian","floor":16.0,"turns":10.0},{"damage":29,"enemies":"Shell Parasite","floor":18,"turns":6},{"damage":24,"enemies":"3 Byrds","floor":22,"turns":3}],"seed_played":"6333942278641901797","potions_obtained":[{"floor":1.0,"key":"Dexterity Potion"},{"floor":5.0,"key":"AttackPotion"},{"floor":7.0,"key":"Regen Potion"}],"is_trial":false,"path_per_floor":["M","M","?","M","M","R","M","M","T","?","M","M","R","?","R","B",null,"M","$","?","?","M"],"character_chosen":"THE_SILENT","items_purchased":["Footwork"],"campfire_rested":1,"item_purchase_floors":[19],"current_hp_per_floor":[57,52,52,38,27,27,15,15,15,37,33,33,33,13,32,14,53,24,24,24,24,0,0],"gold":0,"neow_bonus":"TRANSFORM_TWO_CARDS","is_daily":false,"chose_seed":false,"campfire_upgraded":2,"win_rate":0.0,"timestamp":1613942022,"path_taken":["M","M","?","M","M","R","M","M","T","?","M","M","R","?","R","BOSS","M","$","?","?","?"],"items_purchased_type":["Card"],"build_version":"2020-12-22","purchased_purges":1,"victory":false,"max_hp_per_floor":[66,66,66,66,66,66,66,66,66,66,66,66,66,66,66,66,66,66,66,66,33,33,33],"relic_stats":{"counters":[11,49],"obtain_stats":[{"SlaversCollar":17,"Vajra":9,"Ring of the Snake":0},{"SlaversCollar":9,"Vajra":6,"Ring of the Snake":0},{"SlaversCollar":40,"Vajra":22,"Ring of the Snake":0}],"Ring of the Snake":[22]},"card_choices":[{"not_picked":["Dagger Spray","Acrobatics"],"picked":"Accuracy","floor":1.0},{"not_picked":["Catalyst","Quick Slash"],"picked":"Noxious Fumes","floor":2.0},{"not_picked":["Deadly Poison","All Out Attack"],"picked":"Acrobatics","floor":4.0},{"not_picked":["Accuracy","All Out Attack"],"picked":"Backstab","floor":5.0},{"not_picked":["Underhanded Strike","Outmaneuver"],"picked":"All Out Attack","floor":7.0},{"not_picked":["Flying Knee","Dagger Throw"],"picked":"Dagger Spray","floor":8.0},{"not_picked":["Slice","Calculated Gamble","Dagger Spray"],"picked":"SKIP","floor":11.0},{"not_picked":["Calculated Gamble","Cloak And Dagger"],"picked":"Blade Dance","floor":12.0},{"not_picked":["Glass Knife","A Thousand Cuts"],"picked":"Adrenaline","floor":16.0},{"not_picked":["Flying Knee","Dagger Throw","Poisoned Stab"],"picked":"SKIP","floor":18}],"player_experience":291117,"relics_obtained":[{"floor":9.0,"key":"Vajra"}],"event_choices":[{"damage_healed":0.0,"max_hp_gain":0.0,"max_hp_loss":0.0,"gold_gain":0.0,"cards_transformed":["Strike_G"],"event_name":"Living Wall","player_choice":"Change","floor":3.0,"gold_loss":0.0,"damage_taken":0.0,"cards_obtained":["Flechettes"]},{"damage_healed":22.0,"max_hp_gain":0.0,"max_hp_loss":0.0,"gold_gain":0.0,"event_name":"Big Fish","player_choice":"Banana","floor":10.0,"gold_loss":0.0,"damage_taken":0.0},{"damage_healed":0.0,"max_hp_gain":0.0,"max_hp_loss":0.0,"gold_gain":0.0,"event_name":"Shining Light","player_choice":"Entered Light","floor":14.0,"gold_loss":0.0,"damage_taken":20.0,"cards_upgraded":["Defend_G","Strike_G"]},{"damage_healed":0,"gold_gain":0,"player_choice":"Paid Fearfully","damage_taken":0,"max_hp_gain":0,"max_hp_loss":0,"event_name":"Masked Bandits","floor":20,"gold_loss":68},{"damage_healed":0,"gold_gain":0,"player_choice":"Became a Ghost","damage_taken":0,"max_hp_gain":0,"max_hp_loss":33,"event_name":"Ghosts","floor":21,"gold_loss":0,"cards_obtained":["Ghostly","Ghostly","Ghostly"]}],"is_beta":false,"boss_relics":[{"not_picked":["Calling Bell","SacredBark"],"picked":"SlaversCollar"}],"items_purged_floors":[19],"is_endless":false,"potions_floor_spawned":[1,5,7,12],"killed_by":"3 Byrds","ascension_level":20}}