{"host":"siu98xj5u8nq6xdu","time":1613883049,"event":{"mods":["AchievementEnabler","BaseMod","Colored Map","Colored Powertips","Minty Spire (QoL Compilation)"],"gold_per_floor":[114,134,134,145,159,159,194,194,194,194,206,206,206],"floor_reached":12,"language":"ENG","playtime":627,"items_purged":[],"score":140,"play_id":"7635cf92-8b03-4ba4-b339-c1e9e87f6ed8","local_time":"20210220235049","is_ascension_mode":true,"campfire_choices":[{"data":"Neutralize","floor":6.0,"key":"SMITH"},{"floor":10.0,"key":"REST"}],"circlet_count":0,"master_deck":["AscendersBane","Strike_G+1","Strike_G","Strike_G","Strike_G","Strike_G","Defend_G","Defend_G","Defend_G","Defend_G","Defend_G","Survivor","Neutralize+1","Corpse Explosion","Noxious Fumes+1","Poisoned Stab","Bane+1","Distraction"],"relics":["Ring of the Snake","Whetstone","MealTicket"],"acts_visited":["Exordium"],"potions_floor_usage":[12],"damage_taken":[{"damage":1.0,"enemies":"Jaw Worm","floor":1.0,"turns":5.0},{"damage":1.0,"enemies":"Cultist","floor":2.0,"turns":4.0},{"damage":15.0,"enemies":"Small Slimes","floor":4.0,"turns":2.0},{"damage":4.0,"enemies":"Exordium Wildlife","floor":5.0,"turns":3.0},{"damage":20.0,"enemies":"Lagavulin","floor":7.0,"turns":6.0},{"damage":0.0,"enemies":"Blue Slaver","floor":11.0,"turns":4.0},{"damage":38,"enemies":"Gremlin Nob","floor":12,"turns":4}],"seed_played":"713934272819983536","potions_obtained":[{"floor":1.0,"key":"ColorlessPotion"},{"floor":4.0,"key":"AttackPotion"},{"floor":7.0,"key":"Energy Potion"}],"is_trial":false,"path_per_floor":["M","M","?","M","M","R","E","?","T","R","M","E"],"character_chosen":"THE_SILENT","items_purchased":[],"campfire_rested":1,"item_purchase_floors":[],"current_hp_per_floor":[58,57,57,42,38,38,18,18,18,36,36,0,0],"gold":206,"neow_bonus":"THREE_RARE_CARDS","is_daily":false,"chose_seed":false,"campfire_upgraded":1,"win_rate":0.0,"timestamp":1613883049,"path_taken":["M","M","?","M","?","R","E","?","T","R","M","E"],"items_purchased_type":[],"build_version":"2020-12-22","purchased_purges":0,"victory":false,"max_hp_per_floor":[60,60,60,60,60,60,60,60,60,60,60,60,60],"card_choices":[{"not_picked":["Glass Knife","Tools of the Trade"],"picked":"Corpse Explosion","floor":0.0},{"not_picked":["Predator","PiercingWail"],"picked":"Noxious Fumes","floor":1.0},{"not_picked":["Predator","Riddle With Holes"],"picked":"Poisoned Stab","floor":2.0},{"not_picked":["Dodge and Roll","Infinite Blades","Quick Slash"],"picked":"SKIP","floor":4.0},{"not_picked":["Tactician","Prepared"],"picked":"Bane","floor":5.0},{"not_picked":["Heel Hook","All Out Attack"],"picked":"Distraction","floor":7.0},{"not_picked":["Distraction","Underhanded Strike","Phantasmal Killer"],"picked":"SKIP","floor":11.0}],"player_experience":759542,"relics_obtained":[{"floor":7.0,"key":"Whetstone"},{"floor":9.0,"key":"MealTicket"}],"event_choices":[{"damage_healed":0.0,"max_hp_gain":0.0,"max_hp_loss":0.0,"gold_gain":0.0,"event_name":"Upgrade Shrine","player_choice":"Upgraded","floor":3.0,"gold_loss":0.0,"damage_taken":0.0,"cards_upgraded":["Noxious Fumes"]},{"damage_healed":0.0,"max_hp_gain":0.0,"max_hp_loss":0.0,"gold_gain":0.0,"event_name":"Shining Light","player_choice":"Ignored","floor":8.0,"gold_loss":0.0,"damage_taken":0.0}],"is_beta":false,"boss_relics":[],"items_purged_floors":[],"is_endless":false,"potions_floor_spawned":[1,4,7],"killed_by":"Gremlin Nob","ascension_level":15}}