{"host":"mq7pyadb5kndcn8l","time":1613924374,"event":{"mods":["AchievementEnabler","Act Like it!","Arknights","Aspiration","BaseMod","Better Altar","Better Match","Better Note","Better Sensory Stone","Better Skull","Better Third Choice","BetterRewards","Block Reminder","CCEM2","Challenge The Spire","ChefMod","Colored Map","Colored Powertips","Conspire","Displayed Cursed Tome","Dota2Spire","Energized Spire","GifTheSpireLib","Highlight Path","Hubris","Infinite Spire","Mad Scientist","Marked Mod","Mimic Mod","Minty Spire (QoL Compilation)","Permanent Neow","QueenMod","Quick Restart","Random Character Button","Rare Cards Sparkle","Relic Filter","Relic Sorter","Reliquary","Replay The Spire","Reworked Bosses","Shade Mod","Shop Mod","Spicy Shops","Spikes Relics","Spire Arcade","StSLib","Stuff the Spire","SuperFastMode","The Blue Laboratory","Thieving Mod","Trackpad","Transform Curses","Wandering Minibosses"],"gold_per_floor":[113,113,127,140,159,188,113,140,209,244,244,244,263,298,298,395,395,413,427,29,29,29,29,29,29,52,52,62,88,102,122,122,227,227,244,255,272,34,47,47,66,83,83,83,118,118,118,131,131,131,131,131,131,159,159],"floor_reached":56,"language":"ENG","playtime":2994,"items_purged":["Strike_G","Defend_G","Strike_G","Strike_G","Strike_G","StuffTheSpire:PestControl"],"score":2747,"play_id":"a299bd7b-c5ed-414b-af50-a594ff78e2d4","local_time":"20210221111934","is_ascension_mode":true,"campfire_choices":[{"data":"Calculated Gamble","floor":11.0,"key":"SMITH"},{"data":"Prepared","floor":15.0,"key":"SMITH"},{"data":"Defend_G","floor":23.0,"key":"PURGE"},{"data":"Expertise","floor":25.0,"key":"SMITH"},{"data":"Defend_G","floor":27.0,"key":"PURGE"},{"data":"Acrobatics","floor":32.0,"key":"SMITH"},{"data":"Eviscerate","floor":40.0,"key":"SMITH"},{"data":"Prepared","floor":44.0,"key":"SMITH"},{"data":"Choke","floor":47.0,"key":"SMITH"},{"floor":49.0,"key":"RECALL"},{"data":"After Image","floor":52.0,"key":"SMITH"}],"circlet_count":0,"master_deck":["AscendersBane","Defend_G","Survivor","Neutralize","Adrenaline+1","Master of Strategy+1","Dash+1","Prepared+1","Prepared+1","Acrobatics+1","Escape Plan","Calculated Gamble+1","Acrobatics","Expertise+1","Calculated Gamble+1","Eviscerate+1","Deep Breath","After Image+1","Choke+1"],"relics":["Ring of the Snake","Medical Kit","reliquary:PurpleTingedLeaf","reliquary:CitrusReamer","MerchantsRug","trackpad:ChainingVapors","CCEMRelics:CocoNut","Peace Pipe","StuffTheSpire:BottledEssence","aspiration:HiddenCompartment","aspiration:TomeofQuesting","Runic Dome","trackpad:BottledTsunami","ReplayTheSpireMod:Lightbulb","StuffTheSpire:OldFever","CCEMRelics:DissonantTune","CCEMRelics:TinyMinotavrHorn","Du-Vu Doll"],"acts_visited":["Exordium","TheCity","TheBeyond","TheEnding"],"potions_floor_usage":[55,55],"damage_taken":[{"damage":0.0,"enemies":"Small Slimes","floor":1.0,"turns":1.0},{"damage":0.0,"enemies":"ats:Genji","floor":3.0,"turns":3.0},{"damage":0.0,"enemies":"Cultist","floor":4.0,"turns":2.0},{"damage":0.0,"enemies":"Looter","floor":5.0,"turns":2.0},{"damage":0.0,"enemies":"Replay:BlueRogue","floor":6.0,"turns":2.0},{"damage":0.0,"enemies":"3 Sentries","floor":8.0,"turns":4.0},{"damage":0.0,"enemies":"Replay:BlueRogue","floor":10.0,"turns":2.0},{"damage":0.0,"enemies":"Exordium Thugs","floor":13.0,"turns":1.0},{"damage":0.0,"enemies":"Gremlin Nob","floor":14.0,"turns":2.0},{"damage":0.0,"enemies":"The Guardian","floor":16.0,"turns":5.0},{"damage":0.0,"enemies":"2 Thieves","floor":18.0,"turns":2.0},{"damage":0.0,"enemies":"3 Byrds","floor":19.0,"turns":2.0},{"damage":0.0,"enemies":"Centurion and Healer","floor":28.0,"turns":1.0},{"damage":0.0,"enemies":"conspire:SneckoGhost","floor":29.0,"turns":1.0},{"damage":0.0,"enemies":"Snake Plant","floor":30.0,"turns":1.0},{"damage":0.0,"enemies":"Cultist and Chosen","floor":31.0,"turns":2.0},{"damage":0.0,"enemies":"bossMod:newCollector","floor":33.0,"turns":2.0},{"damage":0.0,"enemies":"Orb Walker","floor":35.0,"turns":1.0},{"damage":0.0,"enemies":"3 Shapes","floor":36.0,"turns":1.0},{"damage":0.0,"enemies":"Transient","floor":37.0,"turns":5.0},{"damage":0.0,"enemies":"Sphere and 2 Shapes","floor":39.0,"turns":1.0},{"damage":0.0,"enemies":"Writhing Mass","floor":41.0,"turns":1.0},{"damage":0.0,"enemies":"Spire Growth","floor":42.0,"turns":1.0},{"damage":0.0,"enemies":"R_Hoarder","floor":45.0,"turns":3.0},{"damage":0.0,"enemies":"3 Darklings","floor":48.0,"turns":1.0},{"damage":0.0,"enemies":"bossMod:newShapes","floor":50.0,"turns":1.0},{"damage":0,"enemies":"Shield and Spear","floor":54,"turns":1},{"damage":1,"enemies":"The Heart","floor":55,"turns":3}],"seed_played":"-4317703031405025358","potions_obtained":[{"floor":1.0,"key":"Block Potion"},{"floor":8.0,"key":"blueLaboratory:LouseDecoction"},{"floor":13.0,"key":"Swift Potion"}],"is_trial":false,"path_per_floor":["M","?","M","M","M","E","?","E","T","E","R","?","M","E","R","B",null,"M","M","$","?","?","R","?","R","T","R","M","E","M","M","R","B",null,"M","M","M","$","M","R","M","M","T","R","E","?","R","M","R","B",null,"R","$","E","B",null],"character_chosen":"THE_SILENT","items_purchased":["Adrenaline","Medical Kit","reliquary:PurpleTingedLeaf","reliquary:CitrusReamer","MerchantsRug","trackpad:ChainingVapors","Master of Strategy","CCEMRelics:CocoNut","Guide Book","Dash+1","Peace Pipe","Prepared","StuffTheSpire:BottledEssence","Poison Potion","trackpad:BottledTsunami","Expertise","Deep Breath"],"campfire_rested":0,"item_purchase_floors":[0,0,0,0,0,0,0,0,0,0,0,0,0,0,20,20,38],"current_hp_per_floor":[27,42,45,48,53,58,58,64,64,67,67,67,70,74,74,75,75,75,75,75,75,55,55,55,55,55,55,56,58,60,64,64,70,74,74,74,74,74,74,74,75,75,75,75,78,78,78,78,78,78,78,78,78,78,78],"gold":159,"neow_bonus":"","is_daily":false,"chose_seed":false,"campfire_upgraded":8,"win_rate":0.0,"timestamp":1613924374,"path_taken":["M","?","M","M","M","E","?","E","T","E","R","?","?","E","R","BOSS","M","M","$","?","?","R","?","R","T","R","?","E","M","M","R","BOSS","M","M","M","$","M","R","M","M","T","R","E","?","R","?","R","BOSS","R","$","E","BOSS"],"items_purchased_type":["Card","Relic","Relic","Relic","Relic","Relic","Card","Relic","Relic","Card","Relic","Card","Relic","Potion","Relic","Card","Card"],"build_version":"2020-12-22","purchased_purges":6,"victory":true,"max_hp_per_floor":[75,75,75,75,75,75,75,75,75,75,75,75,75,75,75,75,75,75,75,75,75,75,75,75,75,75,75,75,75,75,75,75,75,75,75,75,75,75,75,75,75,75,75,75,78,78,78,78,78,78,78,78,78,78,78],"card_choices":[{"not_picked":["StuffTheSpire:Python","StuffTheSpire:Injection","Flying Knee"],"picked":"SKIP","floor":1.0},{"not_picked":["Caltrops","Deadly Poison"],"picked":"Prepared","floor":3.0},{"not_picked":["StuffTheSpire:Incursion","InfectiousVector"],"picked":"Acrobatics","floor":4.0},{"not_picked":["Hidden Blade","Sucker Punch"],"picked":"Escape Plan","floor":5.0},{"not_picked":["Envenom","Burst","hubris:Counter"],"picked":"SKIP","floor":6.0},{"not_picked":["Flying Knee","Deflect","Dodge and Roll"],"picked":"SKIP","floor":8.0},{"not_picked":["Dash","Phantasmal Killer"],"picked":"Calculated Gamble","floor":10.0},{"not_picked":["Dagger Throw","StuffTheSpire:BumpUp","Hidden Blade"],"picked":"SKIP","floor":13.0},{"not_picked":["Replay:Bag of Tricks","Backstab","Blade Dance"],"picked":"SKIP","floor":14.0},{"not_picked":["Endless Agony","Dagger Throw","Cloak And Dagger+1"],"picked":"SKIP","floor":18.0},{"not_picked":["StuffTheSpire:ClusterCrunch","conspire:PoisonWeapons"],"picked":"Acrobatics","floor":19.0},{"not_picked":["Outmaneuver+1","Dagger Throw","hubris:SlightOfHand+1"],"picked":"SKIP","floor":28.0},{"not_picked":["Wraith Form v2","StuffTheSpire:ClusterCrunch","hubris:Counter"],"picked":"SKIP","floor":29.0},{"not_picked":["Deadly Poison","StuffTheSpire:Python","PiercingWail"],"picked":"SKIP","floor":30.0},{"not_picked":["Dodge and Roll+1","Dagger Spray","StuffTheSpire:BumpUp"],"picked":"SKIP","floor":31.0},{"not_picked":["PiercingWail+1","Acrobatics","StuffTheSpire:Injection+1"],"picked":"SKIP","floor":35.0},{"not_picked":["Heel Hook","Poisoned Stab+1","Prepared"],"picked":"SKIP","floor":36.0},{"not_picked":["Deadly Poison","Cloak And Dagger"],"picked":"Eviscerate","floor":37.0},{"not_picked":["Blade Dance+1","Slice","Footwork"],"picked":"SKIP","floor":39.0},{"not_picked":["Hidden Blade","Flying Knee+1"],"picked":"After Image","floor":41.0},{"not_picked":["Hidden Blade","Underhanded Strike+1","Deadly Poison"],"picked":"SKIP","floor":42.0},{"not_picked":["Heel Hook","Leg Sweep+1"],"picked":"Choke","floor":45.0},{"not_picked":["Bouncing Flask+1","PiercingWail+1","ReplayTheSpireMod:Scrap Shanks+1"],"picked":"SKIP","floor":48.0},{"not_picked":["Prepared","Flechettes+1","StuffTheSpire:BrimstoneBlast+1"],"picked":"SKIP","floor":54}],"player_experience":758546,"relics_obtained":[{"floor":6.0,"key":"aspiration:HiddenCompartment"},{"floor":8.0,"key":"aspiration:TomeofQuesting"},{"floor":10.0,"key":"Dota2Spire:ArcaneBoots"},{"floor":14.0,"key":"CCEMRelics:Sandal"},{"floor":26.0,"key":"ReplayTheSpireMod:Lightbulb"},{"floor":29.0,"key":"StuffTheSpire:OldFever"},{"floor":43.0,"key":"CCEMRelics:DissonantTune"},{"floor":45.0,"key":"CCEMRelics:TinyMinotavrHorn"},{"floor":54,"key":"Du-Vu Doll"}],"event_choices":[{"damage_healed":0.0,"max_hp_gain":0.0,"max_hp_loss":0.0,"gold_gain":0.0,"event_name":"betterMatch:BetterMatch","player_choice":"1","floor":7.0,"gold_loss":0.0,"damage_taken":0.0,"cards_obtained":["betterMatch:RareCard","betterMatch:CommonCard"]},{"cards_removed":["Strike_G"],"damage_healed":0.0,"max_hp_gain":0.0,"max_hp_loss":0.0,"gold_gain":0.0,"event_name":"Purifier","player_choice":"Purged","floor":12.0,"gold_loss":0.0,"damage_taken":0.0},{"damage_healed":0.0,"max_hp_gain":0.0,"max_hp_loss":0.0,"gold_gain":0.0,"event_name":"Ghosts","player_choice":"Ignored","floor":21.0,"gold_loss":0.0,"damage_taken":0.0},{"damage_healed":0.0,"max_hp_gain":0.0,"max_hp_loss":0.0,"gold_gain":0.0,"event_name":"Duplicator","player_choice":"Copied","floor":24.0,"gold_loss":0.0,"damage_taken":0.0,"cards_obtained":["Calculated Gamble"]},{"cards_removed":["Defend_G"],"damage_healed":0.0,"max_hp_gain":0.0,"max_hp_loss":0.0,"gold_gain":0.0,"event_name":"Bonfire Elementals","player_choice":"Offered Basic","floor":46.0,"gold_loss":0.0,"damage_taken":0.0}],"is_beta":false,"boss_relics":[{"not_picked":["hubris:Stopwatch","hubris:HollowSoul"],"picked":"Runic Dome"},{"not_picked":["reliquary:Ember","reliquary:Craggleroot"],"picked":"energizedSpire:SpiderWeb"}],"items_purged_floors":[0,0,0,0,20,38],"is_endless":false,"potions_floor_spawned":[1,6,8,10,13,19,28,33,36,37,39],"ascension_level":11}}