{"host":"6p0attdrtjqaih7v","time":1613926435,"event":{"mods":["2.2 Compatiblity","AchievementEnabler","BaseMod","Better Skull","Better Third Choice","Card Filter","Colored Powertips","Hermit","Highlight Path","Hubris","Key Reminder","Minty Spire (QoL Compilation)","Permanent Neow","Quick Restart","Random Character Button","Relic Filter","Relic Stats","Reliquary","Replay The Spire","Robot Space Explorer","StSLib","The Construct","The Gatherer","The Hayseed","The Runesmith","The Witch"],"gold_per_floor":[114,133,150,200,215,243,243,253,253,281,345,356,372,383,383,454,454,464,483,483,483,493,493,28,61,85,97,97,15,47,63,63,140,140,160,173,193,193,193],"floor_reached":38,"language":"ENG","playtime":2341,"items_purged":["Strike_G"],"score":964,"play_id":"b57f314b-3cd5-44af-9394-c1478c6ccfb9","local_time":"20210221115355","is_ascension_mode":true,"campfire_choices":[{"data":"Skewer","floor":7,"key":"SMITH"},{"data":"Prepared","floor":15,"key":"SMITH"},{"floor":23,"key":"REST"},{"floor":32,"key":"REST"}],"circlet_count":0,"master_deck":["AscendersBane","Strike_G","Defend_G","Defend_G","Defend_G","Defend_G","Defend_G","Survivor","Neutralize+1","All Out Attack","Skewer+1","ReplayTheSpireMod:Scrap Shanks","Dagger Throw","PiercingWail","Caltrops","ReplayTheSpireMod:Scrap Shanks","Footwork","Accuracy","Backflip","Prepared+1","AbeCurse","Dagger Spray","Backflip","Acrobatics+1","Crippling Poison+1","Footwork","Backflip","Envenom","Venomology","Masterful Stab+1","A Thousand Cuts+1","Riddle With Holes+1","Dodge and Roll+1"],"relics":["construct:ClawGrip","Anchor","TheSimpletonMod:WoodChipper","Vajra","keyreminder:keyreminder","Strawberry","Abe\u0027s Treasure","Enchiridion","hubris:AstralHammer","Girya","Pet Ghost","reliquary:SilkGlove","Astrolabe"],"acts_visited":["Exordium","TheCity","TheBeyond"],"potions_floor_usage":[6,10,12,18,19,25,30,30,33,36,38],"damage_taken":[{"damage":0,"enemies":"Cultist","floor":1,"turns":5},{"damage":8,"enemies":"2 Louse","floor":2,"turns":3},{"damage":1,"enemies":"Small Slimes","floor":3,"turns":3},{"damage":0,"enemies":"Exordium Wildlife","floor":5,"turns":3},{"damage":1,"enemies":"Replay:BlueRogue","floor":6,"turns":6},{"damage":3,"enemies":"Large Slime","floor":8,"turns":6},{"damage":8,"enemies":"Lagavulin","floor":10,"turns":7},{"damage":21,"enemies":"Gremlin Nob","floor":11,"turns":4},{"damage":0,"enemies":"Gremlin Gang","floor":12,"turns":2},{"damage":6,"enemies":"Exordium Wildlife","floor":13,"turns":4},{"damage":2,"enemies":"Large Slime","floor":14,"turns":3},{"damage":9,"enemies":"Hexaghost","floor":16,"turns":8},{"damage":0,"enemies":"3 Byrds","floor":18,"turns":2},{"damage":3,"enemies":"Shell Parasite","floor":19,"turns":5},{"damage":20,"enemies":"Shelled Parasite and Fungi","floor":22,"turns":5},{"damage":10,"enemies":"Slavers","floor":25,"turns":3},{"damage":7,"enemies":"Snake Plant","floor":27,"turns":5},{"damage":0,"enemies":"Gremlin Leader","floor":30,"turns":3},{"damage":0,"enemies":"Sentry and Sphere","floor":31,"turns":4},{"damage":22,"enemies":"Automaton","floor":33,"turns":8},{"damage":25,"enemies":"3 Darklings","floor":35,"turns":4},{"damage":0,"enemies":"3 Shapes","floor":36,"turns":5},{"damage":12,"enemies":"Jaw Worm Horde","floor":37,"turns":3},{"damage":23,"enemies":"Writhing Mass","floor":38,"turns":4}],"seed_played":"-7777806856997988127","potions_obtained":[{"floor":1,"key":"Strength Potion"},{"floor":3,"key":"Milkshake"},{"floor":6,"key":"Adrenaline Potion"},{"floor":8,"key":"Fire Potion"},{"floor":14,"key":"LiquidBronze"},{"floor":16,"key":"Swift Potion"},{"floor":19,"key":"Explosive Potion"},{"floor":22,"key":"Poison Potion"},{"floor":31,"key":"Swift Potion"},{"floor":36,"key":"Ancient Potion"}],"is_trial":false,"path_per_floor":["M","M","M","?","M","E","R","M","T","E","?","M","M","M","R","B",null,"M","M","?","?","M","R","$","E","T","M","$","$","E","M","R","B",null,"M","M","M","M"],"character_chosen":"THE_SILENT","items_purchased":["hubris:AstralHammer","Strength Potion","Adrenaline Potion","Backflip"],"campfire_rested":2,"item_purchase_floors":[24,24,29,29],"current_hp_per_floor":[59,51,50,50,50,49,49,46,46,38,24,24,18,16,16,7,57,57,54,54,33,13,34,34,24,24,17,17,17,17,17,38,16,59,34,34,22,0,0],"gold":193,"neow_bonus":"BOSS_RELIC","is_daily":false,"chose_seed":false,"campfire_upgraded":2,"win_rate":0.0,"timestamp":1613926435,"path_taken":["M","M","M","?","?","E","R","M","T","E","?","M","M","M","R","BOSS","M","M","?","?","M","R","$","E","T","M","?","$","E","M","R","BOSS","M","M","?","M"],"items_purchased_type":["Relic","Potion","Potion","Card"],"build_version":"2020-12-22","purchased_purges":1,"victory":false,"max_hp_per_floor":[66,66,66,66,66,66,66,66,66,66,73,73,73,73,73,73,73,73,73,73,73,73,73,73,73,73,73,73,73,73,73,73,73,73,73,73,73,73,73],"relic_stats":{"counters":[24,105],"Astrolabe":["Masterful Stab","A Thousand Cuts","Riddle With Holes"],"obtain_stats":[{"Girya":25,"construct:ClawGrip":0,"reliquary:SilkGlove":30,"Astrolabe":34,"Vajra":10,"Enchiridion":21,"TheSimpletonMod:WoodChipper":9,"Pet Ghost":26,"keyreminder:keyreminder":10,"Anchor":6,"hubris:AstralHammer":24,"Strawberry":11,"Abe\u0027s Treasure":17,"Ring of the Snake":0},{"Girya":16,"construct:ClawGrip":0,"reliquary:SilkGlove":18,"Astrolabe":20,"Vajra":7,"Enchiridion":14,"TheSimpletonMod:WoodChipper":6,"Pet Ghost":16,"keyreminder:keyreminder":7,"Anchor":5,"hubris:AstralHammer":15,"Strawberry":7,"Abe\u0027s Treasure":12,"Ring of the Snake":0},{"Girya":69,"construct:ClawGrip":0,"reliquary:SilkGlove":77,"Astrolabe":89,"Vajra":33,"Enchiridion":61,"TheSimpletonMod:WoodChipper":26,"Pet Ghost":69,"keyreminder:keyreminder":33,"Anchor":20,"hubris:AstralHammer":66,"Strawberry":33,"Abe\u0027s Treasure":54,"Ring of the Snake":0}]},"card_choices":[{"not_picked":["Flying Knee","Deflect"],"picked":"All Out Attack","floor":1},{"not_picked":["Crippling Poison","PiercingWail"],"picked":"Skewer","floor":2},{"not_picked":["Flying Knee","Prepared"],"picked":"ReplayTheSpireMod:Scrap Shanks","floor":3},{"not_picked":["Flying Knee","ReplayTheSpireMod:Scrap Shanks"],"picked":"Dagger Throw","floor":5},{"not_picked":["Prepared","All Out Attack"],"picked":"PiercingWail","floor":6},{"not_picked":["Dodge and Roll","Backflip"],"picked":"Caltrops","floor":8},{"not_picked":["Night Terror","Sneak Up"],"picked":"ReplayTheSpireMod:Scrap Shanks","floor":10},{"not_picked":["Masterful Stab","Underhanded Strike"],"picked":"Footwork","floor":11},{"not_picked":["Dagger Spray","Blade Dance"],"picked":"Accuracy","floor":12},{"not_picked":["Dagger Spray","Quick Slash"],"picked":"Backflip","floor":13},{"not_picked":["Deadly Poison","Bane"],"picked":"Prepared","floor":14},{"not_picked":["Skewer","Flying Knee"],"picked":"Dagger Spray","floor":18},{"not_picked":["Dagger Spray","Slice"],"picked":"Backflip","floor":19},{"not_picked":["Concentrate","Catalyst"],"picked":"Acrobatics+1","floor":22},{"not_picked":["Acrobatics","Replay:Poison Smokescreen"],"picked":"Crippling Poison+1","floor":25},{"not_picked":["Blade Dance","Heel Hook"],"picked":"Footwork","floor":27},{"not_picked":["Predator","Blade Dance","Underhanded Strike"],"picked":"SKIP","floor":30},{"not_picked":["Finisher","Underhanded Strike"],"picked":"Envenom","floor":31},{"not_picked":["Burst","A Thousand Cuts"],"picked":"Venomology","floor":33},{"not_picked":["ReplayTheSpireMod:Scrap Shanks","Flechettes","Predator"],"picked":"SKIP","floor":35},{"not_picked":["Prepared","Finisher","Outmaneuver+1"],"picked":"SKIP","floor":36},{"not_picked":["Calculated Gamble","Noxious Fumes"],"picked":"Dodge and Roll+1","floor":37}],"player_experience":1228412,"relics_obtained":[{"floor":6,"key":"Anchor"},{"floor":9,"key":"TheSimpletonMod:WoodChipper"},{"floor":10,"key":"Vajra"},{"floor":21,"key":"Enchiridion"},{"floor":25,"key":"Girya"},{"floor":26,"key":"Pet Ghost"},{"floor":30,"key":"reliquary:SilkGlove"}],"event_choices":[{"damage_healed":0,"gold_gain":50,"player_choice":"Pray","damage_taken":0,"max_hp_gain":0,"max_hp_loss":0,"event_name":"Golden Shrine","floor":4,"gold_loss":0},{"damage_healed":0,"gold_gain":0,"player_choice":"Searched \u00272\u0027 times","damage_taken":0,"relics_obtained":["Strawberry"],"max_hp_gain":0,"max_hp_loss":0,"event_name":"Dead Adventurer","floor":11,"gold_loss":0},{"damage_healed":0,"gold_gain":0,"player_choice":"Obtained Book","damage_taken":21,"max_hp_gain":0,"max_hp_loss":0,"event_name":"Cursed Tome","floor":21,"gold_loss":0}],"is_beta":false,"boss_relics":[{"not_picked":["hubris:Backtick","reliquary:RedPaperclip"],"picked":"Abe\u0027s Treasure"},{"not_picked":["Pandora\u0027s Box","reliquary:Craggleroot"],"picked":"Astrolabe"}],"items_purged_floors":[24],"is_endless":false,"potions_floor_spawned":[1,3,6,8,14,16,19,22,31,36],"killed_by":"Writhing Mass","ascension_level":20}}