{"host":"5h6e4l6hpn0p5lap","time":1613941982,"event":{"mods":["AchievementEnabler","BaseMod","Better Altar","Better Match","Better Sensory Stone","Better Skull","Better Third Choice","Colored Map","Filter the Spire","Minty Spire (QoL Compilation)","StSLib"],"gold_per_floor":[20,36,51,51,51,51,85,85,85,126,151,226,241,241,241,241,241],"floor_reached":16,"language":"ENG","playtime":436,"items_purged":[],"score":154,"play_id":"c8db9db7-a5fd-4eef-bf7c-a83799ccfbae","local_time":"20210221161302","is_ascension_mode":true,"campfire_choices":[{"data":"Rampage","floor":6,"key":"SMITH"},{"floor":8,"key":"REST"},{"data":"Sword Boomerang","floor":15,"key":"SMITH"}],"circlet_count":0,"master_deck":["Strike_R","Strike_R","Strike_R","Strike_R","Strike_R","Defend_R","Defend_R","Defend_R","Defend_R","Bash","Iron Wave","Rampage+1","Flame Barrier","Thunderclap","Feed","Sword Boomerang+1"],"relics":["Burning Blood","Du-Vu Doll","Red Skull","Golden Idol","Juzu Bracelet","Regal Pillow","Bronze Scales","Mercury Hourglass","Charon\u0027s Ashes"],"acts_visited":["Exordium"],"potions_floor_usage":[7,7,10,10,11],"damage_taken":[{"damage":11,"enemies":"Cultist","floor":1,"turns":4},{"damage":13,"enemies":"Small Slimes","floor":2,"turns":6},{"damage":1,"enemies":"Jaw Worm","floor":3,"turns":4},{"damage":37,"enemies":"3 Sentries","floor":7,"turns":10},{"damage":27,"enemies":"Gremlin Nob","floor":10,"turns":5},{"damage":0,"enemies":"Exordium Wildlife","floor":11,"turns":3},{"damage":5,"enemies":"Lots of Slimes","floor":13,"turns":2},{"damage":0,"enemies":"Slime Boss","floor":16,"turns":3}],"seed_played":"-7178685753889145303","potions_obtained":[{"floor":3,"key":"Dexterity Potion"},{"floor":7,"key":"EntropicBrew"},{"floor":10,"key":"SkillPotion"},{"floor":11,"key":"AttackPotion"},{"floor":13,"key":"SpeedPotion"}],"is_trial":false,"path_per_floor":["M","M","M","?","?","R","E","R","T","E","M","T","M","?","R","B"],"character_chosen":"IRONCLAD","items_purchased":[],"campfire_rested":1,"item_purchase_floors":[],"current_hp_per_floor":[67,60,65,53,53,53,22,44,44,37,46,46,47,47,47,47,47],"gold":241,"neow_bonus":"ONE_RARE_RELIC","is_daily":false,"chose_seed":false,"campfire_upgraded":2,"win_rate":0.0,"timestamp":1613941982,"path_taken":["M","M","M","?","?","R","E","R","T","E","M","?","M","?","R","BOSS"],"items_purchased_type":[],"build_version":"2020-12-22","purchased_purges":0,"victory":false,"max_hp_per_floor":[80,80,80,80,74,74,74,74,74,74,77,77,77,77,77,77,77],"card_choices":[{"not_picked":["Flex","Disarm"],"picked":"Iron Wave","floor":1},{"not_picked":["Bloodletting","Flex"],"picked":"Rampage","floor":2},{"not_picked":["Battle Trance","Pommel Strike"],"picked":"Flame Barrier","floor":3},{"not_picked":["Carnage","Clash"],"picked":"Thunderclap","floor":7},{"not_picked":["Perfected Strike","Twin Strike"],"picked":"Feed","floor":10},{"not_picked":["True Grit","Clash"],"picked":"Sword Boomerang","floor":11},{"not_picked":["Heavy Blade","Sword Boomerang","Evolve"],"picked":"SKIP","floor":13}],"player_experience":1155551,"relics_obtained":[{"floor":7,"key":"Juzu Bracelet"},{"floor":9,"key":"Regal Pillow"},{"floor":10,"key":"Bronze Scales"},{"floor":12,"key":"Mercury Hourglass"}],"event_choices":[{"damage_healed":0,"gold_gain":1,"player_choice":"Relic ","damage_taken":12,"max_hp_gain":0,"max_hp_loss":0,"event_name":"betterThird:BetterScrap","floor":4,"gold_loss":0,"cards_obtained":["Die Die Die"]},{"damage_healed":0,"gold_gain":0,"player_choice":"Lose Max HP","damage_taken":0,"relics_obtained":["Golden Idol"],"max_hp_gain":0,"max_hp_loss":6,"event_name":"Golden Idol","floor":5,"gold_loss":0},{"damage_healed":0,"gold_gain":0,"player_choice":"Gave Potion","damage_taken":0,"relics_obtained":["Charon\u0027s Ashes"],"max_hp_gain":0,"max_hp_loss":0,"event_name":"WeMeetAgain","floor":14,"gold_loss":0}],"is_beta":false,"boss_relics":[],"items_purged_floors":[],"is_endless":false,"potions_floor_spawned":[3,7,10,11,13],"killed_by":"Slime Boss","ascension_level":8}}