{"host":"fa35vd3kig5td25x","time":1613900070,"event":{"mods":["BaseMod","Colored Powertips","Minty Spire (QoL Compilation)","Relic Stats","Slay the Relics Exporter"],"gold_per_floor":[114,131,146,157,176,176,211,211,211,224,224,224],"floor_reached":11,"language":"ENG","playtime":624,"items_purged":[],"score":154,"play_id":"3bedf16c-6691-4eb8-bf3c-c96fa4056d20","local_time":"20210221103430","is_ascension_mode":true,"campfire_choices":[{"data":"Bludgeon","floor":6,"key":"SMITH"},{"floor":8,"key":"REST"}],"circlet_count":0,"master_deck":["AscendersBane","Strike_R","Strike_R","Strike_R","Strike_R","Strike_R","Defend_R","Defend_R","Defend_R","Defend_R","Bash","Bludgeon+1","Feel No Pain","Evolve","Iron Wave","Carnage","Metallicize"],"relics":["Burning Blood","Ancient Tea Set","Question Card"],"acts_visited":["Exordium"],"potions_floor_usage":[7,11],"damage_taken":[{"damage":0,"enemies":"Cultist","floor":1,"turns":2},{"damage":7,"enemies":"2 Louse","floor":2,"turns":3},{"damage":7,"enemies":"Jaw Worm","floor":3,"turns":4},{"damage":19,"enemies":"Blue Slaver","floor":4,"turns":5},{"damage":36,"enemies":"Gremlin Gang","floor":5,"turns":10},{"damage":20,"enemies":"Lagavulin","floor":7,"turns":7},{"damage":25,"enemies":"Lots of Slimes","floor":10,"turns":6},{"damage":19,"enemies":"3 Sentries","floor":11,"turns":4}],"seed_played":"-4288513193385962589","potions_obtained":[{"floor":1,"key":"SteroidPotion"},{"floor":3,"key":"SpeedPotion"}],"is_trial":false,"path_per_floor":["M","M","M","M","M","R","E","R","T","M","E"],"character_chosen":"IRONCLAD","items_purchased":[],"campfire_rested":1,"item_purchase_floors":[],"current_hp_per_floor":[74,73,72,59,29,29,15,37,37,18,0,0],"gold":224,"neow_bonus":"ONE_RANDOM_RARE_CARD","is_daily":false,"chose_seed":false,"campfire_upgraded":1,"win_rate":0.0,"timestamp":1613900070,"path_taken":["M","M","M","M","?","R","E","R","T","M","E"],"items_purchased_type":[],"build_version":"2020-12-22","purchased_purges":0,"victory":false,"max_hp_per_floor":[75,75,75,75,75,75,75,75,75,75,75,75],"relic_stats":{"counters":[8,41],"Question Card":1,"obtain_stats":[{"Ancient Tea Set":7,"Question Card":9,"Burning Blood":0},{"Ancient Tea Set":6,"Question Card":6,"Burning Blood":0},{"Ancient Tea Set":31,"Question Card":31,"Burning Blood":0}],"Burning Blood":42},"card_choices":[{"not_picked":["Shockwave","Rupture"],"picked":"Feel No Pain","floor":1},{"not_picked":["Wild Strike","Clash","Flex"],"picked":"SKIP","floor":2},{"not_picked":["Wild Strike","Cleave"],"picked":"Evolve","floor":3},{"not_picked":["Perfected Strike","Clothesline"],"picked":"Iron Wave","floor":4},{"not_picked":["Havoc","Demon Form","Dark Embrace"],"picked":"SKIP","floor":5},{"not_picked":["Havoc","Twin Strike"],"picked":"Carnage","floor":7},{"not_picked":["Clash","Sword Boomerang","Sentinel"],"picked":"Metallicize","floor":10}],"player_experience":3235099,"relics_obtained":[{"floor":7,"key":"Ancient Tea Set"},{"floor":9,"key":"Question Card"}],"event_choices":[],"is_beta":false,"boss_relics":[],"items_purged_floors":[],"is_endless":false,"potions_floor_spawned":[1,3],"killed_by":"3 Sentries","ascension_level":20}}