{"host":"wmrrle71ao22fxdw","time":1613889166,"event":{"mods":["BaseMod","Colored Map","Minty Spire (QoL Compilation)","Relic Stats"],"gold_per_floor":[117,117,136,153,153,153,188,200,200,200,200,102,127,127,127,127,127],"floor_reached":16,"language":"ENG","playtime":672,"items_purged":["Strike_G"],"score":113,"play_id":"2f857780-1b25-4272-817e-15c33c474d5a","local_time":"20210221073246","is_ascension_mode":true,"campfire_choices":[{"data":"Wraith Form v2","floor":6,"key":"SMITH"},{"floor":11,"key":"REST"},{"floor":15,"key":"REST"}],"circlet_count":0,"master_deck":["Strike_G+1","Strike_G","Defend_G","Defend_G","Defend_G","Defend_G","Defend_G","Survivor","Neutralize","Wraith Form v2+1","Riddle With Holes","Cloak And Dagger","Backflip","Backstab+1","Crippling Poison","Cloak And Dagger","Burst","Envenom"],"relics":["Ring of the Snake","Bag of Marbles","Question Card","CaptainsWheel"],"acts_visited":["Exordium"],"potions_floor_usage":[16],"damage_taken":[{"damage":0,"enemies":"2 Louse","floor":1,"turns":4},{"damage":1,"enemies":"Jaw Worm","floor":3,"turns":4},{"damage":1,"enemies":"Cultist","floor":4,"turns":4},{"damage":36,"enemies":"3 Sentries","floor":7,"turns":12},{"damage":0,"enemies":"Looter","floor":8,"turns":3},{"damage":11,"enemies":"Lagavulin","floor":13,"turns":6},{"damage":44,"enemies":"Hexaghost","floor":16,"turns":14}],"seed_played":"-2344649852092971361","potions_obtained":[{"floor":3,"key":"Weak Potion"},{"floor":7,"key":"Fruit Juice"},{"floor":8,"key":"GhostInAJar"}],"is_trial":false,"path_per_floor":["M","?","M","M","?","R","E","M","T","?","R","$","E","?","R","B"],"character_chosen":"THE_SILENT","items_purchased":["Cloak And Dagger"],"campfire_rested":2,"item_purchase_floors":[12],"current_hp_per_floor":[70,63,62,61,61,61,25,25,25,11,32,32,21,21,42,0,0],"gold":127,"neow_bonus":"ONE_RANDOM_RARE_CARD","is_daily":false,"chose_seed":false,"campfire_upgraded":1,"win_rate":0.0,"timestamp":1613889166,"path_taken":["M","?","M","M","?","R","E","?","T","?","R","$","E","?","R","BOSS"],"items_purchased_type":["Card"],"build_version":"2020-12-22","purchased_purges":1,"victory":false,"max_hp_per_floor":[70,70,70,70,70,70,70,70,70,70,70,70,70,70,70,70,70],"relic_stats":{"counters":[7,47],"Question Card":1,"obtain_stats":[{"CaptainsWheel":13,"Bag of Marbles":7,"Question Card":9,"Ring of the Snake":0},{"CaptainsWheel":6,"Bag of Marbles":4,"Question Card":5,"Ring of the Snake":0},{"CaptainsWheel":33,"Bag of Marbles":24,"Question Card":27,"Ring of the Snake":0}],"Ring of the Snake":[14]},"card_choices":[{"not_picked":["Blade Dance","Acrobatics"],"picked":"Riddle With Holes","floor":1},{"not_picked":["Bane","Outmaneuver"],"picked":"Cloak And Dagger","floor":3},{"not_picked":["Underhanded Strike","Catalyst"],"picked":"Backflip","floor":4},{"not_picked":["Finisher","Bane"],"picked":"Backstab","floor":7},{"not_picked":["Slice","Dagger Spray"],"picked":"Crippling Poison","floor":8},{"not_picked":["Slice","Cloak And Dagger","Sucker Punch"],"picked":"Burst","floor":13}],"player_experience":113760,"relics_obtained":[{"floor":7,"key":"Bag of Marbles"},{"floor":9,"key":"Question Card"},{"floor":13,"key":"CaptainsWheel"}],"event_choices":[{"cards_removed":["Strike_G"],"damage_healed":0,"gold_gain":0,"player_choice":"Card Removal","damage_taken":7,"max_hp_gain":0,"max_hp_loss":0,"event_name":"Golden Wing","floor":2,"gold_loss":0},{"cards_removed":["Strike_G"],"damage_healed":0,"gold_gain":0,"player_choice":"Offered Basic","damage_taken":0,"max_hp_gain":0,"max_hp_loss":0,"event_name":"Bonfire Elementals","floor":5,"gold_loss":0},{"damage_healed":0,"gold_gain":0,"player_choice":"Entered Light","damage_taken":14,"max_hp_gain":0,"max_hp_loss":0,"event_name":"Shining Light","floor":10,"gold_loss":0,"cards_upgraded":["Strike_G","Backstab"]},{"damage_healed":0,"gold_gain":0,"player_choice":"1 cards matched","damage_taken":0,"max_hp_gain":0,"max_hp_loss":0,"event_name":"Match and Keep!","floor":14,"gold_loss":0,"cards_obtained":["Envenom"]}],"is_beta":false,"boss_relics":[],"items_purged_floors":[12],"is_endless":false,"potions_floor_spawned":[3,7,8],"killed_by":"Hexaghost","ascension_level":1}}