{"host":"l6t8kvs6xu8ynp71","time":1613892581,"event":{"mods":["BaseMod","Curses Come First","Highlight Path","Minty Spire (QoL Compilation)","Permanent Neow","Relic Stats","StSLib"],"gold_per_floor":[219,219,219,19,35,64,64,95,95,113,113,38,38,38,38,38,38],"floor_reached":16,"language":"ENG","playtime":566,"items_purged":[],"score":212,"play_id":"51ea2832-5cce-42f6-9da0-f2b281465f21","local_time":"20210221002941","is_ascension_mode":true,"campfire_choices":[{"floor":7,"key":"REST"},{"floor":11,"key":"REST"},{"data":"Sucker Punch","floor":15,"key":"SMITH"}],"circlet_count":0,"master_deck":["AscendersBane","Strike_G","Strike_G","Strike_G","Strike_G","Strike_G","Defend_G","Defend_G","Defend_G","Defend_G","Defend_G","Survivor","Neutralize","Sucker Punch+1","Blade Dance","All Out Attack","Infinite Blades","Deflect","Cloak And Dagger"],"relics":["Ring of the Snake","Bag of Marbles","Matryoshka","Pear","Frozen Egg 2"],"acts_visited":["Exordium"],"potions_floor_usage":[6],"damage_taken":[{"damage":0,"enemies":"2 Louse","floor":1,"turns":5},{"damage":0,"enemies":"Small Slimes","floor":5,"turns":3},{"damage":25,"enemies":"3 Sentries","floor":6,"turns":9},{"damage":23,"enemies":"Gremlin Nob","floor":8,"turns":4},{"damage":1,"enemies":"Jaw Worm","floor":10,"turns":4},{"damage":32,"enemies":"The Guardian","floor":16,"turns":2}],"seed_played":"7119992696410073029","potions_obtained":[{"floor":5,"key":"SneckoOil"},{"floor":10,"key":"Ancient Potion"}],"is_trial":false,"path_per_floor":["M","?","?","$","M","E","R","E","T","M","R","?","T","?","R","B"],"character_chosen":"THE_SILENT","items_purchased":["Blade Dance","All Out Attack","Infinite Blades"],"campfire_rested":2,"item_purchase_floors":[4,4,4],"current_hp_per_floor":[59,33,33,33,33,8,27,4,4,3,22,22,32,32,32,0,0],"gold":38,"neow_bonus":"HUNDRED_GOLD","is_daily":false,"chose_seed":false,"campfire_upgraded":1,"win_rate":0.0,"timestamp":1613892581,"path_taken":["M","?","?","$","M","E","R","E","T","M","R","?","?","?","R","BOSS"],"items_purchased_type":["Card","Card","Card"],"build_version":"2020-12-22","purchased_purges":0,"victory":false,"max_hp_per_floor":[66,66,66,66,66,66,66,66,66,66,66,66,76,76,76,76,76],"relic_stats":{"counters":[6,27],"obtain_stats":[{"Matryoshka":9,"Pear":13,"Bag of Marbles":2,"Frozen Egg 2":13,"Ring of the Snake":0},{"Matryoshka":4,"Pear":5,"Bag of Marbles":1,"Frozen Egg 2":5,"Ring of the Snake":0},{"Matryoshka":21,"Pear":25,"Bag of Marbles":5,"Frozen Egg 2":25,"Ring of the Snake":0}],"Ring of the Snake":[12]},"card_choices":[{"not_picked":["Heel Hook","Outmaneuver"],"picked":"Sucker Punch","floor":1},{"not_picked":["Sucker Punch","Predator"],"picked":"Deflect","floor":5},{"not_picked":["Skewer","Flying Knee","Quick Slash"],"picked":"SKIP","floor":6},{"not_picked":["Quick Slash","Deadly Poison"],"picked":"Cloak And Dagger","floor":8},{"not_picked":["Quick Slash","Crippling Poison","Expertise"],"picked":"SKIP","floor":10}],"player_experience":1502062,"relics_obtained":[{"floor":9,"key":"Matryoshka"},{"floor":13,"key":"Pear"},{"floor":13,"key":"Frozen Egg 2"}],"event_choices":[{"damage_healed":0,"gold_gain":0,"player_choice":"Success","damage_taken":26,"relics_obtained":["Bag of Marbles"],"max_hp_gain":0,"max_hp_loss":0,"event_name":"Scrap Ooze","floor":2,"gold_loss":0},{"damage_healed":0,"gold_gain":0,"player_choice":"Ignored","damage_taken":0,"max_hp_gain":0,"max_hp_loss":0,"event_name":"Shining Light","floor":3,"gold_loss":0},{"damage_healed":0,"gold_gain":0,"player_choice":"Left Gold","damage_taken":0,"max_hp_gain":0,"max_hp_loss":0,"event_name":"World of Goop","floor":12,"gold_loss":75},{"damage_healed":0,"gold_gain":0,"player_choice":"Ignored","damage_taken":0,"max_hp_gain":0,"max_hp_loss":0,"event_name":"Liars Game","floor":14,"gold_loss":0}],"is_beta":false,"boss_relics":[],"items_purged_floors":[],"is_endless":false,"potions_floor_spawned":[5,10],"killed_by":"The Guardian","ascension_level":20}}