{"host":"f7915vm1ahl7kex1","time":1613921195,"event":{"mods":["BaseMod","Colored Map","Downfall","Minty Spire (QoL Compilation)","Quick Restart","StSLib"],"gold_per_floor":[0,20,36,36,21,21,47,78,78,97,108,127,37,57,74,74,74,74],"floor_reached":16,"language":"ENG","playtime":612,"items_purged":["Pain"],"score":114,"play_id":"6e7045d9-7ca9-4793-9f22-0a3a58f6660b","local_time":"20210221092635","is_ascension_mode":true,"campfire_choices":[{"data":"bronze:Goto","floor":1,"key":"SMITH"},{"floor":6,"key":"RECALL"}],"circlet_count":0,"master_deck":["bronze:Strike","bronze:Strike","bronze:Strike","bronze:Defend","bronze:Defend","bronze:Replicate","bronze:Goto+1","bronze:Branch","bronze:Constructor","bronze:WildBeam","bronze:WhirlingStrike","bronze:BugBarrage","bronze:BuggyMess","bronze:Shield","bronze:Repulsor","bronze:DelayedGuard"],"relics":["bronze:BronzeCore","Toy Ornithopter","Mercury Hourglass","WarpedTongs"],"acts_visited":["Exordium"],"potions_floor_usage":[8,13,16,16],"damage_taken":[{"damage":4,"enemies":"Jaw Worm","floor":2,"turns":4},{"damage":0,"enemies":"Cultist","floor":3,"turns":3},{"damage":2,"enemies":"downfall:FleeingMerchant","floor":5,"turns":4},{"damage":13,"enemies":"3 Sentries","floor":8,"turns":5},{"damage":2,"enemies":"Small Slimes","floor":10,"turns":2},{"damage":17,"enemies":"Exordium Thugs","floor":11,"turns":2},{"damage":7,"enemies":"3 Louse","floor":12,"turns":2},{"damage":9,"enemies":"downfall:FleeingMerchant","floor":13,"turns":4},{"damage":5,"enemies":"Exordium Wildlife","floor":14,"turns":2},{"damage":4,"enemies":"2 Fungi Beasts","floor":15,"turns":3},{"damage":28,"enemies":"IC_STATUS_ARCHETYPE","floor":16,"turns":4}],"seed_played":"3754824285895791230","potions_obtained":[{"floor":2,"key":"Energy Potion"},{"floor":3,"key":"PowerPotion"},{"floor":10,"key":"Weak Potion"},{"floor":12,"key":"BlessingOfTheForge"}],"is_trial":false,"path_per_floor":["R","M","M","?","$","R","T","E","?","M","M","M","$","M","M","B"],"character_chosen":"THE_AUTOMATON","items_purchased":[],"campfire_rested":0,"item_purchase_floors":[],"current_hp_per_floor":[70,66,66,66,64,64,64,56,56,54,37,30,26,21,17,0,0,0],"gold":74,"neow_bonus":"REMOVE_TWO","is_daily":false,"chose_seed":false,"campfire_upgraded":1,"win_rate":0.0,"timestamp":1613921195,"path_taken":["R","M","M","?","?","R","T","E","?","M","M","?","$","M","M","BOSS"],"items_purchased_type":[],"build_version":"2020-12-22","purchased_purges":1,"victory":false,"max_hp_per_floor":[70,70,70,70,70,70,70,70,70,70,70,70,70,70,70,70,70,70],"card_choices":[{"not_picked":["bronze:Safeguard","bronze:Allocate"],"picked":"bronze:Branch","floor":2},{"not_picked":["bronze:MaxOutput","bronze:DelayedGuard"],"picked":"bronze:Constructor","floor":3},{"not_picked":["bronze:DelayedGuard","bronze:Allocate"],"picked":"bronze:WildBeam","floor":5},{"not_picked":["bronze:BitShift","bronze:OilSpill"],"picked":"bronze:WhirlingStrike","floor":8},{"not_picked":["bronze:Constructor","bronze:CutThrough"],"picked":"bronze:BugBarrage","floor":10},{"not_picked":["bronze:Invalidate","bronze:Deprecate"],"picked":"bronze:BuggyMess","floor":11},{"not_picked":["bronze:Philosophize","bronze:ItsAFeature"],"picked":"bronze:Shield","floor":12},{"not_picked":["bronze:WildBeam","bronze:Flail","bronze:FindAndReplace"],"picked":"SKIP","floor":13},{"not_picked":["bronze:Philosophize","bronze:Shield"],"picked":"bronze:Repulsor","floor":14},{"not_picked":["bronze:Iterate","bronze:DigitalCarnage"],"picked":"bronze:DelayedGuard","floor":15}],"player_experience":1216270,"relics_obtained":[{"floor":7,"key":"Toy Ornithopter"},{"floor":8,"key":"Mercury Hourglass"}],"event_choices":[{"cards_removed":["bronze:Defend"],"damage_healed":0,"gold_gain":0,"player_choice":"Offered Basic","damage_taken":0,"max_hp_gain":0,"max_hp_loss":0,"event_name":"Bonfire Elementals","floor":4,"gold_loss":0}],"is_beta":false,"boss_relics":[],"items_purged_floors":[13],"is_endless":false,"potions_floor_spawned":[2,3,10,12],"killed_by":"IC_STATUS_ARCHETYPE","ascension_level":2}}