{"host":"vxy6xn7iqo09pby3","time":1613940149,"event":{"mods":["2.2 Compatiblity","AchievementEnabler","Act Like it!","Aspiration","BaseMod","Beaked The Cultist","Better Note","BetterRewards","Block Reminder","Challenge The Spire","Colored Map","Colored Powertips","Conspire","Downfall","Gremlin Mod","Halation","Hallownest","Hermit","Highlight Path","Hubris","Infinite Spire","Jorbs\u0027s Wanderer Trilogy","Mimic Mod","Minty Spire (QoL Compilation)","Permanent Neow","Quick Restart","Random Character Button","Relic Sorter","Relic Stats","Replay The Spire","Shop Mod","Spicy Shops","StSLib","The Animator","The Construct","The Cursed","The Disciple","The Jungle","The Mystic","The Necromancer","The Runesmith","Trackpad","everything is the same but u backflip on backflip"],"gold_per_floor":[118,118,118,118,193,223,223,233,233,265,265,294,294,327,327,429,429,449,449,465,465,246,246,274,274,274,288,313,323,723,723,723,723,723],"floor_reached":33,"language":"ENG","playtime":1089,"items_purged":["construct:Defend_Gold"],"score":353,"play_id":"8684d5ba-7c13-473c-bed8-b712b5010a70","local_time":"20210221144229","is_ascension_mode":true,"campfire_choices":[{"data":"construct:SweepLaser+1","floor":7,"key":"SMITH"},{"floor":11,"key":"REST"},{"data":"construct:AttackMode","floor":15,"key":"SMITH"},{"data":"1","floor":23,"key":"LIFT"},{"data":"construct:SweepLaser","floor":25,"key":"SMITH"},{"floor":32,"key":"RECALL"}],"circlet_count":0,"master_deck":["construct:Strike_Gold+1","construct:Strike_Gold","construct:Strike_Gold","construct:Strike_Gold+1","construct:Strike_Gold","construct:Defend_Gold","construct:Defend_Gold","construct:Defend_Gold","construct:Defend_Gold","construct:AttackMode+1","construct:DefenseMode","Survey Options","construct:SweepLaser+2","Replay:Fractal Strike","construct:ClockworkEgg","construct:SweepLaser+1","construct:ForceCore"],"relics":["construct:ClockworkPhoenix","Gambling Chip","Meat on the Bone","Replay:Ringing Soul","HornCleat","hubris:Backtick","Girya","Nloth\u0027s Gift","Tiny Chest","Happy Flower","hubris:DisguiseKit","Old Coin","Garlic"],"acts_visited":["Exordium","TheCity"],"potions_floor_usage":[14,30,30],"damage_taken":[{"damage":9,"enemies":"Jaw Worm","floor":1,"turns":3},{"damage":16,"enemies":"Gremlin Nob","floor":6,"turns":3},{"damage":0,"enemies":"2 Louse","floor":8,"turns":1},{"damage":20,"enemies":"Lagavulin","floor":10,"turns":4},{"damage":16,"enemies":"Gremlin Nob","floor":12,"turns":3},{"damage":10,"enemies":"3 Sentries","floor":14,"turns":3},{"damage":26,"enemies":"Hexaghost","floor":16,"turns":5},{"damage":0,"enemies":"3 Byrds","floor":18,"turns":4},{"damage":0,"enemies":"Spheric Guardian","floor":20,"turns":3},{"damage":41,"enemies":"Slavers","floor":24,"turns":4},{"damage":34,"enemies":"Snake Plant","floor":27,"turns":3},{"damage":18,"enemies":"Gremlin Leader","floor":28,"turns":3},{"damage":6,"enemies":"Shelled Parasite and Fungi","floor":29,"turns":3},{"damage":16,"enemies":"Colosseum Slavers","floor":30,"turns":2},{"damage":6,"enemies":"Colosseum Nobs","floor":30,"turns":3},{"damage":44,"enemies":"conspire:MysteriousRune","floor":33,"turns":4}],"seed_played":"-3971735165019382758","potions_obtained":[{"floor":10,"key":"PowerPotion"},{"floor":12,"key":"Death Potion"},{"floor":27,"key":"Fire Potion"},{"floor":29,"key":"PowerPotion"},{"floor":30,"key":"Energy Potion"}],"is_trial":false,"path_per_floor":["M","?","?","?","?","E","R","M","T","E","R","E","?","E","R","B",null,"M","?","M","?","$","R","E","R","T","M","E","M","?","?","R","B"],"character_chosen":"THE_CONSTRUCT_MOD","items_purchased":["Tiny Chest"],"campfire_rested":1,"item_purchase_floors":[22],"current_hp_per_floor":[76,76,76,56,45,29,29,29,29,21,46,42,42,44,44,33,88,91,91,91,91,91,91,50,50,50,28,22,31,33,33,33,0,0],"gold":723,"neow_bonus":"RANDOM_COLORLESS","is_daily":false,"chose_seed":false,"campfire_upgraded":3,"win_rate":0.0,"timestamp":1613940149,"path_taken":["M","?","?","?","?","E","R","?","T","E","R","E","?","E","R","BOSS","M","?","M","?","$","R","E","R","T","?","E","M","?","?","R","BOSS"],"items_purchased_type":["Relic"],"build_version":"2020-12-22","purchased_purges":1,"victory":false,"max_hp_per_floor":[85,85,85,85,85,85,85,85,85,85,85,85,85,85,85,88,88,91,91,91,91,91,91,91,91,91,91,91,94,94,94,94,94,94],"relic_stats":{"Happy Flower":[6],"counters":[16,51],"Gambling Chip":[46],"Tiny Chest":0,"Nloth\u0027s Gift":2,"obtain_stats":[{"Girya":17,"hubris:DisguiseKit":28,"Happy Flower":24,"Whetstone":14,"construct:ClockworkPhoenix":0,"Old Coin":30,"Replay:Ringing Soul":10,"HornCleat":12,"hubris:Backtick":17,"Gambling Chip":6,"Tiny Chest":22,"Nloth\u0027s Gift":21,"Garlic":30,"Meat on the Bone":9},{"Girya":7,"hubris:DisguiseKit":12,"Happy Flower":10,"Whetstone":6,"construct:ClockworkPhoenix":0,"Old Coin":15,"Replay:Ringing Soul":4,"HornCleat":5,"hubris:Backtick":7,"Gambling Chip":2,"Tiny Chest":9,"Nloth\u0027s Gift":9,"Garlic":15,"Meat on the Bone":3},{"Girya":22,"hubris:DisguiseKit":39,"Happy Flower":33,"Whetstone":17,"construct:ClockworkPhoenix":0,"Old Coin":47,"Replay:Ringing Soul":11,"HornCleat":14,"hubris:Backtick":22,"Gambling Chip":6,"Tiny Chest":29,"Nloth\u0027s Gift":29,"Garlic":47,"Meat on the Bone":7}],"Meat on the Bone":108},"card_choices":[{"not_picked":["Replay:Sssssssssshield","Replay:Parry"],"picked":"Survey Options","floor":0},{"not_picked":["construct:ChargeShot","construct:Analyze"],"picked":"construct:SweepLaser","floor":1},{"not_picked":["infinitespire:Menacing","ReplayTheSpireMod:Black Plague"],"picked":"Replay:Fractal Strike","floor":4},{"not_picked":["construct:SyphonStrike","construct:UnbalancingBlast","construct:SuppressiveFire"],"picked":"SKIP","floor":6},{"not_picked":["construct:Versatility","construct:VentSteam","construct:Construct_Overclock"],"picked":"SKIP","floor":8},{"not_picked":["construct:Accumulate","construct:Antimatter","construct:Anticipate"],"picked":"SKIP","floor":10},{"not_picked":["construct:Accumulate","construct:FocusedBeam","construct:Construct_Overclock"],"picked":"SKIP","floor":12},{"not_picked":["construct:ClusterMines","construct:Failsafe","construct:Stasis"],"picked":"SKIP","floor":14},{"not_picked":["construct:ShieldBurst","construct:GoldenBullet"],"picked":"construct:ClockworkEgg","floor":16},{"not_picked":["construct:Antimatter","construct:FlakBarrage"],"picked":"construct:SweepLaser","floor":18},{"not_picked":["construct:SuppressiveFire+1","construct:ElectricArmor","construct:ScrapCannon"],"picked":"SKIP","floor":20},{"not_picked":["construct:Hazardproof+1","construct:Analyze","construct:ClusterMines"],"picked":"SKIP","floor":24},{"not_picked":["construct:SyphonStrike","construct:SweepLaser","construct:BatteryAcid"],"picked":"SKIP","floor":27},{"not_picked":["construct:Zapper","construct:Stasis","construct:GoldenBullet"],"picked":"SKIP","floor":28},{"not_picked":["construct:OneWayMirror","construct:Construct_Overclock","infinitespire:OneForAll"],"picked":"construct:ForceCore","floor":29}],"player_experience":124515,"relics_obtained":[{"floor":6,"key":"Gambling Chip"},{"floor":9,"key":"Meat on the Bone"},{"floor":10,"key":"Replay:Ringing Soul"},{"floor":12,"key":"HornCleat"},{"floor":14,"key":"Whetstone"},{"floor":24,"key":"Happy Flower"},{"floor":28,"key":"hubris:DisguiseKit"},{"floor":30,"key":"Old Coin"},{"floor":30,"key":"Garlic"}],"event_choices":[{"damage_healed":0,"gold_gain":0,"player_choice":"Grow","damage_taken":0,"max_hp_gain":0,"max_hp_loss":0,"event_name":"Living Wall","floor":2,"gold_loss":0,"cards_upgraded":["construct:SweepLaser"]},{"damage_healed":0,"gold_gain":0,"player_choice":"Leave","damage_taken":0,"max_hp_gain":0,"max_hp_loss":0,"event_name":"conspire:Investor","floor":3,"gold_loss":0},{"damage_healed":0,"gold_gain":75,"player_choice":"Gather Gold","damage_taken":11,"max_hp_gain":0,"max_hp_loss":0,"event_name":"World of Goop","floor":5,"gold_loss":0},{"damage_healed":0,"gold_gain":0,"player_choice":"Ignored","damage_taken":0,"max_hp_gain":0,"max_hp_loss":0,"event_name":"Ghosts","floor":19,"gold_loss":0},{"damage_healed":0,"gold_gain":0,"player_choice":"Traded Relic","damage_taken":0,"relics_obtained":["Nloth\u0027s Gift"],"max_hp_gain":0,"max_hp_loss":0,"event_name":"N\u0027loth","floor":21,"relics_lost":["Whetstone"],"gold_loss":0},{"damage_healed":0,"gold_gain":0,"player_choice":"Fight","damage_taken":0,"max_hp_gain":0,"max_hp_loss":0,"event_name":"Colosseum","floor":30,"gold_loss":0},{"damage_healed":0,"gold_gain":0,"player_choice":"Fought Nobs","damage_taken":0,"max_hp_gain":0,"max_hp_loss":0,"event_name":"Colosseum","floor":30,"gold_loss":0}],"is_beta":false,"boss_relics":[{"not_picked":["bronze:MakeshiftBattery","Replay:Fungal Core"],"picked":"hubris:Backtick"}],"items_purged_floors":[22],"is_endless":false,"potions_floor_spawned":[10,12,27,29,30],"killed_by":"conspire:MysteriousRune","ascension_level":3}}