{"host":"birdoosa9v9yfc1w","time":1613890073,"event":{"mods":["2.2 Compatiblity","BaseMod","Bestiary","Bossed Relics","Colored Map","Colored Powertips","Dark Map","Highlight Path","Minty Spire (QoL Compilation)","Relic Filter","SacredBarkPlus","Small Relic Pack","StSLib","Thrall Mod"],"gold_per_floor":[169,180,180,280,296,381,393,393,419,448,467,500,523,547,559,671,683,760,140,209,209,221,300,300,375,375,375,459,384,384,453,453,554,554,615,1614,1228,1228,1289,1289,1321,1321,1321,1321,1321,722,722,733,733,733,733,733,122,204,204],"floor_reached":56,"language":"ENG","playtime":3090,"items_purged":["Defend_Thrall","Normality","Normality","Strike_Thrall"],"score":1473,"play_id":"6a43d98d-e0c8-4609-9400-bfa91051d5dd","local_time":"20210221014753","is_ascension_mode":true,"campfire_choices":[{"floor":8,"key":"REST"},{"data":"Earthshock","floor":15,"key":"SMITH"},{"floor":24,"key":"REST"},{"data":"Flametonguetotem","floor":27,"key":"SMITH"},{"data":"Jinyu","floor":32,"key":"SMITH"},{"floor":40,"key":"RECALL"},{"data":"Vitalitytotem","floor":42,"key":"SMITH"},{"data":"Airelemental","floor":45,"key":"SMITH"},{"data":"Strike_Thrall","floor":47,"key":"SMITH"},{"data":"Shudderwock","floor":49,"key":"SMITH"},{"data":"Frostshock","floor":52,"key":"SMITH"}],"circlet_count":0,"master_deck":["Strike_Thrall","Strike_Thrall","Strike_Thrall+1","Strike_Thrall+1","Defend_Thrall+1","Defend_Thrall+1","Defend_Thrall","Defend_Thrall","Lightningbolt","Thecoin","Rumblingelemental+1","Dustdevil","Crackle","Zap","Witchsapprentice","Jinyu+1","Earthshock+1","Lavaburst","Beakeredlightning","Eternalsentinel","Ancestralknow","Thinking Ahead","Rumblingelemental","Manatidetotem","Drakkaridefender","Thingfrombelow","Flametonguetotem+1","Devolve+1","Frostshock","Tunneltrogg","Jadecheiftain","Vitalitytotem+1","Airelemental+1","Metamorphosis","Menacingnimbus","Witchsapprentice+1","Hallazeal","Shudderwock+1","Snowfurygiant","Trip","Thinking Ahead","Frostshock+1","Flametonguetotem","Blind","Secret Technique"],"relics":["relicPack:KazumaCape","Torii","War Paint","Blood Vial","MawBank","Tiny House","Membership Card","Bag of Marbles","Lavashock","Happy Flower","Bottled Tornado","Nunchaku","Frozen Eye","Smiling Mask","Velvet Choker","Eternal Feather","TheAbacus","Lantern","relicPack:OneForAll","Lee\u0027s Waffle","Dead Branch","Blue Candle","Shuriken","PrismaticShard","Boot"],"acts_visited":["Exordium","TheCity","TheBeyond","TheEnding"],"potions_floor_usage":[7,10,11,23,25,28,50,53,55,55],"damage_taken":[{"damage":4,"enemies":"Cultist","floor":1,"turns":5},{"damage":11,"enemies":"Jaw Worm","floor":2,"turns":4},{"damage":0,"enemies":"2 Louse","floor":5,"turns":2},{"damage":14,"enemies":"Gremlin Nob","floor":6,"turns":3},{"damage":1,"enemies":"Exordium Thugs","floor":7,"turns":3},{"damage":10,"enemies":"Lagavulin","floor":10,"turns":5},{"damage":0,"enemies":"Gremlin Gang","floor":11,"turns":4},{"damage":14,"enemies":"Gremlin Nob","floor":12,"turns":3},{"damage":11,"enemies":"Large Slime","floor":13,"turns":8},{"damage":9,"enemies":"3 Louse","floor":14,"turns":4},{"damage":6,"enemies":"Hexaghost","floor":16,"turns":7},{"damage":6,"enemies":"3 Byrds","floor":18,"turns":6},{"damage":14,"enemies":"Shell Parasite","floor":20,"turns":3},{"damage":21,"enemies":"Shelled Parasite and Fungi","floor":22,"turns":4},{"damage":18,"enemies":"Gremlin Leader","floor":23,"turns":4},{"damage":9,"enemies":"Slavers","floor":25,"turns":9},{"damage":28,"enemies":"Gremlin Leader","floor":28,"turns":8},{"damage":14,"enemies":"Centurion and Healer","floor":31,"turns":13},{"damage":32,"enemies":"Automaton","floor":33,"turns":10},{"damage":0,"enemies":"Orb Walker","floor":35,"turns":2},{"damage":36,"enemies":"3 Shapes","floor":39,"turns":3},{"damage":12,"enemies":"Nemesis","floor":41,"turns":5},{"damage":15,"enemies":"Maw","floor":48,"turns":6},{"damage":70,"enemies":"Time Eater","floor":50,"turns":9},{"damage":8,"enemies":"Shield and Spear","floor":54,"turns":3},{"damage":37,"enemies":"The Heart","floor":55,"turns":6}],"seed_played":"1472685353020127893","potions_obtained":[{"floor":1,"key":"DistilledChaos"},{"floor":6,"key":"Swift Potion"},{"floor":10,"key":"Fire Potion"},{"floor":13,"key":"FairyPotion"},{"floor":18,"key":"LiquidBronze"},{"floor":23,"key":"Keypotion"},{"floor":33,"key":"EssenceOfSteel"},{"floor":39,"key":"Ancient Potion"},{"floor":41,"key":"SkillPotion"},{"floor":54,"key":"LiquidBronze"}],"is_trial":false,"path_per_floor":["M","M","?","?","M","E","M","R","T","E","M","E","M","M","R","B",null,"M","$","M","?","M","E","R","E","T","R","E","?","?","M","R","B",null,"M","?","$","?","M","R","E","R","T","?","R","$","R","M","R","B",null,"R","$","E","B",null],"character_chosen":"THRALL","items_purchased":["Membership Card","Bag of Marbles","Lavashock","Eternalsentinel","Ancestralknow","Thinking Ahead","Rumblingelemental","Vitalitytotem","Eternal Feather","TheAbacus","Airelemental","Metamorphosis","Hallazeal","Lee\u0027s Waffle","Dead Branch","Shudderwock","Snowfurygiant","Trip","Thinking Ahead","Flametonguetotem","Blue Candle","Shuriken","PrismaticShard","Blind","Secret Technique","Fruit Juice","DistilledChaos"],"campfire_rested":2,"item_purchase_floors":[19,19,19,19,19,19,19,37,37,37,37,37,46,46,46,46,46,46,46,53,53,53,53,53,53,53,53],"current_hp_per_floor":[66,55,41,41,41,27,26,47,47,37,39,27,33,31,31,32,70,64,64,57,44,30,19,41,44,44,44,23,23,23,31,31,8,75,75,75,75,75,39,60,53,74,74,74,75,82,82,79,82,70,82,82,87,79,87],"gold":204,"neow_bonus":"BOSS_RELIC","is_daily":false,"chose_seed":false,"campfire_upgraded":8,"win_rate":0.0,"timestamp":1613890073,"path_taken":["M","?","?","?","M","E","?","R","T","E","?","E","M","M","R","BOSS","M","$","?","?","M","E","R","E","T","R","E","?","?","M","R","BOSS","M","?","$","?","M","R","E","R","T","?","R","$","R","M","R","BOSS","R","$","E","BOSS"],"items_purchased_type":["Relic","Relic","Relic","Card","Card","Card","Card","Card","Relic","Relic","Card","Card","Card","Relic","Relic","Card","Card","Card","Card","Card","Relic","Relic","Relic","Card","Card","Potion","Potion"],"build_version":"2020-12-22","purchased_purges":4,"victory":true,"max_hp_per_floor":[70,70,70,70,70,70,70,70,70,70,70,70,70,70,70,70,70,70,70,70,75,75,75,75,75,75,75,75,75,75,75,75,75,75,75,75,75,75,75,75,75,75,75,75,75,82,82,82,82,82,82,82,87,87,87],"card_choices":[{"not_picked":["Beakeredlightning","Elementaryreaction"],"picked":"Rumblingelemental","floor":1},{"not_picked":["Fireelemental","Jadelightning","Cryostasis"],"picked":"SKIP","floor":2},{"not_picked":["Volcano","Earthelemental"],"picked":"Murksparkeel","floor":5},{"not_picked":["Healingrain","Cryostasis"],"picked":"Dustdevil","floor":6},{"not_picked":["Jadelightning","Fireelemental"],"picked":"Crackle","floor":7},{"not_picked":["Reincarnate","Fireelemental"],"picked":"Zap","floor":10},{"not_picked":["Lightningbolt","Forkedlightning"],"picked":"Witchsapprentice","floor":11},{"not_picked":["Whiteeyes","Hex"],"picked":"Jinyu","floor":12},{"not_picked":["Rockbiter","Thecoin","Jadecheiftain"],"picked":"SKIP","floor":13},{"not_picked":["Crackle","Dustdevil"],"picked":"Earthshock","floor":14},{"not_picked":["Thestormbringer","Whiteeyes"],"picked":"Lavaburst","floor":16},{"not_picked":["Thecoin","Spiritofthefrog"],"picked":"Beakeredlightning","floor":18},{"not_picked":["Farsight","Jadecheiftain"],"picked":"Manatidetotem","floor":20},{"not_picked":["Cryostasis+1","Manatidetotem"],"picked":"Drakkaridefender","floor":22},{"not_picked":["Tidalsurge","Farsight"],"picked":"Thingfrombelow","floor":23},{"not_picked":["Wartbringer","Lightningbolt"],"picked":"Flametonguetotem","floor":25},{"not_picked":["Forkedlightning","Drakkaridefender"],"picked":"Devolve+1","floor":28},{"not_picked":["Blazing","Jadecheiftain"],"picked":"Frostshock","floor":31},{"not_picked":["Lavaburst","Unstable"],"picked":"Tunneltrogg","floor":33},{"not_picked":["Zap+1","Spiritofthefrog+1"],"picked":"Jadecheiftain","floor":35},{"not_picked":["Reincarnate","Forkedlightning+1"],"picked":"Menacingnimbus","floor":39},{"not_picked":["Thecoin","Rockbiter+1"],"picked":"Witchsapprentice+1","floor":41},{"not_picked":["Witchsapprentice","Wartbringer"],"picked":"Frostshock","floor":48},{"not_picked":["Aggregate+1","Uppercut","Cold Snap+1"],"picked":"SKIP","floor":54}],"player_experience":626899,"relics_obtained":[{"floor":6,"key":"Torii"},{"floor":9,"key":"War Paint"},{"floor":10,"key":"Blood Vial"},{"floor":12,"key":"MawBank"},{"floor":23,"key":"Happy Flower"},{"floor":25,"key":"Bottled Tornado"},{"floor":26,"key":"Nunchaku"},{"floor":28,"key":"Frozen Eye"},{"floor":41,"key":"Lantern"},{"floor":54,"key":"Boot"}],"event_choices":[{"damage_healed":0,"gold_gain":0,"player_choice":"Entered Light","damage_taken":14,"max_hp_gain":0,"max_hp_loss":0,"event_name":"Shining Light","floor":3,"gold_loss":0,"cards_upgraded":["Rumblingelemental","Strike_Thrall"]},{"damage_healed":0,"gold_gain":100,"player_choice":"Pray","damage_taken":0,"max_hp_gain":0,"max_hp_loss":0,"event_name":"Golden Shrine","floor":4,"gold_loss":0},{"damage_healed":0,"gold_gain":0,"player_choice":"Shed Blood","damage_taken":18,"max_hp_gain":5,"max_hp_loss":0,"event_name":"Forgotten Altar","floor":21,"gold_loss":0},{"cards_removed":["Murksparkeel"],"damage_healed":0,"gold_gain":0,"player_choice":"Gave Gold","damage_taken":0,"max_hp_gain":0,"max_hp_loss":0,"event_name":"Beggar","floor":29,"gold_loss":75},{"damage_healed":0,"gold_gain":0,"player_choice":"Opened","damage_taken":0,"relics_obtained":["Smiling Mask"],"max_hp_gain":0,"max_hp_loss":0,"event_name":"The Mausoleum","floor":30,"gold_loss":0},{"damage_healed":0,"gold_gain":999,"player_choice":"Gold","damage_taken":0,"max_hp_gain":0,"max_hp_loss":0,"event_name":"MindBloom","floor":36,"gold_loss":0,"cards_obtained":["Normality","Normality"]}],"is_beta":false,"boss_relics":[{"not_picked":["Ice Cream","Ectoplasm"],"picked":"Tiny House"},{"not_picked":["Fusion Hammer","SacredBark"],"picked":"Velvet Choker"}],"items_purged_floors":[19,37,46,53],"is_endless":false,"potions_floor_spawned":[1,6,10,13,14,18,23,33,39,41,54],"ascension_level":2}}