{"host":"en4narc5947t7k9n","time":1613919854,"event":{"mods":["AchievementEnabler","BaseMod","Colored Map","Minty Spire (QoL Compilation)","SuperFastMode"],"gold_per_floor":[118,118,130,130,130,158,158,174,174,174,193,209,220,231,231,327,327,341,0,19,19,19,19,36,36,59,59,76,56,56,73,73,73,73],"floor_reached":33,"language":"KOR","playtime":2106,"items_purged":["Defend_G"],"score":274,"play_id":"ea945fb1-95e0-449f-95b7-0035aff6323b","local_time":"20210222000414","is_ascension_mode":false,"campfire_choices":[{"floor":7,"key":"RECALL"},{"data":"Distraction","floor":10,"key":"SMITH"},{"data":"Storm of Steel","floor":15,"key":"SMITH"},{"data":"Adrenaline","floor":23,"key":"SMITH"},{"floor":32,"key":"REST"}],"circlet_count":0,"master_deck":["Strike_G","Defend_G","Defend_G","Defend_G","Defend_G","Survivor","Neutralize","Calculated Gamble+1","Deadly Poison","Distraction+1","Blade Dance","Dodge and Roll","Backflip","Storm of Steel+1","Deadly Poison","Adrenaline+1","Backstab+1","Setup+1","Dagger Spray+1","Finisher+1","Noxious Fumes","Flechettes","Endless Agony+1","Expertise","Doppelganger","Calculated Gamble"],"relics":["Ring of the Snake","NeowsBlessing","Pantograph","Juzu Bracelet","Nloth\u0027s Gift","MealTicket","Nilry\u0027s Codex"],"acts_visited":["Exordium","TheCity"],"potions_floor_usage":[16,16,31,33,33],"damage_taken":[{"damage":0,"enemies":"Small Slimes","floor":1,"turns":1},{"damage":0,"enemies":"Cultist","floor":3,"turns":1},{"damage":0,"enemies":"Gremlin Nob","floor":6,"turns":1},{"damage":0,"enemies":"2 Louse","floor":8,"turns":3},{"damage":6,"enemies":"Blue Slaver","floor":11,"turns":3},{"damage":7,"enemies":"Exordium Thugs","floor":12,"turns":5},{"damage":2,"enemies":"Looter","floor":13,"turns":3},{"damage":3,"enemies":"Red Slaver","floor":14,"turns":4},{"damage":41,"enemies":"Hexaghost","floor":16,"turns":8},{"damage":13,"enemies":"Shell Parasite","floor":18,"turns":6},{"damage":0,"enemies":"Spheric Guardian","floor":20,"turns":1},{"damage":27,"enemies":"Snake Plant","floor":24,"turns":4},{"damage":13,"enemies":"3 Cultists","floor":28,"turns":4},{"damage":11,"enemies":"Snecko","floor":31,"turns":5},{"damage":89,"enemies":"Champ","floor":33,"turns":10}],"seed_played":"6222755241384382520","potions_obtained":[{"floor":6,"key":"BlessingOfTheForge"},{"floor":8,"key":"PowerPotion"},{"floor":11,"key":"AttackPotion"},{"floor":13,"key":"FairyPotion"},{"floor":28,"key":"ColorlessPotion"},{"floor":29,"key":"DuplicationPotion"},{"floor":31,"key":"LiquidMemories"}],"is_trial":false,"path_per_floor":["M","$","M","?","?","E","R","M","T","R","M","M","M","M","R","B",null,"M","$","M","?","?","R","M","?","T","$","M","?","?","M","R","B"],"character_chosen":"THE_SILENT","items_purchased":["Noxious Fumes","Flechettes","Juzu Bracelet"],"campfire_rested":1,"item_purchase_floors":[19,19,19],"current_hp_per_floor":[70,70,70,75,75,75,75,75,75,75,69,62,60,57,57,34,75,62,62,62,62,62,62,35,21,21,36,23,23,7,24,48,0,0],"gold":73,"neow_bonus":"THREE_ENEMY_KILL","is_daily":false,"chose_seed":false,"campfire_upgraded":3,"win_rate":0.0,"timestamp":1613919854,"path_taken":["M","$","M","?","?","E","R","M","T","R","M","?","M","M","R","BOSS","M","$","M","?","?","R","M","?","T","$","M","?","?","M","R","BOSS"],"items_purchased_type":["Card","Card","Relic"],"build_version":"2020-12-22","purchased_purges":1,"victory":false,"max_hp_per_floor":[70,70,70,75,75,75,75,75,75,75,75,75,75,75,75,75,75,75,75,75,75,75,75,75,80,80,80,80,80,80,80,80,80,80],"card_choices":[{"not_picked":["Deflect","Dagger Throw"],"picked":"Calculated Gamble","floor":1},{"not_picked":["Cloak And Dagger","Prepared"],"picked":"Deadly Poison","floor":3},{"not_picked":["Heel Hook","Dagger Spray"],"picked":"Distraction","floor":6},{"not_picked":["Slice","Infinite Blades"],"picked":"Blade Dance","floor":8},{"not_picked":["Deadly Poison","Underhanded Strike"],"picked":"Dodge and Roll","floor":11},{"not_picked":["Dash","Flying Knee"],"picked":"Backflip","floor":12},{"not_picked":["Skewer","Masterful Stab"],"picked":"Storm of Steel","floor":13},{"not_picked":["Outmaneuver","Dagger Spray"],"picked":"Deadly Poison","floor":14},{"not_picked":["Tools of the Trade","Burst"],"picked":"Adrenaline","floor":16},{"not_picked":["Sucker Punch+1","PiercingWail"],"picked":"Finisher+1","floor":18},{"not_picked":["Tactician","Outmaneuver"],"picked":"Endless Agony+1","floor":20},{"not_picked":["Endless Agony","Outmaneuver"],"picked":"Expertise","floor":24},{"not_picked":["Slice","Outmaneuver"],"picked":"Doppelganger","floor":28},{"not_picked":["Cloak And Dagger","Noxious Fumes"],"picked":"Calculated Gamble","floor":31}],"player_experience":131887,"relics_obtained":[{"floor":6,"key":"Pantograph"},{"floor":26,"key":"MealTicket"},{"floor":30,"key":"Nilry\u0027s Codex"}],"event_choices":[{"damage_healed":0,"gold_gain":0,"player_choice":"Donut","damage_taken":0,"max_hp_gain":5,"max_hp_loss":0,"event_name":"Big Fish","floor":4,"gold_loss":0},{"damage_healed":0,"gold_gain":0,"player_choice":"Upgraded","damage_taken":0,"max_hp_gain":0,"max_hp_loss":0,"event_name":"Upgrade Shrine","floor":5,"gold_loss":0,"cards_upgraded":["Calculated Gamble"]},{"cards_removed":["Strike_G"],"damage_healed":0,"gold_gain":0,"player_choice":"Elegance","damage_taken":0,"max_hp_gain":0,"max_hp_loss":0,"event_name":"Back to Basics","floor":21,"gold_loss":0},{"damage_healed":0,"gold_gain":0,"player_choice":"Traded Relic","damage_taken":0,"relics_obtained":["Nloth\u0027s Gift"],"max_hp_gain":0,"max_hp_loss":0,"event_name":"N\u0027loth","floor":22,"relics_lost":["Astrolabe"],"gold_loss":0},{"damage_healed":0,"gold_gain":0,"player_choice":"Shed Blood","damage_taken":19,"max_hp_gain":5,"max_hp_loss":0,"event_name":"Forgotten Altar","floor":25,"gold_loss":0},{"damage_healed":0,"gold_gain":0,"player_choice":"Bought 1 Potion","damage_taken":0,"max_hp_gain":0,"max_hp_loss":0,"event_name":"The Woman in Blue","floor":29,"gold_loss":0},{"damage_healed":0,"gold_gain":0,"player_choice":"Obtained Book","damage_taken":16,"max_hp_gain":0,"max_hp_loss":0,"event_name":"Cursed Tome","floor":30,"gold_loss":0}],"is_beta":false,"boss_relics":[{"not_picked":["Sozu","Fusion Hammer"],"picked":"Astrolabe"}],"items_purged_floors":[19],"is_endless":false,"potions_floor_spawned":[6,8,11,13,28,31],"killed_by":"Champ","ascension_level":0}}