{"host":"oj1wqp41zfsetb5p","time":1613885525,"event":{"mods":["AchievementEnabler","BaseMod","Colored Map","Minty Spire (QoL Compilation)","Relic Stats","StSLib"],"gold_per_floor":[114,189,208,208,227,227,247,10,10,23,37,62,81,100,100,204,204,220,160,172,189,189,222,222,254,254,254,264,34,34,62,62,62,62],"floor_reached":33,"language":"ENG","playtime":3135,"items_purged":["Eviscerate"],"score":332,"play_id":"49f21522-1530-4e19-838d-083e2486d024","local_time":"20210221163205","is_ascension_mode":true,"campfire_choices":[{"data":"Leg Sweep","floor":6,"key":"SMITH"},{"floor":15,"key":"REST"},{"floor":24,"key":"REST"},{"data":"Noxious Fumes","floor":27,"key":"SMITH"},{"data":"Survivor","floor":30,"key":"SMITH"},{"data":"Adrenaline","floor":32,"key":"SMITH"}],"circlet_count":0,"master_deck":["Strike_G","Strike_G","Strike_G","Strike_G","Defend_G","Defend_G","Defend_G","Defend_G","Survivor+1","Neutralize+1","Leg Sweep+1","Heel Hook","Magnetism+1","Noxious Fumes+1","Backstab","Blur","Corpse Explosion","PiercingWail+1","After Image","Dagger Throw+1","Catalyst","Adrenaline+1","Deadly Poison"],"relics":["Ring of the Snake","NeowsBlessing","Mango","Ornamental Fan","SlaversCollar","Mercury Hourglass","MealTicket","Blood Vial","Juzu Bracelet","Red Mask"],"acts_visited":["Exordium","TheCity"],"potions_floor_usage":[12,12,31,33,33],"damage_taken":[{"damage":0,"enemies":"Jaw Worm","floor":1,"turns":1},{"damage":0,"enemies":"Cultist","floor":3,"turns":1},{"damage":0,"enemies":"Small Slimes","floor":5,"turns":1},{"damage":0,"enemies":"Red Slaver","floor":7,"turns":5},{"damage":3,"enemies":"Large Slime","floor":10,"turns":9},{"damage":2,"enemies":"3 Louse","floor":11,"turns":4},{"damage":18,"enemies":"Gremlin Nob","floor":12,"turns":5},{"damage":1,"enemies":"Gremlin Gang","floor":13,"turns":6},{"damage":15,"enemies":"Exordium Wildlife","floor":14,"turns":8},{"damage":6,"enemies":"Hexaghost","floor":16,"turns":13},{"damage":14,"enemies":"3 Byrds","floor":18,"turns":4},{"damage":13,"enemies":"Spheric Guardian","floor":20,"turns":6},{"damage":17,"enemies":"Snake Plant","floor":21,"turns":7},{"damage":16,"enemies":"Gremlin Leader","floor":23,"turns":6},{"damage":18,"enemies":"Slavers","floor":25,"turns":3},{"damage":8,"enemies":"Centurion and Healer","floor":28,"turns":5},{"damage":2,"enemies":"Masked Bandits","floor":31,"turns":3},{"damage":56,"enemies":"Champ","floor":33,"turns":8}],"seed_played":"6830476315345135993","potions_obtained":[{"floor":3,"key":"Weak Potion"},{"floor":10,"key":"BlessingOfTheForge"},{"floor":11,"key":"SkillPotion"},{"floor":18,"key":"Strength Potion"},{"floor":20,"key":"FearPotion"},{"floor":28,"key":"DistilledChaos"}],"is_trial":false,"path_per_floor":["M","?","M","?","M","R","M","$","T","M","M","E","M","M","R","B",null,"M","?","M","M","?","E","R","E","T","R","M","$","R","?","R","B"],"character_chosen":"THE_SILENT","items_purchased":["Magnetism","Explosive Potion","Juzu Bracelet"],"campfire_rested":2,"item_purchase_floors":[8,8,29],"current_hp_per_floor":[70,59,59,59,59,59,59,59,73,70,68,50,49,34,59,53,84,70,70,57,40,40,24,49,31,31,31,25,40,40,40,40,0,0],"gold":62,"neow_bonus":"THREE_ENEMY_KILL","is_daily":false,"chose_seed":false,"campfire_upgraded":4,"win_rate":0.0,"timestamp":1613885525,"path_taken":["M","?","M","?","M","R","M","$","T","?","M","E","M","?","R","BOSS","M","?","?","M","?","E","R","E","T","R","M","$","R","?","R","BOSS"],"items_purchased_type":["Card","Potion","Relic"],"build_version":"2020-12-22","purchased_purges":1,"victory":false,"max_hp_per_floor":[70,70,70,70,70,70,70,70,84,84,84,84,84,84,84,84,84,84,84,84,84,84,84,84,84,84,84,84,84,84,84,84,84,84],"relic_stats":{"Blood Vial":6,"counters":[18,94],"Ornamental Fan":[80],"MealTicket":15,"Juzu Bracelet":1,"obtain_stats":[{"Blood Vial":26,"SlaversCollar":17,"NeowsBlessing":0,"Ornamental Fan":12,"Mango":9,"MealTicket":25,"Juzu Bracelet":29,"Red Mask":31,"Ring of the Snake":0,"Mercury Hourglass":23},{"Blood Vial":15,"SlaversCollar":10,"NeowsBlessing":0,"Ornamental Fan":7,"Mango":4,"MealTicket":15,"Juzu Bracelet":16,"Red Mask":17,"Ring of the Snake":0,"Mercury Hourglass":14},{"Blood Vial":78,"SlaversCollar":53,"NeowsBlessing":0,"Ornamental Fan":26,"Mango":8,"MealTicket":78,"Juzu Bracelet":83,"Red Mask":86,"Ring of the Snake":0,"Mercury Hourglass":76}],"Ring of the Snake":[36],"Mercury Hourglass":[86]},"card_choices":[{"not_picked":["Slice","Escape Plan","Acrobatics"],"picked":"SKIP","floor":1},{"not_picked":["Distraction","Catalyst"],"picked":"Leg Sweep","floor":3},{"not_picked":["Riddle With Holes","Outmaneuver","Infinite Blades"],"picked":"SKIP","floor":5},{"not_picked":["Slice","Backflip"],"picked":"Heel Hook","floor":7},{"not_picked":["Dodge and Roll","Die Die Die"],"picked":"Noxious Fumes","floor":10},{"not_picked":["Acrobatics","Tactician"],"picked":"Backstab","floor":11},{"not_picked":["PiercingWail","Acrobatics"],"picked":"Blur","floor":12},{"not_picked":["PiercingWail","Flying Knee","Quick Slash"],"picked":"SKIP","floor":13},{"not_picked":["Dodge and Roll","Slice","PiercingWail"],"picked":"SKIP","floor":14},{"not_picked":["Tools of the Trade","After Image"],"picked":"Corpse Explosion","floor":16},{"not_picked":["Riddle With Holes","Dodge and Roll"],"picked":"PiercingWail+1","floor":18},{"not_picked":["Poisoned Stab","Well Laid Plans"],"picked":"Dagger Throw+1","floor":20},{"not_picked":["Bane+1","Dagger Spray"],"picked":"Catalyst","floor":21},{"not_picked":["Backflip+1","Leg Sweep+1","Choke"],"picked":"SKIP","floor":23},{"not_picked":["Backstab","Riddle With Holes"],"picked":"Adrenaline","floor":25},{"not_picked":["Poisoned Stab","Slice+1","PiercingWail"],"picked":"SKIP","floor":28},{"not_picked":["Deflect","Prepared"],"picked":"Deadly Poison","floor":31}],"player_experience":191504,"relics_obtained":[{"floor":9,"key":"Mango"},{"floor":12,"key":"Ornamental Fan"},{"floor":23,"key":"Mercury Hourglass"},{"floor":25,"key":"MealTicket"},{"floor":26,"key":"Blood Vial"},{"floor":31,"key":"Red Mask"}],"event_choices":[{"damage_healed":0,"gold_gain":75,"player_choice":"Gather Gold","damage_taken":11,"max_hp_gain":0,"max_hp_loss":0,"event_name":"World of Goop","floor":2,"gold_loss":0},{"damage_healed":0,"gold_gain":0,"player_choice":"Upgraded","damage_taken":0,"max_hp_gain":0,"max_hp_loss":0,"event_name":"Upgrade Shrine","floor":4,"gold_loss":0,"cards_upgraded":["Neutralize"]},{"damage_healed":0,"gold_gain":0,"cards_transformed":["Defend_G","Strike_G"],"player_choice":"Transformed Cards","damage_taken":0,"max_hp_gain":0,"max_hp_loss":0,"event_name":"Designer","floor":19,"gold_loss":60,"cards_obtained":["After Image","Eviscerate"]},{"damage_healed":0,"gold_gain":0,"player_choice":"Upgraded","damage_taken":0,"max_hp_gain":0,"max_hp_loss":0,"event_name":"Upgrade Shrine","floor":22,"gold_loss":0,"cards_upgraded":["Magnetism"]},{"damage_healed":0,"gold_gain":0,"player_choice":"Fought Bandits","damage_taken":0,"max_hp_gain":0,"max_hp_loss":0,"event_name":"Masked Bandits","floor":31,"gold_loss":0}],"is_beta":false,"boss_relics":[{"not_picked":["Runic Dome","Coffee Dripper"],"picked":"SlaversCollar"}],"items_purged_floors":[29],"is_endless":false,"potions_floor_spawned":[3,10,11,18,20,28],"killed_by":"Champ","ascension_level":3}}