{"host":"j4g6ia6asvpyu2b0","time":1613937443,"event":{"mods":["BaseMod","Colored Map","Infinite Spire","Minty Spire (QoL Compilation)","Permanent Neow","Quick Restart","Relic Stats","StSLib","Unceasing Turn Reminder"],"gold_per_floor":[115,131,131,144,114,149,149,179,205,205,235,255,255,107,107,203,203,221,62,80,98,110,145,155,155,180,180,180,207,207,226,226,328,328,343,100,110,126,0,32,46,76,99,127,145,145,179,195,195,195,195,195,37,68,68],"floor_reached":56,"language":"ENG","playtime":2710,"items_purged":["Strike_G","Strike_G"],"score":1622,"play_id":"e9262f57-44f4-4a4f-a2f2-31e4bebf1d0d","local_time":"20210221125723","is_ascension_mode":true,"campfire_choices":[{"data":"Blade Dance","floor":10,"key":"SMITH"},{"data":"Footwork","floor":13,"key":"SMITH"},{"floor":15,"key":"REST"},{"data":"Doppelganger","floor":25,"key":"SMITH"},{"data":"After Image","floor":30,"key":"SMITH"},{"data":"Venomology","floor":32,"key":"SMITH"},{"data":"Envenom","floor":46,"key":"SMITH"},{"floor":49,"key":"RECALL"},{"data":"Footwork","floor":52,"key":"SMITH"}],"circlet_count":0,"master_deck":["Strike_G","Strike_G","Defend_G","Defend_G+1","Defend_G","Defend_G","Defend_G","Survivor","Neutralize","After Image+1","Heel Hook","Footwork+1","Flying Knee","Deadly Poison","Blade Dance+1","Poisoned Stab","Doppelganger+1","Backflip","Caltrops","Venomology+1","Blade Dance+1","Footwork+1","Leg Sweep","Flying Knee","Die Die Die","Cloak And Dagger","Tactician+1","Crippling Poison+1","Envenom+1","Deadly Poison+1","Quick Slash+1","Backflip+1","Dagger Throw+1","Calculated Gamble+1","Tactician+1","Catalyst+1","Corpse Explosion","Outmaneuver","Heel Hook","Terror","Leg Sweep+1"],"relics":["Ring of the Snake","Tough Bandages","HornCleat","Akabeko","Oddly Smooth Stone","Runic Pyramid","infinitespire:Beetle Shell","infinitespire:Satchel","Coffee Dripper","Pantograph","Black Star","Medical Kit","Red Mask","StoneCalendar","StrikeDummy","Ninja Scroll","Singing Bowl","Bronze Scales","Potion Belt","infinitespire:CursedDice","Boot","War Paint","infinitespire:Lucky Rock","Pen Nib"],"acts_visited":["Exordium","TheCity","TheBeyond","TheEnding"],"potions_floor_usage":[6,8,11,18,20,21,22,23,23,29,29,31,33,35,37,38,38,40,41,42,44,47,48,50,50,55,55,55,55,55,55,55,55,55,55,55,55,55,55,55,55,55,55,55],"damage_taken":[{"damage":3,"enemies":"Jaw Worm","floor":1,"turns":6},{"damage":0,"enemies":"Cultist","floor":2,"turns":5},{"damage":0,"enemies":"Small Slimes","floor":4,"turns":6},{"damage":1,"enemies":"Looter","floor":5,"turns":4},{"damage":14,"enemies":"Gremlin Nob","floor":6,"turns":4},{"damage":9,"enemies":"3 Sentries","floor":8,"turns":6},{"damage":25,"enemies":"Gremlin Nob","floor":11,"turns":4},{"damage":9,"enemies":"Large Slime","floor":12,"turns":6},{"damage":3,"enemies":"The Guardian","floor":16,"turns":12},{"damage":0,"enemies":"Chosen","floor":18,"turns":3},{"damage":0,"enemies":"Spheric Guardian","floor":20,"turns":8},{"damage":2,"enemies":"Snake Plant","floor":21,"turns":7},{"damage":8,"enemies":"Shelled Parasite and Fungi","floor":22,"turns":8},{"damage":3,"enemies":"Nightmare","floor":23,"turns":9},{"damage":9,"enemies":"Centurion and Healer","floor":24,"turns":10},{"damage":3,"enemies":"Slavers","floor":29,"turns":6},{"damage":1,"enemies":"Chosen and Byrds","floor":31,"turns":3},{"damage":0,"enemies":"Champ","floor":33,"turns":14},{"damage":5,"enemies":"3 Shapes","floor":35,"turns":5},{"damage":1,"enemies":"Orb Walker","floor":37,"turns":3},{"damage":0,"enemies":"Transient","floor":38,"turns":5},{"damage":0,"enemies":"Giant Head","floor":40,"turns":8},{"damage":1,"enemies":"3 Darklings","floor":41,"turns":5},{"damage":0,"enemies":"Nightmare","floor":42,"turns":7},{"damage":0,"enemies":"Reptomancer","floor":44,"turns":5},{"damage":0,"enemies":"4 Shapes","floor":45,"turns":3},{"damage":0,"enemies":"Giant Head","floor":47,"turns":7},{"damage":0,"enemies":"Spire Growth","floor":48,"turns":4},{"damage":8,"enemies":"Awakened One","floor":50,"turns":11},{"damage":26,"enemies":"Shield and Spear","floor":54,"turns":4},{"damage":1,"enemies":"The Heart","floor":55,"turns":9}],"seed_played":"3290056452726461989","potions_obtained":[{"floor":3,"key":"EntropicBrew"},{"floor":3,"key":"Swift Potion"},{"floor":3,"key":"SmokeBomb"},{"floor":6,"key":"SteroidPotion"},{"floor":8,"key":"LiquidMemories"},{"floor":11,"key":"Swift Potion"},{"floor":12,"key":"AttackPotion"},{"floor":18,"key":"LiquidBronze"},{"floor":22,"key":"Poison Potion"},{"floor":29,"key":"FearPotion"},{"floor":38,"key":"AttackPotion"},{"floor":42,"key":"Dexterity Potion"},{"floor":45,"key":"Swift Potion"},{"floor":47,"key":"Ancient Potion"}],"is_trial":false,"path_per_floor":["M","M","?","M","M","E","T","E","T","R","E","M","R","$","R","B",null,"M","$","M","M","M","NM","M","R","T","?","AVR","E","R","M","R","B",null,"M","$","M","M","?","E","M","NM","T","E","M","R","E","M","R","B",null,"R","$","E","B",null],"character_chosen":"THE_SILENT","items_purchased":["Caltrops","Footwork","Leg Sweep","Medical Kit","Heel Hook","Terror"],"campfire_rested":1,"item_purchase_floors":[14,19,19,36,53,53],"current_hp_per_floor":[60,60,60,60,59,45,45,36,36,36,11,2,2,2,20,17,63,63,63,63,61,53,50,41,41,41,41,41,38,38,37,37,62,63,58,58,57,57,57,57,56,56,56,56,58,58,58,58,58,57,65,65,65,39,63],"gold":68,"neow_bonus":"THREE_RARE_CARDS","is_daily":false,"chose_seed":false,"campfire_upgraded":7,"win_rate":0.0,"timestamp":1613937443,"path_taken":["M","M","?","M","?","E","?","E","T","R","E","M","R","?","R","BOSS","M","$","M","M","M","NM","M","R","T","?","AVR","E","R","?","R","BOSS","M","$","?","M","?","E","M","NM","T","E","M","R","E","M","R","BOSS","R","$","E","BOSS"],"items_purchased_type":["Card","Card","Card","Relic","Card","Card"],"build_version":"2020-12-22","purchased_purges":2,"victory":true,"max_hp_per_floor":[63,63,63,63,63,63,63,63,63,63,63,63,63,63,63,63,63,63,63,63,63,63,63,63,63,63,63,63,63,63,63,63,63,63,63,63,63,63,63,63,63,63,63,63,65,65,65,65,65,65,65,65,65,65,65],"relic_stats":{"Singing Bowl":2,"counters":[31,197],"StoneCalendar":[125],"Pen Nib":[3],"War Paint":["Defend_G","Deadly Poison"],"Medical Kit":[2],"Boot":[51],"Tough Bandages":[351],"Pantograph":57,"Bronze Scales":[188],"Black Star":5,"obtain_stats":[{"Potion Belt":44,"Singing Bowl":42,"infinitespire:CursedDice":44,"Oddly Smooth Stone":11,"StoneCalendar":40,"infinitespire:Beetle Shell":23,"Pen Nib":54,"infinitespire:Lucky Rock":54,"War Paint":47,"Medical Kit":36,"Boot":47,"Akabeko":8,"Tough Bandages":6,"HornCleat":7,"Ninja Scroll":42,"Pantograph":29,"Bronze Scales":43,"infinitespire:Satchel":26,"Coffee Dripper":28,"Black Star":34,"Red Mask":39,"StrikeDummy":40,"Ring of the Snake":0,"Runic Pyramid":17},{"Potion Belt":25,"Singing Bowl":24,"infinitespire:CursedDice":25,"Oddly Smooth Stone":7,"StoneCalendar":22,"infinitespire:Beetle Shell":14,"Pen Nib":30,"infinitespire:Lucky Rock":30,"War Paint":27,"Medical Kit":19,"Boot":27,"Akabeko":6,"Tough Bandages":5,"HornCleat":5,"Ninja Scroll":24,"Pantograph":16,"Bronze Scales":24,"infinitespire:Satchel":15,"Coffee Dripper":15,"Black Star":18,"Red Mask":21,"StrikeDummy":22,"Ring of the Snake":0,"Runic Pyramid":9},{"Potion Belt":159,"Singing Bowl":154,"infinitespire:CursedDice":159,"Oddly Smooth Stone":35,"StoneCalendar":142,"infinitespire:Beetle Shell":88,"Pen Nib":188,"infinitespire:Lucky Rock":188,"War Paint":169,"Medical Kit":126,"Boot":169,"Akabeko":31,"Tough Bandages":25,"HornCleat":25,"Ninja Scroll":154,"Pantograph":104,"Bronze Scales":154,"infinitespire:Satchel":98,"Coffee Dripper":98,"Black Star":121,"Red Mask":134,"StrikeDummy":142,"Ring of the Snake":0,"Runic Pyramid":53}],"Ring of the Snake":[62]},"card_choices":[{"not_picked":["Grand Finale","Malaise"],"picked":"After Image","floor":0},{"not_picked":["Reflex","Slice"],"picked":"Heel Hook","floor":1},{"not_picked":["Concentrate","Acrobatics"],"picked":"Footwork","floor":2},{"not_picked":["Crippling Poison","Footwork"],"picked":"Flying Knee","floor":4},{"not_picked":["Endless Agony","Riddle With Holes"],"picked":"Deadly Poison","floor":5},{"not_picked":["Quick Slash","Tools of the Trade"],"picked":"Blade Dance","floor":6},{"not_picked":["Flechettes","Setup"],"picked":"Poisoned Stab","floor":8},{"not_picked":["Flying Knee","Dodge and Roll"],"picked":"Doppelganger","floor":11},{"not_picked":["Poisoned Stab","Sucker Punch"],"picked":"Backflip","floor":12},{"not_picked":["Phantasmal Killer","Wraith Form v2"],"picked":"Venomology","floor":16},{"not_picked":["Expertise","Poisoned Stab+1"],"picked":"Blade Dance+1","floor":18},{"not_picked":["Underhanded Strike","Expertise+1","Bane"],"picked":"SKIP","floor":20},{"not_picked":["Sucker Punch","Infinite Blades+1","Expertise"],"picked":"SKIP","floor":21},{"not_picked":["Calculated Gamble","Dodge and Roll"],"picked":"Flying Knee","floor":22},{"not_picked":["Dagger Spray","Infinite Blades"],"picked":"Die Die Die","floor":23},{"not_picked":["Dash","Well Laid Plans"],"picked":"Cloak And Dagger","floor":24},{"not_picked":["Predator","PiercingWail+1"],"picked":"Tactician+1","floor":29},{"not_picked":["Poisoned Stab","Distraction"],"picked":"Crippling Poison+1","floor":31},{"not_picked":["Burst","Phantasmal Killer"],"picked":"Envenom","floor":33},{"not_picked":["Prepared","Cloak And Dagger"],"picked":"Deadly Poison","floor":35},{"not_picked":["Dagger Spray+1","Accuracy"],"picked":"Quick Slash+1","floor":37},{"not_picked":["Flying Knee","Tactician"],"picked":"Backflip+1","floor":38},{"not_picked":["Choke","Underhanded Strike"],"picked":"Dagger Throw+1","floor":40},{"not_picked":["Poisoned Stab","Escape Plan"],"picked":"Calculated Gamble+1","floor":41},{"not_picked":["Deflect+1","Quick Slash"],"picked":"Tactician+1","floor":42},{"not_picked":["Flying Knee","Poisoned Stab+1"],"picked":"Catalyst+1","floor":44},{"not_picked":["All Out Attack","Eviscerate","Acrobatics"],"picked":"Singing Bowl","floor":45},{"not_picked":["Tactician+1","Blade Dance"],"picked":"Corpse Explosion","floor":47},{"not_picked":["Leg Sweep","Flying Knee+1"],"picked":"Outmaneuver","floor":48},{"not_picked":["Underhanded Strike","Sucker Punch+1"],"picked":"Leg Sweep+1","floor":54}],"player_experience":1264106,"relics_obtained":[{"floor":6,"key":"Tough Bandages"},{"floor":7,"key":"HornCleat"},{"floor":8,"key":"Akabeko"},{"floor":11,"key":"Oddly Smooth Stone"},{"floor":23,"key":"infinitespire:Beetle Shell"},{"floor":26,"key":"infinitespire:Satchel"},{"floor":29,"key":"Pantograph"},{"floor":40,"key":"StoneCalendar"},{"floor":40,"key":"StrikeDummy"},{"floor":42,"key":"Ninja Scroll"},{"floor":42,"key":"Singing Bowl"},{"floor":43,"key":"Bronze Scales"},{"floor":44,"key":"Potion Belt"},{"floor":44,"key":"infinitespire:CursedDice"},{"floor":47,"key":"Boot"},{"floor":47,"key":"War Paint"},{"floor":54,"key":"infinitespire:Lucky Rock"},{"floor":54,"key":"Pen Nib"}],"event_choices":[{"damage_healed":0,"gold_gain":0,"player_choice":"Got Potions","damage_taken":0,"max_hp_gain":0,"max_hp_loss":0,"event_name":"Lab","floor":3,"gold_loss":0},{"cards_removed":["Strike_G"],"damage_healed":0,"gold_gain":0,"player_choice":"Purged","damage_taken":0,"max_hp_gain":0,"max_hp_loss":0,"event_name":"Purifier","floor":27,"gold_loss":0},{"damage_healed":0,"gold_gain":0,"player_choice":"Paid","damage_taken":0,"relics_obtained":["Red Mask"],"max_hp_gain":0,"max_hp_loss":0,"event_name":"Tomb of Lord Red Mask","floor":39,"gold_loss":126}],"is_beta":false,"boss_relics":[{"not_picked":["Pandora\u0027s Box","Runic Dome"],"picked":"Runic Pyramid"},{"not_picked":["Tiny House","Sozu"],"picked":"Black Star"}],"items_purged_floors":[14,36],"is_endless":false,"potions_floor_spawned":[6,8,11,12,18,22,24,29,38,41,42,45,47],"ascension_level":2}}