{"host":"sxaoifcprvg3ww0o","time":1613922115,"event":{"mods":["ATMod(∞¢Ë™Mod)","Act Like it!","Arknights","BaseMod","Downfall","Gensokyo","GifTheSpireLib","Hermit","KinomotoSakuraMod(ƒæ÷Æ±æ”£)","Marisa£®ÏF”Í°°ƒß¿Ì…≥£©","Minty Spire (QoL Compilation)","Prisma Mod","Quick Restart","Reimu£®≤©¿ˆ¡È√Œ£©","Reliquary","Remilia£®¿Ÿ√◊¿Ú—«£©","Replay The Spire","StSLib","The Alterego","The Senshi","Waifu the Spire","Yakumo Yukari mod","Youmu£®ªÍ∆«—˝√Œ£©","Yuyuko","°æ“≈ŒÔø®≈∆°øREMEMod"],"gold_per_floor":[115,126,126,126,126,126,15,15,15,15,15,15,15,46,46,75,75,149,149,165,182,202,214,13,13,28,28,52,72,72,72],"floor_reached":30,"language":"ZHS","playtime":1339,"items_purged":[],"score":452,"play_id":"94c3fa40-8e64-4059-b435-a2e16d3f5af0","local_time":"20210221234155","is_ascension_mode":true,"campfire_choices":[{"floor":6.0,"key":"RECALL"},{"data":"AT_KingSlayer","floor":10.0,"key":"SMITH"},{"data":"Guardian:ConstructionForm","floor":12.0,"key":"SMITH"},{"data":"AT_CaressingTears","floor":17.0,"key":"SMITH"}],"circlet_count":0,"master_deck":["AscendersBane","Strike_R","Strike_R","Strike_R","Strike_R","Strike_R","Defend_R","Defend_R","Defend_R","Defend_R","Bash","AT_KingSlayer+1","Guardian:ConstructionForm+1","AT_CaressingTears+1","ReplayTheSpireMod:Strike From Hell","AT_DrawKnifeCut","Feel No Pain","Eclipse+1","AT_EmpoweredMortalDraw+1","REME_SingleHolding","AT_BodySlamDance","AT_ShrugMaster","Fire Breathing+1","Gensokyo:Shovel","Gensokyo:TarnishedGold","Gensokyo:BlemishedSteel","Sentinel"],"relics":["Burning Blood","REME_ComplimentaryCards","AT_ATBox","hexamod:CandleOfCauterizing","Omamori","AT_ImmortalShieldbow","Tiny Chest","bronze:BronzeIdol","Golden Egg","AT_SpeedBoots","AT_MortalBlade","Replay:Multitool","Blue Doll","AT_RedTearstoneRing","Frozen Eye","Akabeko"],"acts_visited":["Exordium","Gensokyo:Gensokyo"],"potions_floor_usage":[],"damage_taken":[{"damage":11.0,"enemies":"Gensokyo:3_Fairies","floor":1.0,"turns":7.0},{"damage":4.0,"enemies":"Gensokyo:Python","floor":2.0,"turns":4.0},{"damage":49.0,"enemies":"Gensokyo:Cirno","floor":14.0,"turns":7.0},{"damage":10.0,"enemies":"Gensokyo:Mamizou","floor":16.0,"turns":6.0},{"damage":55.0,"enemies":"Gensokyo:Yukari","floor":18.0,"turns":12.0},{"damage":23.0,"enemies":"Gensokyo:CosmicMonolith","floor":20.0,"turns":3.0},{"damage":2.0,"enemies":"Gensokyo:2_Gloops","floor":21.0,"turns":3.0},{"damage":3.0,"enemies":"Gensokyo:Swordslinger","floor":22.0,"turns":5.0},{"damage":3.0,"enemies":"Gensokyo:3_Gloops","floor":23.0,"turns":3.0},{"damage":0.0,"enemies":"Gensokyo:Mirror_and_Dog","floor":26.0,"turns":1.0},{"damage":22.0,"enemies":"Gensokyo:Chomper_and_Gloop","floor":29.0,"turns":5.0},{"damage":59,"enemies":"Gensokyo:Koishi","floor":30,"turns":6}],"seed_played":"-5382156199301817869","potions_obtained":[{"floor":1.0,"key":"Dexterity Potion"},{"floor":14.0,"key":"Regen Potion"}],"is_trial":false,"path_per_floor":["M","M","?","?","?","R","COS","PTL","PTL","R","T","R","T","E","$","E","R","B",null,"M","M","M","M","COS","?","M","R","T","M","E"],"character_chosen":"IRONCLAD","items_purchased":[],"campfire_rested":0,"item_purchase_floors":[],"current_hp_per_floor":[70,72,52,52,52,52,52,52,52,52,52,52,52,24,24,41,41,31,69,52,56,59,62,62,62,68,68,68,52,0,0],"gold":72,"neow_bonus":"TEN_PERCENT_HP_BONUS","is_daily":false,"chose_seed":false,"campfire_upgraded":3,"win_rate":0.0,"timestamp":1613922115,"path_taken":["M","M","?","?","?","R","COS","PTL","PTL","R","T","R","?","E","?","E","R","BOSS","M","?","M","M","COS","?","M","R","T","M","E"],"items_purchased_type":[],"build_version":"2020-12-22","purchased_purges":0,"victory":false,"max_hp_per_floor":[82,82,82,82,82,82,82,82,82,82,82,82,82,82,82,82,82,82,82,82,82,82,82,82,74,74,74,74,74,74,74],"card_choices":[{"not_picked":["AT_GerminateFire","Headbutt"],"picked":"AT_CaressingTears","floor":1.0},{"not_picked":["Run Through","Body Slam"],"picked":"ReplayTheSpireMod:Strike From Hell","floor":2.0},{"not_picked":["Pommel Strike","Iron Wave"],"picked":"AT_DrawKnifeCut","floor":14.0},{"not_picked":["AT_BodySlamDance","Disarm"],"picked":"Feel No Pain","floor":16.0},{"not_picked":["REME_Fury","Double Tap"],"picked":"Eclipse","floor":18.0},{"not_picked":["True Grit","Havoc"],"picked":"REME_SingleHolding","floor":20.0},{"not_picked":["Iron Wave","Pommel Strike"],"picked":"AT_BodySlamDance","floor":21.0},{"not_picked":["Sever Soul","Thunderclap"],"picked":"AT_ShrugMaster","floor":22.0},{"not_picked":["Wild Strike","Entrench"],"picked":"Fire Breathing+1","floor":23.0},{"not_picked":["Disarm","Clash"],"picked":"Sentinel","floor":26.0},{"not_picked":["Entrench","Second Wind","Cleave"],"picked":"SKIP","floor":29.0}],"player_experience":595632,"relics_obtained":[{"floor":11.0,"key":"AT_ImmortalShieldbow"},{"floor":13.0,"key":"Tiny Chest"},{"floor":14.0,"key":"bronze:BronzeIdol"},{"floor":16.0,"key":"Golden Egg"},{"floor":28.0,"key":"AT_RedTearstoneRing"}],"event_choices":[],"is_beta":false,"boss_relics":[{"not_picked":["ReplayTheSpireMod:DimensionalGlitch","Pandora\u0027s Box"],"picked":"AT_MortalBlade"}],"items_purged_floors":[],"is_endless":false,"potions_floor_spawned":[1,14,26],"killed_by":"Gensokyo:Koishi","ascension_level":20}}