{"host":"8is2j71l4wmybkoi","time":1613913925,"event":{"mods":["AchievementEnabler","BaseMod","Colored Map","DeckTracker","Minty Spire (QoL Compilation)","Rare Cards Sparkle","Relic Stats","StSLib","SuperFastMode"],"gold_per_floor":[109,109,120,140,154,154,9,9,35,35,35,69,69,101,101,172,172,183,196,196,36,0,0,20,20,20,36,63,13,46,61,61,136,136,152,1151,1161,349,399,429,429,446,446,477,496,529,540,540,540,540,540,540,91,117,117,117],"floor_reached":55,"language":"KOR","playtime":2010,"items_purged":["Strike_G","Normality","Normality"],"score":1543,"play_id":"1b603322-b99e-4288-81f6-1b2904a16c12","local_time":"20210221222525","is_ascension_mode":true,"campfire_choices":[{"data":"Corpse Explosion","floor":6.0,"key":"SMITH"},{"data":"Bouncing Flask","floor":11.0,"key":"SMITH"},{"data":"Noxious Fumes","floor":15.0,"key":"SMITH"},{"floor":23.0,"key":"REST"},{"floor":25.0,"key":"REST"},{"floor":32.0,"key":"REST"},{"floor":41.0,"key":"RECALL"},{"floor":49.0,"key":"REST"},{"floor":52.0,"key":"REST"}],"circlet_count":0,"master_deck":["AscendersBane","Survivor","Neutralize","Dagger Spray","Dagger Spray","Corpse Explosion+1","Backstab","Bouncing Flask+1","Noxious Fumes+1","Calculated Gamble","Envenom","Bullet Time","Tactician","Corpse Explosion","Acrobatics","Wraith Form v2","Terror","Corpse Explosion","Unload","Unload","Glass Knife","Prepared","Dash","Dash","Leg Sweep","Apotheosis","Bullet Time","Reflex","Predator+1","Leg Sweep","Catalyst","Predator+1","Eviscerate+1","Blur+1"],"relics":["Ring of the Snake","MealTicket","Happy Flower","Pen Nib","Mercury Hourglass","Snecko Eye","Snake Skull","Orichalcum","Pandora\u0027s Box","DollysMirror","Bird Faced Urn","Pear","Letter Opener","Molten Egg 2","Bottled Lightning","Orrery","Turnip"],"acts_visited":["Exordium","TheCity","TheBeyond","TheEnding"],"potions_floor_usage":[55,55],"damage_taken":[{"damage":2.0,"enemies":"Small Slimes","floor":1.0,"turns":4.0},{"damage":0.0,"enemies":"Jaw Worm","floor":3.0,"turns":5.0},{"damage":3.0,"enemies":"Cultist","floor":4.0,"turns":4.0},{"damage":7.0,"enemies":"Blue Slaver","floor":5.0,"turns":5.0},{"damage":2.0,"enemies":"3 Sentries","floor":12.0,"turns":2.0},{"damage":17.0,"enemies":"Lagavulin","floor":14.0,"turns":4.0},{"damage":0.0,"enemies":"Slime Boss","floor":16.0,"turns":6.0},{"damage":18.0,"enemies":"3 Byrds","floor":18.0,"turns":3.0},{"damage":39.0,"enemies":"2 Thieves","floor":19.0,"turns":3.0},{"damage":25.0,"enemies":"Snake Plant","floor":24.0,"turns":3.0},{"damage":7.0,"enemies":"Cultist and Chosen","floor":27.0,"turns":3.0},{"damage":19.0,"enemies":"Book of Stabbing","floor":28.0,"turns":4.0},{"damage":24.0,"enemies":"Slavers","floor":30.0,"turns":2.0},{"damage":0.0,"enemies":"3 Cultists","floor":31.0,"turns":2.0},{"damage":23.0,"enemies":"Collector","floor":33.0,"turns":5.0},{"damage":0.0,"enemies":"3 Shapes","floor":35.0,"turns":1.0},{"damage":0.0,"enemies":"Orb Walker","floor":37.0,"turns":2.0},{"damage":20.0,"enemies":"Giant Head","floor":40.0,"turns":6.0},{"damage":0.0,"enemies":"Sphere and 2 Shapes","floor":42.0,"turns":3.0},{"damage":27.0,"enemies":"Nemesis","floor":44.0,"turns":5.0},{"damage":0.0,"enemies":"3 Darklings","floor":45.0,"turns":1.0},{"damage":7.0,"enemies":"Giant Head","floor":46.0,"turns":8.0},{"damage":0.0,"enemies":"Maw","floor":47.0,"turns":5.0},{"damage":42.0,"enemies":"Time Eater","floor":50.0,"turns":10.0},{"damage":0.0,"enemies":"Shield and Spear","floor":54.0,"turns":4.0},{"damage":89,"enemies":"The Heart","floor":55,"turns":5}],"seed_played":"3494772143899683739","potions_obtained":[{"floor":5.0,"key":"BlessingOfTheForge"},{"floor":10.0,"key":"Fruit Juice"},{"floor":10.0,"key":"Poison Potion"},{"floor":12.0,"key":"Explosive Potion"},{"floor":14.0,"key":"AttackPotion"},{"floor":18.0,"key":"LiquidBronze"},{"floor":24.0,"key":"DistilledChaos"},{"floor":27.0,"key":"SpeedPotion"},{"floor":31.0,"key":"CunningPotion"},{"floor":33.0,"key":"DuplicationPotion"},{"floor":45.0,"key":"Fire Potion"},{"floor":46.0,"key":"Poison Potion"},{"floor":54.0,"key":"FearPotion"}],"is_trial":false,"path_per_floor":["M","?","M","M","M","R","$","?","T","?","R","E","$","E","R","B",null,"M","M","?","$","?","R","M","R","T","M","E","$","E","M","R","B",null,"M","?","M","$","?","E","R","M","T","E","M","E","M","?","R","B",null,"R","$","E","B"],"character_chosen":"THE_SILENT","items_purchased":["Bouncing Flask","Bullet Time","SkillPotion","Leg Sweep","Apotheosis","DollysMirror","Bird Faced Urn","Catalyst","Orrery","PowerPotion","LiquidMemories"],"campfire_rested":5,"item_purchase_floors":[7,21,29,38,38,38,38,53,53,53,53],"current_hp_per_floor":[57,62,62,59,52,52,52,47,47,52,52,50,65,48,48,48,69,51,12,12,27,27,49,24,46,46,39,20,35,11,11,33,10,60,60,60,60,75,75,68,68,70,70,49,53,52,56,56,81,44,76,86,86,86,0,0],"gold":117,"neow_bonus":"REMOVE_CARD","is_daily":false,"chose_seed":false,"campfire_upgraded":3,"win_rate":0.0,"timestamp":1613913925,"path_taken":["M","?","M","M","M","R","$","?","T","?","R","E","$","E","R","BOSS","M","M","?","$","?","R","M","R","T","M","E","$","E","M","R","BOSS","M","?","M","$","?","E","R","?","T","E","M","E","M","?","R","BOSS","R","$","E","BOSS"],"items_purchased_type":["Card","Card","Potion","Card","Card","Relic","Relic","Card","Relic","Potion","Potion"],"build_version":"2020-12-22","purchased_purges":3,"victory":false,"max_hp_per_floor":[66,71,71,71,71,71,71,71,71,76,76,76,76,76,76,76,76,76,76,76,76,76,76,76,76,76,76,76,76,76,76,76,76,76,76,76,76,76,76,86,86,86,86,86,86,86,86,86,86,86,86,86,86,86,86,86],"relic_stats":{"Happy Flower":[29],"counters":[26,105],"Pen Nib":[13],"Snake Skull":[221],"Letter Opener":[71],"Orichalcum":[186],"Mercury Hourglass":[336],"Bird Faced Urn":[33],"Snecko Eye":[121,142,136,153],"MealTicket":60,"Pandora\u0027s Box":["Poisoned Stab","Terror","Corpse Explosion","Unload","Unload","Glass Knife","Prepared"],"Turnip":[2],"obtain_stats":[{"Pear":40,"Happy Flower":9,"Pen Nib":12,"Snake Skull":28,"Letter Opener":43,"Orichalcum":30,"Mercury Hourglass":14,"DollysMirror":38,"Bird Faced Urn":38,"Snecko Eye":17,"Orrery":53,"MealTicket":8,"Pandora\u0027s Box":34,"Molten Egg 2":44,"Turnip":54,"Bottled Lightning":46,"Ring of the Snake":0},{"Pear":18,"Happy Flower":4,"Pen Nib":5,"Snake Skull":12,"Letter Opener":19,"Orichalcum":13,"Mercury Hourglass":6,"DollysMirror":17,"Bird Faced Urn":17,"Snecko Eye":7,"Orrery":24,"MealTicket":4,"Pandora\u0027s Box":15,"Molten Egg 2":20,"Turnip":25,"Bottled Lightning":22,"Ring of the Snake":0},{"Pear":64,"Happy Flower":18,"Pen Nib":20,"Snake Skull":46,"Letter Opener":67,"Orichalcum":48,"Mercury Hourglass":24,"DollysMirror":58,"Bird Faced Urn":58,"Snecko Eye":30,"Orrery":96,"MealTicket":18,"Pandora\u0027s Box":55,"Molten Egg 2":72,"Turnip":100,"Bottled Lightning":81,"Ring of the Snake":0}],"Ring of the Snake":[52]},"card_choices":[{"not_picked":["PiercingWail","Cloak And Dagger"],"picked":"Dagger Spray","floor":1.0},{"not_picked":["Concentrate","Underhanded Strike"],"picked":"Dagger Spray","floor":3.0},{"not_picked":["Dodge and Roll","Flying Knee"],"picked":"Corpse Explosion","floor":4.0},{"not_picked":["Choke","Slice"],"picked":"Backstab","floor":5.0},{"not_picked":["Bane","Terror"],"picked":"Noxious Fumes","floor":12.0},{"not_picked":["Slice","Dagger Spray"],"picked":"Calculated Gamble","floor":14.0},{"not_picked":["Unload","Doppelganger"],"picked":"Envenom","floor":16.0},{"not_picked":["Prepared","Flying Knee+1","Calculated Gamble+1"],"picked":"SKIP","floor":18.0},{"not_picked":["Deadly Poison","Quick Slash","Blade Dance"],"picked":"SKIP","floor":19.0},{"not_picked":["Blade Dance","Dodge and Roll"],"picked":"Tactician","floor":24.0},{"not_picked":["Deflect","Dagger Spray","Outmaneuver"],"picked":"SKIP","floor":27.0},{"not_picked":["Acrobatics","Dagger Spray"],"picked":"Corpse Explosion","floor":28.0},{"not_picked":["Dagger Spray","Bane","Tactician"],"picked":"SKIP","floor":30.0},{"not_picked":["Blade Dance","Underhanded Strike"],"picked":"Acrobatics","floor":31.0},{"not_picked":["Tools of the Trade","After Image"],"picked":"Wraith Form v2","floor":33.0},{"not_picked":["Acrobatics","Underhanded Strike"],"picked":"Dash","floor":35.0},{"not_picked":["Setup","Finisher+1"],"picked":"Dash","floor":37.0},{"not_picked":["Quick Slash","Calculated Gamble"],"picked":"Reflex","floor":40.0},{"not_picked":["Setup","Unload","Masterful Stab"],"picked":"SKIP","floor":42.0},{"not_picked":["Expertise","Dagger Spray+1","Slice+1"],"picked":"SKIP","floor":44.0},{"not_picked":["Setup","Prepared","Sucker Punch+1"],"picked":"SKIP","floor":45.0},{"not_picked":["Escape Plan","Bullet Time"],"picked":"Predator+1","floor":46.0},{"not_picked":["Accuracy+1","Acrobatics"],"picked":"Leg Sweep","floor":47.0},{"not_picked":["Backflip","Well Laid Plans"],"picked":"Predator+1","floor":53.0},{"not_picked":["Poisoned Stab+1","Cloak And Dagger"],"picked":"Eviscerate+1","floor":53.0},{"not_picked":["Backstab+1","Dodge and Roll+1"],"picked":"Blur+1","floor":54.0}],"player_experience":1285881,"relics_obtained":[{"floor":9.0,"key":"Happy Flower"},{"floor":12.0,"key":"Pen Nib"},{"floor":14.0,"key":"Mercury Hourglass"},{"floor":28.0,"key":"Snake Skull"},{"floor":30.0,"key":"Orichalcum"},{"floor":40.0,"key":"Pear"},{"floor":43.0,"key":"Letter Opener"},{"floor":44.0,"key":"Molten Egg 2"},{"floor":46.0,"key":"Bottled Lightning"},{"floor":54.0,"key":"Turnip"}],"event_choices":[{"damage_healed":0.0,"max_hp_gain":5.0,"max_hp_loss":0.0,"gold_gain":0.0,"event_name":"Big Fish","player_choice":"Donut","floor":2.0,"gold_loss":0.0,"damage_taken":0.0},{"damage_healed":0.0,"max_hp_gain":0.0,"max_hp_loss":0.0,"gold_gain":0.0,"event_name":"Scrap Ooze","player_choice":"Success","floor":8.0,"gold_loss":0.0,"damage_taken":5.0,"relics_obtained":["MealTicket"]},{"damage_healed":0.0,"max_hp_gain":0.0,"max_hp_loss":0.0,"gold_gain":0.0,"event_name":"Lab","player_choice":"Got Potions","floor":10.0,"gold_loss":0.0,"damage_taken":0.0},{"cards_removed":["Defend_G"],"damage_healed":0.0,"max_hp_gain":0.0,"max_hp_loss":0.0,"gold_gain":0.0,"event_name":"Back to Basics","player_choice":"Elegance","floor":20.0,"gold_loss":0.0,"damage_taken":0.0},{"damage_healed":0.0,"max_hp_gain":0.0,"max_hp_loss":0.0,"gold_gain":0.0,"event_name":"Masked Bandits","player_choice":"Paid Fearfully","floor":22.0,"gold_loss":36.0,"damage_taken":0.0},{"damage_healed":0.0,"max_hp_gain":0.0,"max_hp_loss":0.0,"gold_gain":999.0,"event_name":"MindBloom","player_choice":"Gold","floor":36.0,"gold_loss":0.0,"damage_taken":0.0,"cards_obtained":["Normality","Normality"]},{"damage_healed":0.0,"max_hp_gain":0.0,"max_hp_loss":0.0,"gold_gain":50.0,"event_name":"Golden Shrine","player_choice":"Pray","floor":39.0,"gold_loss":0.0,"damage_taken":0.0},{"cards_removed":["Poisoned Stab"],"damage_healed":0.0,"max_hp_gain":0.0,"max_hp_loss":0.0,"gold_gain":0.0,"event_name":"Falling","player_choice":"Removed Attack","floor":48.0,"gold_loss":0.0,"damage_taken":0.0}],"is_beta":false,"boss_relics":[{"not_picked":["Runic Pyramid","Coffee Dripper"],"picked":"Snecko Eye"},{"not_picked":["Astrolabe","Velvet Choker"],"picked":"Pandora\u0027s Box"}],"items_purged_floors":[7,38,53],"is_endless":false,"potions_floor_spawned":[5,12,14,18,24,27,31,33,42,45,46,54],"killed_by":"The Heart","ascension_level":15}}