{"host":"0fupymmp6wdjyqoi","time":1613937844,"event":{"mods":["BaseMod","Bestiary","Clockwork Mod","Conspire","Downfall","GifTheSpireLib","Hubris","Infinite Spire","Minty Spire (QoL Compilation)","Replay The Spire","StSLib","The Construct","The Senshi"],"gold_per_floor":[111,111,111,131,131,131,131,131,148,148,219,230,245,260,280,296,296,393,393,413,395,406,64,74,74,85,160,210,210,210],"floor_reached":29,"language":"ENG","playtime":2881,"items_purged":["Strike_G"],"score":221,"play_id":"49b33969-aef1-4990-a5af-7ce907103cb6","local_time":"20210221210404","is_ascension_mode":false,"campfire_choices":[{"data":"Hidden Blade","floor":8,"key":"SMITH"},{"data":"Neutralize","floor":10,"key":"SMITH"},{"floor":17,"key":"DIG"},{"floor":25,"key":"REST"}],"circlet_count":0,"master_deck":["Strike_G+1","Strike_G","Strike_G+1","Defend_G","Defend_G","Defend_G","Defend_G","Defend_G","Survivor","Neutralize+1","Blade Dance+1","infinitespire:NeuralNetwork","Hidden Blade+1","Prepared","Flying Knee","Cloak And Dagger","ReplayTheSpireMod:Scrap Shanks","A Thousand Cuts","Choke+1","Cloak And Dagger+1","Accuracy","ReplayTheSpireMod:Private Reserves+1","ReplayTheSpireMod:Shiv Toss+1"],"relics":["Ring of the Snake","Ninja Scroll","Toxic Egg 2","BargainBundle","theSenshi:SailorFukuRelic","Simple Rune"],"acts_visited":["Exordium","TheCity"],"potions_floor_usage":[20,21,21,22,24,24,24,24,29],"damage_taken":[{"damage":0,"enemies":"2 Louse","floor":1,"turns":3},{"damage":0,"enemies":"Small Slimes","floor":4,"turns":3},{"damage":0,"enemies":"Cultist","floor":9,"turns":3},{"damage":7,"enemies":"Exordium Wildlife","floor":12,"turns":4},{"damage":7,"enemies":"3 Louse","floor":13,"turns":3},{"damage":0,"enemies":"Exordium Thugs","floor":14,"turns":3},{"damage":0,"enemies":"Red Slaver","floor":15,"turns":3},{"damage":0,"enemies":"Large Slime","floor":16,"turns":3},{"damage":35,"enemies":"Fading Forest","floor":18,"turns":11},{"damage":22,"enemies":"Shell Parasite","floor":20,"turns":4},{"damage":4,"enemies":"2 Thieves","floor":21,"turns":4},{"damage":33,"enemies":"Snake Plant","floor":22,"turns":7},{"damage":3,"enemies":"Shelled Parasite and Fungi","floor":24,"turns":3},{"damage":13,"enemies":"Centurion and Healer","floor":26,"turns":6},{"damage":15,"enemies":"Snake Plant","floor":29,"turns":1}],"seed_played":"5938608959247164495","potions_obtained":[{"floor":1,"key":"Swift Potion"},{"floor":3,"key":"GhostInAJar"},{"floor":3,"key":"FearPotion"},{"floor":12,"key":"AttackPotion"},{"floor":13,"key":"DuplicationPotion"},{"floor":20,"key":"SkillPotion"},{"floor":22,"key":"Strength Potion"},{"floor":26,"key":"Explosive Potion"}],"is_trial":false,"path_per_floor":["M","?","?","M","?","PTL","PTL","R","M","R","T","M","M","M","M","M","R","B",null,"M","M","M","$","M","R","M","?","T","M"],"character_chosen":"THE_SILENT","items_purchased":["BargainBundle","Fire Potion","Fire Potion","theSenshi:SailorFukuRelic","Accuracy","ReplayTheSpireMod:Private Reserves+1"],"campfire_rested":1,"item_purchase_floors":[23,23,23,23,23,23],"current_hp_per_floor":[70,53,53,53,53,53,53,53,53,53,53,46,39,39,39,39,39,4,70,48,44,11,11,8,29,16,9,9,0,0],"gold":210,"neow_bonus":"REMOVE_CARD","is_daily":false,"chose_seed":false,"campfire_upgraded":2,"win_rate":0.0,"timestamp":1613937844,"path_taken":["M","?","?","?","?","PTL","PTL","R","M","R","T","M","M","M","M","M","R","BOSS","M","M","M","$","M","R","M","?","T","M"],"items_purchased_type":["Relic","Potion","Potion","Relic","Card","Card"],"build_version":"2020-12-22","purchased_purges":1,"victory":false,"max_hp_per_floor":[70,70,70,70,70,70,70,70,70,70,70,70,70,70,70,70,70,70,70,70,70,70,70,70,70,70,70,70,70,70],"card_choices":[{"not_picked":["Skewer","Poisoned Stab"],"picked":"Blade Dance","floor":1},{"not_picked":["infinitespire:SevenWalls","infinitespire:FutureSight"],"picked":"infinitespire:NeuralNetwork","floor":2},{"not_picked":["Blur","Backflip"],"picked":"Hidden Blade","floor":4},{"not_picked":["Bouncing Flask","Outmaneuver"],"picked":"Prepared","floor":9},{"not_picked":["Acrobatics","Wraith Form v2","hubris:Counter"],"picked":"SKIP","floor":12},{"not_picked":["Quick Slash","hubris:SlightOfHand"],"picked":"Flying Knee","floor":13},{"not_picked":["Dodge and Roll","Skewer","Deadly Poison"],"picked":"SKIP","floor":14},{"not_picked":["Bane","Deflect"],"picked":"Cloak And Dagger","floor":15},{"not_picked":["Bane","Fluid Movement"],"picked":"ReplayTheSpireMod:Scrap Shanks","floor":16},{"not_picked":["Envenom","Bullet Time+1"],"picked":"A Thousand Cuts","floor":18},{"not_picked":["All Out Attack+1","Sucker Punch","Flechettes"],"picked":"SKIP","floor":20},{"not_picked":["Outmaneuver+1","Bane+1"],"picked":"Choke+1","floor":21},{"not_picked":["conspire:DoublingDagger+1","Skewer"],"picked":"Cloak And Dagger+1","floor":22},{"not_picked":["Underhanded Strike","Dagger Spray+1","Toxin Wave+1"],"picked":"SKIP","floor":24},{"not_picked":["Skewer+1","Deflect+1"],"picked":"ReplayTheSpireMod:Shiv Toss+1","floor":26}],"player_experience":73963,"relics_obtained":[{"floor":11,"key":"Ninja Scroll"},{"floor":17,"key":"Toxic Egg 2"},{"floor":28,"key":"Simple Rune"}],"event_choices":[{"damage_healed":0,"gold_gain":0,"player_choice":"Got Potions","damage_taken":0,"max_hp_gain":0,"max_hp_loss":0,"event_name":"Lab","floor":3,"gold_loss":0},{"damage_healed":0,"gold_gain":0,"player_choice":"Grow","damage_taken":0,"max_hp_gain":0,"max_hp_loss":0,"event_name":"Living Wall","floor":5,"gold_loss":0,"cards_upgraded":["Blade Dance"]},{"damage_healed":0,"gold_gain":75,"player_choice":"Touch","damage_taken":7,"max_hp_gain":0,"max_hp_loss":0,"event_name":"FaceTrader","floor":27,"gold_loss":0}],"is_beta":false,"boss_relics":[{"not_picked":["hubris:VirtuousBlindfold","bronze:MakeshiftBattery","Snecko Eye"]}],"items_purged_floors":[23],"is_endless":false,"potions_floor_spawned":[1,12,13,18,20,22,26],"killed_by":"Snake Plant","ascension_level":0}}