{"host":"c0rqchpxu0yjpthq","time":1613884193,"event":{"mods":["100% Spire Juice","ATMod(阿瑾Mod)","BaseMod","Challenge The Spire","Conspire","Downfall","HololiveMod","Minty Spire (QoL Compilation)","MostiFishMod","Prisma Mod","Reimu（博丽灵梦）","Relic Stats","Reliquary","Replay The Spire","Spicy Shops","StSLib","The Alterego","The Hierophant","WarShipGirlsR/战舰少女R mod","Wide Potions","Yakumo Yukari mod","[GremlinLeader]The Maniac","【功能Mod】聪明的最终Boss","【遗物卡牌】REMEMod"],"gold_per_floor":[111,13,32,44,61,88,88,104,159,159,159,186,111,127,127,127,127],"floor_reached":16,"language":"ZHS","playtime":627,"items_purged":[],"score":112,"play_id":"3bffda4e-7060-4f8d-be07-1c99932e0659","local_time":"20210221130953","is_ascension_mode":false,"campfire_choices":[{"data":"rmod:luckystar","floor":7,"key":"SMITH"},{"floor":15,"key":"REST"}],"circlet_count":0,"master_deck":["rmod:strick","rmod:strick","rmod:strick","rmod:strick","rmod:defend","rmod:defend","rmod:defend","rmod:defend","rmod:basicallowance","rmod:maingunfire","AT_FamilyPortrait","rmod:luckystar+1","rmod:windflower","rmod:defend"],"relics":["rmod:firstchargereward","AT_ATBox","DaveBox","REME_ComplimentaryCards","NeowsBlessing","ExusiaiGun","SynthV:TestCard","Sundial","reliquary:TuningFork","AT_SpeedBoots"],"acts_visited":["Exordium"],"potions_floor_usage":[12,16],"damage_taken":[{"damage":0,"enemies":"Cultist","floor":1,"turns":1},{"damage":0,"enemies":"Jaw Worm","floor":3,"turns":1},{"damage":0,"enemies":"2 Louse","floor":4,"turns":1},{"damage":0,"enemies":"2 Fungi Beasts","floor":5,"turns":1},{"damage":30,"enemies":"Lagavulin","floor":6,"turns":4},{"damage":7,"enemies":"3 Louse","floor":8,"turns":2},{"damage":27,"enemies":"3 Sentries","floor":12,"turns":4},{"damage":0,"enemies":"Looter","floor":14,"turns":1},{"damage":24,"enemies":"The Guardian","floor":16,"turns":9}],"seed_played":"3315721072953038473","potions_obtained":[{"floor":6,"key":"Flashbang"},{"floor":14,"key":"Block Potion"}],"is_trial":false,"path_per_floor":["M","$","M","M","M","E","R","M","T","?","?","E","$","M","R","B"],"character_chosen":"PRAEFECT","items_purchased":["rmod:luckystar","AT_SpeedBoots"],"campfire_rested":1,"item_purchase_floors":[2,13],"current_hp_per_floor":[75,75,75,75,75,45,45,38,38,38,31,4,4,4,26,2,2],"gold":127,"neow_bonus":"THREE_ENEMY_KILL","is_daily":false,"chose_seed":false,"campfire_upgraded":1,"win_rate":0.0,"timestamp":1613884193,"path_taken":["M","$","?","M","M","E","R","M","T","?","?","E","$","M","R","BOSS"],"items_purchased_type":["Card","Relic"],"build_version":"2020-12-22","purchased_purges":0,"victory":false,"max_hp_per_floor":[75,75,75,75,75,75,75,75,75,75,75,75,75,75,75,75,75],"relic_stats":{"counters":[9,23],"Sundial":[2],"obtain_stats":[{"AT_SpeedBoots":13,"AT_ATBox":0,"SynthV:TestCard":1,"DaveBox":0,"NeowsBlessing":0,"Sundial":6,"rmod:firstchargereward":0,"ExusiaiGun":0,"reliquary:TuningFork":12,"REME_ComplimentaryCards":0},{"AT_SpeedBoots":7,"AT_ATBox":0,"SynthV:TestCard":1,"DaveBox":0,"NeowsBlessing":0,"Sundial":5,"rmod:firstchargereward":0,"ExusiaiGun":0,"reliquary:TuningFork":7,"REME_ComplimentaryCards":0},{"AT_SpeedBoots":14,"AT_ATBox":0,"SynthV:TestCard":1,"DaveBox":0,"NeowsBlessing":0,"Sundial":8,"rmod:firstchargereward":0,"ExusiaiGun":0,"reliquary:TuningFork":14,"REME_ComplimentaryCards":0}]},"card_choices":[{"not_picked":["rmod:intelligenceanalysis","rmod:tearstotiara","rmod:advancebysurprise"],"picked":"SKIP","floor":1},{"not_picked":["rmod:aluminumsupply","rmod:victimresponsibility","rmod:abidefaith","rmod:tearstotiara","rmod:capitalist"],"picked":"SKIP","floor":3},{"not_picked":["rmod:intelligenceanalysis","rmod:selfconfidence","rmod:supportescort","rmod:tearstotiara","rmod:firesupport"],"picked":"SKIP","floor":4},{"not_picked":["rmod:guardianhero","rmod:wife","rmod:diamondstrike","rmod:ammunitionsupply","rmod:steelsupply"],"picked":"SKIP","floor":5},{"not_picked":["rmod:firesupport","rmod:circuitoustactics","rmod:rockthrower","rmod:steelsupply","rmod:heivgo"],"picked":"SKIP","floor":6},{"not_picked":["rmod:rockthrower","rmod:diamondstrike","rmod:fletcherpendant","rmod:selfconfidence"],"picked":"rmod:windflower","floor":8},{"not_picked":["rmod:rockthrower","rmod:robin","rmod:tearstotiara","rmod:aviationdawn","rmod:aluminumsupply"],"picked":"SKIP","floor":12},{"not_picked":["rmod:punchline","rmod:aviationdawn","rmod:circuitoustactics","rmod:ammunitionsupply","rmod:firesupport"],"picked":"SKIP","floor":14}],"player_experience":92615,"relics_obtained":[{"floor":1,"key":"SynthV:TestCard"},{"floor":6,"key":"Sundial"},{"floor":12,"key":"reliquary:TuningFork"}],"event_choices":[{"damage_healed":0,"gold_gain":0,"player_choice":"Ignored","damage_taken":0,"max_hp_gain":0,"max_hp_loss":0,"event_name":"Liars Game","floor":10,"gold_loss":0}],"is_beta":false,"boss_relics":[],"items_purged_floors":[],"is_endless":false,"potions_floor_spawned":[6,14],"killed_by":"The Guardian","ascension_level":0}}