{"host":"d6oxvn0vsgxeumax","time":1613930771,"event":{"mods":["BaseMod","Better Altar","Better Match","Better Note","Better Sensory Stone","Better Skull","Better Third Choice","BetterRewards","Bossed Relics","Colored Map","Colored Powertips","Defuse TimeMaze Blight","Downfall","Hubris","Infinite Spire","Minty Spire (QoL Compilation)","Relic Sorter","Replay The Spire","Shop Mod","Spicy Shops","Spire Arcade","StSLib","The Bug Knight","Uncapped"],"gold_per_floor":[99,118,118,28,28,44,112,112,112,143,163,63,83,7,7,36,50,50,50,50],"floor_reached":18,"language":"ENG","playtime":529,"items_purged":["Spreading Infection"],"score":126,"play_id":"ede83492-12d1-43b0-a5dc-dfc9bebf356c","local_time":"20210221120611","is_ascension_mode":true,"campfire_choices":[{"floor":1,"key":"RECALL"},{"data":"Guardian:RevengeProtocol","floor":12,"key":"SMITH"},{"floor":15,"key":"REST"}],"circlet_count":0,"master_deck":["Judgement+1","Guardian:Strike_Guardian","Guardian:Strike_Guardian","Guardian:Strike_Guardian","Guardian:Strike_Guardian","Guardian:TwinSlam","Spreading Infection","Guardian:Clone","Guardian:RevengeProtocol+1","Guardian:PolyBeam","Guardian:VentSteam","Guardian:Planning","Guardian:PiercingHide"],"relics":["Kintsugi","hubris:Icosahedron","infinitespire:Cubic Diamond","Singing Bowl","The Courier","downfall:HeartBlessingRed","Juzu Bracelet"],"acts_visited":["Exordium"],"potions_floor_usage":[14,18,18],"damage_taken":[{"damage":0,"enemies":"Small Slimes","floor":2,"turns":2},{"damage":10,"enemies":"downfall:FleeingMerchant","floor":4,"turns":4},{"damage":0,"enemies":"Cultist","floor":6,"turns":1},{"damage":27,"enemies":"Gremlin Nob","floor":10,"turns":4},{"damage":0,"enemies":"infinitespire:Voidling","floor":11,"turns":1},{"damage":12,"enemies":"Gremlin Gang","floor":13,"turns":3},{"damage":15,"enemies":"downfall:FleeingMerchant","floor":14,"turns":4},{"damage":18,"enemies":"Lagavulin","floor":16,"turns":4},{"damage":0,"enemies":"3 Louse","floor":17,"turns":3},{"damage":30,"enemies":"IC_STATUS_ARCHETYPE","floor":18,"turns":8}],"seed_played":"-1981219040047637933","potions_obtained":[{"floor":11,"key":"Elixir"},{"floor":13,"key":"AttackPotion"},{"floor":16,"key":"FearPotion"}],"is_trial":false,"path_per_floor":["R","M","?","$","?","M","T","PTL","PTL","E","M","R","M","$","R","E","M","B"],"character_chosen":"GUARDIAN","items_purchased":["Guardian:VentSteam","Guardian:Planning"],"campfire_rested":1,"item_purchase_floors":[14,14],"current_hp_per_floor":[80,80,80,70,70,70,70,70,70,43,45,45,35,20,45,29,29,0,0,0],"gold":50,"neow_bonus":"BOSS_RELIC","is_daily":false,"chose_seed":false,"campfire_upgraded":1,"win_rate":0.0,"timestamp":1613930771,"path_taken":["R","M","?","$","?","?","T","PTL","PTL","E","?","R","M","$","R","E","M","BOSS"],"items_purchased_type":["Card","Card"],"build_version":"2020-12-22","purchased_purges":1,"victory":false,"max_hp_per_floor":[80,80,80,80,80,80,80,80,80,80,82,82,84,84,84,86,86,86,86,86],"card_choices":[{"not_picked":["Guardian:Gem_Green","Guardian:ChargeCore"],"picked":"Guardian:Clone","floor":2},{"not_picked":["Guardian:SpikerProtocol","Guardian:CrystalBeam","Guardian:Recover"],"picked":"SKIP","floor":4},{"not_picked":["Guardian:Gem_Lightblue","Guardian:TemporalShield"],"picked":"Guardian:Gem_Red","floor":6},{"not_picked":["Guardian:Gem_Yellow","Guardian:CrystalBeam"],"picked":"Guardian:RevengeProtocol","floor":10},{"not_picked":["Guardian:Reroute","Guardian:Gem_Cyan","Guardian:PiercingHide"],"picked":"Singing Bowl","floor":11},{"not_picked":["Guardian:Gem_Lightblue","Guardian:Gem_Cyan","Guardian:Planning"],"picked":"Singing Bowl","floor":13},{"not_picked":["Guardian:ExploitGems","Guardian:TemporalStrike"],"picked":"Guardian:PolyBeam","floor":14},{"not_picked":["Guardian:PrismaticBeam","Guardian:Gem_Yellow","Guardian:Planning"],"picked":"Singing Bowl","floor":16},{"not_picked":["Guardian:PrismaticBeam","Guardian:Incinerate"],"picked":"Guardian:PiercingHide","floor":17}],"player_experience":1140764,"relics_obtained":[{"floor":7,"key":"Singing Bowl"},{"floor":10,"key":"The Courier"},{"floor":16,"key":"Juzu Bracelet"}],"event_choices":[],"is_beta":false,"boss_relics":[],"items_purged_floors":[4],"is_endless":false,"potions_floor_spawned":[11,13,16],"killed_by":"IC_STATUS_ARCHETYPE","ascension_level":1}}