{"host":"7hppq3hpkrufijwt","time":1613865759,"event":{"mods":["AchievementEnabler","BaseMod","Colored Powertips","Minty Spire (QoL Compilation)","Quick Restart"],"gold_per_floor":[110,64,64,27,46,80,90,90,114,157,94,94,94,107,107,205,205,223,236,252,252,351,351,351],"floor_reached":23,"language":"ENG","playtime":1173,"items_purged":["Defend_G"],"score":224,"play_id":"50a219f0-ed5c-4899-87f5-08a060c783bc","local_time":"20210221010239","is_ascension_mode":false,"campfire_choices":[{"data":"Blade Dance","floor":8,"key":"SMITH"},{"data":"Bouncing Flask","floor":15,"key":"SMITH"}],"circlet_count":0,"master_deck":["Survivor","Neutralize","Blur+1","Blade Dance+1","Bouncing Flask+1","Blade Dance","Outmaneuver+1","Skewer","Finisher","Doppelganger","Skewer","Well Laid Plans","Bullet Time","Escape Plan","Finisher","Dodge and Roll","Riddle With Holes","Calculated Gamble","Quick Slash","Deflect+1","Noxious Fumes","Well Laid Plans+1"],"relics":["Ring of the Snake","NeowsBlessing","Happy Flower","MawBank","Blood Vial","Pandora\u0027s Box"],"acts_visited":["Exordium","TheCity"],"potions_floor_usage":[],"damage_taken":[{"damage":0,"enemies":"2 Louse","floor":1,"turns":1},{"damage":0,"enemies":"Cultist","floor":5,"turns":1},{"damage":0,"enemies":"Gremlin Nob","floor":6,"turns":1},{"damage":0,"enemies":"Small Slimes","floor":7,"turns":3},{"damage":27,"enemies":"3 Sentries","floor":10,"turns":7},{"damage":2,"enemies":"Looter","floor":14,"turns":2},{"damage":47,"enemies":"Slime Boss","floor":16,"turns":10},{"damage":22,"enemies":"2 Thieves","floor":18,"turns":5},{"damage":23,"enemies":"Spheric Guardian","floor":19,"turns":4},{"damage":12,"enemies":"Centurion and Healer","floor":20,"turns":5},{"damage":45,"enemies":"Book of Stabbing","floor":23,"turns":5}],"seed_played":"1309837605861158533","potions_obtained":[{"floor":6,"key":"DistilledChaos"},{"floor":7,"key":"Block Potion"},{"floor":14,"key":"Swift Potion"}],"is_trial":false,"path_per_floor":["M","$","?","$","M","E","M","R","T","E","$","?","?","M","R","B",null,"M","M","M","?","?","E"],"character_chosen":"THE_SILENT","items_purchased":["Blade Dance","Bouncing Flask"],"campfire_rested":0,"item_purchase_floors":[2,4],"current_hp_per_floor":[70,70,70,70,70,70,70,70,70,43,43,29,70,68,68,23,70,48,27,17,40,40,0,0],"gold":351,"neow_bonus":"THREE_ENEMY_KILL","is_daily":false,"chose_seed":false,"campfire_upgraded":2,"win_rate":0.0,"timestamp":1613865759,"path_taken":["M","$","?","?","?","E","M","R","T","E","$","?","?","M","R","BOSS","M","?","M","?","?","E"],"items_purchased_type":["Card","Card"],"build_version":"2020-12-22","purchased_purges":1,"victory":false,"max_hp_per_floor":[70,70,70,70,70,70,70,70,70,70,70,70,70,70,70,70,70,70,70,70,70,70,70,70],"card_choices":[{"not_picked":["Underhanded Strike","Endless Agony"],"picked":"Blur","floor":1},{"not_picked":["Footwork","Cloak And Dagger"],"picked":"Blade Dance","floor":5},{"not_picked":["Flying Knee","Quick Slash"],"picked":"Outmaneuver","floor":6},{"not_picked":["Predator","Outmaneuver"],"picked":"Skewer","floor":7},{"not_picked":["Poisoned Stab","Well Laid Plans"],"picked":"Finisher","floor":10},{"not_picked":["Prepared","Distraction"],"picked":"Doppelganger","floor":14},{"not_picked":["Eviscerate","Masterful Stab+1"],"picked":"Deflect+1","floor":18},{"not_picked":["Poisoned Stab","Dagger Spray+1"],"picked":"Noxious Fumes","floor":19},{"not_picked":["Deflect","Endless Agony"],"picked":"Well Laid Plans+1","floor":20}],"player_experience":114739,"relics_obtained":[{"floor":6,"key":"Happy Flower"},{"floor":9,"key":"MawBank"},{"floor":10,"key":"Blood Vial"}],"event_choices":[{"damage_healed":0,"gold_gain":0,"player_choice":"Upgraded","damage_taken":0,"max_hp_gain":0,"max_hp_loss":0,"event_name":"Upgrade Shrine","floor":3,"gold_loss":0,"cards_upgraded":["Blur"]},{"damage_healed":0,"gold_gain":0,"player_choice":"Entered Light","damage_taken":14,"max_hp_gain":0,"max_hp_loss":0,"event_name":"Shining Light","floor":12,"gold_loss":0,"cards_upgraded":["Defend_G","Outmaneuver"]},{"damage_healed":41,"gold_gain":0,"player_choice":"Full Heal","damage_taken":0,"max_hp_gain":0,"max_hp_loss":0,"event_name":"Wheel of Change","floor":13,"gold_loss":0},{"damage_healed":23,"gold_gain":0,"player_choice":"Heal","damage_taken":0,"max_hp_gain":0,"max_hp_loss":0,"event_name":"The Library","floor":21,"gold_loss":0},{"damage_healed":0,"gold_gain":99,"player_choice":"Stole From Cult","damage_taken":0,"max_hp_gain":0,"max_hp_loss":0,"event_name":"Nest","floor":22,"gold_loss":0}],"is_beta":false,"boss_relics":[{"not_picked":["Philosopher\u0027s Stone","Empty Cage"],"picked":"Pandora\u0027s Box"}],"items_purged_floors":[11],"is_endless":false,"potions_floor_spawned":[6,7,14,20],"killed_by":"Book of Stabbing","ascension_level":0}}