{"host":"s41rn2jhghpwfrvz","time":1613889573,"event":{"mods":["BaseMod","Minty Spire (QoL Compilation)","Quick Restart","Relic Stats","SuperFastMode"],"gold_per_floor":[111,129,144,144,157,192,192,218,298,313,238,256,269,298,298,375,375,395,395,405,320,334,334,366,391,391,441,476,495,130,167,167,248,248,275,292,167,222,247,256,281,307,307,337,348,390,390,404,404,404,404,404,404,60,99,99],"floor_reached":57,"language":"ENG","playtime":2288,"items_purged":["Double Energy","Flame Barrier","Writhe"],"score":3790,"play_id":"0dab12b6-5d8f-4b13-9ae4-99b4af509a0e","local_time":"20210221083933","daily_mods":["SealedDeck","Diverse","DeadlyEvents"],"is_ascension_mode":true,"campfire_choices":[{"data":"Body Slam","floor":7,"key":"SMITH"},{"data":"White Noise","floor":15,"key":"SMITH"},{"floor":23,"key":"RECALL"},{"data":"Berserk","floor":32,"key":"SMITH"},{"floor":40,"key":"REST"},{"floor":49,"key":"REST"},{"floor":53,"key":"REST"}],"circlet_count":0,"master_deck":["AscendersBane","Acrobatics","Conserve Battery","White Noise+1","Beam Cell","Shrug It Off","Undo+1","Body Slam+1","Second Wind+1","Impatience","Berserk+1","Establishment","TalkToTheHand+1","Backflip","Evolve","Exhume","Entrench"],"relics":["Burning Blood","Centennial Puzzle","Unceasing Top","Gremlin Horn","War Paint","Philosopher\u0027s Stone","Toy Ornithopter","CeramicFish","Dream Catcher","Anchor","Prayer Wheel","Strawberry","Medical Kit","Molten Egg 2","Fusion Hammer","Charon\u0027s Ashes","Thread and Needle","Ice Cream","Pantograph","Torii","Ginger","Akabeko","Calipers","Mango"],"acts_visited":["Exordium","TheCity","TheBeyond","TheEnding"],"potions_floor_usage":[56,56],"damage_taken":[{"damage":0,"enemies":"2 Louse","floor":1,"turns":3},{"damage":0,"enemies":"Jaw Worm","floor":2,"turns":4},{"damage":0,"enemies":"Small Slimes","floor":3,"turns":4},{"damage":2,"enemies":"2 Fungi Beasts","floor":5,"turns":4},{"damage":8,"enemies":"Lagavulin","floor":6,"turns":6},{"damage":2,"enemies":"3 Sentries","floor":8,"turns":12},{"damage":0,"enemies":"Looter","floor":10,"turns":3},{"damage":0,"enemies":"Lots of Slimes","floor":12,"turns":3},{"damage":0,"enemies":"3 Louse","floor":13,"turns":3},{"damage":0,"enemies":"Gremlin Nob","floor":14,"turns":3},{"damage":0,"enemies":"Slime Boss","floor":16,"turns":7},{"damage":0,"enemies":"Spheric Guardian","floor":18,"turns":4},{"damage":0,"enemies":"3 Byrds","floor":20,"turns":4},{"damage":20,"enemies":"Snecko","floor":22,"turns":10},{"damage":6,"enemies":"Slavers","floor":24,"turns":4},{"damage":0,"enemies":"Book of Stabbing","floor":25,"turns":4},{"damage":29,"enemies":"Gremlin Leader","floor":28,"turns":7},{"damage":2,"enemies":"Snake Plant","floor":29,"turns":4},{"damage":11,"enemies":"Slavers","floor":31,"turns":3},{"damage":0,"enemies":"Champ","floor":33,"turns":8},{"damage":48,"enemies":"3 Darklings","floor":35,"turns":3},{"damage":0,"enemies":"Orb Walker","floor":36,"turns":4},{"damage":7,"enemies":"2 Orb Walkers","floor":38,"turns":4},{"damage":0,"enemies":"Mind Bloom Boss Battle","floor":39,"turns":3},{"damage":10,"enemies":"Nemesis","floor":41,"turns":3},{"damage":0,"enemies":"Giant Head","floor":42,"turns":4},{"damage":0,"enemies":"Nemesis","floor":44,"turns":5},{"damage":0,"enemies":"Jaw Worm Horde","floor":45,"turns":3},{"damage":0,"enemies":"Reptomancer","floor":46,"turns":3},{"damage":7,"enemies":"4 Shapes","floor":48,"turns":3},{"damage":24,"enemies":"Donu and Deca","floor":50,"turns":5},{"damage":0,"enemies":"Awakened One","floor":51,"turns":5},{"damage":23,"enemies":"Shield and Spear","floor":55,"turns":4},{"damage":40,"enemies":"The Heart","floor":56,"turns":7}],"seed_played":"-1783168510711040286","potions_obtained":[{"floor":1,"key":"Block Potion"},{"floor":3,"key":"GamblersBrew"},{"floor":8,"key":"Dexterity Potion"},{"floor":14,"key":"Ancient Potion"}],"is_trial":true,"path_per_floor":["M","M","M","?","M","E","R","E","T","M","$","M","M","E","R","B",null,"M","?","M","?","M","R","E","E","T","?","E","M","$","E","R","B",null,"M","M","$","?","?","R","E","E","T","E","M","E","T","M","R","B","B",null,"R","$","E","B",null],"character_chosen":"IRONCLAD","items_purchased":["Medical Kit","Impatience","Calipers"],"campfire_rested":3,"item_purchase_floors":[30,30,54],"current_hp_per_floor":[74,75,75,68,72,70,70,74,74,75,75,75,75,75,75,75,75,75,75,75,75,61,61,61,67,67,67,51,55,55,50,50,56,76,34,40,40,39,45,69,65,71,71,77,82,82,82,81,82,64,82,82,82,82,79,62],"gold":99,"neow_bonus":"","is_daily":false,"chose_seed":false,"campfire_upgraded":3,"win_rate":0.0,"timestamp":1613889573,"path_taken":["M","M","M","?","M","E","R","E","T","?","?","M","M","?","R","BOSS","M","?","M","?","?","R","?","E","T","?","E","M","$","E","R","BOSS","M","M","$","?","?","R","?","E","T","E","?","E","?","M","R","BOSS","BOSS","R","$","E","BOSS"],"items_purchased_type":["Relic","Card","Relic"],"build_version":"2020-12-22","purchased_purges":3,"victory":true,"max_hp_per_floor":[75,75,75,75,75,75,75,75,75,75,75,75,75,75,75,75,75,75,75,75,75,75,75,75,75,75,75,82,82,82,82,82,82,82,82,82,82,82,82,82,82,82,82,82,82,82,82,82,82,82,82,82,82,82,96,96],"relic_stats":{"Gremlin Horn":[35,35],"Torii":26,"counters":[34,156],"CeramicFish":72,"Charon\u0027s Ashes":[371],"Ginger":[2],"War Paint":["Undo","Second Wind"],"Medical Kit":[14],"Burning Blood":139,"Centennial Puzzle":[39],"Dream Catcher":3,"Pantograph":35,"Prayer Wheel":5,"obtain_stats":[{"Ice Cream":41,"Calipers":54,"Gremlin Horn":9,"Torii":44,"CeramicFish":21,"Thread and Needle":39,"Mango":55,"Charon\u0027s Ashes":38,"Ginger":46,"War Paint":14,"Medical Kit":30,"Burning Blood":0,"Akabeko":47,"Centennial Puzzle":6,"Dream Catcher":24,"Anchor":25,"Strawberry":28,"Pantograph":42,"Philosopher\u0027s Stone":17,"Prayer Wheel":26,"Molten Egg 2":31,"Fusion Hammer":34,"Unceasing Top":8,"Toy Ornithopter":19},{"Ice Cream":25,"Calipers":32,"Gremlin Horn":6,"Torii":27,"CeramicFish":13,"Thread and Needle":24,"Mango":33,"Charon\u0027s Ashes":23,"Ginger":29,"War Paint":10,"Medical Kit":18,"Burning Blood":0,"Akabeko":29,"Centennial Puzzle":5,"Dream Catcher":15,"Anchor":16,"Strawberry":17,"Pantograph":26,"Philosopher\u0027s Stone":11,"Prayer Wheel":16,"Molten Egg 2":19,"Fusion Hammer":20,"Unceasing Top":6,"Toy Ornithopter":12},{"Ice Cream":117,"Calipers":145,"Gremlin Horn":33,"Torii":126,"CeramicFish":60,"Thread and Needle":114,"Mango":149,"Charon\u0027s Ashes":111,"Ginger":132,"War Paint":45,"Medical Kit":89,"Burning Blood":0,"Akabeko":132,"Centennial Puzzle":21,"Dream Catcher":74,"Anchor":78,"Strawberry":85,"Pantograph":121,"Philosopher\u0027s Stone":52,"Prayer Wheel":78,"Molten Egg 2":92,"Fusion Hammer":100,"Unceasing Top":33,"Toy Ornithopter":56}],"Unceasing Top":[98],"Toy Ornithopter":0},"card_choices":[{"not_picked":["Beam Cell","Prepared","Outmaneuver"],"picked":"SKIP","floor":1},{"not_picked":["Blade Dance","Swivel","Undo"],"picked":"SKIP","floor":2},{"not_picked":["Dagger Throw","Slice"],"picked":"Second Wind","floor":3},{"not_picked":["Accuracy","Compile Driver","Flex"],"picked":"SKIP","floor":5},{"not_picked":["Dodge and Roll","Gash","Predator"],"picked":"SKIP","floor":6},{"not_picked":["Sucker Punch","Steam Power","ThirdEye"],"picked":"SKIP","floor":8},{"not_picked":["Deadly Poison","Steam","DevaForm"],"picked":"SKIP","floor":10},{"not_picked":["Compile Driver","CutThroughFate","Go for the Eyes"],"picked":"SKIP","floor":12},{"not_picked":["Twin Strike","SashWhip","Quick Slash"],"picked":"SKIP","floor":13},{"not_picked":["Ball Lightning","InnerPeace","Cold Snap"],"picked":"SKIP","floor":14},{"not_picked":["Burning Pact","Nirvana","Blade Dance"],"picked":"SKIP","floor":18},{"not_picked":["Infinite Blades","Stack","Twin Strike"],"picked":"SKIP","floor":20},{"not_picked":["ClearTheMind","Perfected Strike","Havoc+1"],"picked":"SKIP","floor":22},{"not_picked":["Burning Pact+1","Cloak And Dagger","Poisoned Stab"],"picked":"SKIP","floor":24},{"not_picked":["Pummel","Dagger Spray","Fusion"],"picked":"SKIP","floor":25},{"not_picked":["Cloak And Dagger+1","Worship","WheelKick"],"picked":"SKIP","floor":28},{"not_picked":["Coolheaded","Reflex","Slice"],"picked":"SKIP","floor":29},{"not_picked":["Headbutt+1","Steam Power","Quick Slash"],"picked":"SKIP","floor":29},{"not_picked":["Underhanded Strike+1","Carnage+1"],"picked":"Berserk","floor":31},{"not_picked":["Night Terror","Grand Finale+1"],"picked":"Establishment","floor":33},{"not_picked":["Genetic Algorithm","Rip and Tear+1"],"picked":"TalkToTheHand+1","floor":35},{"not_picked":["Protect","EmptyBody","Meditate+1"],"picked":"SKIP","floor":35},{"not_picked":["Steam Power","Melter+1","PathToVictory"],"picked":"SKIP","floor":36},{"not_picked":["Blizzard+1","Clash+1","Leap"],"picked":"SKIP","floor":36},{"not_picked":["Meditate","Anger+1"],"picked":"Backflip","floor":38},{"not_picked":["Deadly Poison","Quick Slash+1"],"picked":"Evolve","floor":40},{"not_picked":["Glass Knife+1","ClearTheMind+1","PathToVictory"],"picked":"SKIP","floor":41},{"not_picked":["Gash+1","Prepared","Dropkick+1"],"picked":"SKIP","floor":42},{"not_picked":["Beam Cell+1","Rupture","Bludgeon+1"],"picked":"SKIP","floor":44},{"not_picked":["Bane+1","Clash+1","Go for the Eyes+1"],"picked":"SKIP","floor":45},{"not_picked":["CrushJoints+1","Compile Driver+1","Cloak And Dagger"],"picked":"SKIP","floor":45},{"not_picked":["Double Energy","Heavy Blade+1"],"picked":"Exhume","floor":46},{"not_picked":["Predator+1","Beam Cell+1","WaveOfTheHand+1"],"picked":"SKIP","floor":48},{"not_picked":["Sentinel","Conclude+1","CrushJoints+1"],"picked":"SKIP","floor":48},{"not_picked":["Iron Wave+1","EmptyMind"],"picked":"Entrench","floor":55}],"player_experience":1976340,"relics_obtained":[{"floor":6,"key":"Centennial Puzzle"},{"floor":8,"key":"Unceasing Top"},{"floor":9,"key":"Gremlin Horn"},{"floor":14,"key":"War Paint"},{"floor":24,"key":"Dream Catcher"},{"floor":25,"key":"Anchor"},{"floor":26,"key":"Prayer Wheel"},{"floor":28,"key":"Strawberry"},{"floor":31,"key":"Molten Egg 2"},{"floor":38,"key":"Charon\u0027s Ashes"},{"floor":39,"key":"Thread and Needle"},{"floor":41,"key":"Ice Cream"},{"floor":42,"key":"Pantograph"},{"floor":44,"key":"Torii"},{"floor":46,"key":"Ginger"},{"floor":47,"key":"Akabeko"},{"floor":55,"key":"Mango"}],"event_choices":[{"cards_removed":["Endless Agony"],"damage_healed":0,"gold_gain":0,"player_choice":"Card Removal","damage_taken":7,"max_hp_gain":0,"max_hp_loss":0,"event_name":"Golden Wing","floor":4,"gold_loss":0},{"damage_healed":0,"gold_gain":0,"player_choice":"Opened","damage_taken":0,"relics_obtained":["Toy Ornithopter"],"max_hp_gain":0,"max_hp_loss":0,"event_name":"The Mausoleum","floor":19,"gold_loss":0,"cards_obtained":["Writhe"]},{"damage_healed":0,"gold_gain":0,"player_choice":"Obtained Relic","damage_taken":0,"relics_obtained":["CeramicFish"],"max_hp_gain":0,"max_hp_loss":0,"event_name":"Addict","floor":21,"gold_loss":85},{"damage_healed":0,"gold_gain":50,"player_choice":"Stole From Cult","damage_taken":0,"max_hp_gain":0,"max_hp_loss":0,"event_name":"Nest","floor":27,"gold_loss":0},{"damage_healed":0,"gold_gain":0,"player_choice":"Fight","damage_taken":0,"max_hp_gain":0,"max_hp_loss":0,"event_name":"Mysterious Sphere","floor":38,"gold_loss":0},{"damage_healed":0,"gold_gain":0,"player_choice":"Fight","damage_taken":0,"max_hp_gain":0,"max_hp_loss":0,"event_name":"MindBloom","floor":39,"gold_loss":0}],"is_beta":false,"boss_relics":[{"not_picked":["Velvet Choker","Sozu"],"picked":"Philosopher\u0027s Stone"},{"not_picked":["Runic Cube","Tiny House"],"picked":"Fusion Hammer"}],"items_purged_floors":[11,30,37],"is_endless":false,"potions_floor_spawned":[1,3,8,12,14,18,20,24,29,38,44,45,48],"ascension_level":20}}