{"host":"iv24d026eac8pm4e","time":1613902545,"event":{"mods":["BaseMod","Minty Spire (QoL Compilation)"],"gold_per_floor":[125,145,168,168,188,188,205,231,231,231,272,306,327,327,327,410,410,433,458,477,236,236,236],"floor_reached":22,"language":"ENG","playtime":786,"items_purged":["Strike_G"],"score":380,"play_id":"a02ba79e-7dc7-49c1-aaa9-06d91b2b9afc","local_time":"20210221021545","is_ascension_mode":true,"campfire_choices":[{"data":"Flechettes","floor":6,"key":"SMITH"},{"floor":10,"key":"REST"},{"data":"Envenom","floor":15,"key":"SMITH"}],"circlet_count":0,"master_deck":["AscendersBane","Strike_G","Strike_G","Strike_G","Strike_G","Defend_G","Defend_G","Defend_G","Defend_G","Defend_G","Survivor","Neutralize","Dodge and Roll","Flechettes+1","Bouncing Flask","Setup","Glass Knife","Envenom+1","Crippling Poison","Backflip","Bullet Time","Noxious Fumes","Footwork","Dagger Spray"],"relics":["Ring of the Snake","CeramicFish","Snake Skull","Bag of Marbles","Odd Mushroom","Black Star","Centennial Puzzle"],"acts_visited":["Exordium","TheCity"],"potions_floor_usage":[12,16,18],"damage_taken":[{"damage":1,"enemies":"2 Louse","floor":1,"turns":3},{"damage":3,"enemies":"Small Slimes","floor":2,"turns":5},{"damage":3,"enemies":"Jaw Worm","floor":3,"turns":4},{"damage":7,"enemies":"Looter","floor":5,"turns":3},{"damage":16,"enemies":"Exordium Thugs","floor":7,"turns":5},{"damage":6,"enemies":"Red Slaver","floor":8,"turns":3},{"damage":8,"enemies":"Lagavulin","floor":11,"turns":5},{"damage":12,"enemies":"The Mushroom Lair","floor":12,"turns":4},{"damage":3,"enemies":"Looter","floor":13,"turns":4},{"damage":20,"enemies":"Hexaghost","floor":16,"turns":9},{"damage":11,"enemies":"2 Thieves","floor":18,"turns":4},{"damage":27,"enemies":"Shell Parasite","floor":19,"turns":5},{"damage":12,"enemies":"Snecko","floor":20,"turns":5},{"damage":10,"enemies":"Cultist and Chosen","floor":22,"turns":3}],"seed_played":"6914383699052938991","potions_obtained":[{"floor":3,"key":"BlessingOfTheForge"},{"floor":5,"key":"DuplicationPotion"},{"floor":14,"key":"CultistPotion"},{"floor":16,"key":"CunningPotion"},{"floor":18,"key":"LiquidBronze"}],"is_trial":false,"path_per_floor":["M","M","M","?","M","R","M","M","T","R","E","?","M","?","R","B",null,"M","M","M","$","M"],"character_chosen":"THE_SILENT","items_purchased":["Centennial Puzzle"],"campfire_rested":1,"item_purchase_floors":[21],"current_hp_per_floor":[58,55,52,57,50,50,34,28,28,49,41,29,26,26,26,6,55,44,17,5,5,0,0],"gold":236,"neow_bonus":"RANDOM_COMMON_RELIC","is_daily":false,"chose_seed":false,"campfire_upgraded":2,"win_rate":0.0,"timestamp":1613902545,"path_taken":["M","M","M","?","M","R","M","M","T","R","E","?","?","?","R","BOSS","M","M","M","$","M"],"items_purchased_type":["Relic"],"build_version":"2020-12-22","purchased_purges":1,"victory":false,"max_hp_per_floor":[66,66,66,71,71,71,71,71,71,71,71,71,71,71,71,71,71,71,71,71,71,71,71],"card_choices":[{"not_picked":["Sucker Punch","Calculated Gamble"],"picked":"Dodge and Roll","floor":1},{"not_picked":["Dagger Spray","Prepared"],"picked":"Flechettes","floor":2},{"not_picked":["Backflip","Masterful Stab"],"picked":"Bouncing Flask","floor":3},{"not_picked":["Bane","Acrobatics"],"picked":"Setup","floor":5},{"not_picked":["Sucker Punch","Backstab","Distraction"],"picked":"SKIP","floor":7},{"not_picked":["Sucker Punch","Backstab","Distraction"],"picked":"SKIP","floor":7},{"not_picked":["Slice","Dash"],"picked":"Glass Knife","floor":8},{"not_picked":["Infinite Blades","Choke"],"picked":"Envenom","floor":11},{"not_picked":["Deadly Poison","All Out Attack"],"picked":"Crippling Poison","floor":12},{"not_picked":["Riddle With Holes","All Out Attack"],"picked":"Backflip","floor":13},{"not_picked":["Grand Finale","Die Die Die"],"picked":"Bullet Time","floor":16},{"not_picked":["Backflip","Acrobatics"],"picked":"Noxious Fumes","floor":18},{"not_picked":["Acrobatics","Deadly Poison"],"picked":"Footwork","floor":19},{"not_picked":["Doppelganger","Sucker Punch"],"picked":"Dagger Spray","floor":20}],"player_experience":2548075,"relics_obtained":[{"floor":9,"key":"Snake Skull"},{"floor":11,"key":"Bag of Marbles"},{"floor":12,"key":"Odd Mushroom"}],"event_choices":[{"damage_healed":0,"gold_gain":0,"player_choice":"Donut","damage_taken":0,"max_hp_gain":5,"max_hp_loss":0,"event_name":"Big Fish","floor":4,"gold_loss":0},{"damage_healed":0,"gold_gain":0,"player_choice":"Fought Mushrooms","damage_taken":0,"max_hp_gain":0,"max_hp_loss":0,"event_name":"Mushrooms","floor":12,"gold_loss":0},{"damage_healed":0,"gold_gain":0,"player_choice":"Got Potions","damage_taken":0,"max_hp_gain":0,"max_hp_loss":0,"event_name":"Lab","floor":14,"gold_loss":0}],"is_beta":false,"boss_relics":[{"not_picked":["Calling Bell","Sozu"],"picked":"Black Star"}],"items_purged_floors":[21],"is_endless":false,"potions_floor_spawned":[3,5,7,11,16,18,19],"killed_by":"Cultist and Chosen","ascension_level":20}}