{"host":"i0avyit1s6jb1siw","time":1613904063,"event":{"mods":["BaseMod","DeckTracker","Dota2Spire","Minty Spire (QoL Compilation)","Quick Restart","StSLib","SuperFastMode"],"gold_per_floor":[114,132,143,161,0,26,26,53,53,53,86,86,111,7,7,97,97,0,0,0,0,14,14,14,14],"floor_reached":24,"language":"ENG","playtime":484,"items_purged":[],"score":404,"play_id":"e2a4b3dd-9ce7-47ce-9e5f-61f67c9113f0","local_time":"20210221114103","is_ascension_mode":true,"campfire_choices":[{"floor":7,"key":"REST"},{"floor":12,"key":"REST"},{"data":"True Grit","floor":15,"key":"SMITH"},{"floor":23,"key":"REST"}],"circlet_count":0,"master_deck":["AscendersBane","Strike_R","Strike_R","Strike_R","Defend_R","Defend_R","Defend_R","Defend_R","Bash+1","Wild Strike","Evolve+1","Flame Barrier","Power Through","Dropkick+1","Dark Embrace","Wild Strike+1","Uppercut+1","True Grit+1","Reaper+1","Armaments","Rage"],"relics":["Burning Blood","Membership Card","Molten Egg 2","Odd Mushroom","Paper Frog","Golden Idol","Pen Nib","Orrery","Empty Cage"],"acts_visited":["Exordium","TheCity"],"potions_floor_usage":[11,16,16],"damage_taken":[{"damage":1,"enemies":"Cultist","floor":1,"turns":3},{"damage":7,"enemies":"Jaw Worm","floor":2,"turns":3},{"damage":4,"enemies":"Small Slimes","floor":3,"turns":3},{"damage":14,"enemies":"Blue Slaver","floor":4,"turns":4},{"damage":64,"enemies":"Lagavulin","floor":6,"turns":10},{"damage":11,"enemies":"The Mushroom Lair","floor":8,"turns":5},{"damage":24,"enemies":"Gremlin Nob","floor":11,"turns":4},{"damage":11,"enemies":"Looter","floor":13,"turns":3},{"damage":17,"enemies":"The Guardian","floor":16,"turns":15},{"damage":32,"enemies":"2 Thieves","floor":18,"turns":5},{"damage":24,"enemies":"Spheric Guardian","floor":22,"turns":7},{"damage":37,"enemies":"Chosen and Byrds","floor":24,"turns":4}],"seed_played":"-9032984882115298402","potions_obtained":[{"floor":1,"key":"Ancient Potion"},{"floor":6,"key":"Energy Potion"},{"floor":13,"key":"FearPotion"},{"floor":22,"key":"PowerPotion"}],"is_trial":false,"path_per_floor":["M","M","M","M","$","E","R","?","T","?","E","R","M","$","R","B",null,"M","?","?","?","M","R","M"],"character_chosen":"IRONCLAD","items_purchased":["Membership Card","Orrery","True Grit"],"campfire_rested":3,"item_purchase_floors":[5,14,14],"current_hp_per_floor":[73,72,74,66,66,8,30,25,25,25,7,27,22,22,22,11,54,28,28,28,28,10,30,0,0],"gold":14,"neow_bonus":"UPGRADE_CARD","is_daily":false,"chose_seed":false,"campfire_upgraded":1,"win_rate":0.0,"timestamp":1613904063,"path_taken":["M","M","?","M","$","E","R","?","T","?","E","R","M","?","R","BOSS","M","?","?","?","M","R","M"],"items_purchased_type":["Relic","Relic","Card"],"build_version":"2020-12-22","purchased_purges":0,"victory":false,"max_hp_per_floor":[75,75,75,75,75,75,75,75,75,68,68,68,68,68,68,68,68,68,68,68,68,68,68,68,68],"card_choices":[{"not_picked":["Sentinel","Heavy Blade"],"picked":"Wild Strike","floor":1},{"not_picked":["Cleave","Perfected Strike"],"picked":"Evolve","floor":2},{"not_picked":["Sentinel","Metallicize"],"picked":"Flame Barrier","floor":3},{"not_picked":["Armaments","Cleave"],"picked":"Power Through","floor":4},{"not_picked":["Juggernaut","Thunderclap+1"],"picked":"Dropkick+1","floor":6},{"not_picked":["True Grit","Pummel+1"],"picked":"Dark Embrace","floor":11},{"not_picked":["Sword Boomerang+1","Dark Embrace"],"picked":"Wild Strike+1","floor":13},{"not_picked":["Pommel Strike+1","Twin Strike+1"],"picked":"Uppercut+1","floor":14},{"not_picked":["Bludgeon+1","Double Tap"],"picked":"Reaper+1","floor":16},{"not_picked":["True Grit","Sword Boomerang+1"],"picked":"Armaments","floor":18},{"not_picked":["Combust","Infernal Blade"],"picked":"Rage","floor":22}],"player_experience":2481831,"relics_obtained":[{"floor":6,"key":"Molten Egg 2"},{"floor":8,"key":"Odd Mushroom"},{"floor":9,"key":"Paper Frog"},{"floor":11,"key":"Pen Nib"}],"event_choices":[{"damage_healed":0,"gold_gain":0,"player_choice":"Fought Mushrooms","damage_taken":0,"max_hp_gain":0,"max_hp_loss":0,"event_name":"Mushrooms","floor":8,"gold_loss":0},{"damage_healed":0,"gold_gain":0,"player_choice":"Lose Max HP","damage_taken":0,"relics_obtained":["Golden Idol"],"max_hp_gain":0,"max_hp_loss":7,"event_name":"Golden Idol","floor":10,"gold_loss":0},{"damage_healed":0,"gold_gain":0,"player_choice":"Ignored","damage_taken":0,"max_hp_gain":0,"max_hp_loss":0,"event_name":"Vampires","floor":19,"gold_loss":0},{"damage_healed":0,"gold_gain":0,"player_choice":"Upgraded","damage_taken":0,"max_hp_gain":0,"max_hp_loss":0,"event_name":"Upgrade Shrine","floor":21,"gold_loss":0,"cards_upgraded":["Evolve"]}],"is_beta":false,"boss_relics":[{"not_picked":["Runic Dome","Black Blood"],"picked":"Empty Cage"}],"items_purged_floors":[],"is_endless":false,"potions_floor_spawned":[1,6,8,13,22],"killed_by":"Chosen and Byrds","ascension_level":20}}