{"host":"l4lyu1jo6nvtq6u8","time":1613922623,"event":{"mods":["Act Like it!","Aspiration","BaseMod","Better Sensory Stone","Better Third Choice","CapriCore","Conspire","Curses Come First","Energized Spire","FetchMod","Gensokyo","Halation","Hubris","Infinite Spire","Jedi Mod","Marisa????????","Minty Spire (QoL Compilation)","Pale of the Ancients","Poor People Problems","Quick Restart","Random Character Button","RatMod","Relic Sorter","Replay The Spire","StSLib","The Immortal","slay the spire mod where everything is the same but ironclad has a cowboy hat"],"gold_per_floor":[114,114,156,206,221,221,237,99,172,172,172,172,172,190,190,287,287,297,547,559,559,559,559,576,576,576,576,593,609,609,628,628,628,628,628],"floor_reached":33,"language":"ENG","playtime":955,"items_purged":["MokouMod:Strike","MokouMod:Strike"],"score":235,"play_id":"3b38e5d7-0e90-48fa-b422-3eefa627c43e","local_time":"20210221095023","is_ascension_mode":false,"campfire_choices":[{"data":"MokouMod:Fireball","floor":6,"key":"SMITH"},{"data":"MokouMod:Ember","floor":11,"key":"SMITH"},{"data":"MokouMod:RadiantBlade","floor":13,"key":"SMITH"},{"data":"MokouMod:FujiyamaVolcano","floor":15,"key":"SMITH"},{"data":"MokouMod:ProfanedFlare","floor":23,"key":"SMITH"},{"data":"MokouMod:SacredFire","floor":32,"key":"SMITH"}],"circlet_count":0,"master_deck":["MokouMod:Strike","MokouMod:Strike","MokouMod:Strike","MokouMod:Defend","MokouMod:Defend","MokouMod:Defend","MokouMod:Defend","MokouMod:HeatSpark+1","MokouMod:Fireball+1","MokouMod:FlareStarter","MokouMod:Ember+1","MokouMod:RadiantBlade+1","MokouMod:Fireball","MokouMod:FujiyamaVolcano+1","MokouMod:ProfanedFlare+1","MokouMod:IllusoryBattlefield","MokouMod:SacredFire+1","MokouMod:SearingShot","MokouMod:SpontaneousHumanCombustion","infinitespire:Starlight"],"relics":["MokouMod:PhoenixFeather","jedi:bottledfury","ReplayFunnel","Chemical X","infinitespire:Eraser","aspiration:RitualDagger","Replay:Ringing Soul","ReplayTheSpireMod:Ninjato","Black Star","conspire:GiftBox"],"acts_visited":["Gensokyo:Gensokyo","Gensokyo:Gensokyoer"],"potions_floor_usage":[33,33],"damage_taken":[{"damage":3,"enemies":"Gensokyo:2_Kodama","floor":1,"turns":5},{"damage":0,"enemies":"Gensokyo:3_Fairies","floor":5,"turns":2},{"damage":0,"enemies":"Gensokyo:Python","floor":7,"turns":2},{"damage":7,"enemies":"Gensokyo:Kitsune","floor":14,"turns":3},{"damage":31,"enemies":"Gensokyo:Kokoro","floor":16,"turns":10},{"damage":32,"enemies":"Gensokyo:CosmicMonolith","floor":18,"turns":4},{"damage":6,"enemies":"Gensokyo:3_Dogs","floor":20,"turns":2},{"damage":40,"enemies":"Gensokyo:Chomper_and_Gloop","floor":24,"turns":4},{"damage":33,"enemies":"Gensokyo:Wraith","floor":28,"turns":3},{"damage":36,"enemies":"Gensokyo:Swordslinger","floor":29,"turns":2},{"damage":46,"enemies":"Gensokyo:Slime_Group","floor":31,"turns":4},{"damage":128,"enemies":"Gensokyo:Kaguya","floor":33,"turns":10}],"seed_played":"-1255275828203153281","potions_obtained":[{"floor":7,"key":"LiquidBronze"},{"floor":16,"key":"SpeedPotion"},{"floor":18,"key":"Flashbang"}],"is_trial":false,"path_per_floor":["M","?","?","T","M","R","M","COS","T","?","R","?","R","M","R","B",null,"M","?","M","T","COS","R","M","?","T","$","M","M","AVR","M","R","B"],"character_chosen":"MKU","items_purchased":[],"campfire_rested":0,"item_purchase_floors":[],"current_hp_per_floor":[79,79,47,47,47,47,47,47,47,47,47,47,47,40,40,9,82,50,50,44,44,44,44,4,7,7,2,59,38,41,12,12,0,0,0],"gold":628,"neow_bonus":"TEN_PERCENT_HP_BONUS","is_daily":false,"chose_seed":false,"campfire_upgraded":6,"win_rate":0.0,"timestamp":1613922623,"path_taken":["M","?","?","?","M","R","?","COS","T","?","R","?","R","M","R","BOSS","M","?","M","?","COS","R","?","?","T","?","M","?","AVR","M","R","BOSS"],"items_purchased_type":[],"build_version":"2020-12-22","purchased_purges":2,"victory":false,"max_hp_per_floor":[82,82,82,82,82,82,82,82,82,82,82,82,82,82,82,82,82,82,78,78,78,78,78,78,81,81,81,81,84,87,87,87,87,87,87],"card_choices":[{"not_picked":["MokouMod:RetainTemperature","MokouMod:DanceofFlames","MokouMod:TemporalFireSeal"],"picked":"SKIP","floor":1},{"not_picked":["MokouMod:IndiscriminateIgnition","MokouMod:SearingShot"],"picked":"MokouMod:Fireball","floor":3},{"not_picked":["MokouMod:ThermalPressure","MokouMod:IndiscriminateIgnition"],"picked":"MokouMod:FlareStarter","floor":3},{"not_picked":["MokouMod:AdaptivePyromancy","MokouMod:Ember","MokouMod:Firecracker"],"picked":"SKIP","floor":5},{"not_picked":["MokouMod:Overheat","MokouMod:HeatCyclone"],"picked":"MokouMod:Ember","floor":7},{"not_picked":["MokouMod:ScorchingColumn","MokouMod:Firecracker"],"picked":"MokouMod:RadiantBlade","floor":12},{"not_picked":["MokouMod:Ember","MokouMod:Stoke"],"picked":"MokouMod:Fireball","floor":12},{"not_picked":["MokouMod:AdaptivePyromancy","MokouMod:Firecracker"],"picked":"MokouMod:FujiyamaVolcano","floor":14},{"not_picked":["MokouMod:PhoenixForm","MokouMod:ResonatingAura"],"picked":"MokouMod:ProfanedFlare","floor":16},{"not_picked":["MokouMod:ControlledCombustion+1","MokouMod:EternalBurstReactor"],"picked":"MokouMod:Wildfire+1","floor":18},{"not_picked":["MokouMod:EternalBurstReactor","MokouMod:FlickeringFlame"],"picked":"MokouMod:IllusoryBattlefield","floor":20},{"not_picked":["MokouMod:Ember+1","MokouMod:UncontrollableSolarReaction","MokouMod:IndiscriminateIgnition"],"picked":"SKIP","floor":24},{"not_picked":["MokouMod:ScorchingColumn","MokouMod:Combust","MokouMod:UncontrollableSolarReaction"],"picked":"SKIP","floor":28},{"not_picked":["MokouMod:FusionFlare","MokouMod:Trailblazer+1"],"picked":"MokouMod:SearingShot","floor":29},{"not_picked":["MokouMod:EnchantingBambooForest","MokouMod:ExplosiveFlame"],"picked":"MokouMod:SpontaneousHumanCombustion","floor":30},{"not_picked":["MokouMod:BlazingComet+1","MokouMod:Ember","MokouMod:Singe"],"picked":"SKIP","floor":31}],"player_experience":504772,"relics_obtained":[{"floor":3,"key":"jedi:bottledfury"},{"floor":4,"key":"ReplayFunnel"},{"floor":9,"key":"infinitespire:Eraser"},{"floor":21,"key":"Replay:Ringing Soul"},{"floor":26,"key":"ReplayTheSpireMod:Ninjato"}],"event_choices":[{"damage_healed":0,"gold_gain":0,"player_choice":"Leave","damage_taken":0,"max_hp_gain":0,"max_hp_loss":0,"event_name":"conspire:Investor","floor":10,"gold_loss":0}],"is_beta":false,"boss_relics":[{"not_picked":["energizedSpire:StickyHand","Replay:Drink Me"],"picked":"aspiration:RitualDagger"}],"items_purged_floors":[27,30],"is_endless":false,"potions_floor_spawned":[7,16,18,28],"killed_by":"Gensokyo:Kaguya","ascension_level":0}}