{"host":"xp5rvh2jwe2ejyfm","time":1613948098,"event":{"mods":["2.2 Compatiblity","Aspiration","Bard","BaseMod","Beaked The Cultist","Better Altar","Better Match","Better Note","Better Sensory Stone","Better Skull","BetterRewards","Colored Powertips","Conspire","Downfall","GifTheSpireLib","Gremlin Mod","GungeonMod","Hermit","Hubris","Jorbs\u0027s Wanderer Trilogy","Mad Scientist","Minty Spire (QoL Compilation)","Potionbrewer","Quick Restart","Replay The Spire","Robot Space Explorer","Shade Mod","Somnambulant","StSLib","The Bug Knight","The Clintock","The Construct","The Cursed","The Disciple","The Forsaken","The Hierophant","The Marked","The Mystic","The Necromancer","The Runesmith","The Servant 0.9.4","The Valiant","The Witch","TheFirefly","TheVacant","thorton"],"gold_per_floor":[110,110,3,3,3,3,3,3,3,38,50,4,17,17,17,115,115,126,146,146,2,2,27,53,65,100,130,142,40,40,54,54,157,157,173,190,210,210,210,210],"floor_reached":39,"language":"ENG","playtime":2002,"items_purged":[],"score":422,"play_id":"6286f33e-e84e-403c-9d28-b52f37b9baef","local_time":"20210221175458","is_ascension_mode":false,"campfire_choices":[{"floor":6,"key":"RECALL"},{"data":"theVacant:Release","floor":8,"key":"SMITH"},{"data":"theVacant:Dig","floor":15,"key":"SMITH"},{"floor":28,"key":"REST"},{"floor":30,"key":"REST"},{"floor":32,"key":"REST"}],"circlet_count":0,"master_deck":["theVacant:VacantStarterStrike","theVacant:VacantStarterStrike","theVacant:VacantStarterStrike","theVacant:VacantStarterStrike","theVacant:VacantStarterDefend","theVacant:VacantStarterDefend","theVacant:VacantStarterDefend","theVacant:VacantStarterDefend","theVacant:Release+1","theVacant:Crunch+1","theVacant:Barrage","theVacant:Gloom+1","theVacant:HolyWater","theVacant:Husk","theVacant:GraveDigger","theVacant:Dig+1","theVacant:Jab","theVacant:DimensionTear","theVacant:EyePoke+1","theVacant:Gloom+1","theVacant:FiendFrost","theVacant:GraveWave","theVacant:Thoughtseize+1","theVacant:Hex","theVacant:Acceptance","theVacant:SpiritOrb","theVacant:Recover","theVacant:ForgeSoul","theVacant:ReaperStrike","theVacant:Jab","theVacant:Reconnect+1"],"relics":["theVacant:BrassGoblet","NeowsBlessing","Blue Candle","hubris:64BitClover","Painkiller Herb","MawBank","theForsaken:Gavel","Bag of Preparation","Gremlin Horn","construct:WeddingRing","DemoMod:GlassGuonStoneRelic"],"acts_visited":["Exordium","TheCity","TheBeyond"],"potions_floor_usage":[19,23,24,24,36,37],"damage_taken":[{"damage":0,"enemies":"Jaw Worm","floor":1,"turns":1},{"damage":0,"enemies":"Lagavulin","floor":10,"turns":1},{"damage":0,"enemies":"2 Louse","floor":11,"turns":2},{"damage":0,"enemies":"Cultist","floor":13,"turns":2},{"damage":21,"enemies":"Slime Boss","floor":16,"turns":5},{"damage":0,"enemies":"conspire:FuzzyDice","floor":18,"turns":5},{"damage":16,"enemies":"3 Byrds","floor":19,"turns":4},{"damage":17,"enemies":"Gremlin Leader","floor":23,"turns":6},{"damage":37,"enemies":"Snecko","floor":24,"turns":5},{"damage":8,"enemies":"Snake Plant","floor":27,"turns":4},{"damage":42,"enemies":"Centurion and Healer","floor":31,"turns":4},{"damage":37,"enemies":"conspire:MysteriousRune","floor":33,"turns":8},{"damage":12,"enemies":"Orb Walker","floor":35,"turns":4},{"damage":40,"enemies":"3 Darklings","floor":36,"turns":3},{"damage":6,"enemies":"4 Shapes","floor":37,"turns":3},{"damage":38,"enemies":"Transient","floor":39,"turns":3}],"seed_played":"1603512554723771981","potions_obtained":[{"floor":16,"key":"Elixir"},{"floor":18,"key":"BlessingOfTheForge"},{"floor":20,"key":"Dexterity Potion"},{"floor":20,"key":"potionbrewer:EndurancePotion"},{"floor":24,"key":"sneckomod:MuddlingPotion"},{"floor":31,"key":"Explosive Potion"},{"floor":33,"key":"Flashbang"},{"floor":36,"key":"Fire Potion"},{"floor":37,"key":"FearPotion"}],"is_trial":false,"path_per_floor":["M","?","$","?","$","R","$","R","T","E","M","$","M","T","R","B",null,"?","?","?","T","?","E","?","?","T","?","T","T","T","?","T","B",null,"?","?","?","?","?"],"character_chosen":"THE_VACANT","items_purchased":["theVacant:Gloom","theVacant:HolyWater","theVacant:Dig","theVacant:FiendFrost","theVacant:Acceptance","theVacant:SpiritOrb"],"campfire_rested":3,"item_purchase_floors":[3,3,12,21,29,29],"current_hp_per_floor":[80,80,80,80,80,80,80,80,80,80,80,80,80,80,80,59,80,80,64,64,64,80,63,26,26,26,18,42,42,66,24,48,17,80,68,33,27,27,0,0],"gold":210,"neow_bonus":"THREE_ENEMY_KILL","is_daily":false,"chose_seed":false,"campfire_upgraded":2,"win_rate":0.0,"timestamp":1613948098,"path_taken":["M","?","$","?","$","R","?","R","T","E","?","$","M","?","R","BOSS","?","?","?","T","?","E","?","?","T","?","T","T","T","?","T","BOSS","?","?","?","?","?"],"items_purchased_type":["Card","Card","Card","Card","Card","Card"],"build_version":"2020-12-22","purchased_purges":0,"victory":false,"max_hp_per_floor":[80,80,80,80,80,80,80,80,80,80,80,80,80,80,80,80,80,80,80,80,80,80,80,80,80,80,80,80,80,80,80,80,80,80,80,80,80,80,80,80],"card_choices":[{"not_picked":["theVacant:Cower","theVacant:BurdenBreak"],"picked":"theVacant:Barrage","floor":1},{"not_picked":["theVacant:Whip","theVacant:LichStrike"],"picked":"theVacant:Husk","floor":10},{"not_picked":["theVacant:OnSecondThought","theVacant:Whip"],"picked":"theVacant:GraveDigger","floor":11},{"not_picked":["theVacant:Whip","theVacant:Spinshield"],"picked":"theVacant:Jab","floor":13},{"not_picked":["theVacant:TimeSkip","theVacant:WhenDarknessComes"],"picked":"theVacant:DimensionTear","floor":16},{"not_picked":["theVacant:Cower","theVacant:Dig"],"picked":"theVacant:EyePoke+1","floor":18},{"not_picked":["theVacant:ShutAway","theVacant:BattleScars"],"picked":"theVacant:Gloom+1","floor":19},{"not_picked":["theVacant:Necromancy+1","theVacant:Jab"],"picked":"theVacant:GraveWave","floor":23},{"not_picked":["theVacant:FromNothing","theVacant:Necromancy"],"picked":"theVacant:Thoughtseize+1","floor":24},{"not_picked":["theVacant:Jab+1","theVacant:ShutAway"],"picked":"theVacant:Hex","floor":27},{"not_picked":["theVacant:MindBreak","theVacant:Carve"],"picked":"theVacant:Recover","floor":31},{"not_picked":["theVacant:DimensionTear","theVacant:TheAnvil"],"picked":"theVacant:ForgeSoul","floor":33},{"not_picked":["theVacant:SpiritOrb+1","theVacant:BattleScars+1"],"picked":"theVacant:ReaperStrike","floor":35},{"not_picked":["theVacant:Whip+1","theVacant:Thoughtseize+1"],"picked":"theVacant:Jab","floor":36},{"not_picked":["theVacant:EyePoke+1","theVacant:Cower+1"],"picked":"theVacant:Reconnect+1","floor":37}],"player_experience":558125,"relics_obtained":[{"floor":10,"key":"Blue Candle"},{"floor":14,"key":"hubris:64BitClover"},{"floor":23,"key":"MawBank"},{"floor":26,"key":"Bag of Preparation"},{"floor":33,"key":"Gremlin Horn"}],"event_choices":[{"damage_healed":0,"gold_gain":0,"player_choice":"Got Potions","damage_taken":0,"max_hp_gain":0,"max_hp_loss":0,"event_name":"Lab","floor":20,"gold_loss":0},{"damage_healed":16,"gold_gain":0,"player_choice":"Full Heal","damage_taken":0,"max_hp_gain":0,"max_hp_loss":0,"event_name":"Wheel of Change","floor":22,"gold_loss":0},{"damage_healed":0,"gold_gain":0,"player_choice":"Gave Potion","damage_taken":0,"relics_obtained":["theForsaken:Gavel"],"max_hp_gain":0,"max_hp_loss":0,"event_name":"WeMeetAgain","floor":25,"gold_loss":0}],"is_beta":false,"boss_relics":[{"not_picked":["bronze:MakeshiftBattery","hubris:RunicObelisk"],"picked":"Painkiller Herb"},{"not_picked":["aspiration:WatcherSkillbook","potionbrewer:BhaskarasWheel"],"picked":"construct:WeddingRing"}],"items_purged_floors":[],"is_endless":false,"potions_floor_spawned":[16,18,24,31,33,36,37],"killed_by":"Transient","ascension_level":0}}