{"host":"y9t3brv5y5t41vuj","time":1613917615,"event":{"mods":["AchievementEnabler","BaseMod","BetterRewards","Block Reminder","Colored Map","Colored Powertips","Conspire","Highlight Path","Hubris","Infinite Spire","Minty Spire (QoL Compilation)","Quick Restart","Replay The Spire","Shop Mod","StSLib","SuperFastMode","Unceasing Turn Reminder"],"gold_per_floor":[110,110,130,130,130,130,156,176,200,211,244,258,291,303,303,407,407,418,47,59,59,79,107,107,117,141,141,141,141],"floor_reached":28,"language":"ENG","playtime":597,"items_purged":["Strike_R"],"score":285,"play_id":"56b9debd-5c7d-4d32-9d48-63d9dd0194cd","local_time":"20210221152655","is_ascension_mode":false,"campfire_choices":[{"data":"Cleave","floor":6.0,"key":"SMITH"},{"data":"Limit Break","floor":15.0,"key":"SMITH"},{"floor":24.0,"key":"REST"}],"circlet_count":0,"master_deck":["Strike_R","Strike_R","Strike_R","Defend_R","Defend_R","Defend_R","Defend_R","Bash","Dropkick","Cleave+1","Feel No Pain","Disarm","Infernal Blade","Twin Strike","Limit Break+1","Flex","Juggernaut","Sadistic Nature","Metallicize+1","Necronomicurse"],"relics":["Burning Blood","NeowsBlessing","hubris:Towel","hubris:Icosahedron","ReplayTheSpireMod:TigerMarble","Vajra","Toy Ornithopter","Replay:Wax Seal","Replay:Arrowhead","MerchantsRug","conspire:TreasureMap","hubris:64BitClover","Gremlin Food","Necronomicon"],"acts_visited":["Exordium","TheCity"],"potions_floor_usage":[],"damage_taken":[{"damage":0.0,"enemies":"Small Slimes","floor":1.0,"turns":1.0},{"damage":0.0,"enemies":"Jaw Worm","floor":3.0,"turns":1.0},{"damage":0.0,"enemies":"Gremlin Nob","floor":7.0,"turns":1.0},{"damage":4.0,"enemies":"2 Louse","floor":8.0,"turns":2.0},{"damage":4.0,"enemies":"2 Fungi Beasts","floor":10.0,"turns":3.0},{"damage":19.0,"enemies":"3 Sentries","floor":11.0,"turns":5.0},{"damage":12.0,"enemies":"Blue Slaver","floor":12.0,"turns":4.0},{"damage":32.0,"enemies":"Lagavulin","floor":13.0,"turns":4.0},{"damage":11.0,"enemies":"Exordium Thugs","floor":14.0,"turns":4.0},{"damage":7.0,"enemies":"Hexaghost","floor":16.0,"turns":7.0},{"damage":21.0,"enemies":"Shell Parasite","floor":18.0,"turns":7.0},{"damage":15.0,"enemies":"Chosen","floor":20.0,"turns":6.0},{"damage":29.0,"enemies":"Snake Plant","floor":22.0,"turns":4.0},{"damage":91.0,"enemies":"Slavers","floor":23.0,"turns":7.0},{"damage":25.0,"enemies":"Cultist and Chosen","floor":25.0,"turns":7.0},{"damage":10,"enemies":"Nightmare","floor":28,"turns":1}],"seed_played":"-8338107902137512283","potions_obtained":[{"floor":3.0,"key":"BloodPotion"},{"floor":7.0,"key":"Languid Potion"},{"floor":10.0,"key":"Swift Potion"},{"floor":13.0,"key":"Languid Potion"},{"floor":22.0,"key":"BloodPotion"},{"floor":23.0,"key":"PowerPotion"}],"is_trial":false,"path_per_floor":["M","?","M","?","?","R","E","M","T","M","E","M","E","M","R","B",null,"M","$","M","?","M","E","R","M","T","?","NM"],"character_chosen":"IRONCLAD","items_purchased":["MerchantsRug","conspire:TreasureMap","Sadistic Nature"],"campfire_rested":1,"item_purchase_floors":[19,19,19],"current_hp_per_floor":[80,80,80,80,80,80,80,80,80,80,67,61,40,45,45,44,80,65,65,56,56,54,8,32,18,18,2,0,0],"gold":141,"neow_bonus":"THREE_ENEMY_KILL","is_daily":false,"chose_seed":false,"campfire_upgraded":2,"win_rate":0.0,"timestamp":1613917615,"path_taken":["M","?","M","?","?","R","E","M","T","M","E","M","E","M","R","BOSS","M","$","M","?","M","E","R","M","T","?","NM"],"items_purchased_type":["Relic","Relic","Card"],"build_version":"2020-12-22","purchased_purges":1,"victory":false,"max_hp_per_floor":[80,80,80,80,80,80,80,80,80,80,80,80,80,80,80,80,80,80,80,80,80,80,80,80,80,80,80,80,80],"card_choices":[{"not_picked":["ReplayTheSpireMod:Stacked","ReplayReversal"],"picked":"Dropkick","floor":1.0},{"not_picked":["Anger","Dual Wield"],"picked":"Cleave","floor":3.0},{"not_picked":["Fiend Fire","Havoc"],"picked":"Feel No Pain","floor":7.0},{"not_picked":["Pommel Strike","Perfected Strike","ReplayTheSpireMod:Stacked"],"picked":"SKIP","floor":8.0},{"not_picked":["Cleave","Pommel Strike"],"picked":"Disarm","floor":10.0},{"not_picked":["Flex","Clash"],"picked":"Infernal Blade","floor":11.0},{"not_picked":["conspire:Charge","Thunderclap"],"picked":"Twin Strike","floor":12.0},{"not_picked":["Feel No Pain","Dual Wield"],"picked":"Limit Break","floor":13.0},{"not_picked":["Wild Strike","Twin Strike"],"picked":"Flex","floor":14.0},{"not_picked":["Offering","Berserk"],"picked":"Juggernaut","floor":16.0},{"not_picked":["ReplayTheSpireMod:Strike From Hell","Rupture","Sever Soul"],"picked":"SKIP","floor":18.0},{"not_picked":["Berserk","Body Slam","Havoc"],"picked":"SKIP","floor":20.0},{"not_picked":["ReplayTheSpireMod:Muscle Training","Massacre","conspire:Charge"],"picked":"SKIP","floor":22.0},{"not_picked":["ReplayTheSpireMod:Corrosion Curse","ReplayTheSpireMod:Muscle Training"],"picked":"Metallicize+1","floor":23.0},{"not_picked":["Armaments","ReplayTheSpireMod:Strike From Hell","Pommel Strike+1"],"picked":"SKIP","floor":25.0}],"player_experience":542306,"relics_obtained":[{"floor":7.0,"key":"ReplayTheSpireMod:TigerMarble"},{"floor":9.0,"key":"Vajra"},{"floor":11.0,"key":"Toy Ornithopter"},{"floor":13.0,"key":"Replay:Wax Seal"},{"floor":23.0,"key":"hubris:64BitClover"},{"floor":26.0,"key":"Gremlin Food"},{"floor":27.0,"key":"Necronomicon"}],"event_choices":[{"damage_healed":0.0,"max_hp_gain":0.0,"max_hp_loss":0.0,"gold_gain":0.0,"event_name":"conspire:Investor","player_choice":"Leave","floor":2.0,"gold_loss":0.0,"damage_taken":0.0},{"damage_healed":0.0,"max_hp_gain":0.0,"max_hp_loss":0.0,"gold_gain":0.0,"event_name":"Cursed Tome","player_choice":"Obtained Book","floor":27.0,"gold_loss":0.0,"damage_taken":16.0}],"is_beta":false,"boss_relics":[{"not_picked":["infinitespire:Cupcake","hubris:Stopwatch"],"picked":"hubris:Backtick"}],"items_purged_floors":[19],"is_endless":false,"potions_floor_spawned":[3,7,10,12,13,18,22,23],"killed_by":"Nightmare","ascension_level":0}}