{"host":"qfmqsclrfy207o1q","time":1613894587,"event":{"mods":["2.2 Compatiblity","AchievementEnabler","BaseMod","BetterRewards","Colored Map","Colored Powertips","Curses Come First","Dark Map","Downfall","Infinite Spire","Minty Spire (QoL Compilation)","Quick Restart","Rare Cards Sparkle","Relic Stats","StSLib"],"gold_per_floor":[109,79,34,51,65,65,75,75,123,32,32,62,72,37,37,137,137,137,137,137,137,137,137,137,137,137,137,21,21,21,21,21,21,21],"floor_reached":33,"language":"ENG","playtime":1604,"items_purged":[],"score":253,"play_id":"c7cefeaf-b539-4ed9-af5c-297ba453a2ad","local_time":"20210221010307","is_ascension_mode":false,"campfire_choices":[{"data":"Zap","floor":6,"key":"SMITH"},{"data":"Redo","floor":8,"key":"SMITH"},{"data":"Dualcast","floor":11,"key":"SMITH"},{"data":"Steam","floor":15,"key":"SMITH"},{"data":"Auto Shields","floor":24,"key":"SMITH"},{"data":"Glacier","floor":29,"key":"SMITH"},{"data":"Cold Snap","floor":32,"key":"SMITH"}],"circlet_count":0,"master_deck":["Strike_B+1","Strike_B+1","Strike_B+1","Strike_B+1","Defend_B+1","Defend_B+1","Defend_B+1","Defend_B+1","Zap+1","Dualcast+1","Hologram","Coolheaded","Steam+1","Redo+1","Leap","FTL","Steam","Cold Snap+1","Leap","Thunder Strike","Self Repair+1","Glacier","Auto Shields+1","Glacier+1","Conserve Battery","Conserve Battery","Go for the Eyes","Gash","Loop+1"],"relics":["Cracked Core","Orichalcum","Odd Mushroom","Ectoplasm","Pen Nib","Dream Catcher"],"acts_visited":["TheCity"],"potions_floor_usage":[4,16,16,16,33,33,33],"damage_taken":[{"damage":6.0,"enemies":"Jaw Worm","floor":1.0,"turns":3.0},{"damage":0,"enemies":"Cultist","floor":4,"turns":3},{"damage":2,"enemies":"2 Louse","floor":5,"turns":3},{"damage":0,"enemies":"Exordium Wildlife","floor":7,"turns":3},{"damage":6,"enemies":"The Mushroom Lair","floor":12,"turns":4},{"damage":0,"enemies":"2 Fungi Beasts","floor":13,"turns":4},{"damage":63,"enemies":"Hexaghost","floor":16,"turns":18},{"damage":6,"enemies":"Shell Parasite","floor":18,"turns":8},{"damage":0,"enemies":"Spheric Guardian","floor":23,"turns":6},{"damage":6,"enemies":"Book of Stabbing","floor":25,"turns":10},{"damage":9,"enemies":"Cultist and Chosen","floor":27,"turns":10},{"damage":0,"enemies":"Snake Plant","floor":30,"turns":7},{"damage":83,"enemies":"Collector","floor":33,"turns":20}],"seed_played":"2531600804956156121","potions_obtained":[{"floor":1,"key":"FearPotion"},{"floor":2,"key":"Slimebound:ThreeZeroPotion"},{"floor":2,"key":"Fire Potion"},{"floor":5,"key":"EssenceOfSteel"},{"floor":16,"key":"Energy Potion"},{"floor":25,"key":"Strength Potion"},{"floor":27,"key":"Explosive Potion"},{"floor":30,"key":"DuplicationPotion"}],"is_trial":false,"path_per_floor":["M","?","$","M","M","R","M","R","T","$","R","?","M","?","R","B",null,"M","?","?","?","?","M","R","E","T","M","$","R","M","?","R","B"],"character_chosen":"DEFECT","items_purchased":["Coolheaded","FTL","Steam","Conserve Battery","Go for the Eyes","Gash"],"campfire_rested":0,"item_purchase_floors":[3,10,10,28,28,28],"current_hp_per_floor":[76,76,76,76,74,74,74,74,74,74,74,68,68,82,82,19,82,76,76,76,76,76,82,82,82,82,82,82,82,82,82,82,0,0],"gold":21,"neow_bonus":"TEN_PERCENT_HP_BONUS","is_daily":false,"chose_seed":false,"campfire_upgraded":7,"win_rate":0.0,"timestamp":1613894587,"path_taken":["M","?","?","M","M","R","?","R","T","$","R","?","M","?","R","BOSS","M","?","?","?","?","M","R","E","T","?","$","R","M","?","R","BOSS"],"items_purchased_type":["Card","Card","Card","Card","Card","Card"],"build_version":"2020-12-22","purchased_purges":0,"victory":false,"max_hp_per_floor":[82,82,82,82,82,82,82,82,82,82,82,82,82,82,82,82,82,82,82,82,82,82,82,82,82,82,82,82,82,82,82,82,82,82],"relic_stats":{"Dream Catcher":0,"counters":[12,96],"Ectoplasm":93,"Pen Nib":[5],"Orichalcum":[30],"obtain_stats":[{"Dream Catcher":26,"Ectoplasm":17,"Pen Nib":25,"Orichalcum":9,"Odd Mushroom":12,"Cracked Core":0},{"Dream Catcher":9,"Ectoplasm":6,"Pen Nib":9,"Orichalcum":3,"Odd Mushroom":4,"Cracked Core":0},{"Dream Catcher":59,"Ectoplasm":35,"Pen Nib":59,"Orichalcum":9,"Odd Mushroom":13,"Cracked Core":0}]},"card_choices":[{"not_picked":["Double Energy","Doom and Gloom"],"picked":"Hologram","floor":1},{"not_picked":["Chaos","Redo"],"picked":"Steam","floor":4},{"not_picked":["Aggregate","Rebound"],"picked":"Redo","floor":5},{"not_picked":["Chaos","Heatsinks"],"picked":"Leap","floor":7},{"not_picked":["Double Energy","Heatsinks"],"picked":"Cold Snap","floor":12},{"not_picked":["Gash","Ball Lightning"],"picked":"Leap","floor":13},{"not_picked":["Reboot","Biased Cognition"],"picked":"Thunder Strike","floor":16},{"not_picked":["Go for the Eyes","Steam"],"picked":"Self Repair+1","floor":18},{"not_picked":["Leap","Reinforced Body"],"picked":"Auto Shields","floor":23},{"not_picked":["Go for the Eyes","FTL"],"picked":"Glacier","floor":25},{"not_picked":["Hello World","Glacier"],"picked":"Conserve Battery","floor":27},{"not_picked":["Melter","Steam"],"picked":"Loop","floor":30}],"player_experience":6655,"relics_obtained":[{"floor":9,"key":"Orichalcum"},{"floor":12,"key":"Odd Mushroom"},{"floor":25,"key":"Pen Nib"},{"floor":26,"key":"Dream Catcher"}],"event_choices":[{"damage_healed":0,"gold_gain":0,"player_choice":"Bought 2 Potions","damage_taken":0,"max_hp_gain":0,"max_hp_loss":0,"event_name":"The Woman in Blue","floor":2,"gold_loss":0},{"damage_healed":0,"gold_gain":0,"player_choice":"Fought Mushrooms","damage_taken":0,"max_hp_gain":0,"max_hp_loss":0,"event_name":"Mushrooms","floor":12,"gold_loss":0},{"damage_healed":20,"gold_gain":0,"player_choice":"Healed","damage_taken":0,"max_hp_gain":0,"max_hp_loss":0,"event_name":"The Cleric","floor":14,"gold_loss":35},{"damage_healed":0,"gold_gain":0,"player_choice":"Read","damage_taken":0,"max_hp_gain":0,"max_hp_loss":0,"event_name":"The Library","floor":19,"gold_loss":0,"cards_obtained":["Glacier"]},{"damage_healed":0,"gold_gain":0,"player_choice":"Ignored","damage_taken":0,"max_hp_gain":0,"max_hp_loss":0,"event_name":"Vampires","floor":20,"gold_loss":0},{"damage_healed":0,"gold_gain":0,"player_choice":"Simplicity","damage_taken":0,"max_hp_gain":0,"max_hp_loss":0,"event_name":"Back to Basics","floor":21,"gold_loss":0,"cards_upgraded":["Strike_B","Strike_B","Strike_B","Strike_B","Defend_B","Defend_B","Defend_B","Defend_B"]},{"damage_healed":0,"gold_gain":0,"player_choice":"Ignored","damage_taken":0,"max_hp_gain":0,"max_hp_loss":0,"event_name":"Ghosts","floor":22,"gold_loss":0},{"damage_healed":0,"gold_gain":0,"player_choice":"Forge","damage_taken":0,"max_hp_gain":0,"max_hp_loss":0,"event_name":"Accursed Blacksmith","floor":31,"gold_loss":0,"cards_upgraded":["Loop"]}],"is_beta":false,"boss_relics":[{"not_picked":["Coffee Dripper","Runic Dome"],"picked":"Ectoplasm"}],"items_purged_floors":[],"is_endless":false,"potions_floor_spawned":[1,5,16,25,27,30],"killed_by":"Collector","ascension_level":0}}