{"host":"31srvgftwd43oumg","time":1613905644,"event":{"mods":["BaseMod","BetterRewards","Card Forge","Downfall","Hubris","Infinite Spire","Koishi","Luminous","Marisa????????","Minty Spire (QoL Compilation)","Remilia??????","Replay The Spire","Shop Mod","StSLib","The Bug Knight","The Cursed","The Death Knight","The Exalted","The Hierophant","The Mystic","The Necromancer"],"gold_per_floor":[112,212,232,232,250,250,277,277,277,277,303,50,81,81,81,177,177,193,193,193,193,193,228,242,274,274,274,304,304,333,333,333,430,430,442,459,472,517,537,563,563,596,619,645,230,230,246,246,246,246],"floor_reached":51,"language":"ENG","playtime":2401,"items_purged":[],"score":1025,"play_id":"57c493d8-7eeb-430f-8e3e-85fa693a6a15","local_time":"20210221050724","daily_mods":["SealedDeck","Heirloom","Elite Swarm"],"is_ascension_mode":false,"campfire_choices":[{"data":"Sunder","floor":6,"key":"SMITH"},{"data":"Rip and Tear","floor":8,"key":"SMITH"},{"data":"Conserve Battery","floor":10,"key":"SMITH"},{"floor":15,"key":"DIG"},{"data":"Ball Lightning","floor":27,"key":"SMITH"},{"data":"Barrage","floor":29,"key":"SMITH"},{"data":"Conserve Battery","floor":32,"key":"SMITH"},{"floor":41,"key":"DIG"},{"floor":49,"key":"DIG"}],"circlet_count":0,"master_deck":["Conserve Battery+1","Barrage+1","Leap+1","Conserve Battery+1","Auto Shields+1","Ball Lightning+1","Ball Lightning+1","Sunder+1","Rip and Tear+1","Beam Cell+1","Core Surge+1","BootSequence+1","Reboot"],"relics":["Cracked Core","Hammer of Thor","Seething Fire","Anvil of the Gods","Bromod:ArcanePulse","Whetstone","Gremlin Horn","Lantern","Slimebound:PreparedRelic","Oddly Smooth Stone","Snack Pack","Cursed Key","MutagenicStrength","Centennial Puzzle","bronze:DecasWashers","Chameleon Ring","Counterbalance","Slimebound:StickyStick","Nilry\u0027s Codex","Fusion Hammer","Shovel","infinitespire:PuzzleCube","InkBottle","ReplayFunnel","Bronze Scales","Thread and Needle","Iron Hammer","Sling","HollowMod:StagPassRelic"],"acts_visited":["Exordium","TheCity","TheBeyond"],"potions_floor_usage":[33,35,50,50,50],"damage_taken":[{"damage":0,"enemies":"2 Louse","floor":1,"turns":1},{"damage":0,"enemies":"Cultist","floor":3,"turns":2},{"damage":0,"enemies":"Small Slimes","floor":5,"turns":2},{"damage":13,"enemies":"3 Sentries","floor":7,"turns":4},{"damage":0,"enemies":"HollowMod:MossKnight","floor":11,"turns":2},{"damage":2,"enemies":"Replay:BlueRogue","floor":13,"turns":2},{"damage":23,"enemies":"Hexaghost","floor":16,"turns":5},{"damage":0,"enemies":"Spheric Guardian","floor":18,"turns":1},{"damage":1,"enemies":"Replay:Snechameleon","floor":23,"turns":3},{"damage":0,"enemies":"2 Thieves","floor":24,"turns":2},{"damage":10,"enemies":"Slavers","floor":25,"turns":2},{"damage":0,"enemies":"Replay:Snechameleon","floor":28,"turns":2},{"damage":0,"enemies":"HollowMod:Nosk","floor":30,"turns":3},{"damage":7,"enemies":"Automaton","floor":33,"turns":6},{"damage":0,"enemies":"3 Darklings","floor":35,"turns":2},{"damage":0,"enemies":"3 Shapes","floor":36,"turns":2},{"damage":16,"enemies":"Spire Growth","floor":37,"turns":3},{"damage":0,"enemies":"2 Orb Walkers","floor":38,"turns":4},{"damage":0,"enemies":"3 Darklings","floor":39,"turns":3},{"damage":10,"enemies":"R_Hoarder","floor":40,"turns":5},{"damage":9,"enemies":"Nemesis","floor":42,"turns":4},{"damage":0,"enemies":"Giant Head","floor":44,"turns":5},{"damage":0,"enemies":"Sphere and 2 Shapes","floor":47,"turns":1},{"damage":0,"enemies":"Donu and Deca","floor":50,"turns":4}],"seed_played":"1750546076443173819","potions_obtained":[{"floor":5,"key":"Cursed Concoction"},{"floor":11,"key":"AttackPotion"},{"floor":13,"key":"ColorlessPotion"},{"floor":16,"key":"FocusPotion"},{"floor":33,"key":"Fruit Juice"},{"floor":35,"key":"Fruit Juice"},{"floor":39,"key":"CultistPotion"}],"is_trial":true,"path_per_floor":["M","?","M","?","M","R","E","R","T","R","E","$","E","$","R","B",null,"M","?","$","?","?","E","M","E","T","R","E","R","E","?","R","B",null,"M","M","M","?","M","E","R","E","T","E","$","?","M","?","R","B",null],"character_chosen":"DEFECT","items_purchased":["Slimebound:PreparedRelic","Iron Hammer","Sling"],"campfire_rested":0,"item_purchase_floors":[12,45,45],"current_hp_per_floor":[75,75,75,75,75,75,62,62,62,62,62,62,60,60,60,43,75,75,75,75,75,53,58,61,57,57,57,60,60,63,47,47,63,82,89,89,73,76,82,81,81,84,84,89,89,85,85,85,85,85],"gold":246,"neow_bonus":"","is_daily":false,"chose_seed":false,"campfire_upgraded":6,"win_rate":0.0,"timestamp":1613905644,"path_taken":["M","?","?","?","?","R","E","R","T","R","E","$","E","$","R","BOSS","M","?","$","?","?","E","M","E","T","R","E","R","E","?","R","BOSS","M","M","M","?","M","E","R","E","T","E","$","?","M","?","R","BOSS"],"items_purchased_type":["Relic","Relic","Relic"],"build_version":"2020-12-22","purchased_purges":0,"victory":true,"max_hp_per_floor":[75,75,75,75,75,75,75,75,75,75,75,75,75,75,75,75,75,75,75,75,75,75,75,75,75,75,75,75,75,75,75,75,82,82,89,89,89,89,89,89,89,89,89,89,89,85,85,85,85,85],"card_choices":[{"not_picked":["Panic Button","Sweeping Beam","Coolheaded"],"picked":"SKIP","floor":1},{"not_picked":["ReplayTheSpireMod:GoodbyeWorld","White Noise","Sunder"],"picked":"SKIP","floor":3},{"not_picked":["Double Energy","Stack","Hologram"],"picked":"SKIP","floor":5},{"not_picked":["Multi-Cast","Amplify"],"picked":"Core Surge","floor":7},{"not_picked":["Hyperbeam","Reboot","Meteor Strike"],"picked":"SKIP","floor":11},{"not_picked":["Machine Learning","Thunder Strike","ReplayTheSpireMod:Fabricate Wheel"],"picked":"SKIP","floor":13},{"not_picked":["Stack+1","Steam Power+1","Gash"],"picked":"SKIP","floor":18},{"not_picked":["Hyperbeam","Mirror Shield","All For One"],"picked":"SKIP","floor":23},{"not_picked":["Sunder","hubris:Ukulele","Leap"],"picked":"SKIP","floor":24},{"not_picked":["Amplify","ReplayTheSpireMod:Omega Cannon","All For One"],"picked":"SKIP","floor":25},{"not_picked":["ReplayRNGCard","Core Surge","Thunder Strike"],"picked":"SKIP","floor":28},{"not_picked":["Electrodynamics","Meteor Strike","Core Surge"],"picked":"SKIP","floor":30},{"not_picked":["Recycle+1","Compile Driver+1","Streamline"],"picked":"SKIP","floor":35},{"not_picked":["Coolheaded","Sunder+1","BasicCrystalCard+1"],"picked":"SKIP","floor":36},{"not_picked":["hubris:PowerSurge","Cold Snap+1","Chaos"],"picked":"SKIP","floor":37},{"not_picked":["Panic Button","Leap","BasicCrystalCard"],"picked":"SKIP","floor":39},{"not_picked":["Fission","Amplify"],"picked":"Reboot","floor":40},{"not_picked":["Hyperbeam","Meteor Strike","Reboot"],"picked":"SKIP","floor":42},{"not_picked":["Meteor Strike","Multi-Cast","Core Surge"],"picked":"SKIP","floor":44},{"not_picked":["Leap+1","Stack+1","Streamline+1"],"picked":"SKIP","floor":47}],"player_experience":1036095,"relics_obtained":[{"floor":7,"key":"Whetstone"},{"floor":9,"key":"Gremlin Horn"},{"floor":11,"key":"Lantern"},{"floor":13,"key":"Oddly Smooth Stone"},{"floor":15,"key":"Snack Pack"},{"floor":23,"key":"Centennial Puzzle"},{"floor":25,"key":"bronze:DecasWashers"},{"floor":26,"key":"Chameleon Ring"},{"floor":28,"key":"Counterbalance"},{"floor":30,"key":"Slimebound:StickyStick"},{"floor":31,"key":"Nilry\u0027s Codex"},{"floor":38,"key":"Shovel"},{"floor":40,"key":"infinitespire:PuzzleCube"},{"floor":41,"key":"InkBottle"},{"floor":42,"key":"ReplayFunnel"},{"floor":43,"key":"Bronze Scales"},{"floor":44,"key":"Thread and Needle"},{"floor":49,"key":"HollowMod:StagPassRelic"}],"event_choices":[{"damage_healed":0,"gold_gain":100,"player_choice":"Pray","damage_taken":0,"max_hp_gain":0,"max_hp_loss":0,"event_name":"Golden Shrine","floor":2,"gold_loss":0},{"damage_healed":0,"gold_gain":0,"player_choice":"Ignored","damage_taken":0,"max_hp_gain":0,"max_hp_loss":0,"event_name":"Transmorgrifier","floor":4,"gold_loss":0},{"damage_healed":0,"gold_gain":0,"player_choice":"Read","damage_taken":0,"max_hp_gain":0,"max_hp_loss":0,"event_name":"The Library","floor":19,"gold_loss":0,"cards_obtained":["BootSequence"]},{"damage_healed":0,"gold_gain":0,"player_choice":"Inject Mutagens","damage_taken":0,"relics_obtained":["MutagenicStrength"],"max_hp_gain":0,"max_hp_loss":0,"event_name":"Drug Dealer","floor":21,"gold_loss":0},{"damage_healed":0,"gold_gain":0,"player_choice":"Obtained Book","damage_taken":16,"max_hp_gain":0,"max_hp_loss":0,"event_name":"Cursed Tome","floor":31,"gold_loss":0},{"damage_healed":0,"gold_gain":0,"player_choice":"Fight","damage_taken":0,"max_hp_gain":0,"max_hp_loss":0,"event_name":"Mysterious Sphere","floor":38,"gold_loss":0},{"damage_healed":0,"gold_gain":0,"player_choice":"Max HP","damage_taken":0,"max_hp_gain":0,"max_hp_loss":4,"event_name":"Winding Halls","floor":46,"gold_loss":0}],"is_beta":false,"boss_relics":[{"not_picked":["FrozenCore","infinitespire:Cupcake"],"picked":"Cursed Key"},{"not_picked":["Bromod:ArcaneEnergize","hubris:RunicObelisk"],"picked":"Fusion Hammer"}],"items_purged_floors":[],"is_endless":false,"potions_floor_spawned":[5,11,13,16,24,28,33,35,36,39,47],"ascension_level":0}}