{"host":"t5kis9necmbui802","time":1613907454,"event":{"mods":["100% Spire Juice","Act Like it!","BaseMod","CapriCore","Chen","Colored Powertips","Downfall","Gensokyo","HololiveMod","Koishi","KomeijiMod","Lobotomy","LobotomyExtend","Minty Spire (QoL Compilation)","MostiFishMod","Replay The Spire","Robot Space Explorer","Shop Mod","Spicy Shops","StSLib","The Alterego","The Immortal","TheWitcher","Uncapped","Yuri Mod","noobMod"],"gold_per_floor":[99,112,125,145,145,155,178,207,207,0,17,42,59,78,78,180,180,180,192,192,192,192,208,276,292,292,310,528,861,818,818,837,936,936,936,956,975,975,975,1275,1275,1291,1323,1323,1358,1370,1399,1416,1435,1435],"floor_reached":51,"language":"ZHS","playtime":3011,"items_purged":[],"score":1198,"play_id":"f2fda613-4f71-4cf5-8985-fb78944f8d0a","local_time":"20210221193734","is_ascension_mode":false,"campfire_choices":[{"data":"bronze:Flail","floor":9,"key":"SMITH"},{"data":"bronze:AlphaBuild","floor":18,"key":"SMITH"},{"data":"bronze:Replicate","floor":26,"key":"SMITH"},{"data":"bronze:Verify","floor":35,"key":"SMITH"},{"data":"bronze:Optimize","floor":44,"key":"SMITH"}],"circlet_count":0,"master_deck":["bronze:Strike","bronze:Strike","bronze:Strike+1","bronze:Strike+1","bronze:Defend","bronze:Defend","bronze:Defend","bronze:Replicate+1","bronze:Goto+1","bronze:Branch","bronze:Iterate","bronze:Invalidate+1","bronze:Flail+1","bronze:BitShift","bronze:ForceShield","bronze:OilSpill","bronze:Verify+1","bronze:ItsAFeature","bronze:AlphaBuild+1","bronze:FineTuning+1","Writhe","bronze:DelayedSlice+1","bronze:Boost","bronze:Optimize+1","bronze:MaxOutput+1","bronze:Optimize","bronze:Mutator","bronze:Format","bronze:ForceShield+1","bronze:OilSpill+1","bronze:ItsAFeature+1","bronze:Assembly","bronze:Turbo","bronze:Overheat"],"relics":["bronze:BronzeCore","DaveBox","ice","ExusiaiGun","LetterFromLob","Pet Ghost","Oddly Smooth Stone","Toolbox","Turnip","GuanYuAspect","White Beast Statue","ShirouKen","MerchantsRug","Lizard Tail","Ornamental Fan","Hololive_Finger","Frozen Egg 2","Whetstone","Bottled Flame","ImprovedEquipment","Replay:Kaleidoscope"],"acts_visited":["Gensokyo:Gensokyo","TheCity","TheBeyond"],"potions_floor_usage":[16,50,50,51,51],"damage_taken":[{"damage":0,"enemies":"Gensokyo:3_Fairies","floor":2,"turns":3},{"damage":0,"enemies":"Gensokyo:2_Kodama","floor":3,"turns":1},{"damage":0,"enemies":"Gensokyo:Python","floor":4,"turns":1},{"damage":0,"enemies":"Gensokyo:3_Kodama","floor":6,"turns":1},{"damage":0,"enemies":"Gensokyo:Cirno","floor":8,"turns":4},{"damage":12,"enemies":"Gensokyo:CorruptedTreant","floor":11,"turns":1},{"damage":0,"enemies":"Gensokyo:Mamizou","floor":12,"turns":3},{"damage":6,"enemies":"Gensokyo:Kitsune","floor":13,"turns":2},{"damage":0,"enemies":"Gensokyo:2_Rabbits","floor":14,"turns":1},{"damage":0,"enemies":"DF_ARCHETYPE_STREAMLINE","floor":16,"turns":2},{"damage":0,"enemies":"3 Byrds","floor":19,"turns":2},{"damage":0,"enemies":"Shell Parasite","floor":23,"turns":1},{"damage":0,"enemies":"Snecko","floor":25,"turns":1},{"damage":4,"enemies":"Chosen and Byrds","floor":27,"turns":2},{"damage":0,"enemies":"Centurion and Healer","floor":28,"turns":2},{"damage":4,"enemies":"Gremlin Leader","floor":29,"turns":3},{"damage":0,"enemies":"downfall:FleeingMerchant","floor":30,"turns":1},{"damage":0,"enemies":"Snake Plant","floor":32,"turns":1},{"damage":0,"enemies":"IC_MUSHROOM_ARCHETYPE","floor":33,"turns":1},{"damage":0,"enemies":"Orb Walker","floor":36,"turns":1},{"damage":0,"enemies":"3 Darklings","floor":37,"turns":2},{"damage":0,"enemies":"Jaw Worm Horde","floor":42,"turns":1},{"damage":0,"enemies":"Giant Head","floor":43,"turns":1},{"damage":0,"enemies":"R_Hoarder","floor":45,"turns":2},{"damage":0,"enemies":"Maw","floor":46,"turns":2},{"damage":0,"enemies":"Giant Head","floor":47,"turns":1},{"damage":0,"enemies":"Writhing Mass","floor":48,"turns":1},{"damage":0,"enemies":"Transient","floor":49,"turns":2},{"damage":0,"enemies":"SI_POISON_ARCHETYPE","floor":50,"turns":1},{"damage":29,"enemies":"Malkuth","floor":51,"turns":4},{"damage":50,"enemies":"Yesod","floor":51,"turns":6},{"damage":4,"enemies":"Tiphereth","floor":51,"turns":2},{"damage":188,"enemies":"Hokma","floor":51,"turns":8},{"damage":63,"enemies":"Angela","floor":51,"turns":1}],"seed_played":"7054272293053215960","potions_obtained":[{"floor":4,"key":"ColorlessPotion"},{"floor":6,"key":"Regen Potion"},{"floor":11,"key":"Weak Potion"},{"floor":16,"key":"SkillPotion"},{"floor":25,"key":"Venom Potion"},{"floor":29,"key":"bronze:BurnAndBuffPotion"},{"floor":32,"key":"DistilledChaos"},{"floor":33,"key":"Weak Potion"},{"floor":36,"key":"FairyPotion"},{"floor":37,"key":"DistilledChaos"},{"floor":42,"key":"FearPotion"}],"is_trial":false,"path_per_floor":["R","M","M","M","?","M","T","E","R","COS","M","E","M","M","M","B",null,"R","M","?","?","?","M","T","M","R","M","M","E","$","T","M","B",null,"R","M","M","?","?","?","T","M","E","R","E","M","E","M","M","B",null],"character_chosen":"THE_AUTOMATON","items_purchased":["MerchantsRug","Lizard Tail"],"campfire_rested":0,"item_purchase_floors":[30,30],"current_hp_per_floor":[70,70,70,70,70,70,70,70,70,70,58,58,52,52,52,57,35,35,35,35,35,35,35,35,35,35,35,35,35,35,35,35,35,35,35,35,35,35,35,35,35,35,35,35,35,35,35,35,35,35],"gold":1435,"neow_bonus":"UPGRADE_CARD","is_daily":false,"chose_seed":false,"campfire_upgraded":5,"win_rate":0.0,"timestamp":1613907454,"path_taken":["R","M","M","M","?","?","T","E","R","COS","M","E","M","M","M","BOSS","R","M","?","?","?","M","T","?","R","?","M","E","?","?","M","BOSS","R","M","M","?","?","?","T","M","E","R","E","?","E","M","M","BOSS"],"items_purchased_type":["Relic","Relic"],"build_version":"2020-12-22","purchased_purges":0,"victory":true,"max_hp_per_floor":[70,70,70,70,70,70,70,70,70,70,70,70,70,70,70,70,35,35,35,35,35,35,35,35,35,35,35,35,35,35,35,35,35,35,35,35,35,35,35,35,35,35,35,35,35,35,35,35,35,35],"card_choices":[{"not_picked":["bronze:FineTuning","bronze:Repulsor"],"picked":"bronze:Iterate","floor":2},{"not_picked":["bronze:Deprecate","bronze:Return"],"picked":"bronze:Invalidate","floor":3},{"not_picked":["bronze:Overheat","bronze:Iterate"],"picked":"bronze:Flail","floor":4},{"not_picked":["bronze:OilSpill","bronze:BuggyMess"],"picked":"bronze:BitShift","floor":6},{"not_picked":["bronze:DelayedSlice","bronze:Repair"],"picked":"bronze:ForceShield","floor":8},{"not_picked":["bronze:CutThrough","bronze:CloningBeam"],"picked":"bronze:OilSpill","floor":11},{"not_picked":["bronze:CutThrough","bronze:BugBarrage"],"picked":"bronze:Verify","floor":12},{"not_picked":["bronze:FineTuning","bronze:WhirlingStrike"],"picked":"bronze:ItsAFeature","floor":13},{"not_picked":["bronze:BitShift","bronze:NullPointer","bronze:DelayedGuard"],"picked":"SKIP","floor":14},{"not_picked":["bronze:Assembly","bronze:Format"],"picked":"bronze:AlphaBuild","floor":16},{"not_picked":["bronze:Allocate+1","bronze:DigitalCarnage"],"picked":"bronze:FineTuning+1","floor":19},{"not_picked":["bronze:BitShift","bronze:OilSpill"],"picked":"bronze:DelayedSlice+1","floor":23},{"not_picked":["bronze:Flail","bronze:DelayedSlice"],"picked":"bronze:Boost","floor":25},{"not_picked":["bronze:MaxOutput","bronze:Iterate+1"],"picked":"bronze:Optimize","floor":27},{"not_picked":["bronze:Repulsor","bronze:ForceShield"],"picked":"bronze:MaxOutput+1","floor":28},{"not_picked":["bronze:FineTuning","bronze:Deprecate"],"picked":"bronze:Optimize","floor":29},{"not_picked":["bronze:ChosenStrike","bronze:Branch"],"picked":"bronze:Mutator","floor":30},{"not_picked":["bronze:Frontload+1","bronze:OilSpill"],"picked":"bronze:Fortify+1","floor":32},{"not_picked":["bronze:FindAndReplace","bronze:Verify"],"picked":"bronze:Format","floor":33},{"not_picked":["bronze:Branch","bronze:Deprecate+1","bronze:Iterate"],"picked":"SKIP","floor":36},{"not_picked":["bronze:ChosenStrike+1","bronze:BronzeArmor"],"picked":"bronze:ForceShield+1","floor":37},{"not_picked":["bronze:Frontload","bronze:ForceShield"],"picked":"bronze:OilSpill+1","floor":39},{"not_picked":["bronze:Repair+1","bronze:ForceShield+1","bronze:WildBeam"],"picked":"SKIP","floor":42},{"not_picked":["bronze:DarkDash+1","bronze:MaxOutput+1"],"picked":"bronze:ItsAFeature+1","floor":43},{"not_picked":["bronze:OilSpill+1","bronze:WhirlingStrike+1"],"picked":"bronze:Assembly","floor":45},{"not_picked":["bronze:ForLoop","bronze:Shield"],"picked":"bronze:Turbo","floor":46},{"not_picked":["bronze:BronzeOrb","bronze:DelayedSlice+1","bronze:OilSpill"],"picked":"SKIP","floor":47},{"not_picked":["bronze:BuggyMess","bronze:NullPointer+1"],"picked":"bronze:Overheat","floor":48},{"not_picked":["bronze:Shell+1","bronze:Invalidate+1","bronze:CloningBeam+1"],"picked":"SKIP","floor":49}],"player_experience":428414,"relics_obtained":[{"floor":2,"key":"LetterFromLob"},{"floor":7,"key":"Pet Ghost"},{"floor":8,"key":"Oddly Smooth Stone"},{"floor":12,"key":"Turnip"},{"floor":24,"key":"White Beast Statue"},{"floor":29,"key":"ShirouKen"},{"floor":31,"key":"Ornamental Fan"},{"floor":39,"key":"Frozen Egg 2"},{"floor":41,"key":"Whetstone"},{"floor":43,"key":"Bottled Flame"},{"floor":45,"key":"ImprovedEquipment"},{"floor":47,"key":"Replay:Kaleidoscope"}],"event_choices":[{"damage_healed":0,"gold_gain":0,"player_choice":"Ignored","damage_taken":0,"max_hp_gain":0,"max_hp_loss":0,"event_name":"Ghosts","floor":20,"gold_loss":0},{"damage_healed":0,"gold_gain":300,"player_choice":"Gold","damage_taken":0,"max_hp_gain":0,"max_hp_loss":0,"event_name":"Wheel of Change","floor":40,"gold_loss":0}],"is_beta":false,"boss_relics":[{"not_picked":["Black Star","TimeKeys"],"picked":"GuanYuAspect"},{"not_picked":["FixedStarFall","Velvet Choker"],"picked":"Hololive_Finger"}],"items_purged_floors":[],"is_endless":false,"potions_floor_spawned":[4,6,11,16,25,27,28,29,30,32,33,36,37,42,43,45,46,47,48,49,51,51,51,51,51],"ascension_level":0}}