{"host":"8rqsnaeml9gxb0kp","time":1613868351,"event":{"mods":["AchievementEnabler","BaseMod","Colored Powertips","Dark Map","Minty Spire (QoL Compilation)","Rare Cards Sparkle","Relic Stats","StSLib","slay the spire mod where everything is the same but ironclad has a cowboy hat"],"gold_per_floor":[359,376,157,107,7,7,21,21,97,124,124,94,94,112,112,208,208,227,239,239,258,277,277,292,292,292,292,304,317,16,30,30,128,128,143,163,11,29,29,29,44,63,63,63,79,79,79],"floor_reached":46,"language":"ENG","playtime":1547,"items_purged":["Strike_R","Strike_R"],"score":426,"play_id":"0a3598f8-4794-43ea-88c4-a8c423c89820","local_time":"20210220164551","is_ascension_mode":false,"campfire_choices":[{"data":"Bash","floor":6.0,"key":"SMITH"},{"data":"Rage","floor":8,"key":"SMITH"},{"data":"Demon Form","floor":13,"key":"SMITH"},{"data":"Thunderclap","floor":15,"key":"SMITH"},{"floor":23,"key":"REST"},{"floor":25,"key":"REST"},{"floor":32,"key":"REST"},{"floor":40,"key":"REST"},{"data":"Defend_R","floor":44,"key":"SMITH"}],"circlet_count":0,"master_deck":["Defend_R+1","Defend_R+1","Bash+1","Rage+1","Demon Form+1","Thunderclap+1","Barricade+1","Whirlwind+1","Juggernaut+1","CurseOfTheBell","Parasite"],"relics":["Burning Blood","Blood Vial","Blue Candle","Orichalcum","Astrolabe","Self Forming Clay","Vajra","MealTicket","Calling Bell","Bag of Marbles","Singing Bowl","Charon\u0027s Ashes","Orrery","Question Card"],"acts_visited":["Exordium","TheCity","TheBeyond"],"potions_floor_usage":[10,22,28,29,29,33,45],"damage_taken":[{"damage":5.0,"enemies":"2 Louse","floor":1.0,"turns":4.0},{"damage":5.0,"enemies":"Cultist","floor":2.0,"turns":5.0},{"damage":4,"enemies":"Small Slimes","floor":7,"turns":3},{"damage":14,"enemies":"Gremlin Nob","floor":10,"turns":4},{"damage":4,"enemies":"Looter","floor":12,"turns":4},{"damage":4,"enemies":"Large Slime","floor":14,"turns":5},{"damage":30,"enemies":"Slime Boss","floor":16,"turns":6},{"damage":20,"enemies":"Spheric Guardian","floor":18,"turns":5},{"damage":4,"enemies":"Chosen","floor":19,"turns":5},{"damage":38,"enemies":"Snake Plant","floor":21,"turns":5},{"damage":9,"enemies":"Centurion and Healer","floor":22,"turns":5},{"damage":45,"enemies":"Sentry and Sphere","floor":24,"turns":6},{"damage":18,"enemies":"Snake Plant","floor":28,"turns":4},{"damage":10,"enemies":"Centurion and Healer","floor":29,"turns":4},{"damage":13,"enemies":"Chosen and Byrds","floor":31,"turns":6},{"damage":13,"enemies":"Champ","floor":33,"turns":9},{"damage":16,"enemies":"3 Darklings","floor":35,"turns":6},{"damage":29,"enemies":"Orb Walker","floor":36,"turns":5},{"damage":36,"enemies":"3 Darklings","floor":38,"turns":5},{"damage":20,"enemies":"4 Shapes","floor":41,"turns":3},{"damage":33,"enemies":"Jaw Worm Horde","floor":42,"turns":4},{"damage":40,"enemies":"Writhing Mass","floor":45,"turns":8},{"damage":0,"enemies":"Transient","floor":46,"turns":1}],"seed_played":"-6433713804143584718","potions_obtained":[{"floor":2.0,"key":"AttackPotion"},{"floor":7,"key":"EssenceOfSteel"},{"floor":14,"key":"PowerPotion"},{"floor":16,"key":"Block Potion"},{"floor":22,"key":"Strength Potion"},{"floor":28,"key":"FearPotion"},{"floor":35,"key":"SteroidPotion"},{"floor":36,"key":"Dexterity Potion"}],"is_trial":false,"path_per_floor":["M","M","$","?","$","R","M","R","T","E","?","M","R","M","R","B",null,"M","M","?","M","M","R","M","R","T","?","M","M","$","M","R","B",null,"M","M","$","M","$","R","M","M","T","R","M","M"],"character_chosen":"IRONCLAD","items_purchased":["Blood Vial","Vajra","MealTicket","Orrery"],"campfire_rested":4,"item_purchase_floors":[3,30,30,37],"current_hp_per_floor":[72,72,72,72,72,72,72,72,72,64,64,68,68,72,72,48,72,58,62,62,32,31,52,15,36,36,36,26,24,24,19,40,35,72,64,45,70,44,59,85,75,52,52,52,22,24,24],"gold":79,"neow_bonus":"TWO_FIFTY_GOLD","is_daily":false,"chose_seed":false,"campfire_upgraded":5,"win_rate":0.0,"timestamp":1613868351,"path_taken":["M","M","$","?","$","R","M","R","T","E","?","M","R","M","R","BOSS","M","M","?","?","M","R","M","R","T","?","M","M","$","M","R","BOSS","M","M","$","M","$","R","M","M","T","R","M","M"],"items_purchased_type":["Relic","Relic","Relic","Relic"],"build_version":"2020-12-22","purchased_purges":2,"victory":false,"max_hp_per_floor":[72,72,72,72,72,72,72,72,72,72,72,72,72,72,72,72,72,72,72,72,72,72,72,72,72,72,72,72,72,72,72,72,72,72,74,76,86,88,88,88,90,92,92,92,94,94,94],"relic_stats":{"Blood Vial":32,"Singing Bowl":22,"counters":[23,112],"Self Forming Clay":[117],"Blue Candle":[6],"Astrolabe":["Barricade","Whirlwind","Juggernaut"],"MealTicket":30,"Charon\u0027s Ashes":[34],"Orichalcum":[126],"Question Card":1,"obtain_stats":[{"Singing Bowl":34,"Self Forming Clay":26,"Blue Candle":9,"Astrolabe":17,"Vajra":30,"Charon\u0027s Ashes":34,"Orichalcum":10,"Question Card":43,"Burning Blood":0,"Blood Vial":3,"Calling Bell":34,"Orrery":37,"MealTicket":30,"Bag of Marbles":34},{"Singing Bowl":16,"Self Forming Clay":12,"Blue Candle":3,"Astrolabe":7,"Vajra":14,"Charon\u0027s Ashes":16,"Orichalcum":4,"Question Card":21,"Burning Blood":0,"Blood Vial":2,"Calling Bell":16,"Orrery":18,"MealTicket":14,"Bag of Marbles":16},{"Singing Bowl":80,"Self Forming Clay":57,"Blue Candle":12,"Astrolabe":31,"Vajra":65,"Charon\u0027s Ashes":80,"Orichalcum":16,"Question Card":103,"Burning Blood":0,"Blood Vial":9,"Calling Bell":80,"Orrery":91,"MealTicket":65,"Bag of Marbles":80}],"Burning Blood":128},"card_choices":[{"not_picked":["Thunderclap","Sever Soul"],"picked":"Rage","floor":1.0},{"not_picked":["Iron Wave","Warcry","Twin Strike"],"picked":"SKIP","floor":2.0},{"not_picked":["Entrench","True Grit","Anger"],"picked":"SKIP","floor":7},{"not_picked":["Headbutt","Flex","Combust"],"picked":"SKIP","floor":10},{"not_picked":["Rupture","Limit Break","Infernal Blade"],"picked":"SKIP","floor":12},{"not_picked":["Power Through","Feel No Pain"],"picked":"Thunderclap","floor":14},{"not_picked":["True Grit+1","Combust","Perfected Strike+1"],"picked":"SKIP","floor":18},{"not_picked":["Clothesline","Searing Blow","Rampage"],"picked":"SKIP","floor":19},{"not_picked":["Rage+1","Second Wind+1","Seeing Red"],"picked":"SKIP","floor":21},{"not_picked":["Inflame","Heavy Blade","Thunderclap"],"picked":"SKIP","floor":22},{"not_picked":["Perfected Strike","Cleave","Blood for Blood+1"],"picked":"SKIP","floor":24},{"not_picked":["Carnage","Havoc","Thunderclap+1"],"picked":"SKIP","floor":28},{"not_picked":["Shrug It Off","Metallicize","Sword Boomerang"],"picked":"SKIP","floor":29},{"not_picked":["Sentinel+1","Barricade","Anger+1"],"picked":"SKIP","floor":31},{"not_picked":["Rupture+1","Anger+1","Cleave+1"],"picked":"Singing Bowl","floor":35},{"not_picked":["Entrench","Cleave+1","Corruption"],"picked":"Singing Bowl","floor":36},{"not_picked":["Sever Soul+1","Pommel Strike+1","Demon Form"],"picked":"Singing Bowl","floor":37},{"not_picked":["Body Slam","Iron Wave","Offering"],"picked":"Singing Bowl","floor":37},{"not_picked":["Rampage","Hemokinesis+1","Heavy Blade"],"picked":"Singing Bowl","floor":37},{"not_picked":["Body Slam+1","Dark Embrace+1","Intimidate"],"picked":"Singing Bowl","floor":37},{"not_picked":["Cleave","Flame Barrier","Reckless Charge+1"],"picked":"Singing Bowl","floor":37},{"not_picked":["Bloodletting","True Grit+1","Sword Boomerang+1"],"picked":"Singing Bowl","floor":38},{"not_picked":["Anger","Metallicize","Iron Wave"],"picked":"Singing Bowl","floor":41},{"not_picked":["Pommel Strike","Seeing Red","Sword Boomerang+1"],"picked":"Singing Bowl","floor":42},{"not_picked":["True Grit+1","Entrench+1","Cleave+1","Havoc+1"],"picked":"Singing Bowl","floor":45}],"player_experience":294534,"relics_obtained":[{"floor":9,"key":"Blue Candle"},{"floor":10,"key":"Orichalcum"},{"floor":26,"key":"Self Forming Clay"},{"floor":34,"key":"Bag of Marbles"},{"floor":34,"key":"Singing Bowl"},{"floor":34,"key":"Charon\u0027s Ashes"},{"floor":43,"key":"Question Card"}],"event_choices":[{"cards_removed":["Defend_R"],"damage_healed":0.0,"max_hp_gain":0.0,"max_hp_loss":0.0,"gold_gain":0.0,"event_name":"The Cleric","player_choice":"Card Removal","floor":4.0,"gold_loss":50.0,"damage_taken":0.0},{"damage_healed":0,"gold_gain":0,"cards_transformed":["Strike_R"],"player_choice":"Change","damage_taken":0,"max_hp_gain":0,"max_hp_loss":0,"event_name":"Living Wall","floor":11,"gold_loss":0,"cards_obtained":["Demon Form"]},{"damage_healed":0,"gold_gain":0,"player_choice":"Forge","damage_taken":0,"max_hp_gain":0,"max_hp_loss":0,"event_name":"Accursed Blacksmith","floor":20,"gold_loss":0,"cards_upgraded":["Defend_R"]},{"damage_healed":0,"gold_gain":0,"player_choice":"Ignored","damage_taken":0,"max_hp_gain":0,"max_hp_loss":0,"event_name":"Ghosts","floor":27,"gold_loss":0}],"is_beta":false,"boss_relics":[{"not_picked":["Busted Crown","Black Blood"],"picked":"Astrolabe"},{"not_picked":["Mark of Pain","Coffee Dripper"],"picked":"Calling Bell"}],"items_purged_floors":[3,5],"is_endless":false,"potions_floor_spawned":[2,7,14,16,21,22,24,28,35,36],"killed_by":"Transient","ascension_level":0}}