{"host":"g7uq9uzahx9e0kti","time":1613882837,"event":{"mods":["100% Spire Juice","AchievementEnabler","Act Like it!","Arknights","BaseMod","CapriCore","Hermit","Koishi","Minty Spire (QoL Compilation)","Permanent Neow","Quick Restart","StSLib","SuperFastMode","The Bug Knight","The Cursed","The Hierophant","The Poker Player","Together in Spire","WarShipGirlsR/??á´Ò³R mod"],"gold_per_floor":[126,18,105,134,159,51,93,122,159,186,78,103,115,156,48,159,51,82,94,120,146,158,158],"floor_reached":22,"language":"KOR","playtime":1057,"items_purged":[],"score":198,"play_id":"1743df6e-79f4-43e0-88b3-e057237770d1","local_time":"20210221134717","is_ascension_mode":false,"campfire_choices":[{"data":"Moonworks:Ambush","floor":6,"key":"SMITH"},{"floor":11,"key":"REST"},{"data":"Moonworks:LongDistanceShot","floor":15,"key":"SMITH"}],"circlet_count":0,"master_deck":["Moonworks:Strike","Moonworks:Strike","Moonworks:Strike","Moonworks:Strike","Moonworks:Defend","Moonworks:Defend","Moonworks:Defend","Moonworks:Defend","Moonworks:Ambush+1","Moonworks:LongDistanceShot+1","Moonworks:NicePresent","Moonworks:SweetBattle","Moonworks:JonathanRush","Moonworks:JonathanRush","Moonworks:WindyEnchantment","Moonworks:AwakeningOfTalent","Regret","Moonworks:CompletionReward+1","Moonworks:EvilSpyWorkPreparation+1","Moonworks:Flamethrower"],"relics":["Moonworks:BrokenBomb","Moonworks:Homemark","MawBank","Ancient Tea Set","Smiling Mask","Potion Belt","Fusion Hammer"],"acts_visited":["Exordium","TheCity"],"potions_floor_usage":[14,20,20],"damage_taken":[{"damage":0,"enemies":"Small Slimes","floor":1,"turns":2},{"damage":0,"enemies":"2 Louse","floor":4,"turns":3},{"damage":5,"enemies":"Jaw Worm","floor":5,"turns":4},{"damage":10,"enemies":"Lagavulin","floor":7,"turns":5},{"damage":11,"enemies":"Lots of Slimes","floor":8,"turns":4},{"damage":8,"enemies":"3 Louse","floor":10,"turns":4},{"damage":0,"enemies":"Looter","floor":12,"turns":1},{"damage":19,"enemies":"3 Sentries","floor":14,"turns":6},{"damage":10,"enemies":"Hexaghost","floor":16,"turns":7},{"damage":18,"enemies":"2 Thieves","floor":18,"turns":4},{"damage":24,"enemies":"Chosen","floor":20,"turns":2},{"damage":17,"enemies":"Centurion and Healer","floor":21,"turns":4},{"damage":28,"enemies":"Snecko","floor":22,"turns":4}],"seed_played":"4363227678096258041","potions_obtained":[{"floor":1,"key":"LiquidMemories"},{"floor":5,"key":"Explosive Potion"},{"floor":8,"key":"Dexterity Potion"},{"floor":16,"key":"Dexterity Potion"},{"floor":18,"key":"Moonworks:OneHundredPercentOrangeJuicePotion"}],"is_trial":false,"path_per_floor":["M","?","?","M","M","R","E","M","T","M","R","M","?","E","R","B",null,"M","?","M","M","M"],"character_chosen":"THE_STARBREAKER","items_purchased":[],"campfire_rested":1,"item_purchase_floors":[],"current_hp_per_floor":[60,60,49,53,48,48,42,35,35,31,49,49,49,36,36,32,60,50,50,30,15,0,0],"gold":158,"neow_bonus":"RANDOM_COMMON_RELIC","is_daily":false,"chose_seed":false,"campfire_upgraded":2,"win_rate":0.0,"timestamp":1613882837,"path_taken":["M","?","?","M","M","R","E","M","T","M","R","M","?","E","R","BOSS","M","?","M","M","?"],"items_purchased_type":[],"build_version":"2020-12-22","purchased_purges":0,"victory":false,"max_hp_per_floor":[60,60,60,60,60,60,60,60,60,60,60,60,60,60,60,60,60,60,60,60,60,60,60],"card_choices":[{"not_picked":["Moonworks:BigBangBell","Moonworks:CloudOfSeagulls"],"picked":"Moonworks:NicePresent","floor":1},{"not_picked":[],"picked":"Moonworks:SweetBattle","floor":2},{"not_picked":["Moonworks:CookingTime","Moonworks:ImOnFire"],"picked":"Moonworks:JonathanRush","floor":4},{"not_picked":["Moonworks:CloudOfSeagulls","Moonworks:LuckyCharm"],"picked":"Moonworks:JonathanRush","floor":5},{"not_picked":["Moonworks:BigMagnum","Moonworks:Encore","Moonworks:UnluckyCharm"],"picked":"SKIP","floor":7},{"not_picked":["Moonworks:BigMagnum","Moonworks:IndiscriminateFireSupport","Moonworks:MiracleWalker"],"picked":"SKIP","floor":8},{"not_picked":["Moonworks:Assault","Moonworks:CloudOfSeagulls"],"picked":"Moonworks:WindyEnchantment","floor":10},{"not_picked":["Moonworks:BeyondHell","Moonworks:FinalSurgery"],"picked":"Moonworks:AwakeningOfTalent","floor":12},{"not_picked":["Moonworks:RedAndBlue","Moonworks:NicePresent"],"picked":"Moonworks:CompletionReward","floor":14},{"not_picked":["Moonworks:AwakeningOfTalent","Moonworks:LulusLuckyEgg","Moonworks:SelfDestruct"],"picked":"SKIP","floor":18},{"not_picked":["Moonworks:LulusLuckyEgg","Moonworks:Assault"],"picked":"Moonworks:EvilSpyWorkPreparation+1","floor":20},{"not_picked":["Moonworks:LulusLuckyEgg","Moonworks:DeployBits"],"picked":"Moonworks:Flamethrower","floor":21}],"player_experience":156590,"relics_obtained":[{"floor":7,"key":"Ancient Tea Set"},{"floor":14,"key":"Potion Belt"}],"event_choices":[{"damage_healed":0,"gold_gain":75,"player_choice":"Gather Gold","damage_taken":11,"max_hp_gain":0,"max_hp_loss":0,"event_name":"World of Goop","floor":3,"gold_loss":0},{"damage_healed":0,"gold_gain":0,"player_choice":"Box","damage_taken":0,"relics_obtained":["Smiling Mask"],"max_hp_gain":0,"max_hp_loss":0,"event_name":"Big Fish","floor":13,"gold_loss":0,"cards_obtained":["Regret"]},{"damage_healed":0,"gold_gain":0,"player_choice":"Upgraded","damage_taken":0,"max_hp_gain":0,"max_hp_loss":0,"event_name":"Upgrade Shrine","floor":19,"gold_loss":0,"cards_upgraded":["Moonworks:CompletionReward"]}],"is_beta":false,"boss_relics":[{"not_picked":["Snecko Eye","Velvet Choker"],"picked":"Fusion Hammer"}],"items_purged_floors":[],"is_endless":false,"potions_floor_spawned":[1,5,8,16,18],"killed_by":"Snecko","ascension_level":0}}