{"host":"n7qae4nmj9vc7syj","time":1613934140,"event":{"mods":["Act Like it!","BaseMod","Better Third Choice","BetterRewards","Colored Map","Colored Powertips","Custom Start","Googly Eyes","Highlight Path","Minty Spire (QoL Compilation)","Quick Restart","StSLib","SuperFastMode","Transform Curses"],"gold_per_floor":[112,85,260,360,380,406,422,457,529,130,165,165,193,204,204,301,301,313,330,77,95,95,95,130,130,212,239,252,252,278,293,293,393,393,404,404,424,439,12,42,54,80,92,124,162,19,69,84,84,84,84,84,20,45,45,45],"floor_reached":55,"language":"ENG","playtime":2399,"items_purged":["Doubt","Strike_R","Strike_R"],"score":1232,"play_id":"add6500d-7b71-4407-9b72-514fa555420c","local_time":"20210221160220","is_ascension_mode":true,"campfire_choices":[{"data":"Armaments","floor":12.0,"key":"SMITH"},{"data":"Uppercut","floor":15.0,"key":"SMITH"},{"data":"Dual Wield","floor":23.0,"key":"SMITH"},{"data":"Flex","floor":29.0,"key":"SMITH"},{"data":"Demon Form","floor":32.0,"key":"SMITH"},{"floor":49,"key":"RECALL"},{"data":"Brutality","floor":52,"key":"SMITH"}],"circlet_count":0,"master_deck":["Strike_R","Strike_R+1","Strike_R","Defend_R","Defend_R","Defend_R","Defend_R","Bash","Disarm","Flex+1","Battle Trance","Cleave+1","Uppercut+1","Inflame","Armaments+1","Pummel","Flex","Sever Soul","Reaper","Carnage+1","Dual Wield+1","Pummel+1","Flex","Demon Form+1","Seeing Red","Brutality+1","Heavy Blade+1","Seeing Red+1","Panache","Infernal Blade+1","Sword Boomerang"],"relics":["Burning Blood","NeowsBlessing","betterThird:SlimedRelic","Thread and Needle","Red Skull","Shuriken","Lee\u0027s Waffle","StoneCalendar","Potion Belt","SacredBark","MutagenicStrength","Happy Flower","Mercury Hourglass","InkBottle","Toy Ornithopter","Mark of Pain","Sling","Whetstone","MawBank","Mango","Smiling Mask","Membership Card","Torii","Akabeko"],"acts_visited":["Exordium","TheCity","TheBeyond","TheEnding"],"potions_floor_usage":[50,54,54,55,55,55],"damage_taken":[{"damage":0.0,"enemies":"Jaw Worm","floor":1.0,"turns":1.0},{"damage":0.0,"enemies":"Small Slimes","floor":5.0,"turns":1.0},{"damage":0.0,"enemies":"Gremlin Nob","floor":6.0,"turns":1.0},{"damage":4.0,"enemies":"Cultist","floor":7.0,"turns":4.0},{"damage":61.0,"enemies":"Lagavulin","floor":8.0,"turns":10.0},{"damage":16.0,"enemies":"Gremlin Nob","floor":11.0,"turns":5.0},{"damage":2.0,"enemies":"Lagavulin","floor":13.0,"turns":6.0},{"damage":0.0,"enemies":"Gremlin Gang","floor":14.0,"turns":3.0},{"damage":34.0,"enemies":"Hexaghost","floor":16.0,"turns":9.0},{"damage":18.0,"enemies":"3 Byrds","floor":18.0,"turns":6.0},{"damage":4.0,"enemies":"Chosen","floor":19.0,"turns":4.0},{"damage":11.0,"enemies":"Snecko","floor":21.0,"turns":5.0},{"damage":26.0,"enemies":"Book of Stabbing","floor":24.0,"turns":6.0},{"damage":36.0,"enemies":"Slavers","floor":27.0,"turns":5.0},{"damage":11.0,"enemies":"Cultist and Chosen","floor":28.0,"turns":5.0},{"damage":13.0,"enemies":"Book of Stabbing","floor":30.0,"turns":3.0},{"damage":12.0,"enemies":"Centurion and Healer","floor":31.0,"turns":4.0},{"damage":64.0,"enemies":"Champ","floor":33.0,"turns":11.0},{"damage":26.0,"enemies":"3 Darklings","floor":35.0,"turns":5.0},{"damage":34.0,"enemies":"3 Shapes","floor":37.0,"turns":5.0},{"damage":30.0,"enemies":"Sphere and 2 Shapes","floor":38.0,"turns":4.0},{"damage":34.0,"enemies":"Giant Head","floor":40.0,"turns":6.0},{"damage":27.0,"enemies":"Spire Growth","floor":42.0,"turns":4.0},{"damage":20.0,"enemies":"4 Shapes","floor":44.0,"turns":3.0},{"damage":7.0,"enemies":"Reptomancer","floor":45.0,"turns":3.0},{"damage":15.0,"enemies":"Mind Bloom Boss Battle","floor":47.0,"turns":5.0},{"damage":18.0,"enemies":"Writhing Mass","floor":48.0,"turns":5.0},{"damage":86,"enemies":"Time Eater","floor":50,"turns":7},{"damage":102,"enemies":"Shield and Spear","floor":54,"turns":5},{"damage":55,"enemies":"The Heart","floor":55,"turns":2}],"seed_played":"-1470984683618604456","potions_obtained":[{"floor":6.0,"key":"BloodPotion"},{"floor":7.0,"key":"HeartOfIron"},{"floor":8.0,"key":"Weak Potion"},{"floor":16.0,"key":"SkillPotion"},{"floor":21.0,"key":"BlessingOfTheForge"},{"floor":28.0,"key":"Energy Potion"},{"floor":30.0,"key":"BlessingOfTheForge"},{"floor":31.0,"key":"Explosive Potion"},{"floor":38.0,"key":"SpeedPotion"},{"floor":40.0,"key":"EssenceOfSteel"},{"floor":45.0,"key":"FearPotion"},{"floor":47.0,"key":"PowerPotion"}],"is_trial":false,"path_per_floor":["M","?","?","?","M","E","M","E","T","$","E","R","E","M","R","B",null,"M","M","$","M","?","R","E","T","T","E","M","R","E","M","R","B",null,"M","?","M","M","$","E","?","M","T","M","E","$","?","M","R","B",null,"R","$","E","B"],"character_chosen":"IRONCLAD","items_purchased":["Lee\u0027s Waffle","Inflame","Armaments","Pummel","FairyPotion","SteroidPotion","Sling","Whetstone","Membership Card","Ancient Potion","SkillPotion"],"campfire_rested":0,"item_purchase_floors":[10,10,10,10,20,20,39,39,46,53,53],"current_hp_per_floor":[78,67,67,67,73,79,80,25,25,87,77,77,81,87,87,59,80,74,76,76,71,71,71,51,51,51,38,40,40,33,44,44,58,80,78,70,65,70,70,59,59,59,73,91,90,90,92,85,85,10,78,78,78,32,0,0],"gold":45,"neow_bonus":"THREE_ENEMY_KILL","is_daily":false,"chose_seed":false,"campfire_upgraded":6,"win_rate":0.0,"timestamp":1613934140,"path_taken":["M","?","?","?","?","E","M","E","T","$","E","R","E","M","R","BOSS","M","?","$","M","?","R","E","?","T","E","M","R","E","?","R","BOSS","M","?","M","?","$","E","?","M","T","M","E","$","?","M","R","BOSS","R","$","E","BOSS"],"items_purchased_type":["Relic","Card","Card","Card","Potion","Potion","Relic","Relic","Relic","Potion","Potion"],"build_version":"2020-12-22","purchased_purges":3,"victory":false,"max_hp_per_floor":[80,80,80,80,80,80,80,80,80,87,87,87,87,87,87,87,87,87,87,87,87,87,87,87,87,87,87,87,87,87,87,87,87,87,87,87,87,87,87,87,87,87,101,101,101,101,101,101,101,101,101,101,101,101,101,101],"card_choices":[{"not_picked":["Havoc","Second Wind"],"picked":"Disarm","floor":1.0},{"not_picked":["Flame Barrier","Wild Strike"],"picked":"Flex","floor":5.0},{"not_picked":["Feed","Burning Pact"],"picked":"Battle Trance","floor":6.0},{"not_picked":["Dropkick","Havoc"],"picked":"Cleave","floor":7.0},{"not_picked":["Cleave","Shrug It Off"],"picked":"Uppercut","floor":8.0},{"not_picked":["Thunderclap","Bloodletting","Iron Wave"],"picked":"SKIP","floor":11.0},{"not_picked":["Thunderclap","Bloodletting","Iron Wave"],"picked":"SKIP","floor":11.0},{"not_picked":["Wild Strike","Uppercut"],"picked":"Flex","floor":13.0},{"not_picked":["Anger","Blood for Blood"],"picked":"Sever Soul","floor":14.0},{"not_picked":["Bludgeon","Impervious"],"picked":"Reaper","floor":16.0},{"not_picked":["Fire Breathing","Shockwave+1"],"picked":"Carnage+1","floor":18.0},{"not_picked":["Dropkick","Wild Strike","Warcry"],"picked":"SKIP","floor":19.0},{"not_picked":["Twin Strike","Battle Trance"],"picked":"Dual Wield","floor":21.0},{"not_picked":["Hemokinesis","Sentinel+1","Clothesline"],"picked":"SKIP","floor":24.0},{"not_picked":["Wild Strike","Shrug It Off"],"picked":"Pummel+1","floor":27.0},{"not_picked":["Clash","Thunderclap+1"],"picked":"Flex","floor":28.0},{"not_picked":["Evolve","Flex"],"picked":"Demon Form","floor":30.0},{"not_picked":["Wild Strike","Feel No Pain"],"picked":"Seeing Red","floor":31.0},{"not_picked":["Feed","Reaper"],"picked":"Brutality","floor":33.0},{"not_picked":["Perfected Strike+1","Body Slam+1"],"picked":"Heavy Blade+1","floor":35.0},{"not_picked":["Wild Strike+1","Reaper","Evolve"],"picked":"SKIP","floor":37.0},{"not_picked":["Whirlwind","Heavy Blade"],"picked":"Seeing Red+1","floor":38.0},{"not_picked":["Cleave","Dual Wield+1","Juggernaut"],"picked":"SKIP","floor":40.0},{"not_picked":["Flash of Steel","Madness"],"picked":"Panache","floor":41.0},{"not_picked":["Headbutt+1","Heavy Blade","Entrench"],"picked":"SKIP","floor":42.0},{"not_picked":["Anger","Thunderclap+1"],"picked":"Infernal Blade+1","floor":44.0},{"not_picked":["Fiend Fire","Pommel Strike","True Grit"],"picked":"SKIP","floor":45.0},{"not_picked":["True Grit","Disarm"],"picked":"Sword Boomerang","floor":47.0},{"not_picked":["Thunderclap+1","Warcry","Brutality"],"picked":"SKIP","floor":48.0},{"not_picked":["Iron Wave+1","Berserk","Fiend Fire"],"picked":"SKIP","floor":54}],"player_experience":187415,"relics_obtained":[{"floor":6.0,"key":"Thread and Needle"},{"floor":8.0,"key":"Red Skull"},{"floor":9.0,"key":"Shuriken"},{"floor":11.0,"key":"StoneCalendar"},{"floor":13.0,"key":"Potion Belt"},{"floor":24.0,"key":"Happy Flower"},{"floor":26.0,"key":"Mercury Hourglass"},{"floor":27.0,"key":"InkBottle"},{"floor":30.0,"key":"Toy Ornithopter"},{"floor":40.0,"key":"MawBank"},{"floor":43.0,"key":"Mango"},{"floor":45.0,"key":"Smiling Mask"},{"floor":47.0,"key":"Torii"},{"floor":54,"key":"Akabeko"}],"event_choices":[{"damage_healed":0.0,"max_hp_gain":0.0,"max_hp_loss":0.0,"gold_gain":0.0,"event_name":"betterThird:BetterGoop","player_choice":"Slimed","floor":2.0,"gold_loss":27.0,"damage_taken":11.0},{"damage_healed":0.0,"max_hp_gain":0.0,"max_hp_loss":0.0,"gold_gain":175.0,"event_name":"betterThird:BetterSerpent","player_choice":"AGREE","floor":3.0,"gold_loss":0.0,"damage_taken":85.0},{"damage_healed":0.0,"max_hp_gain":0.0,"max_hp_loss":0.0,"gold_gain":100.0,"event_name":"Wheel of Change","player_choice":"Gold","floor":4.0,"gold_loss":0.0,"damage_taken":0.0},{"damage_healed":0.0,"max_hp_gain":0.0,"max_hp_loss":0.0,"gold_gain":0.0,"event_name":"Drug Dealer","player_choice":"Inject Mutagens","floor":22.0,"gold_loss":0.0,"damage_taken":0.0,"relics_obtained":["MutagenicStrength"]},{"damage_healed":0.0,"max_hp_gain":0.0,"max_hp_loss":0.0,"gold_gain":0.0,"event_name":"Wheel of Change","player_choice":"Damaged","floor":36.0,"gold_loss":0.0,"damage_taken":8.0},{"damage_healed":0.0,"max_hp_gain":0.0,"max_hp_loss":0.0,"gold_gain":0.0,"event_name":"SensoryStone","player_choice":"Memory 1","floor":41.0,"gold_loss":0.0,"damage_taken":0.0},{"damage_healed":0.0,"max_hp_gain":0.0,"max_hp_loss":0.0,"gold_gain":0.0,"event_name":"MindBloom","player_choice":"Fight","floor":47.0,"gold_loss":0.0,"damage_taken":0.0}],"is_beta":false,"boss_relics":[{"not_picked":["Runic Cube","Astrolabe"],"picked":"SacredBark"},{"not_picked":["Runic Dome","SlaversCollar"],"picked":"Mark of Pain"}],"items_purged_floors":[10,20,39],"is_endless":false,"potions_floor_spawned":[6,7,8,11,16,21,28,30,31,38,40,45,47],"killed_by":"The Heart","ascension_level":9}}