{"host":"ssceekdvsvld625r","time":1613903632,"event":{"mods":["AchievementEnabler","BaseMod","Better Third Choice","Block Reminder","Colored Map","Colored Powertips","Downfall","Minty Spire (QoL Compilation)","Permanent Neow","Quick Restart","Rare Cards Sparkle","Relic Stats","Reliquary","Replay The Spire","Shop Mod","StSLib"],"gold_per_floor":[99,109,109,119,134,134,157,157,57,76,86,98,98,98,116,215,215,215,235,246,246,13,25,25,125,135,20,40,40,40,68,86,86,86,86],"floor_reached":33,"language":"ENG","playtime":2309,"items_purged":["bronze:Fortify+1","bronze:Replicate"],"score":261,"play_id":"0fb10c33-6dc8-48db-9091-b39f390048b2","local_time":"20210221033352","is_ascension_mode":false,"campfire_choices":[{"floor":1,"key":"RECALL"},{"data":"bronze:DigitalCarnage","floor":9,"key":"SMITH"},{"data":"bronze:DigitalCarnage","floor":13,"key":"SMITH"},{"data":"bronze:Branch","floor":18,"key":"SMITH"},{"floor":30,"key":"REST"}],"circlet_count":0,"master_deck":["bronze:Strike","bronze:Strike","bronze:Defend","bronze:Defend","bronze:DigitalCarnage+1","bronze:Branch+1","bronze:DigitalCarnage+1","bronze:Virus","bronze:Frontload+1","bronze:ChosenStrike+1"],"relics":["bronze:BronzeCore","Ring of Peace","ReplayTheSpireMod:Lightbulb","Strawberry","downfall:HeartBlessingRed","Astrolabe","Vajra","Garlic","reliquary:Aerogel"],"acts_visited":["Exordium","TheCity"],"potions_floor_usage":[16,16,31,33,33,33],"damage_taken":[{"damage":5,"enemies":"Small Slimes","floor":2,"turns":3},{"damage":0,"enemies":"Cultist","floor":4,"turns":2},{"damage":11,"enemies":"Jaw Worm","floor":5,"turns":2},{"damage":0,"enemies":"Large Slime","floor":10,"turns":3},{"damage":0,"enemies":"3 Louse","floor":11,"turns":4},{"damage":0,"enemies":"Exordium Thugs","floor":12,"turns":3},{"damage":0,"enemies":"Gremlin Gang","floor":15,"turns":3},{"damage":12,"enemies":"IC_STATUS_ARCHETYPE","floor":16,"turns":5},{"damage":8,"enemies":"Shell Parasite","floor":19,"turns":3},{"damage":0,"enemies":"Spheric Guardian","floor":20,"turns":3},{"damage":0,"enemies":"downfall:FleeingMerchant","floor":22,"turns":4},{"damage":0,"enemies":"Chosen and Byrds","floor":23,"turns":4},{"damage":17,"enemies":"Sentry and Sphere","floor":26,"turns":4},{"damage":0,"enemies":"downfall:FleeingMerchant","floor":27,"turns":4},{"damage":12,"enemies":"3 Cultists","floor":28,"turns":5},{"damage":16,"enemies":"Slavers","floor":31,"turns":5},{"damage":6,"enemies":"Snake Plant","floor":32,"turns":2},{"damage":43,"enemies":"SI_MIRROR_ARCHETYPE","floor":33,"turns":4}],"seed_played":"3732682582821120439","potions_obtained":[{"floor":2,"key":"champ:CounterPotion"},{"floor":4,"key":"Block Potion"},{"floor":11,"key":"FearPotion"},{"floor":15,"key":"Reflective Coating"},{"floor":23,"key":"bronze:FreeFunctionsPotion"},{"floor":26,"key":"bronze:FreeFunctionsPotion"},{"floor":28,"key":"LifebloodPotion"},{"floor":31,"key":"FearPotion"},{"floor":32,"key":"Strength Potion"}],"is_trial":false,"path_per_floor":["R","M","?","M","M","?","T","?","R","M","M","M","R","?","M","B",null,"R","M","M","?","$","M","T","?","M","$","M","T","R","E","M","B"],"character_chosen":"THE_AUTOMATON","items_purchased":["Vajra"],"campfire_rested":1,"item_purchase_floors":[22],"current_hp_per_floor":[70,65,65,65,54,54,54,54,54,54,54,54,54,54,54,42,77,77,69,69,69,69,69,69,69,52,52,40,40,63,47,41,0,0,0],"gold":86,"neow_bonus":"REMOVE_CARD","is_daily":false,"chose_seed":false,"campfire_upgraded":3,"win_rate":0.0,"timestamp":1613903632,"path_taken":["R","M","?","M","?","?","T","?","R","M","M","M","R","?","M","BOSS","R","M","M","?","$","M","T","?","M","$","?","?","R","E","M","BOSS"],"items_purchased_type":["Relic"],"build_version":"2020-12-22","purchased_purges":2,"victory":false,"max_hp_per_floor":[70,70,70,70,70,70,70,77,77,77,77,77,77,77,77,77,77,77,77,77,77,77,77,77,77,77,77,77,77,77,77,77,77,77,77],"relic_stats":{"counters":[18,63],"Astrolabe":["bronze:Philosophize","bronze:Fortify","bronze:Frontload"],"obtain_stats":[{"bronze:BronzeCore":0,"downfall:HeartBlessingRed":9,"reliquary:Aerogel":31,"Ring of Peace":6,"Strawberry":8,"Astrolabe":17,"Vajra":22,"Garlic":29,"ReplayTheSpireMod:Lightbulb":7},{"bronze:BronzeCore":0,"downfall:HeartBlessingRed":3,"reliquary:Aerogel":16,"Ring of Peace":3,"Strawberry":3,"Astrolabe":8,"Vajra":11,"Garlic":15,"ReplayTheSpireMod:Lightbulb":3},{"bronze:BronzeCore":0,"downfall:HeartBlessingRed":7,"reliquary:Aerogel":57,"Ring of Peace":7,"Strawberry":7,"Astrolabe":25,"Vajra":35,"Garlic":52,"ReplayTheSpireMod:Lightbulb":7}]},"card_choices":[{"not_picked":["bronze:FollowUp","bronze:FineTuning"],"picked":"bronze:DigitalCarnage","floor":2},{"not_picked":["bronze:WildBeam","bronze:BronzeArmor"],"picked":"bronze:Branch","floor":4},{"not_picked":["bronze:CutThrough","bronze:Frontload"],"picked":"bronze:DigitalCarnage","floor":5},{"not_picked":["bronze:BitShift","bronze:ForLoop","bronze:DelayedSlice"],"picked":"SKIP","floor":10},{"not_picked":["bronze:ShipIt","bronze:MaxOutput","bronze:BuggyMess"],"picked":"SKIP","floor":11},{"not_picked":["bronze:Deprecate","bronze:WildBeam","bronze:Turbo"],"picked":"SKIP","floor":12},{"not_picked":["bronze:DelayedSlice","bronze:Overload","bronze:BugBarrage"],"picked":"SKIP","floor":15},{"not_picked":["bronze:Verify","bronze:Break"],"picked":"bronze:Virus","floor":16},{"not_picked":["bronze:DelayedGuard","bronze:WildBeam"],"picked":"bronze:ChosenStrike+1","floor":19},{"not_picked":["bronze:DelayedSlice+1","bronze:Iterate+1","bronze:DelayedGuard+1"],"picked":"SKIP","floor":20},{"not_picked":["bronze:DelayedSlice+1","bronze:Iterate+1","bronze:DelayedGuard+1"],"picked":"SKIP","floor":20},{"not_picked":["bronze:WildBeam","bronze:Format","bronze:Frontload"],"picked":"SKIP","floor":22},{"not_picked":["bronze:ChosenStrike","bronze:MaxOutput","bronze:FineTuning"],"picked":"SKIP","floor":23},{"not_picked":["bronze:ForLoop","bronze:Safeguard","bronze:FineTuning"],"picked":"SKIP","floor":26},{"not_picked":["bronze:Frontload","bronze:Branch","bronze:DelayedGuard+1"],"picked":"SKIP","floor":27},{"not_picked":["bronze:ChosenStrike","bronze:Frontload","bronze:FollowUp+1"],"picked":"SKIP","floor":28},{"not_picked":["bronze:BronzeArmor","bronze:Break","bronze:FollowUp+1"],"picked":"SKIP","floor":31},{"not_picked":["bronze:Invalidate","bronze:Frontload","bronze:Shield"],"picked":"SKIP","floor":32}],"player_experience":77011,"relics_obtained":[{"floor":6,"key":"Ring of Peace"},{"floor":7,"key":"ReplayTheSpireMod:Lightbulb"},{"floor":29,"key":"Garlic"},{"floor":31,"key":"reliquary:Aerogel"}],"event_choices":[{"cards_removed":["bronze:Defend"],"damage_healed":0,"gold_gain":0,"player_choice":"Offered Basic","damage_taken":0,"max_hp_gain":0,"max_hp_loss":0,"event_name":"Bonfire Elementals","floor":3,"gold_loss":0},{"damage_healed":0,"gold_gain":0,"player_choice":"Relic ","damage_taken":7,"max_hp_gain":0,"max_hp_loss":0,"event_name":"betterThird:BetterScrap","floor":8,"gold_loss":0,"cards_obtained":["ReplayTheSpireMod:Muscle Training"]},{"cards_removed":["Amnesia"],"damage_healed":0,"gold_gain":0,"player_choice":"Card Removal","damage_taken":0,"max_hp_gain":0,"max_hp_loss":0,"event_name":"Wheel of Change","floor":14,"gold_loss":0}],"is_beta":false,"boss_relics":[{"not_picked":["Snecko Eye","Replay:Bronze Core"],"picked":"Astrolabe"}],"items_purged_floors":[22,27],"is_endless":false,"potions_floor_spawned":[2,4,11,15,23,26,28,31,32],"killed_by":"SI_MIRROR_ARCHETYPE","ascension_level":0}}