{"host":"czzthkrvfe6r7fjf","time":1613927237,"event":{"mods":["ATMod(∞¢Ë™Mod)","Act Like it!","BaseMod","Downfall","Gensokyo","GungeonMod","Marisa£®ÏF”Í°°ƒß¿Ì…≥£©","Minty Spire (QoL Compilation)","Quick Restart","StSLib","The Servant 0.9.4","Waifu the Spire","°æπ¶ƒ‹Mod°øªÏ„Á÷Æª∑–ﬁ∏¥≤π∂°"],"gold_per_floor":[118,118,135,149,159,159,159,159],"floor_reached":7,"language":"ZHS","playtime":169,"items_purged":[],"score":54,"play_id":"78596532-cb0a-45c8-833d-4d7f25a13b74","local_time":"20210222010717","is_ascension_mode":true,"campfire_choices":[{"data":"Armaments","floor":6,"key":"SMITH"}],"circlet_count":0,"master_deck":["Strike_R","Strike_R","Strike_R","Strike_R","Strike_R","Defend_R","Defend_R","Defend_R","Defend_R","Bash","AT_KingSlayer","Cleave","Thunderclap","Armaments+1"],"relics":["Burning Blood","AT_ATBox","Omamori","Gensokyo:NagashiBinaDoll","DemoMod:GlassGuonStoneRelic"],"acts_visited":["Gensokyo:Gensokyo"],"potions_floor_usage":[],"damage_taken":[{"damage":7,"enemies":"Gensokyo:3_Fairies","floor":1,"turns":6},{"damage":7,"enemies":"Gensokyo:Gryphon","floor":3,"turns":3},{"damage":17,"enemies":"Gensokyo:2_Kodama","floor":4,"turns":3},{"damage":20,"enemies":"Gensokyo:Kitsune","floor":5,"turns":3},{"damage":0,"enemies":"Gensokyo:Aya","floor":7,"turns":1}],"seed_played":"5163419430167856517","potions_obtained":[{"floor":1,"key":"Swift Potion"},{"floor":4,"key":"Energy Potion"}],"is_trial":false,"path_per_floor":["M","?","M","M","M","R","E"],"character_chosen":"IRONCLAD","items_purchased":[],"campfire_rested":0,"item_purchase_floors":[],"current_hp_per_floor":[79,79,78,67,53,53,53,53],"gold":159,"neow_bonus":"RANDOM_COMMON_RELIC","is_daily":false,"chose_seed":false,"campfire_upgraded":1,"win_rate":0.0,"timestamp":1613927237,"path_taken":["M","?","?","?","M","R","E"],"items_purchased_type":[],"build_version":"2020-12-22","purchased_purges":0,"victory":false,"max_hp_per_floor":[80,80,80,80,80,80,80,80],"card_choices":[{"not_picked":["DemoMod:WhiteBlade","Sword Boomerang"],"picked":"Cleave","floor":1},{"not_picked":["DemoMod:BlackBlade","Heavy Blade","Headbutt"],"picked":"SKIP","floor":3},{"not_picked":["Shrug It Off","Body Slam"],"picked":"Thunderclap","floor":4},{"not_picked":["Metallicize","AT_ManFootWork"],"picked":"Armaments","floor":5}],"player_experience":149320,"relics_obtained":[],"event_choices":[],"is_beta":false,"boss_relics":[],"items_purged_floors":[],"is_endless":false,"potions_floor_spawned":[1,4],"killed_by":"Gensokyo:Aya","ascension_level":5}}