{"host":"xltl1aroowo69o4n","time":1613933816,"event":{"mods":["BaseMod","Colored Map","Colored Powertips","Downfall","Koishi","Marisa????????","Minty Spire (QoL Compilation)","Replay The Spire","StSLib","The Cursed","The Hierophant","The Mystic","The Necromancer","The Servant 0.9.4"],"gold_per_floor":[217,217,217,229,249,277,277,302,302,313,366,378,378,378,378,5,5,106,106,143,143,187,104,104,162,162,162,162,239,239,251,274,120,120,266,366,404,444,524,586,586,586,648,648,702,58,123,123,123,159,159,159],"floor_reached":53,"language":"ENG","playtime":5208,"items_purged":["Looming Evil"],"score":761,"play_id":"fa5259e5-b805-43cc-b107-ddfbb8435755","local_time":"20210221135656","is_ascension_mode":true,"campfire_choices":[{"data":"WitchOfGreed","floor":7.0,"key":"SMITH"},{"data":"SprinkleStarSeal","floor":17.0,"key":"SMITH"},{"floor":26,"key":"REST"},{"floor":34,"key":"REST"},{"floor":42,"key":"REST"},{"floor":49,"key":"REST"},{"floor":51,"key":"REST"}],"circlet_count":0,"master_deck":["Strike_MRS","Strike_MRS","Strike_MRS","Defend_MRS","Defend_MRS","Defend_MRS","Defend_MRS+1","MasterSpark","UpSweep","DeepEcoloBomb+1","GrandCross","SprinkleStarSeal+1","WitchOfGreed+1","MysteriousBeam","PulseMagic+1","MaximisePower+1","ReplayTheSpireMod:Brewmster+1","SatelliteIllusion+1","WitchOfGreed+1","AlicesGift","AsteroidBelt+1","DC","DC","PowerUp+1","AlicesGift","6A+1","DarkMatter+1","TreasureHunter","MysteriousBeam+1","DC+1","ChargeUpSpray","GalacticHalo+1","GrandCross","EnergyFlow+1","Metamorphosis","NonDirectionalLaser","Blind","ShootTheMoon"],"relics":["MiniHakkero","Toy Ornithopter","Oddly Smooth Stone","Frozen Egg 2","Bottled Lightning","ReplayTheSpireMod:Lightbulb","Black Star","Enchiridion","MutagenicStrength","Sundial","Boot","White Beast Statue","Regal Pillow","Pantograph","War Paint","Replay:Wanted Poster","CatCart","ReplayTheSpireMod:Ring of Addiction","Ring of Peace","Chameleon Ring","SacredBark","Nunchaku","ClockworkSouvenir","Anchor"],"acts_visited":["Exordium","TheCity","TheBeyond"],"potions_floor_usage":[18,18,18,18,18,20,22,25,25,29,31,31,35,35,35,35,35,35,38,39,39,39,39,39,39,39,39,39,39,39,43,43,47,50,52,52,52,52,52],"damage_taken":[{"damage":3.0,"enemies":"Jaw Worm","floor":1.0,"turns":3.0},{"damage":0.0,"enemies":"Small Slimes","floor":4.0,"turns":2.0},{"damage":0.0,"enemies":"Cultist","floor":5.0,"turns":2.0},{"damage":20.0,"enemies":"Gremlin Nob","floor":6.0,"turns":4.0},{"damage":5.0,"enemies":"Exordium Wildlife","floor":10.0,"turns":3.0},{"damage":36.0,"enemies":"3 Sentries","floor":11.0,"turns":8.0},{"damage":9.0,"enemies":"Exordium Thugs","floor":12.0,"turns":3.0},{"damage":7,"enemies":"The Guardian","floor":18,"turns":7},{"damage":35,"enemies":"2 Thieves","floor":20,"turns":4},{"damage":1,"enemies":"Shell Parasite","floor":22,"turns":3},{"damage":11,"enemies":"Book of Stabbing","floor":25,"turns":3},{"damage":42,"enemies":"Slavers","floor":29,"turns":6},{"damage":12,"enemies":"Shelled Parasite and Fungi","floor":31,"turns":3},{"damage":33,"enemies":"Champ","floor":35,"turns":9},{"damage":14,"enemies":"Orb Walker","floor":37,"turns":3},{"damage":8,"enemies":"3 Darklings","floor":38,"turns":3},{"damage":37,"enemies":"Orin","floor":39,"turns":12},{"damage":44,"enemies":"4 Shapes","floor":40,"turns":7},{"damage":14,"enemies":"Writhing Mass","floor":43,"turns":6},{"damage":30,"enemies":"Jaw Worm Horde","floor":47,"turns":5},{"damage":55,"enemies":"3 Darklings","floor":50,"turns":5},{"damage":151,"enemies":"Donu and Deca","floor":52,"turns":10}],"seed_played":"3429618904362374757","potions_obtained":[{"floor":1.0,"key":"StarNLove"},{"floor":6.0,"key":"Explosive Potion"},{"floor":10.0,"key":"Weak Potion"},{"floor":11.0,"key":"Cursed Concoction"},{"floor":11.0,"key":"Death Potion"},{"floor":20,"key":"Strength Potion"},{"floor":20,"key":"Adrenaline Potion"},{"floor":22,"key":"ColorlessPotion"},{"floor":29,"key":"BottledSpark"},{"floor":29,"key":"SpeedPotion"},{"floor":31,"key":"SpeedPotion"},{"floor":35,"key":"PowerPotion"},{"floor":38,"key":"BottledSpark"},{"floor":39,"key":"FairyPotion"},{"floor":40,"key":"Fire Potion"},{"floor":41,"key":"Reflective Coating"},{"floor":43,"key":"Languid Potion"},{"floor":47,"key":"ShroomBrew"},{"floor":47,"key":"Swift Potion"},{"floor":50,"key":"sneckomod:MuddlingPotion"}],"is_trial":false,"path_per_floor":["M","?","?","M","M","E","R","T","T","M","E","M","?","PTL","PTL","$","R","B",null,"M","?","M","$","?","E","R","?","T","E","?","M","T","$","R","B",null,"M","M","?","M","?","R","M","?","T","$","M","?","R","M","R","B",null],"character_chosen":"MARISA","items_purchased":["ReplayTheSpireMod:Brewmster+1","ReplayTheSpireMod:Lightbulb","AsteroidBelt","DC","Slimebound:ThreeZeroPotion","DarkMatter+1","EnergyFlow+1","Metamorphosis","ClockworkSouvenir","Anchor"],"campfire_rested":5,"item_purchase_floors":[16,16,23,23,33,33,46,46,46,46],"current_hp_per_floor":[72,72,72,72,72,52,52,52,52,47,16,7,7,7,7,7,7,25,75,45,29,33,33,33,32,54,54,54,17,17,15,15,15,52,71,75,61,58,57,13,13,50,46,46,46,46,21,21,57,7,43,9],"gold":159,"neow_bonus":"HUNDRED_GOLD","is_daily":false,"chose_seed":false,"campfire_upgraded":2,"win_rate":0.0,"timestamp":1613933816,"path_taken":["M","?","?","M","M","E","R","?","T","M","E","?","?","PTL","PTL","?","R","BOSS","M","?","M","$","?","E","R","?","T","E","?","?","?","?","R","BOSS","M","M","?","M","?","R","M","?","T","$","?","?","R","M","R","BOSS"],"items_purchased_type":["Card","Relic","Card","Card","Potion","Card","Card","Card","Relic","Relic"],"build_version":"2020-12-13","purchased_purges":1,"victory":true,"max_hp_per_floor":[75,75,75,75,75,75,75,75,75,75,75,75,75,75,75,75,75,75,75,75,75,75,75,75,75,75,75,75,75,75,75,75,75,75,75,75,75,75,75,75,75,75,75,75,75,75,73,73,73,73,73,73],"card_choices":[{"not_picked":["ManaConvection","ShootingEcho"],"picked":"DeepEcoloBomb","floor":1.0},{"not_picked":["Occultation","AsteroidBelt"],"picked":"GrandCross","floor":4.0},{"not_picked":["GravityBeat","ShootingEcho"],"picked":"SprinkleStarSeal","floor":5.0},{"not_picked":["ManaRampage","UnstableBomb"],"picked":"WitchOfGreed","floor":6.0},{"not_picked":["WitchLeyline","Occultation"],"picked":"GalacticHalo","floor":10.0},{"not_picked":["ShootingEcho","DarkSpark"],"picked":"MysteriousBeam","floor":11.0},{"not_picked":["EscapeVelocity+1","RefractionSpark"],"picked":"PulseMagic","floor":12.0},{"not_picked":["BlazingStar","FinalSpark"],"picked":"SatelliteIllusion+1","floor":18},{"not_picked":["PulseMagic","ChargingUp"],"picked":"WitchOfGreed+1","floor":20},{"not_picked":["NonDirectionalLaser","SporeBomb"],"picked":"AlicesGift","floor":22},{"not_picked":["OrrerysSun+1","CasketOfStar+1"],"picked":"PowerUp+1","floor":25},{"not_picked":["IllusionStar","WitchOfGreed+1"],"picked":"AlicesGift","floor":29},{"not_picked":["MysteriousBeam","Acceleration"],"picked":"6A+1","floor":31},{"not_picked":["ManaRampage","BlazingStar"],"picked":"TreasureHunter","floor":35},{"not_picked":["WitchOfGreed+1","ShootingEcho"],"picked":"MysteriousBeam+1","floor":37},{"not_picked":["RefractionSpark","6A"],"picked":"DC+1","floor":38},{"not_picked":["GalacticHalo+1","ShootingEcho"],"picked":"ChargeUpSpray","floor":39},{"not_picked":["LuminesStrike","DC"],"picked":"GalacticHalo+1","floor":40},{"not_picked":["DragonMeteor","6A"],"picked":"GrandCross","floor":43},{"not_picked":["GasGiant+1","6A"],"picked":"NonDirectionalLaser","floor":47},{"not_picked":["Deep Breath","Replay:Sssssssssshield"],"picked":"Blind","floor":48},{"not_picked":["Occultation+1","MachineGunSpark+1"],"picked":"ShootTheMoon","floor":50}],"player_experience":251150,"relics_obtained":[{"floor":6.0,"key":"Toy Ornithopter"},{"floor":8.0,"key":"Oddly Smooth Stone"},{"floor":9.0,"key":"Frozen Egg 2"},{"floor":11.0,"key":"Bottled Lightning"},{"floor":21,"key":"Enchiridion"},{"floor":25,"key":"Sundial"},{"floor":25,"key":"Boot"},{"floor":28,"key":"White Beast Statue"},{"floor":29,"key":"Regal Pillow"},{"floor":29,"key":"Pantograph"},{"floor":32,"key":"War Paint"},{"floor":39,"key":"CatCart"},{"floor":41,"key":"ReplayTheSpireMod:Ring of Addiction"},{"floor":41,"key":"Ring of Peace"},{"floor":41,"key":"Chameleon Ring"},{"floor":41,"key":"SacredBark"},{"floor":45,"key":"Nunchaku"}],"event_choices":[{"damage_healed":0.0,"max_hp_gain":0.0,"max_hp_loss":0.0,"gold_gain":0.0,"event_name":"Living Wall","player_choice":"Grow","floor":2.0,"gold_loss":0.0,"damage_taken":0.0,"cards_upgraded":["DeepEcoloBomb"]},{"damage_healed":0,"gold_gain":0,"player_choice":"Obtained Book","damage_taken":16,"max_hp_gain":0,"max_hp_loss":0,"event_name":"Cursed Tome","floor":21,"gold_loss":0},{"damage_healed":0,"gold_gain":0,"player_choice":"Inject Mutagens","damage_taken":0,"relics_obtained":["MutagenicStrength"],"max_hp_gain":0,"max_hp_loss":0,"event_name":"Drug Dealer","floor":24,"gold_loss":0},{"damage_healed":0,"gold_gain":0,"player_choice":"Ignored","damage_taken":0,"max_hp_gain":0,"max_hp_loss":0,"event_name":"Vampires","floor":27,"gold_loss":0},{"cards_removed":["Strike_MRS"],"damage_healed":0,"gold_gain":0,"player_choice":"Purged","damage_taken":0,"max_hp_gain":0,"max_hp_loss":0,"event_name":"Purifier","floor":30,"gold_loss":0},{"damage_healed":0,"gold_gain":0,"player_choice":"Fight","damage_taken":0,"max_hp_gain":0,"max_hp_loss":0,"event_name":"OrinTheCat","floor":39,"gold_loss":0},{"damage_healed":0,"gold_gain":0,"player_choice":"Ignored","damage_taken":0,"max_hp_gain":0,"max_hp_loss":0,"event_name":"Tomb of Lord Red Mask","floor":44,"gold_loss":0},{"damage_healed":0,"gold_gain":0,"player_choice":"Memory 1","damage_taken":0,"max_hp_gain":0,"max_hp_loss":0,"event_name":"SensoryStone","floor":48,"gold_loss":0}],"is_beta":false,"boss_relics":[{"not_picked":["Velvet Choker","Tiny House"],"picked":"Black Star"},{"not_picked":["Sozu","Replay:Drink Me"],"picked":"Replay:Wanted Poster"}],"items_purged_floors":[46],"is_endless":false,"potions_floor_spawned":[1,6,10,11,20,29,31,35,37,38,39,40,43,47,50],"ascension_level":1}}