{"host":"enpah696raxjhbxd","time":1613908702,"event":{"mods":["ATMod(阿瑾Mod)","BaseMod","Challenge The Spire","Colored Powertips","Friendly Minions","Good Game Mod","Minty Spire (QoL Compilation)","Replay The Spire","StSLib","TestMod","The Bladedancer","UnlockEverythingMod"],"gold_per_floor":[114,114,514,524,524,524,552,552,552,552,568,583,612,146,146,219,219,239,130,144,144,156,185,185,185,185],"floor_reached":25,"language":"ZHS","playtime":776,"items_purged":[],"score":608,"play_id":"47b22f75-9990-414d-878d-a2fa3a623520","local_time":"20210221195822","is_ascension_mode":true,"campfire_choices":[{"data":"AT_MachinaRedman","floor":6,"key":"SMITH"},{"floor":8,"key":"REST"},{"data":"Vigilance","floor":10,"key":"SMITH"},{"data":"AT_DivineConfetti","floor":15,"key":"SMITH"},{"data":"AT_RealColorLess","floor":24,"key":"SMITH"}],"circlet_count":0,"master_deck":["AscendersBane","Strike_P","Strike_P","Strike_P","Strike_P","Defend_P","Defend_P","Defend_P","Defend_P","Eruption+1","Vigilance+1","AT_MachinaRedman+1","testmod-PainDetonator+1","Replay:AtTheReady","AT_DivineConfetti+1","CrushJoints","Poisoned Strike","AT_RealColorLess+1","AT_RealFormLess"],"relics":["PureWater","testmod-TestBox","REME:ComplimentaryCards","testmod-CrystalShield","GoldenEye","Replay:Ringing Soul","testmod-Justice","Matryoshka","testmod-Fanaticism","testmod-BouquetWithThorns"],"acts_visited":["Exordium","TheCity"],"potions_floor_usage":[13,16,23],"damage_taken":[{"damage":7,"enemies":"Jaw Worm","floor":1,"turns":2},{"damage":0,"enemies":"2 Louse","floor":4,"turns":2},{"damage":26,"enemies":"Lagavulin","floor":7,"turns":7},{"damage":0,"enemies":"Cultist","floor":11,"turns":2},{"damage":15,"enemies":"Exordium Thugs","floor":12,"turns":4},{"damage":0,"enemies":"3 Sentries","floor":13,"turns":3},{"damage":14,"enemies":"Hexaghost","floor":16,"turns":5},{"damage":0,"enemies":"Chosen","floor":18,"turns":2},{"damage":24,"enemies":"3 Byrds","floor":20,"turns":5},{"damage":29,"enemies":"Shelled Parasite and Fungi","floor":22,"turns":3},{"damage":0,"enemies":"Book of Stabbing","floor":23,"turns":1},{"damage":62,"enemies":"Gremlin Leader","floor":25,"turns":2}],"seed_played":"3224452969573959055","potions_obtained":[{"floor":7,"key":"testmod-TestPotion"},{"floor":11,"key":"Weak Potion"},{"floor":16,"key":"Adrenaline Potion"},{"floor":18,"key":"Toxic Potion"},{"floor":23,"key":"Weak Potion"}],"is_trial":false,"path_per_floor":["M","$","?","M","?","R","E","R","T","R","M","M","E","$","R","B",null,"M","$","M","?","M","E","R","E"],"character_chosen":"WATCHER","items_purchased":["Matryoshka","Poisoned Strike","testmod-EscapePotion"],"campfire_rested":1,"item_purchase_floors":[14,14,19],"current_hp_per_floor":[54,54,54,54,54,54,28,48,48,48,51,39,59,62,62,51,75,75,75,65,65,60,60,60,0,0],"gold":185,"neow_bonus":"UPGRADE_CARD","is_daily":false,"chose_seed":false,"campfire_upgraded":4,"win_rate":0.0,"timestamp":1613908702,"path_taken":["M","$","?","M","?","R","E","R","T","R","M","M","E","?","R","BOSS","M","$","M","?","M","E","R","E"],"items_purchased_type":["Relic","Card","Potion"],"build_version":"2020-12-22","purchased_purges":0,"victory":false,"max_hp_per_floor":[68,68,68,68,68,68,68,68,68,68,71,74,77,80,80,83,83,83,83,86,86,86,86,86,86,86],"card_choices":[{"not_picked":["Weave","SashWhip","EmptyMind"],"picked":"SKIP","floor":1},{"not_picked":["FlyingSleeves","EmptyFist","WheelKick"],"picked":"SKIP","floor":4},{"not_picked":["ThirdEye","Protect","FlurryOfBlows"],"picked":"SKIP","floor":7},{"not_picked":["FollowUp","Pray"],"picked":"Replay:AtTheReady","floor":11},{"not_picked":["Replay:AtTheReady","EmptyMind"],"picked":"AT_DivineConfetti","floor":12},{"not_picked":["PathToVictory","BowlingBash"],"picked":"CrushJoints","floor":13},{"not_picked":["Devotion","AT_IrregularMenstruation"],"picked":"AT_RealColorLess","floor":16},{"not_picked":["Study","Tantrum","LikeWater"],"picked":"SKIP","floor":18},{"not_picked":["Prostrate","Protect"],"picked":"AT_RealFormLess","floor":20},{"not_picked":["MentalFortress+1","EmptyFist","FlurryOfBlows"],"picked":"SKIP","floor":22},{"not_picked":["Swivel","JustLucky","Replay:Cycle+1"],"picked":"SKIP","floor":23}],"player_experience":242337,"relics_obtained":[{"floor":7,"key":"GoldenEye"},{"floor":9,"key":"Replay:Ringing Soul"},{"floor":13,"key":"testmod-Justice"},{"floor":23,"key":"testmod-BouquetWithThorns"}],"event_choices":[{"damage_healed":0,"gold_gain":400,"player_choice":"Sell","damage_taken":0,"max_hp_gain":0,"max_hp_loss":0,"event_name":"恩洛斯的盘子","floor":3,"relics_lost":["AT_ATBox"],"gold_loss":0},{"damage_healed":0,"gold_gain":0,"player_choice":"Grow","damage_taken":0,"max_hp_gain":0,"max_hp_loss":0,"event_name":"Living Wall","floor":5,"gold_loss":0,"cards_upgraded":["testmod-PainDetonator"]},{"damage_healed":0,"gold_gain":0,"player_choice":"Ignored","damage_taken":0,"max_hp_gain":0,"max_hp_loss":0,"event_name":"给自己的盒子","floor":21,"gold_loss":0}],"is_beta":false,"boss_relics":[{"not_picked":["Replay:Wanted Poster","Snecko Heart"],"picked":"testmod-Fanaticism"}],"items_purged_floors":[],"is_endless":false,"potions_floor_spawned":[7,11,16,18,23],"killed_by":"Gremlin Leader","ascension_level":20}}