{"host":"d52brwsy6af8zvaq","time":1613929494,"event":{"mods":["AchievementEnabler","BaseMod","Bestiary","Highlight Path","Minty Spire (QoL Compilation)","Quick Restart","Relic Stats","ojb\u0027s Better Paths Mod"],"gold_per_floor":[111,131,111,55,73,108,124,124,151,179,29,41,53,53,53,53,53],"floor_reached":16,"language":"ENG","playtime":446,"items_purged":[],"score":224,"play_id":"7bec7d35-aa9c-4918-a053-8ec3233bde02","local_time":"20210221104454","is_ascension_mode":true,"campfire_choices":[{"floor":8.0,"key":"REST"},{"floor":15,"key":"REST"}],"circlet_count":0,"master_deck":["AscendersBane","Strike_B","Strike_B","Strike_B","Strike_B","Defend_B","Defend_B","Defend_B","Defend_B","Zap","Dualcast","Coolheaded","Lockon","Beam Cell","Reinforced Body","Sweeping Beam","Coolheaded","Glacier","Ball Lightning","Undo","Pain"],"relics":["Cracked Core","Bag of Marbles","Strawberry","MawBank","ClockworkSouvenir","WarpedTongs"],"acts_visited":["Exordium"],"potions_floor_usage":[],"damage_taken":[{"damage":3.0,"enemies":"2 Louse","floor":1.0,"turns":2.0},{"damage":0.0,"enemies":"Cultist","floor":2.0,"turns":4.0},{"damage":7.0,"enemies":"Small Slimes","floor":5.0,"turns":3.0},{"damage":32.0,"enemies":"Gremlin Nob","floor":6.0,"turns":4.0},{"damage":12.0,"enemies":"Exordium Thugs","floor":7.0,"turns":4.0},{"damage":36.0,"enemies":"Lagavulin","floor":10.0,"turns":9.0},{"damage":0.0,"enemies":"Exordium Wildlife","floor":12.0,"turns":3.0},{"damage":8,"enemies":"Blue Slaver","floor":13,"turns":2},{"damage":28,"enemies":"Hexaghost","floor":16,"turns":9}],"seed_played":"2681222688208969863","potions_obtained":[{"floor":2.0,"key":"Weak Potion"},{"floor":3.0,"key":"CultistPotion"},{"floor":6.0,"key":"ColorlessPotion"},{"floor":10.0,"key":"AttackPotion"},{"floor":13,"key":"Dexterity Potion"}],"is_trial":false,"path_per_floor":["M","M","?","$","M","E","M","R","T","E","$","M","M","?","R","B"],"character_chosen":"DEFECT","items_purchased":["Beam Cell","ClockworkSouvenir"],"campfire_rested":2,"item_purchase_floors":[4,11],"current_hp_per_floor":[68,68,68,68,61,29,17,40,47,11,11,11,3,3,28,0,0],"gold":53,"neow_bonus":"TEN_PERCENT_HP_BONUS","is_daily":false,"chose_seed":false,"campfire_upgraded":0,"win_rate":0.0,"timestamp":1613929494,"path_taken":["M","M","?","$","M","E","?","R","T","E","$","M","M","?","R","BOSS"],"items_purchased_type":["Card","Relic"],"build_version":"2020-12-22","purchased_purges":0,"victory":false,"max_hp_per_floor":[78,78,78,78,78,78,78,78,85,85,85,85,85,85,85,85,85],"relic_stats":{"counters":[9,40],"MawBank":12,"obtain_stats":[{"Strawberry":9,"Bag of Marbles":6,"Cracked Core":0,"MawBank":10,"ClockworkSouvenir":11,"WarpedTongs":14},{"Strawberry":5,"Bag of Marbles":4,"Cracked Core":0,"MawBank":6,"ClockworkSouvenir":6,"WarpedTongs":8},{"Strawberry":17,"Bag of Marbles":13,"Cracked Core":0,"MawBank":26,"ClockworkSouvenir":26,"WarpedTongs":31}],"WarpedTongs":[9]},"card_choices":[{"not_picked":["Blizzard","Turbo"],"picked":"Coolheaded","floor":1.0},{"not_picked":["Self Repair","Steam"],"picked":"Lockon","floor":2.0},{"not_picked":["White Noise","Storm"],"picked":"Reinforced Body","floor":5.0},{"not_picked":["Rebound","Auto Shields"],"picked":"Sweeping Beam","floor":6.0},{"not_picked":["Recycle","Scrape"],"picked":"Coolheaded","floor":7.0},{"not_picked":["Amplify","Barrage"],"picked":"Glacier","floor":10.0},{"not_picked":["Lockon","Steam Power"],"picked":"Ball Lightning","floor":12.0},{"not_picked":["Turbo","Go for the Eyes"],"picked":"Undo","floor":13}],"player_experience":2328526,"relics_obtained":[{"floor":6.0,"key":"Bag of Marbles"},{"floor":9.0,"key":"Strawberry"},{"floor":10.0,"key":"MawBank"}],"event_choices":[{"damage_healed":0.0,"max_hp_gain":0.0,"max_hp_loss":0.0,"gold_gain":0.0,"event_name":"The Woman in Blue","player_choice":"Bought 1 Potion","floor":3.0,"gold_loss":0.0,"damage_taken":0.0},{"damage_healed":0,"gold_gain":0,"player_choice":"Rummage","damage_taken":0,"relics_obtained":["WarpedTongs"],"max_hp_gain":0,"max_hp_loss":0,"event_name":"Accursed Blacksmith","floor":14,"gold_loss":0,"cards_obtained":["Pain"]}],"is_beta":false,"boss_relics":[],"items_purged_floors":[],"is_endless":false,"potions_floor_spawned":[2,6,10,13],"killed_by":"Hexaghost","ascension_level":20}}