{"host":"lg1piimdyocafd6j","time":1613907095,"event":{"mods":["AchievementEnabler","BaseMod","Better Third Choice","BetterRewards","Colored Map","Colored Powertips","Downfall","Minty Spire (QoL Compilation)","Quick Restart","Rare Cards Sparkle","Remove Card Discount Mod","Shop Mod","StSLib","SuperFastMode"],"gold_per_floor":[117,136,136,136,146,173,173,201,279,134,146,146,146,146,146,243,243,257,257,257,267,267,267,277,96,96,108,133,156,168,199,211,328,340,365,377,401,413,425,437,449,480,492,520,532,576,588,417,417,417,417,417,204,229,229,229],"floor_reached":55,"language":"ENG","playtime":2184,"items_purged":["Neutralize","Strike_G","Strike_G","Strike_G","Strike_G","Strike_G","Defend_G","Defend_G","Blade Dance+1"],"score":703,"play_id":"c6e90027-bacc-4a9b-b8e5-ce4c98da6d82","local_time":"20210221123135","is_ascension_mode":false,"campfire_choices":[{"floor":7,"key":"RECALL"},{"data":"Adrenaline","floor":12,"key":"SMITH"},{"floor":15,"key":"REST"},{"data":"Burst","floor":23,"key":"SMITH"},{"data":"Bouncing Flask","floor":27,"key":"SMITH"},{"data":"Deadly Poison","floor":32,"key":"SMITH"},{"data":"Adrenaline","floor":40,"key":"SMITH"},{"floor":45,"key":"REST"},{"floor":47,"key":"REST"},{"data":"Crippling Poison","floor":49,"key":"SMITH"},{"floor":52,"key":"REST"}],"circlet_count":0,"master_deck":["Defend_G+1","Defend_G+1","Defend_G+1","Survivor+1","Poisoned Stab+1","Adrenaline+1","Poisoned Stab+1","Deadly Poison+1","Burst+1","Bouncing Flask+1","Bane+1","Adrenaline+1","Adrenaline+1","Bane+1","Crippling Poison+1","Backstab+1"],"relics":["Ring of the Snake","Molten Egg 2","TungstenRod","Smiling Mask","TwistedFunnel","Busted Crown","MutagenicStrength","DollysMirror","MawBank","SlaversCollar","Tough Bandages","Torii","Membership Card","HornCleat","InkBottle"],"acts_visited":["Exordium","TheCity","TheBeyond","TheEnding"],"potions_floor_usage":[16,50,50,55,55],"damage_taken":[{"damage":0,"enemies":"2 Louse","floor":1,"turns":1},{"damage":0,"enemies":"Jaw Worm","floor":2,"turns":1},{"damage":0,"enemies":"Cultist","floor":5,"turns":2},{"damage":5,"enemies":"Lagavulin","floor":6,"turns":3},{"damage":6,"enemies":"3 Sentries","floor":8,"turns":9},{"damage":0,"enemies":"Large Slime","floor":11,"turns":3},{"damage":17,"enemies":"Hexaghost","floor":16,"turns":6},{"damage":0,"enemies":"Spheric Guardian","floor":18,"turns":2},{"damage":0,"enemies":"Chosen","floor":21,"turns":2},{"damage":0,"enemies":"3 Cultists","floor":24,"turns":4},{"damage":0,"enemies":"Sentry and Sphere","floor":28,"turns":2},{"damage":0,"enemies":"Snecko","floor":29,"turns":1},{"damage":0,"enemies":"Centurion and Healer","floor":31,"turns":2},{"damage":31,"enemies":"Collector","floor":33,"turns":5},{"damage":0,"enemies":"3 Darklings","floor":35,"turns":2},{"damage":0,"enemies":"Orb Walker","floor":37,"turns":2},{"damage":0,"enemies":"Transient","floor":42,"turns":5},{"damage":0,"enemies":"Jaw Worm Horde","floor":44,"turns":3},{"damage":0,"enemies":"Giant Head","floor":46,"turns":4},{"damage":77,"enemies":"Time Eater","floor":50,"turns":11},{"damage":17,"enemies":"Shield and Spear","floor":54,"turns":4},{"damage":85,"enemies":"The Heart","floor":55,"turns":8}],"seed_played":"-422521631649742171","potions_obtained":[{"floor":1,"key":"SneckoOil"},{"floor":5,"key":"hexamod:SoulburnPotion"},{"floor":24,"key":"Dexterity Potion"},{"floor":28,"key":"ColorlessPotion"},{"floor":29,"key":"Regen Potion"}],"is_trial":false,"path_per_floor":["M","M","?","$","M","E","R","E","T","$","M","R","$","?","R","B",null,"M","?","$","M","?","R","M","$","T","R","M","M","?","M","R","B",null,"M","$","M","?","$","R","?","M","T","M","R","E","R","$","R","B",null,"R","$","E","B"],"character_chosen":"THE_SILENT","items_purchased":["Molten Egg 2","Poisoned Stab+1","Adrenaline","Bane+1","Poisoned Stab+1","BlessingOfTheForge","TwistedFunnel","Bane+1","DollysMirror","Membership Card","Crippling Poison","HornCleat","FairyPotion","Guardian:BlockOnCardUsePotion"],"campfire_rested":4,"item_purchase_floors":[0,0,0,0,0,0,10,25,25,48,48,53,53,53],"current_hp_per_floor":[70,70,70,70,70,65,65,59,59,59,59,59,59,46,67,50,70,70,70,70,70,70,70,70,70,70,70,70,70,70,70,70,39,70,70,70,70,70,70,70,70,70,70,70,70,70,70,70,70,7,70,70,70,53,0,0],"gold":229,"neow_bonus":"","is_daily":false,"chose_seed":false,"campfire_upgraded":6,"win_rate":0.0,"timestamp":1613907095,"path_taken":["M","M","?","?","?","E","R","E","T","$","M","R","$","?","R","BOSS","M","?","$","M","?","R","M","$","T","R","M","M","?","M","R","BOSS","M","$","M","?","$","R","?","?","T","M","R","E","R","$","R","BOSS","R","$","E","BOSS"],"items_purchased_type":["Relic","Card","Card","Card","Card","Potion","Relic","Card","Relic","Relic","Card","Relic","Potion","Potion"],"build_version":"2020-12-22","purchased_purges":9,"victory":false,"max_hp_per_floor":[70,70,70,70,70,70,70,70,70,70,70,70,70,70,70,70,70,70,70,70,70,70,70,70,70,70,70,70,70,70,70,70,70,70,70,70,70,70,70,70,70,70,70,70,70,70,70,70,70,70,70,70,70,70,70,70],"card_choices":[{"not_picked":["Underhanded Strike+1","Dagger Throw+1"],"picked":"Blade Dance","floor":1},{"not_picked":["Tactician","Dodge and Roll"],"picked":"Deadly Poison","floor":2},{"not_picked":["Outmaneuver","Slice+1","Sucker Punch+1"],"picked":"SKIP","floor":5},{"not_picked":["Dagger Spray+1","Tactician","Flying Knee+1"],"picked":"SKIP","floor":6},{"not_picked":["Storm of Steel","Acrobatics","Dagger Spray+1"],"picked":"SKIP","floor":8},{"not_picked":["Dagger Spray+1","Predator+1","PiercingWail"],"picked":"SKIP","floor":11},{"not_picked":["Malaise","Doppelganger"],"picked":"Burst","floor":16},{"not_picked":[],"picked":"Bouncing Flask","floor":18},{"not_picked":["Expertise"],"picked":"SKIP","floor":21},{"not_picked":["Blur"],"picked":"SKIP","floor":24},{"not_picked":["Skewer+1"],"picked":"SKIP","floor":28},{"not_picked":["Infinite Blades+1"],"picked":"SKIP","floor":29},{"not_picked":["Infinite Blades+1"],"picked":"SKIP","floor":29},{"not_picked":["PiercingWail+1"],"picked":"SKIP","floor":31},{"not_picked":[],"picked":"Adrenaline","floor":33},{"not_picked":["Well Laid Plans"],"picked":"SKIP","floor":35},{"not_picked":[],"picked":"Bane+1","floor":37},{"not_picked":["Blade Dance"],"picked":"SKIP","floor":42},{"not_picked":["Bane+1"],"picked":"SKIP","floor":44},{"not_picked":["Dagger Throw+1"],"picked":"SKIP","floor":46},{"not_picked":[],"picked":"Backstab+1","floor":54}],"player_experience":169148,"relics_obtained":[{"floor":6,"key":"TungstenRod"},{"floor":8,"key":"Smiling Mask"},{"floor":26,"key":"MawBank"},{"floor":43,"key":"Tough Bandages"},{"floor":46,"key":"Torii"},{"floor":54,"key":"InkBottle"}],"event_choices":[{"damage_healed":0,"gold_gain":0,"player_choice":"Leave","damage_taken":0,"max_hp_gain":0,"max_hp_loss":0,"event_name":"The Cleric","floor":3,"gold_loss":0},{"damage_healed":59,"gold_gain":0,"player_choice":"Upgrade","damage_taken":14,"max_hp_gain":0,"max_hp_loss":70,"event_name":"betterThird:BetterShining","floor":14,"gold_loss":0,"cards_upgraded":["Blade Dance","Survivor"]},{"damage_healed":0,"gold_gain":0,"player_choice":"Inject Mutagens","damage_taken":0,"relics_obtained":["MutagenicStrength"],"max_hp_gain":0,"max_hp_loss":0,"event_name":"Drug Dealer","floor":19,"gold_loss":0},{"damage_healed":0,"gold_gain":0,"player_choice":"Simplicity","damage_taken":0,"max_hp_gain":0,"max_hp_loss":3,"event_name":"betterThird:BetterWriting","floor":22,"gold_loss":0},{"damage_healed":0,"gold_gain":0,"player_choice":"Ignored","damage_taken":0,"max_hp_gain":0,"max_hp_loss":0,"event_name":"Vampires","floor":30,"gold_loss":0},{"cards_removed":["Bane"],"damage_healed":0,"gold_gain":0,"player_choice":"Removed Attack","damage_taken":0,"max_hp_gain":0,"max_hp_loss":0,"event_name":"Falling","floor":38,"gold_loss":0},{"damage_healed":0,"gold_gain":0,"player_choice":"Ignored","damage_taken":0,"max_hp_gain":0,"max_hp_loss":0,"event_name":"Transmorgrifier","floor":41,"gold_loss":0}],"is_beta":false,"boss_relics":[{"not_picked":["Astrolabe","Velvet Choker"],"picked":"Busted Crown"},{"not_picked":["Black Star","Coffee Dripper"],"picked":"SlaversCollar"}],"items_purged_floors":[0,0,0,0,0,0,0,0,25],"is_endless":false,"potions_floor_spawned":[1,5,11,24,28,29,37,46],"killed_by":"The Heart","ascension_level":0}}