{"host":"to2s10i0cynxbiqz","time":1613886994,"event":{"mods":["BaseMod","Colored Powertips","Highlight Path","Minty Spire (QoL Compilation)","Quick Restart","StSLib","slay the spire mod where everything is the same but ironclad has a cowboy hat"],"gold_per_floor":[109,128,53,153,164,164,179,179,202,202,221,70,70,83,83,186,186,196,21,34,52,52,52,65,100,100,132,132,132,132,143,143,241,241,258,271,291,310,323,343,343,343,343,343,357,392,411,428,428,428,428,428,57,91,91],"floor_reached":56,"language":"ZHS","playtime":2622,"items_purged":["Bash","Strike_R","Strike_R","Defend_R"],"score":1847,"play_id":"c526473f-15c9-497e-ad41-45815420f679","local_time":"20210221135634","is_ascension_mode":true,"campfire_choices":[{"data":"Searing Blow+1","floor":6.0,"key":"SMITH"},{"data":"Searing Blow+2","floor":8.0,"key":"SMITH"},{"data":"Searing Blow+3","floor":10.0,"key":"SMITH"},{"data":"Searing Blow+4","floor":13.0,"key":"SMITH"},{"data":"Searing Blow+5","floor":15.0,"key":"SMITH"},{"data":"Searing Blow+6","floor":23.0,"key":"SMITH"},{"floor":30.0,"key":"REST"},{"floor":32.0,"key":"REST"},{"data":"Searing Blow+7","floor":42.0,"key":"SMITH"},{"data":"Searing Blow+8","floor":44.0,"key":"SMITH"},{"floor":49.0,"key":"RECALL"},{"data":"Offering","floor":52.0,"key":"SMITH"}],"circlet_count":0,"master_deck":["Defend_R","Defend_R","Defend_R","Searing Blow+9","Flame Barrier+1","Armaments+1","Armaments+1","Exhume","Offering+1","Power Through","Body Slam+1","Burning Pact","Dark Embrace+1","Second Wind","Pommel Strike","Dual Wield+1","Shrug It Off","Second Wind+1","Dark Embrace","Body Slam+1"],"relics":["Astrolabe","Lantern","SlaversCollar","Vajra","Singing Bowl","Sozu","Nunchaku","Ancient Tea Set","Bag of Marbles","Oddly Smooth Stone"],"acts_visited":["TheCity","TheBeyond","TheEnding"],"potions_floor_usage":[],"damage_taken":[{"damage":0.0,"enemies":"Jaw Worm","floor":1.0,"turns":3.0},{"damage":1.0,"enemies":"Cultist","floor":2.0,"turns":4.0},{"damage":7.0,"enemies":"Small Slimes","floor":5.0,"turns":4.0},{"damage":15.0,"enemies":"Gremlin Gang","floor":7.0,"turns":5.0},{"damage":0.0,"enemies":"Lots of Slimes","floor":11.0,"turns":4.0},{"damage":0.0,"enemies":"Large Slime","floor":14.0,"turns":6.0},{"damage":0.0,"enemies":"Slime Boss","floor":16.0,"turns":5.0},{"damage":6.0,"enemies":"Spheric Guardian","floor":18.0,"turns":1.0},{"damage":6.0,"enemies":"Shell Parasite","floor":20.0,"turns":3.0},{"damage":12.0,"enemies":"Centurion and Healer","floor":21.0,"turns":5.0},{"damage":0.0,"enemies":"Snake Plant","floor":24.0,"turns":2.0},{"damage":0.0,"enemies":"Book of Stabbing","floor":25.0,"turns":4.0},{"damage":45.0,"enemies":"Gremlin Leader","floor":27.0,"turns":5.0},{"damage":6.0,"enemies":"Snecko","floor":31.0,"turns":2.0},{"damage":12.0,"enemies":"Collector","floor":33.0,"turns":3.0},{"damage":12.0,"enemies":"3 Darklings","floor":35.0,"turns":4.0},{"damage":6.0,"enemies":"Orb Walker","floor":36.0,"turns":2.0},{"damage":6.0,"enemies":"4 Shapes","floor":37.0,"turns":3.0},{"damage":10.0,"enemies":"Spire Growth","floor":38.0,"turns":3.0},{"damage":13.0,"enemies":"Maw","floor":39.0,"turns":5.0},{"damage":6.0,"enemies":"Transient","floor":40.0,"turns":5.0},{"damage":0.0,"enemies":"Jaw Worm Horde","floor":45.0,"turns":4.0},{"damage":6.0,"enemies":"Nemesis","floor":46.0,"turns":3.0},{"damage":6.0,"enemies":"3 Darklings","floor":47.0,"turns":3.0},{"damage":6.0,"enemies":"4 Shapes","floor":48.0,"turns":3.0},{"damage":12.0,"enemies":"Time Eater","floor":50.0,"turns":4.0},{"damage":6.0,"enemies":"Shield and Spear","floor":54.0,"turns":3.0},{"damage":51,"enemies":"The Heart","floor":55,"turns":5}],"seed_played":"7399610161803882845","potions_obtained":[{"floor":1.0,"key":"Energy Potion"},{"floor":7.0,"key":"ElixirPotion"},{"floor":11.0,"key":"Weak Potion"},{"floor":20.0,"key":"FairyPotion"},{"floor":27.0,"key":"DuplicationPotion"},{"floor":31.0,"key":"LiquidBronze"}],"is_trial":false,"path_per_floor":["M","M","$","?","M","R","M","R","T","R","M","$","R","M","R","B",null,"M","$","M","M","?","R","M","E","T","E","?","$","R","M","R","B",null,"M","M","M","M","M","M","?","R","T","R","M","E","M","M","R","B",null,"R","$","E","B",null],"character_chosen":"IRONCLAD","items_purchased":["PowerPotion","Block Potion","Dark Embrace","Bag of Marbles"],"campfire_rested":2,"item_purchase_floors":[12,19,53,53],"current_hp_per_floor":[72,71,71,71,64,64,49,49,49,49,49,49,49,49,49,49,72,66,66,60,48,48,48,48,48,48,5,5,5,29,23,47,37,72,62,56,50,42,31,25,90,90,90,90,90,86,80,76,76,64,87,87,87,81,30],"gold":91,"neow_bonus":"BOSS_RELIC","is_daily":false,"chose_seed":false,"campfire_upgraded":9,"win_rate":0.0,"timestamp":1613886994,"path_taken":["M","M","$","?","M","R","M","R","T","R","?","?","R","M","R","BOSS","M","$","M","M","?","R","M","E","T","E","?","$","R","?","R","BOSS","M","M","M","?","M","M","?","R","T","R","?","E","M","?","R","BOSS","R","$","E","BOSS"],"items_purchased_type":["Potion","Potion","Card","Relic"],"build_version":"2020-12-22","purchased_purges":4,"victory":true,"max_hp_per_floor":[80,80,80,80,80,80,80,80,80,80,80,80,80,80,80,80,80,80,80,80,80,80,80,80,80,80,82,82,82,82,82,82,84,84,86,86,86,88,90,90,90,90,90,90,90,92,92,94,94,94,94,94,94,94,94],"card_choices":[{"not_picked":["Pummel","Evolve","Rampage"],"picked":"SKIP","floor":1.0},{"not_picked":["Warcry","Perfected Strike"],"picked":"Armaments","floor":2.0},{"not_picked":["Dropkick","Dual Wield","Thunderclap"],"picked":"SKIP","floor":5.0},{"not_picked":["Hemokinesis","Perfected Strike","Warcry"],"picked":"SKIP","floor":7.0},{"not_picked":["Anger","Headbutt"],"picked":"Exhume","floor":11.0},{"not_picked":["Clash","Searing Blow","Rampage"],"picked":"SKIP","floor":14.0},{"not_picked":["Bludgeon","Impervious"],"picked":"Offering","floor":16.0},{"not_picked":["Sword Boomerang","Pommel Strike"],"picked":"Power Through","floor":18.0},{"not_picked":["Flex","Havoc","Sever Soul"],"picked":"SKIP","floor":20.0},{"not_picked":["Power Through","Heavy Blade"],"picked":"Body Slam+1","floor":21.0},{"not_picked":["Wild Strike","Body Slam"],"picked":"Burning Pact","floor":24.0},{"not_picked":["Evolve","Spot Weakness"],"picked":"Dark Embrace+1","floor":25.0},{"not_picked":["Demon Form","Dual Wield","Uppercut+1"],"picked":"Singing Bowl","floor":27.0},{"not_picked":["Bloodletting+1","Body Slam"],"picked":"Second Wind","floor":31.0},{"not_picked":["Juggernaut","Demon Form","Feed"],"picked":"Singing Bowl","floor":33.0},{"not_picked":["Havoc+1","Clash+1","Disarm+1"],"picked":"Singing Bowl","floor":35.0},{"not_picked":["Rupture+1","Thunderclap+1"],"picked":"Pommel Strike","floor":36.0},{"not_picked":["Heavy Blade","Burning Pact+1"],"picked":"Dual Wield+1","floor":37.0},{"not_picked":["Clothesline+1","Sword Boomerang","Rage"],"picked":"Singing Bowl","floor":38.0},{"not_picked":["Twin Strike+1","Reckless Charge+1","Dropkick+1"],"picked":"Singing Bowl","floor":39.0},{"not_picked":["Iron Wave+1","Carnage+1"],"picked":"Power Through","floor":40.0},{"not_picked":["Inflame+1","True Grit"],"picked":"Shrug It Off","floor":45.0},{"not_picked":["Anger","Armaments+1","Bludgeon"],"picked":"Singing Bowl","floor":46.0},{"not_picked":["Whirlwind+1","Sword Boomerang+1"],"picked":"Second Wind+1","floor":47.0},{"not_picked":["Sword Boomerang+1","Shrug It Off","Reckless Charge+1"],"picked":"Singing Bowl","floor":48.0},{"not_picked":["Uppercut","Carnage+1"],"picked":"Body Slam+1","floor":54.0}],"player_experience":268534,"relics_obtained":[{"floor":9.0,"key":"Lantern"},{"floor":25.0,"key":"Vajra"},{"floor":27.0,"key":"Singing Bowl"},{"floor":43.0,"key":"Nunchaku"},{"floor":46.0,"key":"Ancient Tea Set"},{"floor":54.0,"key":"Oddly Smooth Stone"}],"event_choices":[{"damage_healed":0.0,"max_hp_gain":0.0,"max_hp_loss":0.0,"gold_gain":100.0,"event_name":"Golden Shrine","player_choice":"Pray","floor":4.0,"gold_loss":0.0,"damage_taken":0.0},{"damage_healed":0.0,"max_hp_gain":0.0,"max_hp_loss":0.0,"gold_gain":0.0,"event_name":"The Mausoleum","player_choice":"Ignored","floor":22.0,"gold_loss":0.0,"damage_taken":0.0},{"damage_healed":0.0,"max_hp_gain":0.0,"max_hp_loss":0.0,"gold_gain":0.0,"event_name":"Accursed Blacksmith","player_choice":"Forge","floor":28.0,"gold_loss":0.0,"damage_taken":0.0,"cards_upgraded":["Armaments"]},{"cards_removed":["Power Through"],"damage_healed":65.0,"max_hp_gain":0.0,"max_hp_loss":0.0,"gold_gain":0.0,"event_name":"Bonfire Elementals","player_choice":"Offered Uncommon","floor":41.0,"gold_loss":0.0,"damage_taken":0.0}],"is_beta":false,"boss_relics":[{"not_picked":["Runic Cube","Coffee Dripper"],"picked":"SlaversCollar"},{"not_picked":["Runic Dome","Tiny House"],"picked":"Sozu"}],"items_purged_floors":[3,12,19,53],"is_endless":false,"potions_floor_spawned":[1,7,11,20,27,31,35,37,40,45,46,48,54],"ascension_level":6}}