{"host":"vlqej45p0v31lhdi","time":1613867507,"event":{"mods":["AchievementEnabler","BaseMod","Bestiary","Colored Powertips","Minty Spire (QoL Compilation)","Relic Stats"],"gold_per_floor":[111,111,122,141,216,216,247,260,260,260,271,303,313,339,339,410,410,426,10,28,0,15,15,42,42,66,100,117,137,137,157,157,232,232,251,261,261,272,283,316,316,1,79,109,126,34,49,68,68,68,68],"floor_reached":50,"language":"ENG","playtime":4553,"items_purged":["Strike_R"],"score":1191,"play_id":"ff567537-9bd9-4834-9545-10e399aa0a83","local_time":"20210220183147","is_ascension_mode":true,"campfire_choices":[{"floor":6.0,"key":"REST"},{"data":"Fiend Fire","floor":10.0,"key":"SMITH"},{"data":"Battle Trance","floor":15.0,"key":"SMITH"},{"floor":23.0,"key":"REST"},{"floor":25.0,"key":"REST"},{"floor":32.0,"key":"REST"},{"floor":41.0,"key":"RECALL"},{"floor":49.0,"key":"REST"}],"circlet_count":0,"master_deck":["AscendersBane","Strike_R","Strike_R","Strike_R","Strike_R","Defend_R","Defend_R","Defend_R","Defend_R","Bash","Fiend Fire+1","Twin Strike","Inflame","Sword Boomerang","Cleave","Twin Strike","Immolate","Battle Trance+1","Hemokinesis","Immolate","Dark Embrace","Evolve","Twin Strike+1","Headbutt","Shrug It Off","Spot Weakness","Combust+1","Shockwave","Demon Form+1","CurseOfTheBell","Feel No Pain+1","Cleave+1","Feel No Pain+1","Havoc+1","Feel No Pain+1","Shrug It Off+1","Berserk+1","Headbutt+1","Evolve+1","True Grit+1","Armaments+1","Parasite","Warcry+1"],"relics":["Burning Blood","Thread and Needle","Meat on the Bone","Letter Opener","Odd Mushroom","Fusion Hammer","Sling","Frozen Egg 2","Bag of Marbles","Toy Ornithopter","HornCleat","Calling Bell","Tiny Chest","Toxic Egg 2","Magic Flower","Boot","Blue Candle","Torii"],"acts_visited":["Exordium","TheCity","TheBeyond"],"potions_floor_usage":[50],"damage_taken":[{"damage":10.0,"enemies":"Small Slimes","floor":1.0,"turns":3.0},{"damage":14.0,"enemies":"2 Louse","floor":3.0,"turns":3.0},{"damage":0.0,"enemies":"Jaw Worm","floor":4.0,"turns":1.0},{"damage":20.0,"enemies":"3 Sentries","floor":7.0,"turns":5.0},{"damage":0.0,"enemies":"3 Louse","floor":8.0,"turns":3.0},{"damage":11.0,"enemies":"Gremlin Gang","floor":11.0,"turns":3.0},{"damage":0.0,"enemies":"Gremlin Nob","floor":12.0,"turns":3.0},{"damage":5.0,"enemies":"Red Slaver","floor":13.0,"turns":4.0},{"damage":3.0,"enemies":"The Mushroom Lair","floor":14.0,"turns":3.0},{"damage":34.0,"enemies":"Slime Boss","floor":16.0,"turns":8.0},{"damage":2.0,"enemies":"Spheric Guardian","floor":18.0,"turns":3.0},{"damage":11.0,"enemies":"Shell Parasite","floor":20.0,"turns":3.0},{"damage":10.0,"enemies":"3 Cultists","floor":22.0,"turns":3.0},{"damage":49.0,"enemies":"Book of Stabbing","floor":24.0,"turns":4.0},{"damage":33.0,"enemies":"Gremlin Leader","floor":27.0,"turns":7.0},{"damage":25.0,"enemies":"Snecko","floor":28.0,"turns":4.0},{"damage":17.0,"enemies":"Snake Plant","floor":29.0,"turns":3.0},{"damage":12.0,"enemies":"Chosen and Byrds","floor":31.0,"turns":4.0},{"damage":73.0,"enemies":"Collector","floor":33.0,"turns":8.0},{"damage":4.0,"enemies":"Orb Walker","floor":35.0,"turns":3.0},{"damage":15.0,"enemies":"3 Shapes","floor":36.0,"turns":4.0},{"damage":14.0,"enemies":"3 Darklings","floor":38.0,"turns":2.0},{"damage":53.0,"enemies":"Spire Growth","floor":39.0,"turns":5.0},{"damage":22.0,"enemies":"Reptomancer","floor":40.0,"turns":6.0},{"damage":77.0,"enemies":"Giant Head","floor":44.0,"turns":7.0},{"damage":14.0,"enemies":"Jaw Worm Horde","floor":45.0,"turns":5.0},{"damage":36.0,"enemies":"4 Shapes","floor":47.0,"turns":6.0},{"damage":33.0,"enemies":"Writhing Mass","floor":48.0,"turns":7.0},{"damage":78,"enemies":"Awakened One","floor":50,"turns":6}],"seed_played":"-4324565497082744417","potions_obtained":[{"floor":1.0,"key":"Swift Potion"},{"floor":3.0,"key":"SneckoOil"},{"floor":8.0,"key":"HeartOfIron"},{"floor":12.0,"key":"ElixirPotion"},{"floor":24.0,"key":"FairyPotion"},{"floor":31.0,"key":"SkillPotion"},{"floor":33.0,"key":"SkillPotion"},{"floor":39.0,"key":"SpeedPotion"},{"floor":45.0,"key":"EntropicBrew"},{"floor":47.0,"key":"FearPotion"},{"floor":48.0,"key":"ElixirPotion"}],"is_trial":false,"path_per_floor":["M","?","M","M","?","R","E","M","T","R","M","E","M","?","R","B",null,"M","$","M","?","M","R","E","R","T","E","M","M","T","M","R","B",null,"M","M","?","M","M","E","R","$","T","E","M","$","M","M","R","B"],"character_chosen":"IRONCLAD","items_purchased":["Evolve","Sling","HeartOfIron","Blue Candle","Shrug It Off+1","Evolve+1","True Grit+1"],"campfire_rested":5,"item_purchase_floors":[19,19,19,42,42,46,46],"current_hp_per_floor":[46,46,38,44,33,55,41,47,47,47,54,60,61,64,64,48,68,72,72,67,67,63,75,44,66,66,51,44,45,45,51,73,23,62,67,61,61,64,38,51,51,51,51,38,51,51,48,50,72,0,0],"gold":68,"neow_bonus":"THREE_RARE_CARDS","is_daily":false,"chose_seed":false,"campfire_upgraded":2,"win_rate":0.0,"timestamp":1613867507,"path_taken":["M","?","M","M","?","R","E","M","T","R","M","E","M","?","R","BOSS","M","$","M","?","M","R","E","R","T","E","M","M","?","M","R","BOSS","M","M","?","M","?","E","R","$","T","E","M","?","M","M","R","BOSS"],"items_purchased_type":["Card","Relic","Potion","Relic","Card","Card","Card"],"build_version":"2020-12-22","purchased_purges":1,"victory":false,"max_hp_per_floor":[75,75,75,75,75,75,75,75,75,75,75,75,75,75,75,75,75,75,75,75,75,75,75,75,75,75,75,75,75,75,75,75,75,75,75,75,75,75,75,75,75,75,75,75,75,75,75,75,75,75,75],"relic_stats":{"Torii":10,"counters":[29,126],"Blue Candle":[8],"Magic Flower":[86],"Tiny Chest":0,"Letter Opener":[54],"Boot":[7],"obtain_stats":[{"Torii":44,"Blue Candle":42,"Magic Flower":34,"Thread and Needle":7,"Letter Opener":12,"Odd Mushroom":14,"Frozen Egg 2":24,"Sling":19,"Boot":40,"Burning Blood":0,"Calling Bell":34,"HornCleat":30,"Tiny Chest":34,"Fusion Hammer":17,"Bag of Marbles":26,"Toxic Egg 2":34,"Toy Ornithopter":27,"Meat on the Bone":9},{"Torii":25,"Blue Candle":24,"Magic Flower":19,"Thread and Needle":4,"Letter Opener":7,"Odd Mushroom":9,"Frozen Egg 2":14,"Sling":11,"Boot":24,"Burning Blood":0,"Calling Bell":19,"HornCleat":17,"Tiny Chest":19,"Fusion Hammer":10,"Bag of Marbles":14,"Toxic Egg 2":19,"Toy Ornithopter":15,"Meat on the Bone":5},{"Torii":102,"Blue Candle":95,"Magic Flower":75,"Thread and Needle":12,"Letter Opener":21,"Odd Mushroom":28,"Frozen Egg 2":49,"Sling":39,"Boot":95,"Burning Blood":0,"Calling Bell":75,"HornCleat":63,"Tiny Chest":75,"Fusion Hammer":36,"Bag of Marbles":49,"Toxic Egg 2":75,"Toy Ornithopter":56,"Meat on the Bone":15}],"Burning Blood":195,"Toy Ornithopter":56,"Meat on the Bone":186},"card_choices":[{"not_picked":["Demon Form","Offering"],"picked":"Fiend Fire","floor":0.0},{"not_picked":["Sever Soul","Clash"],"picked":"Twin Strike","floor":1.0},{"not_picked":["Reckless Charge","Headbutt"],"picked":"Inflame","floor":3.0},{"not_picked":["Body Slam","Havoc"],"picked":"Sword Boomerang","floor":4.0},{"not_picked":["True Grit","Pommel Strike"],"picked":"Cleave","floor":7.0},{"not_picked":["Corruption","Havoc"],"picked":"Twin Strike","floor":8.0},{"not_picked":["Perfected Strike","Armaments","Havoc"],"picked":"SKIP","floor":11.0},{"not_picked":["Sentinel","Sword Boomerang"],"picked":"Immolate","floor":12.0},{"not_picked":["Warcry","Twin Strike"],"picked":"Battle Trance","floor":13.0},{"not_picked":["Dual Wield","Shrug It Off"],"picked":"Hemokinesis","floor":14.0},{"not_picked":["Berserk","Fiend Fire"],"picked":"Immolate","floor":16.0},{"not_picked":["Twin Strike","Second Wind"],"picked":"Dark Embrace","floor":18.0},{"not_picked":["Rage","Wild Strike"],"picked":"Twin Strike+1","floor":20.0},{"not_picked":["Dark Embrace","Pommel Strike"],"picked":"Headbutt","floor":22.0},{"not_picked":["Blood for Blood","Warcry"],"picked":"Shrug It Off","floor":24.0},{"not_picked":["Thunderclap","Fiend Fire"],"picked":"Spot Weakness","floor":27.0},{"not_picked":["Pommel Strike","Body Slam","Hemokinesis"],"picked":"SKIP","floor":28.0},{"not_picked":["Warcry","Reckless Charge"],"picked":"Combust+1","floor":29.0},{"not_picked":["Warcry","Pummel"],"picked":"Shockwave","floor":31.0},{"not_picked":["Limit Break","Feed"],"picked":"Demon Form+1","floor":33.0},{"not_picked":["Wild Strike","Second Wind+1"],"picked":"Feel No Pain+1","floor":35.0},{"not_picked":["Iron Wave","Reckless Charge"],"picked":"Cleave+1","floor":36.0},{"not_picked":["Anger","Reckless Charge"],"picked":"Havoc+1","floor":38.0},{"not_picked":["Rage+1","Wild Strike+1"],"picked":"Feel No Pain+1","floor":39.0},{"not_picked":["Iron Wave","Carnage","Heavy Blade"],"picked":"SKIP","floor":40.0},{"not_picked":["Rage+1","Sentinel+1"],"picked":"Berserk+1","floor":44.0},{"not_picked":["Dropkick","Perfected Strike"],"picked":"Headbutt+1","floor":45.0},{"not_picked":["Body Slam","Shrug It Off+1"],"picked":"Armaments+1","floor":47.0},{"not_picked":["Sword Boomerang","Blood for Blood"],"picked":"Warcry+1","floor":48.0}],"player_experience":3088225,"relics_obtained":[{"floor":7.0,"key":"Thread and Needle"},{"floor":9.0,"key":"Meat on the Bone"},{"floor":12.0,"key":"Letter Opener"},{"floor":14.0,"key":"Odd Mushroom"},{"floor":24.0,"key":"Frozen Egg 2"},{"floor":26.0,"key":"Bag of Marbles"},{"floor":27.0,"key":"Toy Ornithopter"},{"floor":30.0,"key":"HornCleat"},{"floor":34.0,"key":"Tiny Chest"},{"floor":34.0,"key":"Toxic Egg 2"},{"floor":34.0,"key":"Magic Flower"},{"floor":40.0,"key":"Boot"},{"floor":44.0,"key":"Torii"}],"event_choices":[{"damage_healed":0.0,"max_hp_gain":0.0,"max_hp_loss":0.0,"gold_gain":0.0,"event_name":"Golden Wing","player_choice":"Ignored","floor":2.0,"gold_loss":0.0,"damage_taken":0.0},{"damage_healed":0.0,"max_hp_gain":0.0,"max_hp_loss":0.0,"gold_gain":75.0,"event_name":"World of Goop","player_choice":"Gather Gold","floor":5.0,"gold_loss":0.0,"damage_taken":11.0},{"damage_healed":0.0,"max_hp_gain":0.0,"max_hp_loss":0.0,"gold_gain":0.0,"event_name":"Mushrooms","player_choice":"Fought Mushrooms","floor":14.0,"gold_loss":0.0,"damage_taken":0.0},{"damage_healed":0.0,"max_hp_gain":0.0,"max_hp_loss":0.0,"gold_gain":0.0,"event_name":"Masked Bandits","player_choice":"Paid Fearfully","floor":21.0,"gold_loss":28.0,"damage_taken":0.0},{"damage_healed":0.0,"max_hp_gain":0.0,"max_hp_loss":0.0,"gold_gain":0.0,"event_name":"Duplicator","player_choice":"Copied","floor":37.0,"gold_loss":0.0,"damage_taken":0.0,"cards_obtained":["Feel No Pain"]}],"is_beta":false,"boss_relics":[{"not_picked":["Runic Dome","SacredBark"],"picked":"Fusion Hammer"},{"not_picked":["Mark of Pain","Black Star"],"picked":"Calling Bell"}],"items_purged_floors":[19],"is_endless":false,"potions_floor_spawned":[1,3,8,12,24,31,33,36,39,45,47,48],"killed_by":"Awakened One","ascension_level":20}}