{"host":"xltl1aroowo69o4n","time":1613868197,"event":{"mods":["BaseMod","Colored Map","Colored Powertips","Downfall","Koishi","Marisa????????","Minty Spire (QoL Compilation)","Replay The Spire","StSLib","The Cursed","The Hierophant","The Mystic","The Necromancer","The Servant 0.9.4"],"gold_per_floor":[199,216,268,282,293,322,346,359,359,370,381,57,57,6,19,121,121,121,134,148,162,174,190,240,256,56,71,71,85,85,113,132,132,132],"floor_reached":33,"language":"ENG","playtime":2551,"items_purged":["Amnesia"],"score":316,"play_id":"eefecc97-17d8-4aaa-8984-683ab1c02961","local_time":"20210220194317","is_ascension_mode":true,"campfire_choices":[{"floor":9,"key":"REST"},{"floor":18,"key":"DIG"},{"floor":28,"key":"REST"},{"floor":30,"key":"REST"}],"circlet_count":0,"master_deck":["Koishi:BasicStrike","Koishi:BasicStrike","Koishi:BasicStrike","Koishi:BasicStrike","Koishi:BasicDefend","Koishi:BasicDefend","Koishi:BasicDefend","Koishi:BasicDefend","Koishi:Provoke","Koishi:HauntingSlash","Koishi:StingingMind","Koishi:Untouchable","Koishi:UnseenTerror","Koishi:BloodcurdlingScream","Koishi:TremblingHands","Koishi:BramblyRoseGarden","Koishi:FleetingPhantom","Koishi:CatchAndRose","Koishi:IdleWhim","expansioncontent:QuickStudy","Koishi:FreudianInstinct+1","Koishi:ApparitionsStalkTheNight","Koishi:SpiritedAway","Koishi:UnconsciousUprising","Koishi:UnconsciousUprising","Koishi:SprinkleStarAndHeart","Koishi:MentalBreakdown","Languid","Sickly","AbeCurse","Koishi:ImGoingToCallYouNow","Koishi:ParalyzingFear","Koishi:UnconsciousUprising+1","Koishi:CatchAndRose","Koishi:TerrifyingSpectre","Koishi:UnansweredLove","Koishi:LastRemote","Koishi:VengefulSpirit","Koishi:Vanish","Koishi:PhantomBarrier+1","Koishi:MindNumbingTerror","Koishi:RacingHeart+1","Koishi:ReleaseOfTheId+1"],"relics":["Koishi:ImaginaryFriend","Koishi:AHoleWhereASisterShouldBe","Centennial Puzzle","Nunchaku","Blood Vial","Replay:Ancient Bell","Pen Nib","Letter Opener","TungstenRod","ReplayFunnel","Orichalcum","Replay:Multitool"],"acts_visited":["Exordium","TheCity"],"potions_floor_usage":[16,21,25,31,33,33],"damage_taken":[{"damage":0,"enemies":"2 Louse","floor":2,"turns":4},{"damage":2,"enemies":"Small Slimes","floor":4,"turns":3},{"damage":0,"enemies":"Cultist","floor":5,"turns":5},{"damage":32,"enemies":"Lagavulin","floor":6,"turns":9},{"damage":6,"enemies":"Exordium Wildlife","floor":8,"turns":2},{"damage":43,"enemies":"Exordium Thugs","floor":10,"turns":6},{"damage":0,"enemies":"Gremlin Gang","floor":11,"turns":3},{"damage":4,"enemies":"downfall:FleeingMerchant","floor":12,"turns":4},{"damage":10,"enemies":"downfall:FleeingMerchant","floor":14,"turns":4},{"damage":5,"enemies":"Lots of Slimes","floor":15,"turns":6},{"damage":17,"enemies":"IC_STATUS_ARCHETYPE","floor":16,"turns":13},{"damage":14,"enemies":"Chosen","floor":19,"turns":7},{"damage":0,"enemies":"Shell Parasite","floor":20,"turns":6},{"damage":23,"enemies":"3 Cultists","floor":21,"turns":8},{"damage":31,"enemies":"Shelled Parasite and Fungi","floor":22,"turns":10},{"damage":0,"enemies":"Snake Plant","floor":23,"turns":5},{"damage":1,"enemies":"Chosen and Byrds","floor":25,"turns":6},{"damage":4,"enemies":"downfall:FleeingMerchant","floor":26,"turns":5},{"damage":15,"enemies":"3 Cultists","floor":27,"turns":6},{"damage":18,"enemies":"Snake Plant","floor":29,"turns":4},{"damage":39,"enemies":"Slavers","floor":31,"turns":6},{"damage":0,"enemies":"Cultist and Chosen","floor":32,"turns":6},{"damage":48,"enemies":"DF_ARCHETYPE_CLAW","floor":33,"turns":5}],"seed_played":"4620573024075480278","potions_obtained":[{"floor":3,"key":"Flashbang"},{"floor":3,"key":"SpeedPotion"},{"floor":5,"key":"Strength Potion"},{"floor":8,"key":"Fire Potion"},{"floor":16,"key":"Fruit Juice"},{"floor":20,"key":"Venom Potion"},{"floor":23,"key":"champ:CounterPotion"},{"floor":25,"key":"Death Potion"},{"floor":29,"key":"LiquidBronze"}],"is_trial":false,"path_per_floor":["R_BF","M","?","M","M","E","T","M","R","M","M","$","?","$","M","B",null,"R_BF","M","M","M","M","M","T","M","$","M","R","M","R","E","M","B"],"character_chosen":"KOISHI","items_purchased":["expansioncontent:QuickStudy","Koishi:FreudianInstinct+1","Koishi:ApparitionsStalkTheNight","Koishi:UnconsciousUprising","Koishi:VengefulSpirit","Koishi:Vanish"],"campfire_rested":3,"item_purchase_floors":[12,12,12,14,26,26],"current_hp_per_floor":[60,60,60,60,60,38,38,35,53,17,19,17,60,50,49,48,65,65,58,65,46,21,34,34,40,38,35,54,39,58,29,40,0,0],"gold":132,"neow_bonus":"RANDOM_COMMON_RELIC","is_daily":false,"chose_seed":false,"campfire_upgraded":0,"win_rate":0.0,"timestamp":1613868197,"path_taken":["R_BF","M","?","M","M","E","T","M","R","?","M","$","?","?","M","BOSS","R_BF","M","M","M","?","M","T","M","$","M","R","M","R","E","M","BOSS"],"items_purchased_type":["Card","Card","Card","Card","Card","Card"],"build_version":"2020-12-13","purchased_purges":1,"victory":false,"max_hp_per_floor":[60,60,60,60,60,60,60,60,60,60,60,60,60,60,60,65,65,65,65,65,65,65,65,65,65,65,65,65,65,65,65,65,65,65],"card_choices":[{"not_picked":["Koishi:HeartfeltFancy","Koishi:UnconsciousUrges"],"picked":"Koishi:StingingMind","floor":2},{"not_picked":["Koishi:Prune","Koishi:SubconsciousSweep"],"picked":"Koishi:Untouchable","floor":3},{"not_picked":["Koishi:EmbryosDream","Koishi:HeartfeltFancy"],"picked":"Koishi:UnseenTerror","floor":4},{"not_picked":["Koishi:UnansweredLove","Koishi:UnseenTerror"],"picked":"Koishi:BloodcurdlingScream","floor":5},{"not_picked":["Koishi:HeartfeltFancy","Koishi:PhilosophyOfTheDespised"],"picked":"Koishi:TremblingHands","floor":6},{"not_picked":["Koishi:FourthEye","Koishi:EmbryosDream"],"picked":"Koishi:BramblyRoseGarden","floor":8},{"not_picked":["Koishi:BloodcurdlingScream","Koishi:Ego"],"picked":"Koishi:FleetingPhantom","floor":10},{"not_picked":["Koishi:PhilosophyOfTheDespised","Koishi:Prune"],"picked":"Koishi:CatchAndRose","floor":11},{"not_picked":["Koishi:UnseenTerror","Koishi:UnansweredLove"],"picked":"Koishi:IdleWhim","floor":12},{"not_picked":["Koishi:FleetingPhantom","Koishi:DanmakuParanoia"],"picked":"Koishi:SpiritedAway","floor":14},{"not_picked":["Koishi:PhantomStrike","Koishi:Whimsy"],"picked":"Koishi:SprinkleStarAndHeart","floor":15},{"not_picked":["Koishi:ImGoingToCallYouNow","Koishi:SuperEgo"],"picked":"Koishi:MentalBreakdown","floor":16},{"not_picked":["ReplayTheSpireMod:Splinters","ReplayTheSpireMod:Doomed"],"picked":"Languid","floor":17},{"not_picked":["Pain","Regret"],"picked":"Sickly","floor":17},{"not_picked":["downfall:Malfunctioning","ReplayTheSpireMod:Doomed"],"picked":"AbeCurse","floor":17},{"not_picked":["Koishi:FidgetySnatcher","Koishi:HeartfeltFancy"],"picked":"Koishi:ImGoingToCallYouNow","floor":19},{"not_picked":["Koishi:RacingHeart","Koishi:SpiritedAway"],"picked":"Koishi:ParalyzingFear","floor":20},{"not_picked":["Koishi:LastRemote","Koishi:SubconsciousSweep"],"picked":"Koishi:UnconsciousUprising+1","floor":21},{"not_picked":["Koishi:PhilosophyOfTheDespised","Koishi:Whimsy"],"picked":"Koishi:CatchAndRose","floor":22},{"not_picked":["Koishi:ApparitionsStalkTheNight","Koishi:SpiritedAway+1"],"picked":"Koishi:TerrifyingSpectre","floor":23},{"not_picked":["Koishi:Jaunt+1","Koishi:SubconsciousSweep"],"picked":"Koishi:UnansweredLove","floor":25},{"not_picked":["Koishi:StingingMind","Koishi:TremblingHands"],"picked":"Koishi:LastRemote","floor":26},{"not_picked":["Koishi:HeartfeltFancy","Koishi:SubterraneanRose"],"picked":"Koishi:PhantomBarrier+1","floor":27},{"not_picked":["Koishi:HeartfeltFancy","Koishi:FleetingPhantom"],"picked":"Koishi:MindNumbingTerror","floor":29},{"not_picked":["Koishi:TremblingHands+1","Koishi:PhantomBarrier"],"picked":"Koishi:RacingHeart+1","floor":31},{"not_picked":["Koishi:ConditionedTeleport","Koishi:StingingMind"],"picked":"Koishi:ReleaseOfTheId+1","floor":32}],"player_experience":242829,"relics_obtained":[{"floor":3,"key":"Centennial Puzzle"},{"floor":6,"key":"Nunchaku"},{"floor":7,"key":"Blood Vial"},{"floor":18,"key":"ReplayFunnel"},{"floor":24,"key":"Orichalcum"},{"floor":31,"key":"Replay:Multitool"}],"event_choices":[],"is_beta":false,"boss_relics":[{"not_picked":["Replay:Drink Me","Velvet Choker"],"picked":"Replay:Ancient Bell"},{"not_picked":["Regal Pillow","Bag of Preparation"],"picked":"Pen Nib"},{"not_picked":["Ornamental Fan","Pear"],"picked":"Letter Opener"},{"not_picked":["Pondfish Scales","StoneCalendar"],"picked":"TungstenRod"}],"items_purged_floors":[26],"is_endless":false,"potions_floor_spawned":[5,6,8,10,16,20,23,25,29],"killed_by":"DF_ARCHETYPE_CLAW","ascension_level":1}}