{"host":"67dbklwnaq0pv002","time":1613924826,"event":{"mods":["2.2 Compatiblity","AchievementEnabler","Act Like it!","BaseMod","Colored Map","Colored Powertips","Custom Start","KOR Keyword Fix","Minty Spire (QoL Compilation)","Quick Restart","StSLib","SuperFastMode"],"gold_per_floor":[112,112,112,62,74,74,74,74,74,106,124,159,159,174,174,294,357,380,398,414,414,504,543,543,562,562,562,580,580,621,21,21,142,142,163,163,176,189,2,42,65,65,134,167,223,256,256,319,319,319,319,319,26,64,64],"floor_reached":56,"language":"KOR","playtime":2946,"items_purged":["Strike_G","Defend_G","Cloak And Dagger"],"score":1428,"play_id":"cc5dbf7a-da71-4716-b3be-5f9abd4f81f8","local_time":"20210222012706","is_ascension_mode":true,"campfire_choices":[{"data":"Poisoned Stab","floor":6.0,"key":"SMITH"},{"data":"Neutralize","floor":8.0,"key":"SMITH"},{"data":"Backflip","floor":15.0,"key":"SMITH"},{"floor":24.0,"key":"REST"},{"floor":27.0,"key":"DIG"},{"data":"Adrenaline","floor":29.0,"key":"SMITH"},{"data":"Well Laid Plans","floor":32.0,"key":"SMITH"},{"floor":42.0,"key":"DIG"},{"data":"Envenom","floor":47.0,"key":"SMITH"},{"floor":49.0,"key":"RECALL"},{"data":"Unload","floor":52.0,"key":"SMITH"}],"circlet_count":0,"master_deck":["Strike_G+1","Defend_G","Defend_G+1","Defend_G","Survivor+1","Neutralize+1","Unload+1","Poisoned Stab+1","Outmaneuver","Flying Knee+1","Dash+1","Backflip+1","Adrenaline+1","Noxious Fumes+1","Sucker Punch+1","Enlightenment+1","Tactician+1","Well Laid Plans+1","Madness+1","Envenom+1","Skewer+1","Deep Breath+1","Bouncing Flask+1","Catalyst+1","Caltrops","Blur+1","Dodge and Roll+1","Blur+1","PiercingWail+1"],"relics":["Ring of the Snake","Meat on the Bone","Molten Egg 2","Happy Flower","Anchor","Golden Idol","Tiny House","Toxic Egg 2","Shovel","HornCleat","Bottled Lightning","Eternal Feather","Mummified Hand","Runic Pyramid","Centennial Puzzle","Shuriken","Pantograph","Turnip","Vajra","Ice Cream","War Paint"],"acts_visited":["Exordium","TheCity","TheBeyond","TheEnding"],"potions_floor_usage":[55,55],"damage_taken":[{"damage":9.0,"enemies":"Jaw Worm","floor":1.0,"turns":3.0},{"damage":0.0,"enemies":"Small Slimes","floor":5.0,"turns":3.0},{"damage":28.0,"enemies":"Gremlin Nob","floor":10.0,"turns":4.0},{"damage":0.0,"enemies":"2 Louse","floor":11.0,"turns":2.0},{"damage":2.0,"enemies":"Lagavulin","floor":12.0,"turns":5.0},{"damage":0.0,"enemies":"2 Fungi Beasts","floor":14.0,"turns":3.0},{"damage":30.0,"enemies":"The Guardian","floor":16.0,"turns":11.0},{"damage":0.0,"enemies":"Chosen","floor":18.0,"turns":4.0},{"damage":0.0,"enemies":"2 Thieves","floor":19.0,"turns":4.0},{"damage":16.0,"enemies":"Snake Plant","floor":20.0,"turns":5.0},{"damage":30.0,"enemies":"Book of Stabbing","floor":23.0,"turns":6.0},{"damage":7.0,"enemies":"Centurion and Healer","floor":25.0,"turns":5.0},{"damage":22.0,"enemies":"Sentry and Sphere","floor":28.0,"turns":6.0},{"damage":18.0,"enemies":"Slavers","floor":30.0,"turns":6.0},{"damage":52.0,"enemies":"Automaton","floor":33.0,"turns":11.0},{"damage":0.0,"enemies":"Orb Walker","floor":35.0,"turns":3.0},{"damage":27.0,"enemies":"3 Darklings","floor":37.0,"turns":7.0},{"damage":1.0,"enemies":"Spire Growth","floor":38.0,"turns":4.0},{"damage":33.0,"enemies":"Nemesis","floor":40.0,"turns":5.0},{"damage":0.0,"enemies":"4 Shapes","floor":41.0,"turns":7.0},{"damage":16.0,"enemies":"Giant Head","floor":44.0,"turns":7.0},{"damage":17.0,"enemies":"2 Orb Walkers","floor":45.0,"turns":4.0},{"damage":27.0,"enemies":"Nemesis","floor":46.0,"turns":7.0},{"damage":8.0,"enemies":"Mind Bloom Boss Battle","floor":48.0,"turns":7.0},{"damage":53.0,"enemies":"Awakened One","floor":50.0,"turns":14.0},{"damage":18.0,"enemies":"Shield and Spear","floor":54.0,"turns":6.0},{"damage":68,"enemies":"The Heart","floor":55,"turns":8}],"seed_played":"7638302343794452384","potions_obtained":[{"floor":11.0,"key":"FairyPotion"},{"floor":12.0,"key":"ColorlessPotion"},{"floor":17.0,"key":"Regen Potion"},{"floor":23.0,"key":"FearPotion"},{"floor":28.0,"key":"Regen Potion"},{"floor":30.0,"key":"Regen Potion"},{"floor":38.0,"key":"SteroidPotion"},{"floor":40.0,"key":"Block Potion"},{"floor":41.0,"key":"SpeedPotion"},{"floor":45.0,"key":"Swift Potion"},{"floor":54.0,"key":"Energy Potion"}],"is_trial":false,"path_per_floor":["M","?","?","?","M","R","?","R","T","E","M","E","?","M","R","B",null,"M","M","M","?","?","E","R","M","T","R","M","R","E","$","R","B",null,"M","?","M","M","$","E","M","R","T","E","?","E","R","?","R","B",null,"R","$","E","B",null],"character_chosen":"THE_SILENT","items_purchased":["Well Laid Plans","Mummified Hand","Fruit Juice","Madness+1","Deep Breath+1","Blur+1","Block Potion","Block Potion"],"campfire_rested":1,"item_purchase_floors":[31,31,31,31,39,53,53,53],"current_hp_per_floor":[54,42,35,35,35,35,35,35,35,19,31,41,41,41,41,23,63,63,63,47,47,23,20,38,43,43,43,33,33,42,47,59,29,68,68,68,41,40,40,19,31,43,43,39,34,19,34,51,66,27,68,68,68,50,32],"gold":64,"neow_bonus":"TRANSFORM_TWO_CARDS","is_daily":false,"chose_seed":false,"campfire_upgraded":7,"win_rate":0.0,"timestamp":1613924826,"path_taken":["M","?","?","?","M","R","?","R","T","E","M","E","?","?","R","BOSS","M","M","M","?","?","E","R","M","T","R","M","R","E","$","R","BOSS","M","?","M","M","$","E","M","R","T","E","?","E","R","?","R","BOSS","R","$","E","BOSS"],"items_purchased_type":["Card","Relic","Potion","Card","Card","Card","Potion","Potion"],"build_version":"2020-12-22","purchased_purges":3,"victory":true,"max_hp_per_floor":[63,63,63,63,63,63,63,63,63,63,63,63,58,58,58,58,63,63,63,63,63,63,63,63,63,63,63,63,63,63,68,68,68,68,68,68,68,68,68,68,68,68,68,68,68,68,68,68,68,68,68,68,68,68,68],"card_choices":[{"not_picked":["Backflip","PiercingWail"],"picked":"Poisoned Stab","floor":1.0},{"not_picked":["Dodge and Roll","Backflip"],"picked":"Outmaneuver","floor":5.0},{"not_picked":["Poisoned Stab+1","Dodge and Roll"],"picked":"Flying Knee+1","floor":10.0},{"not_picked":["Endless Agony+1","Deflect"],"picked":"Dash+1","floor":11.0},{"not_picked":["Accuracy","Underhanded Strike+1"],"picked":"Backflip","floor":12.0},{"not_picked":["Cloak And Dagger","Blur","Poisoned Stab+1"],"picked":"SKIP","floor":14.0},{"not_picked":["Wraith Form v2","Night Terror"],"picked":"Adrenaline","floor":16.0},{"not_picked":["Heel Hook+1","Dagger Throw+1"],"picked":"Deadly Poison","floor":17.0},{"not_picked":["Bane+1","Sucker Punch+1"],"picked":"Noxious Fumes+1","floor":18.0},{"not_picked":["Deflect","Night Terror","Deadly Poison"],"picked":"SKIP","floor":19.0},{"not_picked":["Endless Agony+1","PiercingWail"],"picked":"Sucker Punch+1","floor":20.0},{"not_picked":["Setup+1","Blade Dance+1","Leg Sweep+1"],"picked":"SKIP","floor":23.0},{"not_picked":["Backflip+1","Flying Knee+1"],"picked":"Tactician+1","floor":25.0},{"not_picked":["Finisher+1","Endless Agony+1","Dagger Throw+1"],"picked":"SKIP","floor":28.0},{"not_picked":["Escape Plan+1","Dagger Spray+1","PiercingWail+1"],"picked":"SKIP","floor":30.0},{"not_picked":["Bullet Time+1","Malaise+1"],"picked":"Envenom","floor":33.0},{"not_picked":["Deadly Poison+1","Bane+1","Setup+1"],"picked":"SKIP","floor":35.0},{"not_picked":["Quick Slash+1","Flying Knee+1"],"picked":"Skewer+1","floor":37.0},{"not_picked":["Sucker Punch+1","Noxious Fumes+1","Predator+1"],"picked":"SKIP","floor":38.0},{"not_picked":["Setup+1","Backflip+1","Dagger Throw+1"],"picked":"SKIP","floor":40.0},{"not_picked":["Flying Knee+1","Infinite Blades"],"picked":"Bouncing Flask+1","floor":41.0},{"not_picked":["Poisoned Stab+1","Crippling Poison+1"],"picked":"Catalyst+1","floor":44.0},{"not_picked":["Backflip+1","Underhanded Strike+1"],"picked":"Caltrops","floor":45.0},{"not_picked":["Riddle With Holes+1","Expertise+1"],"picked":"Blur+1","floor":46.0},{"not_picked":["Flechettes+1","Outmaneuver+1"],"picked":"Dodge and Roll+1","floor":48.0},{"not_picked":["Blade Dance+1","Backflip+1"],"picked":"PiercingWail+1","floor":54.0}],"player_experience":610562,"relics_obtained":[{"floor":9.0,"key":"Molten Egg 2"},{"floor":10.0,"key":"Happy Flower"},{"floor":12.0,"key":"Anchor"},{"floor":23.0,"key":"Shovel"},{"floor":26.0,"key":"HornCleat"},{"floor":27.0,"key":"Bottled Lightning"},{"floor":30.0,"key":"Eternal Feather"},{"floor":40.0,"key":"Centennial Puzzle"},{"floor":42.0,"key":"Shuriken"},{"floor":44.0,"key":"Pantograph"},{"floor":45.0,"key":"Turnip"},{"floor":46.0,"key":"Vajra"},{"floor":48.0,"key":"Ice Cream"},{"floor":54.0,"key":"War Paint"}],"event_choices":[{"damage_healed":0.0,"max_hp_gain":0.0,"max_hp_loss":0.0,"gold_gain":0.0,"event_name":"Scrap Ooze","player_choice":"Success","floor":2.0,"gold_loss":0.0,"damage_taken":12.0,"relics_obtained":["Meat on the Bone"]},{"cards_removed":["Strike_G"],"damage_healed":0.0,"max_hp_gain":0.0,"max_hp_loss":0.0,"gold_gain":0.0,"event_name":"Golden Wing","player_choice":"Card Removal","floor":3.0,"gold_loss":0.0,"damage_taken":7.0},{"cards_removed":["Defend_G"],"damage_healed":0.0,"max_hp_gain":0.0,"max_hp_loss":0.0,"gold_gain":0.0,"event_name":"The Cleric","player_choice":"Card Removal","floor":4.0,"gold_loss":50.0,"damage_taken":0.0},{"damage_healed":0.0,"max_hp_gain":0.0,"max_hp_loss":0.0,"gold_gain":0.0,"event_name":"Liars Game","player_choice":"Ignored","floor":7.0,"gold_loss":0.0,"damage_taken":0.0},{"damage_healed":0.0,"max_hp_gain":0.0,"max_hp_loss":5.0,"gold_gain":0.0,"event_name":"Golden Idol","player_choice":"Lose Max HP","floor":13.0,"gold_loss":0.0,"damage_taken":0.0,"relics_obtained":["Golden Idol"]},{"damage_healed":0.0,"max_hp_gain":0.0,"max_hp_loss":0.0,"gold_gain":0.0,"event_name":"The Mausoleum","player_choice":"Opened","floor":21.0,"gold_loss":0.0,"damage_taken":0.0,"relics_obtained":["Toxic Egg 2"]},{"damage_healed":0.0,"max_hp_gain":0.0,"max_hp_loss":0.0,"gold_gain":90.0,"event_name":"Knowing Skull","player_choice":"GOLD POTION CARD ","floor":22.0,"potions_obtained":["ColorlessPotion"],"gold_loss":0.0,"damage_taken":24.0,"cards_obtained":["Enlightenment"]},{"cards_removed":["Deadly Poison"],"damage_healed":0.0,"max_hp_gain":0.0,"max_hp_loss":0.0,"gold_gain":0.0,"event_name":"Falling","player_choice":"Removed Skill","floor":36.0,"gold_loss":0.0,"damage_taken":0.0},{"damage_healed":0.0,"max_hp_gain":0.0,"max_hp_loss":0.0,"gold_gain":0.0,"event_name":"Mysterious Sphere","player_choice":"Fight","floor":45.0,"gold_loss":0.0,"damage_taken":0.0},{"damage_healed":0.0,"max_hp_gain":0.0,"max_hp_loss":0.0,"gold_gain":0.0,"event_name":"MindBloom","player_choice":"Fight","floor":48.0,"gold_loss":0.0,"damage_taken":0.0}],"is_beta":false,"boss_relics":[{"not_picked":["SacredBark","Sozu"],"picked":"Tiny House"},{"not_picked":["Velvet Choker","Cursed Key"],"picked":"Runic Pyramid"}],"items_purged_floors":[31,39,53],"is_endless":false,"potions_floor_spawned":[11,12,23,28,30,38,40,41,45,54],"ascension_level":3}}