{"host":"hszimsrtxxc2k25w","time":1613924517,"event":{"mods":["AchievementEnabler","BaseMod","Colored Map","DeckTracker","Minty Spire (QoL Compilation)","Rare Cards Sparkle","SuperFastMode"],"gold_per_floor":[11,29,29,29,29,29,45,45,45,75,237,279,316,353,365,377,377],"floor_reached":16,"language":"KOR","playtime":275,"items_purged":[],"score":184,"play_id":"019459a3-3a97-4a85-8cc2-27448652cb0d","local_time":"20210222012157","is_ascension_mode":true,"campfire_choices":[{"data":"Bash","floor":6,"key":"SMITH"},{"data":"Sword Boomerang","floor":8,"key":"SMITH"},{"data":"Flex","floor":15,"key":"SMITH"}],"circlet_count":0,"master_deck":["AscendersBane","Strike_R","Strike_R","Defend_R","Defend_R","Defend_R","Defend_R","Bash+1","Evolve","Reaper","Pummel","Sword Boomerang+1","Pommel Strike","Doubt","Flex+1"],"relics":["Burning Blood","Golden Idol","MawBank"],"acts_visited":["Exordium"],"potions_floor_usage":[],"damage_taken":[{"damage":13,"enemies":"2 Louse","floor":1,"turns":4},{"damage":7,"enemies":"Small Slimes","floor":2,"turns":5},{"damage":11,"enemies":"Jaw Worm","floor":7,"turns":4},{"damage":16,"enemies":"Looter","floor":10,"turns":4},{"damage":21,"enemies":"2 Fungi Beasts","floor":13,"turns":4},{"damage":29,"enemies":"Exordium Wildlife","floor":14,"turns":4},{"damage":39,"enemies":"Hexaghost","floor":16,"turns":6}],"seed_played":"3535272128524784622","potions_obtained":[{"floor":2,"key":"LiquidMemories"},{"floor":7,"key":"Fire Potion"}],"is_trial":false,"path_per_floor":["M","M","?","?","?","R","M","R","T","M","?","?","M","M","R","B"],"character_chosen":"IRONCLAD","items_purchased":[],"campfire_rested":0,"item_purchase_floors":[],"current_hp_per_floor":[69,68,68,68,73,73,68,68,68,58,58,58,51,38,38,8,8],"gold":377,"neow_bonus":"TRANSFORM_TWO_CARDS","is_daily":false,"chose_seed":false,"campfire_upgraded":3,"win_rate":0.0,"timestamp":1613924517,"path_taken":["M","M","?","?","?","R","M","R","T","M","?","?","?","M","R","BOSS"],"items_purchased_type":[],"build_version":"2020-12-22","purchased_purges":0,"victory":false,"max_hp_per_floor":[75,75,68,68,73,73,73,73,73,73,73,73,73,73,73,73,73],"card_choices":[{"not_picked":["Iron Wave","Perfected Strike","Clothesline"],"picked":"SKIP","floor":1},{"not_picked":["Rampage","Rage","Clash"],"picked":"SKIP","floor":2},{"not_picked":["Twin Strike","Sword Boomerang","Reaper"],"picked":"SKIP","floor":7},{"not_picked":["Twin Strike","Reaper"],"picked":"Sword Boomerang","floor":7},{"not_picked":["Dropkick","Shrug It Off"],"picked":"Pommel Strike","floor":10},{"not_picked":["Power Through","Body Slam"],"picked":"Flex","floor":13},{"not_picked":["Rage","Searing Blow","Warcry"],"picked":"SKIP","floor":14}],"player_experience":687086,"relics_obtained":[{"floor":9,"key":"MawBank"}],"event_choices":[{"damage_healed":0,"gold_gain":0,"player_choice":"Lose Max HP","damage_taken":0,"relics_obtained":["Golden Idol"],"max_hp_gain":0,"max_hp_loss":7,"event_name":"Golden Idol","floor":3,"gold_loss":0},{"damage_healed":0,"gold_gain":0,"cards_transformed":["Strike_R"],"player_choice":"Change","damage_taken":0,"max_hp_gain":0,"max_hp_loss":0,"event_name":"Living Wall","floor":4,"gold_loss":0,"cards_obtained":["Pummel"]},{"damage_healed":0,"gold_gain":0,"player_choice":"Donut","damage_taken":0,"max_hp_gain":5,"max_hp_loss":0,"event_name":"Big Fish","floor":5,"gold_loss":0},{"damage_healed":0,"gold_gain":150,"player_choice":"AGREE","damage_taken":0,"max_hp_gain":0,"max_hp_loss":0,"event_name":"Liars Game","floor":11,"gold_loss":0,"cards_obtained":["Doubt"]},{"damage_healed":0,"gold_gain":30,"player_choice":"Searched \u00271\u0027 times","damage_taken":0,"max_hp_gain":0,"max_hp_loss":0,"event_name":"Dead Adventurer","floor":12,"gold_loss":0}],"is_beta":false,"boss_relics":[],"items_purged_floors":[],"is_endless":false,"potions_floor_spawned":[2,7,13],"killed_by":"Hexaghost","ascension_level":20}}