{"host":"dlyy4wv9zatha4f7","time":1613933418,"event":{"mods":["Act Like it!","BaseMod","Colored Map","GifTheSpireLib","Minty Spire (QoL Compilation)","Spicy Shops","StS++","StSLib","SuperFastMode","Unceasing Turn Reminder"],"gold_per_floor":[112,137,137,151,151,182,182,357,357,357,372,399,399,424,424,523,573,573,583,601,275,289,289,36,70,144,173,191,222,233,250,250,351,351,376,1375,479,498,515,556,6,46,46,75,75,106,106,106,106,106],"floor_reached":51,"language":"ENG","playtime":2915,"items_purged":["Doubt","Strike_G","Strike_G","Defend_G","Strike_G"],"score":1300,"play_id":"ed614afa-ba87-4392-aeb4-8798f3fb1830","local_time":"20210221205018","is_ascension_mode":true,"campfire_choices":[{"floor":7.0,"key":"REST"},{"data":"Deadly Poison","floor":10.0,"key":"SMITH"},{"data":"Quick Slash","floor":13.0,"key":"SMITH"},{"floor":15.0,"key":"REST"},{"data":"Malaise","floor":23.0,"key":"SMITH"},{"floor":32.0,"key":"REST"},{"data":"Bouncing Flask","floor":45,"key":"SMITH"},{"data":"Bouncing Flask","floor":47,"key":"SMITH"},{"floor":49,"key":"REST"}],"circlet_count":0,"master_deck":["Strike_G","Strike_G","Defend_G+1","Defend_G+1","Defend_G+1","Survivor","Neutralize+1","Quick Slash+1","Deadly Poison+1","Expertise","Venomology","Caltrops+1","Adrenaline+1","Backflip","Crippling Poison","Noxious Fumes+1","Malaise+1","Dash","StSpp:AbandonFlesh","Venomology","Dash+1","Bouncing Flask+1","Corpse Explosion","Bouncing Flask+1","PiercingWail+1","Venomology","Regret"],"relics":["Philosopher\u0027s Stone","Dream Catcher","Frozen Egg 2","Smiling Mask","War Paint","Omamori","Tiny House","Lee\u0027s Waffle","StSpp:BoiledEgg","Strange Spoon","StSpp:PetrifiedCaterpillar","Ornamental Fan","Torii","SacredBark","Ice Cream","StSpp:JackpotMachine","InkBottle","PreservedInsect","Boot","Happy Flower","Bag of Preparation","Paper Crane","Snake Skull","StSpp:TwinEgg","Tough Bandages"],"acts_visited":["Exordium","TheCity","TheBeyond"],"potions_floor_usage":[42,42,42,42,42,42,44,44,44,44,44,44,46,46,46,50,50,50,50,50,50],"damage_taken":[{"damage":0.0,"enemies":"Cultist","floor":1.0,"turns":4.0},{"damage":0.0,"enemies":"Jaw Worm","floor":4.0,"turns":4.0},{"damage":22.0,"enemies":"Lagavulin","floor":6.0,"turns":8.0},{"damage":0.0,"enemies":"2 Louse","floor":11.0,"turns":3.0},{"damage":16.0,"enemies":"3 Sentries","floor":14.0,"turns":10.0},{"damage":38.0,"enemies":"Hexaghost","floor":16.0,"turns":11.0},{"damage":0.0,"enemies":"3 Byrds","floor":18.0,"turns":1.0},{"damage":18.0,"enemies":"2 Thieves","floor":19.0,"turns":4.0},{"damage":10.0,"enemies":"Snake Plant","floor":20.0,"turns":4.0},{"damage":6.0,"enemies":"Centurion and Healer","floor":22.0,"turns":6.0},{"damage":46.0,"enemies":"Slavers","floor":25.0,"turns":6.0},{"damage":0.0,"enemies":"Chosen and Byrds","floor":27.0,"turns":4.0},{"damage":13.0,"enemies":"Snake Plant","floor":28.0,"turns":3.0},{"damage":4.0,"enemies":"Book of Stabbing","floor":29.0,"turns":4.0},{"damage":2.0,"enemies":"Snecko","floor":30.0,"turns":6.0},{"damage":1.0,"enemies":"Centurion and Healer","floor":31.0,"turns":8.0},{"damage":1.0,"enemies":"Champ","floor":33.0,"turns":10.0},{"damage":0.0,"enemies":"3 Shapes","floor":35.0,"turns":3.0},{"damage":1.0,"enemies":"Orb Walker","floor":38.0,"turns":4.0},{"damage":7.0,"enemies":"3 Darklings","floor":39.0,"turns":5.0},{"damage":0.0,"enemies":"Giant Head","floor":40.0,"turns":6.0},{"damage":0,"enemies":"Reptomancer","floor":42,"turns":4},{"damage":0,"enemies":"Transient","floor":44,"turns":5},{"damage":1,"enemies":"Nemesis","floor":46,"turns":5},{"damage":7,"enemies":"Donu and Deca","floor":50,"turns":8}],"seed_played":"-3606743309800036679","potions_obtained":[{"floor":4.0,"key":"Block Potion"},{"floor":6.0,"key":"Block Potion"},{"floor":14.0,"key":"SmokeBomb"},{"floor":17.0,"key":"Dexterity Potion"},{"floor":20.0,"key":"GamblersBrew"},{"floor":22.0,"key":"SkillPotion"},{"floor":25.0,"key":"DuplicationPotion"},{"floor":28.0,"key":"Swift Potion"},{"floor":29.0,"key":"Strength Potion"},{"floor":40.0,"key":"SkillPotion"}],"is_trial":false,"path_per_floor":["M","T","?","M","?","E","R","?","T","R","M","T","R","E","R","B",null,"M","M","M","$","M","R","$","E","T","M","M","E","M","M","R","B",null,"M","?","$","M","M","E","$","E","T","M","R","E","R","?","R","B",null],"character_chosen":"THE_SILENT","items_purchased":["Lee\u0027s Waffle","StSpp:BoiledEgg","Strange Spoon","Ice Cream","StSpp:JackpotMachine","InkBottle","PreservedInsect","Happy Flower","Bag of Preparation","Paper Crane"],"campfire_rested":4,"item_purchase_floors":[21,21,24,37,37,37,37,41,41,41],"current_hp_per_floor":[63,63,56,56,42,20,41,41,41,41,41,41,41,25,46,8,60,60,42,32,82,76,76,76,30,30,30,17,13,11,10,34,33,70,70,70,70,69,62,62,62,62,62,62,62,61,61,61,82,75],"gold":106,"neow_bonus":"BOSS_RELIC","is_daily":false,"chose_seed":false,"campfire_upgraded":5,"win_rate":0.0,"timestamp":1613933418,"path_taken":["M","?","?","?","?","E","R","?","T","R","M","?","R","E","R","BOSS","M","?","M","$","M","R","$","E","T","M","M","E","?","M","R","BOSS","M","?","$","M","M","E","$","E","T","M","R","E","R","?","R","BOSS"],"items_purchased_type":["Relic","Relic","Relic","Relic","Relic","Relic","Relic","Relic","Relic","Relic"],"build_version":"2020-12-22","purchased_purges":5,"victory":true,"max_hp_per_floor":[70,70,70,70,70,70,70,70,70,70,70,70,70,70,70,70,75,75,75,75,82,82,82,82,82,82,82,82,82,82,82,82,82,82,82,82,82,82,82,82,82,82,82,82,82,82,82,82,82,82],"card_choices":[{"not_picked":["Deflect","Eviscerate"],"picked":"Quick Slash","floor":1.0},{"not_picked":["Infinite Blades","Sucker Punch"],"picked":"Deadly Poison","floor":4.0},{"not_picked":["Prepared","Distraction","Masterful Stab"],"picked":"SKIP","floor":6.0},{"not_picked":["Prepared","Outmaneuver"],"picked":"Expertise","floor":7.0},{"not_picked":["Outmaneuver","Dagger Spray"],"picked":"Venomology","floor":11.0},{"not_picked":["Outmaneuver","Poisoned Stab"],"picked":"Riddle With Holes","floor":14.0},{"not_picked":["Prepared","StSpp:Anticipation"],"picked":"Caltrops+1","floor":15.0},{"not_picked":["StSpp:AbandonFlesh","Die Die Die"],"picked":"Adrenaline","floor":16.0},{"not_picked":["Expertise","Underhanded Strike"],"picked":"Backflip","floor":17.0},{"not_picked":["Riddle With Holes","StSpp:Lure"],"picked":"Crippling Poison","floor":19.0},{"not_picked":["StSpp:TimeParadox+1","Dagger Throw+1"],"picked":"Noxious Fumes+1","floor":20.0},{"not_picked":["Bane","Poisoned Stab"],"picked":"Malaise","floor":22.0},{"not_picked":["Envenom+1","Choke+1","StSpp:TimeParadox"],"picked":"SKIP","floor":25.0},{"not_picked":["Phantasmal Killer","Cloak And Dagger+1","Leg Sweep"],"picked":"SKIP","floor":27.0},{"not_picked":["Caltrops+1","Phantasmal Killer"],"picked":"Dash","floor":28.0},{"not_picked":["Bane","StSpp:CorrosivePoison"],"picked":"StSpp:AbandonFlesh","floor":29.0},{"not_picked":["Crippling Poison+1","Setup"],"picked":"Venomology","floor":30.0},{"not_picked":["Escape Plan+1","Phantasmal Killer"],"picked":"Dash+1","floor":31.0},{"not_picked":["Calculated Gamble+1","Expertise"],"picked":"Bouncing Flask","floor":32.0},{"not_picked":["Bullet Time","StSpp:Landslide"],"picked":"Corpse Explosion","floor":33.0},{"not_picked":["Reflex+1","Prepared+1"],"picked":"Bouncing Flask","floor":35.0},{"not_picked":["Slice","Noxious Fumes+1"],"picked":"PiercingWail+1","floor":38.0},{"not_picked":["Eviscerate+1","StSpp:Lure+1","Concentrate"],"picked":"SKIP","floor":39.0},{"not_picked":["Flying Knee","Slice","Deflect"],"picked":"SKIP","floor":40.0},{"not_picked":["StSpp:TimeParadox","Dagger Throw"],"picked":"Venomology","floor":42},{"not_picked":["PiercingWail","Noxious Fumes+1","Slice+1"],"picked":"SKIP","floor":44},{"not_picked":["Concentrate","Choke+1","StSpp:PoisonousPunch"],"picked":"SKIP","floor":46}],"player_experience":2306753,"relics_obtained":[{"floor":2.0,"key":"Dream Catcher"},{"floor":6.0,"key":"Frozen Egg 2"},{"floor":9.0,"key":"Smiling Mask"},{"floor":12.0,"key":"War Paint"},{"floor":14.0,"key":"Omamori"},{"floor":25.0,"key":"StSpp:PetrifiedCaterpillar"},{"floor":26.0,"key":"Ornamental Fan"},{"floor":29.0,"key":"Torii"},{"floor":40.0,"key":"Boot"},{"floor":42,"key":"Snake Skull"},{"floor":43,"key":"StSpp:TwinEgg"},{"floor":46,"key":"Tough Bandages"}],"event_choices":[{"cards_removed":["Defend_G"],"damage_healed":0.0,"max_hp_gain":0.0,"max_hp_loss":0.0,"gold_gain":0.0,"event_name":"Golden Wing","player_choice":"Card Removal","floor":3.0,"gold_loss":0.0,"damage_taken":7.0},{"damage_healed":0.0,"max_hp_gain":0.0,"max_hp_loss":0.0,"gold_gain":0.0,"event_name":"Shining Light","player_choice":"Entered Light","floor":5.0,"gold_loss":0.0,"damage_taken":14.0,"cards_upgraded":["Neutralize","Defend_G"]},{"damage_healed":0.0,"max_hp_gain":0.0,"max_hp_loss":0.0,"gold_gain":175.0,"event_name":"Liars Game","player_choice":"AGREE","floor":8.0,"gold_loss":0.0,"damage_taken":0.0,"cards_obtained":["Doubt"]},{"damage_healed":0.0,"max_hp_gain":0.0,"max_hp_loss":0.0,"gold_gain":999.0,"event_name":"MindBloom","player_choice":"Gold","floor":36.0,"gold_loss":0.0,"damage_taken":0.0,"cards_obtained":["Normality","Normality"]},{"cards_removed":["Riddle With Holes"],"damage_healed":0,"gold_gain":0,"player_choice":"Took Card","damage_taken":0,"max_hp_gain":0,"max_hp_loss":0,"event_name":"NoteForYourself","floor":48,"gold_loss":0,"cards_obtained":["Regret"]}],"is_beta":false,"boss_relics":[{"not_picked":["Runic Dome","StSpp:FireArrow"],"picked":"Tiny House"},{"not_picked":["Busted Crown","Black Star"],"picked":"SacredBark"}],"items_purged_floors":[21,21,24,24,37],"is_endless":false,"potions_floor_spawned":[4,6,14,20,22,25,28,29,38,40,44],"ascension_level":9}}