{"host":"5zhjtp2pgwgfdund","time":1613883398,"event":{"mods":["2.2 Compatiblity","AchievementEnabler","Act Like it!","BaseMod","Colored Map","Colored Powertips","Downfall","Gensokyo","Infinite Spire","Minty Spire (QoL Compilation)","Replay The Spire","Shop Mod","StSLib","The Bug Knight","The Jungle"],"gold_per_floor":[99,112,212,222,222,222,222,27,53,67,67,91,103,5,24,124,124,124,134,145,145,164,164,164,164],"floor_reached":23,"language":"ENG","playtime":1927,"items_purged":[],"score":191,"play_id":"5dfa6d3e-0705-4045-835b-c826d4b327d2","local_time":"20210220235638","is_ascension_mode":false,"campfire_choices":[{"data":"sneckomod:IronFang","floor":1,"key":"SMITH"},{"floor":11,"key":"REST"},{"data":"sneckomod:DiceBoulder","floor":18,"key":"SMITH"}],"circlet_count":0,"master_deck":["sneckomod:Strike","sneckomod:Strike","sneckomod:Strike","sneckomod:Defend","sneckomod:Defend","sneckomod:Defend","sneckomod:TailWhip","sneckomod:SnekBite","sneckomod:Unknown","sneckomod:Unknown","sneckomod:IronFang+1","sneckomod:SerpentIdol","sneckomod:UnknownVulnerable","Pain","sneckomod:UnknownCommonSkill","sneckomod:UnknownClassPURPLE","sneckomod:DefensiveFlair","sneckomod:DiceBoulder+1","sneckomod:DefensiveFlair","sneckomod:UnendingSupply","sneckomod:WideSting","sneckomod:UnknownColorless","sneckomod:RainOfDice","sneckomod:MorePower","sneckomod:UnknownRareSkill+1","sneckomod:RainOfDice","sneckomod:QuickMove","Dash","sneckomod:UnknownStrike+1","sneckomod:WideSting"],"relics":["sneckomod:SneckoSoul","Mango","Gensokyo:LunaticRedEyes","Simple Rune","PreservedInsect","Vajra","Lantern"],"acts_visited":["Gensokyo:Gensokyo","Gensokyo:Gensokyoer"],"potions_floor_usage":[19],"damage_taken":[{"damage":3,"enemies":"Gensokyo:3_Fairies","floor":2,"turns":4},{"damage":0,"enemies":"Gensokyo:2_Kodama","floor":4,"turns":3},{"damage":3,"enemies":"downfall:FleeingMerchant","floor":8,"turns":4},{"damage":14,"enemies":"Gensokyo:Cirno","floor":9,"turns":6},{"damage":3,"enemies":"Gensokyo:Gryphon","floor":10,"turns":3},{"damage":7,"enemies":"Gensokyo:2_Rabbits","floor":13,"turns":5},{"damage":0,"enemies":"downfall:FleeingMerchant","floor":14,"turns":4},{"damage":10,"enemies":"Gensokyo:Python_and_Kodama","floor":15,"turns":3},{"damage":55,"enemies":"WA_ARCHETYPE_RETAIN","floor":16,"turns":7},{"damage":10,"enemies":"Gensokyo:2_Gloops","floor":19,"turns":4},{"damage":19,"enemies":"Gensokyo:AngelMirror","floor":20,"turns":2},{"damage":44,"enemies":"Gensokyo:Monolith_and_Dog","floor":22,"turns":8},{"damage":34,"enemies":"Gensokyo:3_Gloops","floor":23,"turns":4}],"seed_played":"-5351256670435270713","potions_obtained":[{"floor":4,"key":"Fire Potion"},{"floor":9,"key":"GamblersBrew"},{"floor":13,"key":"ColorlessPotion"},{"floor":16,"key":"champ:CounterPotion"},{"floor":20,"key":"Elixir"}],"is_trial":false,"path_per_floor":["R","M","?","M","?","?","T","$","E","M","R","T","M","$","M","B",null,"R","M","M","?","M","M"],"character_chosen":"THE_SNECKO","items_purchased":["PreservedInsect","sneckomod:UnknownClassPURPLE","sneckomod:WideSting","sneckomod:UnknownColorless"],"campfire_rested":1,"item_purchase_floors":[8,8,14,14],"current_hp_per_floor":[90,87,87,87,80,80,80,77,63,60,91,91,84,84,74,21,104,104,94,75,75,31,0,0,0],"gold":164,"neow_bonus":"THREE_CARDS","is_daily":false,"chose_seed":false,"campfire_upgraded":2,"win_rate":0.0,"timestamp":1613883398,"path_taken":["R","M","?","M","?","?","T","$","E","M","R","?","?","?","M","BOSS","R","M","M","?","M","M"],"items_purchased_type":["Relic","Card","Card","Card"],"build_version":"2020-12-22","purchased_purges":0,"victory":false,"max_hp_per_floor":[90,90,90,90,104,104,104,104,104,104,104,104,104,104,104,104,104,104,104,104,104,104,104,104,104],"card_choices":[{"not_picked":["sneckomod:ImprovisedGuard","sneckomod:SoulRoll"],"picked":"sneckomod:IronFang","floor":0},{"not_picked":["sneckomod:SoulDraw","sneckomod:QuickBite"],"picked":"sneckomod:SerpentIdol","floor":2},{"not_picked":["sneckomod:SoulCleanse","sneckomod:UnknownDraw"],"picked":"sneckomod:UnknownVulnerable","floor":4},{"not_picked":["sneckomod:SoulDraw","sneckomod:UnknownUncommonPower"],"picked":"sneckomod:UnknownCommonSkill","floor":8},{"not_picked":["sneckomod:IronFang","sneckomod:UnknownUncommonSkill"],"picked":"sneckomod:DefensiveFlair","floor":9},{"not_picked":["sneckomod:UnknownClassUrban Legend","sneckomod:UnknownCommonSkill"],"picked":"sneckomod:DiceBoulder","floor":10},{"not_picked":["sneckomod:UnknownClassUrban Legend","sneckomod:SnekBeam"],"picked":"sneckomod:DefensiveFlair","floor":13},{"not_picked":["sneckomod:SoulRoll","sneckomod:WideSting"],"picked":"sneckomod:UnendingSupply","floor":14},{"not_picked":["sneckomod:UnknownUncommonPower","sneckomod:QuickBite"],"picked":"sneckomod:RainOfDice","floor":15},{"not_picked":["sneckomod:SerpentMind","sneckomod:Unknown3Cost"],"picked":"sneckomod:MorePower","floor":16},{"not_picked":["sneckomod:UnknownDexterity+1","sneckomod:UnknownDraw+1"],"picked":"sneckomod:UnknownRareSkill+1","floor":19},{"not_picked":["sneckomod:UnknownBlock","sneckomod:UnendingSupply"],"picked":"sneckomod:RainOfDice","floor":19},{"not_picked":["sneckomod:UnknownUncommonPower","sneckomod:UnknownCommonAttack"],"picked":"sneckomod:QuickMove","floor":20},{"not_picked":["sneckomod:Unknown1Cost+1","sneckomod:UnknownDraw+1"],"picked":"sneckomod:UnknownStrike+1","floor":22},{"not_picked":["sneckomod:UnknownClassUrban Legend","sneckomod:UnknownCommonSkill+1"],"picked":"sneckomod:WideSting","floor":22}],"player_experience":177029,"relics_obtained":[{"floor":7,"key":"Simple Rune"},{"floor":9,"key":"Vajra"},{"floor":12,"key":"Lantern"}],"event_choices":[],"is_beta":false,"boss_relics":[{"not_picked":["Replay:Grab Bag","Empty Cage","infinitespire:Cupcake"]}],"items_purged_floors":[],"is_endless":false,"potions_floor_spawned":[4,9,13,16,20],"killed_by":"Gensokyo:3_Gloops","ascension_level":0}}