{"host":"vxxgntm1odai56nh","time":1613937907,"event":{"mods":["AchievementEnabler","BaseMod","Colored Map","Colored Powertips","Highlight Path","Minty Spire (QoL Compilation)","Permanent Neow","Rare Cards Sparkle","Relic Stats","StSLib"],"gold_per_floor":[109,126,136,152,117,146,173,185,223,235,257,302,96,116,116,215,215,229,245,245,260,275,286,315,328,328,328,328,362,362,375,375,476,476,491,491,491,135,151,180,180,214,214,264,264,282,298,332,332,332],"floor_reached":51,"language":"ENG","playtime":1798,"items_purged":["Strike_R","Strike_R+1"],"score":1131,"play_id":"63edb2ae-040d-43d0-9d10-4c9712fd4eb5","local_time":"20210221150507","is_ascension_mode":true,"campfire_choices":[{"floor":8,"key":"REST"},{"data":"Whirlwind","floor":10,"key":"SMITH"},{"data":"Heavy Blade","floor":15,"key":"SMITH"},{"data":"Uppercut","floor":28,"key":"SMITH"},{"data":"Sword Boomerang","floor":30,"key":"SMITH"},{"data":"Seeing Red","floor":32,"key":"SMITH"},{"data":"Inflame","floor":41,"key":"SMITH"},{"data":"Double Tap","floor":45,"key":"SMITH"},{"data":"Strike_R+1","floor":49,"key":"PURGE"}],"circlet_count":0,"master_deck":["Defend_R+1","Defend_R+1","Defend_R+1","Defend_R+1","Bash","Spot Weakness","Inflame+1","Whirlwind+1","Limit Break","Flex","Heavy Blade+1","Double Tap+1","Sword Boomerang+1","Shrug It Off+1","Uppercut+1","Ghostly","Ghostly+1","Ghostly","Ghostly","Ghostly+1","Seeing Red+1","Reaper","Whirlwind+1","Sword Boomerang+1","Seeing Red+1"],"relics":["Burning Blood","Centennial Puzzle","Bag of Marbles","MawBank","Orichalcum","Akabeko","ClockworkSouvenir","Odd Mushroom","Black Star","CaptainsWheel","Bag of Preparation","Pear","Regal Pillow","TungstenRod","Empty Cage","Pantograph","HornCleat","War Paint","Blood Vial","Lizard Tail","InkBottle","Peace Pipe","Frozen Egg 2","Ice Cream"],"acts_visited":["Exordium","TheCity","TheBeyond"],"potions_floor_usage":[24,24,35,40,48,50,50],"damage_taken":[{"damage":10,"enemies":"Cultist","floor":1,"turns":4},{"damage":20,"enemies":"Small Slimes","floor":2,"turns":3},{"damage":11,"enemies":"Jaw Worm","floor":3,"turns":4},{"damage":0,"enemies":"Lots of Slimes","floor":4,"turns":1},{"damage":43,"enemies":"Gremlin Nob","floor":6,"turns":5},{"damage":1,"enemies":"Exordium Wildlife","floor":11,"turns":2},{"damage":8,"enemies":"3 Sentries","floor":12,"turns":4},{"damage":21,"enemies":"The Mushroom Lair","floor":14,"turns":3},{"damage":26,"enemies":"Hexaghost","floor":16,"turns":6},{"damage":6,"enemies":"Chosen","floor":18,"turns":3},{"damage":24,"enemies":"Shell Parasite","floor":19,"turns":3},{"damage":0,"enemies":"Snecko","floor":21,"turns":2},{"damage":12,"enemies":"Shelled Parasite and Fungi","floor":22,"turns":4},{"damage":8,"enemies":"Centurion and Healer","floor":23,"turns":4},{"damage":43,"enemies":"Slavers","floor":24,"turns":5},{"damage":17,"enemies":"Sentry and Sphere","floor":25,"turns":8},{"damage":7,"enemies":"Book of Stabbing","floor":29,"turns":7},{"damage":0,"enemies":"Snecko","floor":31,"turns":4},{"damage":6,"enemies":"Collector","floor":33,"turns":9},{"damage":31,"enemies":"3 Darklings","floor":35,"turns":5},{"damage":0,"enemies":"3 Shapes","floor":39,"turns":1},{"damage":7,"enemies":"Nemesis","floor":40,"turns":9},{"damage":0,"enemies":"Reptomancer","floor":42,"turns":5},{"damage":0,"enemies":"Mind Bloom Boss Battle","floor":44,"turns":3},{"damage":29,"enemies":"Maw","floor":46,"turns":7},{"damage":0,"enemies":"Sphere and 2 Shapes","floor":47,"turns":3},{"damage":0,"enemies":"Giant Head","floor":48,"turns":6},{"damage":28,"enemies":"Donu and Deca","floor":50,"turns":9}],"seed_played":"8026926994770901329","potions_obtained":[{"floor":1,"key":"Dexterity Potion"},{"floor":2,"key":"BloodPotion"},{"floor":4,"key":"ElixirPotion"},{"floor":16,"key":"LiquidBronze"},{"floor":23,"key":"Explosive Potion"},{"floor":35,"key":"Regen Potion"},{"floor":46,"key":"HeartOfIron"},{"floor":47,"key":"AttackPotion"},{"floor":48,"key":"SpeedPotion"}],"is_trial":false,"path_per_floor":["M","M","M","M","?","E","T","R","T","R","M","E","$","?","R","B",null,"M","M","?","M","M","M","E","M","T","?","R","E","R","M","R","B",null,"M","?","?","$","M","E","R","E","T","?","R","M","M","E","R","B",null],"character_chosen":"IRONCLAD","items_purchased":["ClockworkSouvenir","Pantograph"],"campfire_rested":1,"item_purchase_floors":[13,38],"current_hp_per_floor":[68,54,49,55,75,38,38,62,62,62,67,65,65,50,50,30,68,68,50,50,56,50,48,27,16,26,26,26,25,25,31,31,31,42,20,20,20,20,26,40,40,45,45,45,45,22,30,38,38,27],"gold":332,"neow_bonus":"RANDOM_COMMON_RELIC","is_daily":false,"chose_seed":false,"campfire_upgraded":7,"win_rate":0.0,"timestamp":1613937907,"path_taken":["M","M","M","?","?","E","?","R","T","R","?","E","$","?","R","BOSS","M","M","?","M","M","M","E","M","T","?","R","E","R","M","R","BOSS","M","?","?","$","?","E","R","E","T","?","R","M","M","E","R","BOSS"],"items_purchased_type":["Relic","Relic"],"build_version":"2020-12-22","purchased_purges":2,"victory":true,"max_hp_per_floor":[80,80,80,80,80,80,80,80,80,80,80,80,80,80,80,80,80,80,80,80,80,80,80,80,80,90,45,45,45,45,45,45,45,45,45,45,45,45,45,45,45,45,45,45,45,45,45,45,45,45],"relic_stats":{"Regal Pillow":0,"counters":[28,129],"Bag of Preparation":[26],"Orichalcum":[270],"War Paint":["Ghostly","Ghostly"],"MawBank":72,"Burning Blood":161,"Blood Vial":6,"Peace Pipe":1,"Centennial Puzzle":[60],"Lizard Tail":0,"Pantograph":5,"Black Star":5,"obtain_stats":[{"Ice Cream":48,"Regal Pillow":29,"Pear":26,"Bag of Preparation":24,"Orichalcum":9,"Odd Mushroom":14,"War Paint":40,"Frozen Egg 2":48,"MawBank":7,"Empty Cage":34,"Burning Blood":0,"Akabeko":12,"ClockworkSouvenir":13,"Blood Vial":42,"Peace Pipe":44,"Centennial Puzzle":0,"CaptainsWheel":24,"Lizard Tail":42,"HornCleat":40,"Pantograph":38,"Bag of Marbles":6,"Black Star":17,"TungstenRod":29,"InkBottle":43},{"Ice Cream":27,"Regal Pillow":17,"Pear":16,"Bag of Preparation":15,"Orichalcum":5,"Odd Mushroom":8,"War Paint":22,"Frozen Egg 2":27,"MawBank":5,"Empty Cage":19,"Burning Blood":0,"Akabeko":7,"ClockworkSouvenir":7,"Blood Vial":23,"Peace Pipe":24,"Centennial Puzzle":0,"CaptainsWheel":15,"Lizard Tail":23,"HornCleat":22,"Pantograph":20,"Bag of Marbles":5,"Black Star":9,"TungstenRod":17,"InkBottle":23},{"Ice Cream":120,"Regal Pillow":68,"Pear":61,"Bag of Preparation":53,"Orichalcum":17,"Odd Mushroom":26,"War Paint":96,"Frozen Egg 2":120,"MawBank":17,"Empty Cage":81,"Burning Blood":0,"Akabeko":23,"ClockworkSouvenir":23,"Blood Vial":101,"Peace Pipe":104,"Centennial Puzzle":0,"CaptainsWheel":53,"Lizard Tail":101,"HornCleat":96,"Pantograph":86,"Bag of Marbles":17,"Black Star":32,"TungstenRod":68,"InkBottle":101}],"TungstenRod":12,"InkBottle":[8]},"card_choices":[{"not_picked":["Seeing Red","Shrug It Off"],"picked":"Spot Weakness","floor":1},{"not_picked":["Evolve","Entrench"],"picked":"Inflame","floor":2},{"not_picked":["Pommel Strike","Clash"],"picked":"Whirlwind","floor":3},{"not_picked":["Warcry","Pommel Strike","Thunderclap"],"picked":"SKIP","floor":4},{"not_picked":["Brutality","Second Wind"],"picked":"Limit Break","floor":6},{"not_picked":["Sword Boomerang","Body Slam","Wild Strike"],"picked":"SKIP","floor":11},{"not_picked":["Cleave","Anger"],"picked":"Flex","floor":12},{"not_picked":["Warcry","Body Slam"],"picked":"Heavy Blade","floor":14},{"not_picked":["Impervious","Brutality"],"picked":"Double Tap","floor":16},{"not_picked":["Clash","Wild Strike","Heavy Blade"],"picked":"SKIP","floor":18},{"not_picked":["Rampage+1","True Grit"],"picked":"Sword Boomerang","floor":19},{"not_picked":["Iron Wave","Cleave","Warcry"],"picked":"SKIP","floor":21},{"not_picked":["Sword Boomerang","Bloodletting"],"picked":"Shrug It Off+1","floor":22},{"not_picked":["Shrug It Off+1","Pommel Strike","Anger"],"picked":"SKIP","floor":23},{"not_picked":["Armaments","Berserk"],"picked":"Uppercut","floor":24},{"not_picked":["Dual Wield","Havoc+1","Rage+1"],"picked":"SKIP","floor":25},{"not_picked":["Inflame","Sword Boomerang+1","Feel No Pain"],"picked":"SKIP","floor":29},{"not_picked":["Clash","Inflame+1"],"picked":"Seeing Red","floor":31},{"not_picked":["Bludgeon","Juggernaut"],"picked":"Reaper","floor":33},{"not_picked":["Anger","Headbutt+1","Dropkick+1"],"picked":"SKIP","floor":35},{"not_picked":["Clothesline","Headbutt+1","Armaments"],"picked":"SKIP","floor":39},{"not_picked":["Thunderclap","Body Slam+1","Havoc+1"],"picked":"SKIP","floor":40},{"not_picked":["Thunderclap","Body Slam+1","Havoc+1"],"picked":"SKIP","floor":40},{"not_picked":["True Grit","Pommel Strike+1"],"picked":"Sword Boomerang+1","floor":42},{"not_picked":["Perfected Strike+1","Anger","Clothesline+1"],"picked":"SKIP","floor":46},{"not_picked":["Thunderclap","Rampage+1"],"picked":"Seeing Red+1","floor":47},{"not_picked":["True Grit","Reckless Charge+1","Blood for Blood"],"picked":"SKIP","floor":48}],"player_experience":160942,"relics_obtained":[{"floor":6,"key":"Bag of Marbles"},{"floor":7,"key":"MawBank"},{"floor":9,"key":"Orichalcum"},{"floor":12,"key":"Akabeko"},{"floor":14,"key":"Odd Mushroom"},{"floor":24,"key":"CaptainsWheel"},{"floor":24,"key":"Bag of Preparation"},{"floor":26,"key":"Pear"},{"floor":29,"key":"Regal Pillow"},{"floor":29,"key":"TungstenRod"},{"floor":40,"key":"HornCleat"},{"floor":40,"key":"War Paint"},{"floor":42,"key":"Blood Vial"},{"floor":42,"key":"Lizard Tail"},{"floor":43,"key":"InkBottle"},{"floor":44,"key":"Peace Pipe"},{"floor":48,"key":"Frozen Egg 2"},{"floor":48,"key":"Ice Cream"}],"event_choices":[{"damage_healed":20,"gold_gain":0,"player_choice":"Healed","damage_taken":0,"max_hp_gain":0,"max_hp_loss":0,"event_name":"The Cleric","floor":5,"gold_loss":35},{"damage_healed":0,"gold_gain":0,"player_choice":"Fought Mushrooms","damage_taken":0,"max_hp_gain":0,"max_hp_loss":0,"event_name":"Mushrooms","floor":14,"gold_loss":0},{"damage_healed":0,"gold_gain":0,"player_choice":"Simplicity","damage_taken":0,"max_hp_gain":0,"max_hp_loss":0,"event_name":"Back to Basics","floor":20,"gold_loss":0,"cards_upgraded":["Strike_R","Strike_R","Strike_R","Strike_R","Defend_R","Defend_R","Defend_R","Defend_R"]},{"damage_healed":0,"gold_gain":0,"player_choice":"Became a Ghost","damage_taken":0,"max_hp_gain":0,"max_hp_loss":45,"event_name":"Ghosts","floor":27,"gold_loss":0,"cards_obtained":["Ghostly","Ghostly","Ghostly","Ghostly","Ghostly"]},{"damage_healed":0,"gold_gain":0,"player_choice":"Ignored","damage_taken":0,"max_hp_gain":0,"max_hp_loss":0,"event_name":"Tomb of Lord Red Mask","floor":36,"gold_loss":0},{"damage_healed":0,"gold_gain":0,"player_choice":"Copied","damage_taken":0,"max_hp_gain":0,"max_hp_loss":0,"event_name":"Duplicator","floor":37,"gold_loss":0,"cards_obtained":["Whirlwind"]},{"damage_healed":0,"gold_gain":0,"player_choice":"Fight","damage_taken":0,"max_hp_gain":0,"max_hp_loss":0,"event_name":"MindBloom","floor":44,"gold_loss":0}],"is_beta":false,"boss_relics":[{"not_picked":["Ectoplasm","Fusion Hammer"],"picked":"Black Star"},{"not_picked":["Runic Cube","SlaversCollar"],"picked":"Empty Cage"}],"items_purged_floors":[13,38],"is_endless":false,"potions_floor_spawned":[1,2,4,16,18,22,23,35,46,47,48],"ascension_level":6}}