{"host":"7fwnp8pk7osg3ahc","time":1613880474,"event":{"mods":["2.2 Compatiblity","BaseMod","Downfall","Marisa????????","Minty Spire (QoL Compilation)","Replay The Spire","StSLib","The Servant 0.9.4"],"gold_per_floor":[99,99,24,24,9,9,9,9,9,9,9,9,28,58,70,70,70],"floor_reached":16,"language":"ENG","playtime":465,"items_purged":["Strike_MRS"],"score":94,"play_id":"34677d8e-1f80-4d8d-99bb-e29bd7fe7eae","local_time":"20210220220754","is_ascension_mode":false,"campfire_choices":[{"data":"UpSweep","floor":1,"key":"SMITH"},{"data":"StarBarrage","floor":6,"key":"SMITH"},{"data":"NonDirectionalLaser","floor":10,"key":"SMITH"}],"circlet_count":0,"master_deck":["Strike_MRS","Strike_MRS","Strike_MRS","Defend_MRS","Defend_MRS+1","Defend_MRS+1","Defend_MRS","MasterSpark","UpSweep+1","NonDirectionalLaser+1","SporeBomb+1","downfall:Malfunctioning","EventHorizon+1","AsteroidBelt","Pot Of Greed","Pot Of Greed","6A"],"relics":["MiniHakkero","downfall:HeartsMalice","ReplayFunnel","Blue Candle","Grinning Jar"],"acts_visited":["Exordium"],"potions_floor_usage":[16],"damage_taken":[{"damage":0,"enemies":"2 Louse","floor":2,"turns":1},{"damage":0,"enemies":"downfall:FleeingMerchant","floor":3,"turns":1},{"damage":0,"enemies":"Jaw Worm","floor":4,"turns":1},{"damage":0,"enemies":"downfall:FleeingMerchant","floor":5,"turns":4},{"damage":1,"enemies":"Small Slimes","floor":13,"turns":2},{"damage":15,"enemies":"Gremlin Nob","floor":14,"turns":3},{"damage":5,"enemies":"downfall:LooterAlt","floor":15,"turns":3},{"damage":70,"enemies":"WA_ARCHETYPE_RETAIN","floor":16,"turns":7}],"seed_played":"5044090764412659068","potions_obtained":[{"floor":13,"key":"LifebloodPotion"},{"floor":14,"key":"EntropicBrew"},{"floor":15,"key":"SpeedPotion"}],"is_trial":false,"path_per_floor":["R","M","$","M","$","R","T","?","?","R","?","?","M","E","M","B"],"character_chosen":"MARISA","items_purchased":[],"campfire_rested":0,"item_purchase_floors":[],"current_hp_per_floor":[75,75,75,75,75,75,75,75,80,80,80,75,74,59,54,0,0],"gold":70,"neow_bonus":"THREE_ENEMY_KILL","is_daily":false,"chose_seed":false,"campfire_upgraded":3,"win_rate":0.0,"timestamp":1613880474,"path_taken":["R","M","$","M","$","R","T","?","?","R","?","?","M","E","M","BOSS"],"items_purchased_type":[],"build_version":"2020-12-22","purchased_purges":1,"victory":false,"max_hp_per_floor":[75,75,75,75,75,75,75,75,80,80,80,80,80,80,80,80,80],"card_choices":[{"not_picked":["FairyDestructionRay","SprinkleStarSeal"],"picked":"NonDirectionalLaser","floor":2},{"not_picked":["RefractionSpark","Acceleration"],"picked":"StarBarrage","floor":3},{"not_picked":["WitchOfGreed","GasGiant"],"picked":"SporeBomb","floor":4},{"not_picked":["WitchOfGreed","GrandCross","NonDirectionalLaser"],"picked":"SKIP","floor":5},{"not_picked":["NonDirectionalLaser","IllusionStar"],"picked":"AsteroidBelt","floor":13},{"not_picked":["BlazeAway","BigCrunch","SuperPerseids"],"picked":"SKIP","floor":14},{"not_picked":["MysteriousBeam","WitchOfGreed"],"picked":"6A","floor":15}],"player_experience":636423,"relics_obtained":[{"floor":7,"key":"ReplayFunnel"},{"floor":14,"key":"Grinning Jar"}],"event_choices":[{"damage_healed":0,"gold_gain":0,"player_choice":"Donut","damage_taken":0,"max_hp_gain":5,"max_hp_loss":0,"event_name":"Big Fish","floor":9,"gold_loss":0}],"is_beta":false,"boss_relics":[],"items_purged_floors":[3],"is_endless":false,"potions_floor_spawned":[13,14,15],"killed_by":"WA_ARCHETYPE_RETAIN","ascension_level":0}}