{"host":"p48otulg9rbkrcsk","time":1613902179,"event":{"mods":["BaseMod","Colored Map","Downfall","Minty Spire (QoL Compilation)","Quick Restart","StSLib","[功能]功能增强和修复MOD"],"gold_per_floor":[99,118,130,130,95,95,122,156,141,141,141,172,157,232,242,342,342,342,358,371,346,362,712,790,822,822,807,807,834,846,858,885,1000,1012,1024,1047,1073,1135,1147,814,814,814,814,814,814,827,827,827,838,838],"floor_reached":51,"language":"ZHS","playtime":3455,"items_purged":["Slimebound:Strike_Slimebound","Slimebound:Strike_Slimebound","Slimebound:Strike_Slimebound","Slimebound:Defend_Slimebound","Slimebound:Defend_Slimebound","Slimebound:Defend_Slimebound","Slimebound:Tackle","Slimebound:Defend_Slimebound","Slimebound:Split","Slimebound:SelfFormingGoo","Slimebound:MassRepurpose"],"score":862,"play_id":"a17bd7f0-89d5-441d-a82a-49e86ecee83e","local_time":"20210221180939","is_ascension_mode":false,"campfire_choices":[{"floor":1,"key":"RECALL"},{"data":"Slimebound:Equalize","floor":11,"key":"SMITH"},{"data":"Slimebound:AcidTongue","floor":18,"key":"SMITH"},{"data":"Slimebound:SpikyOuterGoop","floor":26,"key":"SMITH"},{"data":"Slimebound:HauntingLick","floor":28,"key":"SMITH"},{"data":"Slimebound:RejuvenatingLick","floor":30,"key":"SMITH"},{"data":"Slimebound:SamplingLick","floor":35,"key":"SMITH"},{"data":"Slimebound:CorrosiveSpit","floor":44,"key":"SMITH"}],"circlet_count":0,"master_deck":["Slimebound:CorrosiveSpit+1","Slimebound:SplitAcid","Slimebound:HauntingLick+1","Slimebound:Equalize+1","Slimebound:AcidTongue+1","Slimebound:FlameTackle","Slimebound:FinishingTackle","Slimebound:LeechingTouch","Slimebound:Gluttony","expansioncontent:AwakenDeath","Slimebound:RejuvenatingLick+1","Slimebound:BestDefense","Slimebound:GoopSpray+1","Slimebound:SlimeTap","Slimebound:SpikyOuterGoop+1","Slimebound:SamplingLick+1","Slimebound:ProtectTheBoss+1","Slimebound:RallyTheTroops","Slimebound:DivideAndConquer+1"],"relics":["Slimebound:AbsorbEndCombat","Ancient Tea Set","downfall:BrokenWingStatue","ClockworkSouvenir","Torii","Art of War","Happy Flower","Shovel","Slimebound:SlimedSkullRelic","Strange Spoon","Blue Candle","hexamod:CandleOfCauterizing","StrikeDummy","Oddly Smooth Stone","Girya","Cauldron","Busted Crown","Tiny Chest","Vajra","Guardian:BottledAnomaly","StoneCalendar","Pear","bronze:DonusWashers","Gremlin Horn","Slimebound:PotencyRelic","Slimebound:MaxSlimesRelic","Meat on the Bone","MawBank","Runic Dome","Incense Burner","Unceasing Top","Juzu Bracelet","Mummified Hand","Lee\u0027s Waffle","Regal Pillow","CeramicFish","Eternal Feather","Chemical X","sneckomod:BlankCard","champ:Barbells","Frozen Egg 2"],"acts_visited":["Exordium","TheCity","TheBeyond"],"potions_floor_usage":[],"damage_taken":[{"damage":4,"enemies":"Jaw Worm","floor":2,"turns":2},{"damage":3,"enemies":"2 Louse","floor":3,"turns":3},{"damage":16,"enemies":"downfall:FleeingMerchant","floor":5,"turns":4},{"damage":19,"enemies":"Gremlin Nob","floor":8,"turns":3},{"damage":2,"enemies":"downfall:FleeingMerchant","floor":9,"turns":4},{"damage":6,"enemies":"Lagavulin","floor":12,"turns":4},{"damage":7,"enemies":"downfall:FleeingMerchant","floor":13,"turns":4},{"damage":3,"enemies":"Small Slimes","floor":15,"turns":2},{"damage":8,"enemies":"SI_SHIV_ARCHETYPE","floor":16,"turns":5},{"damage":7,"enemies":"Shell Parasite","floor":19,"turns":3},{"damage":37,"enemies":"3 Byrds","floor":20,"turns":6},{"damage":8,"enemies":"downfall:FleeingMerchant","floor":21,"turns":4},{"damage":29,"enemies":"Sentry and Sphere","floor":22,"turns":4},{"damage":0,"enemies":"downfall:FleeingMerchant","floor":23,"turns":2},{"damage":18,"enemies":"Slavers","floor":25,"turns":4},{"damage":11,"enemies":"Book of Stabbing","floor":29,"turns":4},{"damage":0,"enemies":"Centurion and Healer","floor":32,"turns":3},{"damage":1,"enemies":"IC_MUSHROOM_ARCHETYPE","floor":33,"turns":4},{"damage":1,"enemies":"Orb Walker","floor":36,"turns":2},{"damage":6,"enemies":"3 Shapes","floor":37,"turns":3},{"damage":3,"enemies":"3 Shapes","floor":38,"turns":4},{"damage":4,"enemies":"Writhing Mass","floor":46,"turns":3},{"damage":0,"enemies":"Writhing Mass","floor":47,"turns":3},{"damage":0,"enemies":"3 Darklings","floor":49,"turns":1},{"damage":39,"enemies":"WA_ARCHETYPE_DIVINITY","floor":50,"turns":4}],"seed_played":"1996709419306903806","potions_obtained":[{"floor":2,"key":"Block Potion"},{"floor":8,"key":"AttackPotion"},{"floor":12,"key":"PowerPotion"},{"floor":13,"key":"Slimebound:ThreeZeroPotion"},{"floor":13,"key":"EntropicBrew"},{"floor":22,"key":"Block Potion"},{"floor":22,"key":"champ:CounterPotion"}],"is_trial":false,"path_per_floor":["R","M","M","?","$","?","T","E","$","T","R","E","$","?","M","B",null,"R","M","M","$","M","$","T","E","R","$","R","E","R","?","M","B",null,"R","M","M","?","$","?","T","T","$","R","$","M","?","$","M","B",null],"character_chosen":"SLIMEBOUND","items_purchased":["ClockworkSouvenir","Torii","Art of War","Slimebound:AcidTongue","Slimebound:FlameTackle","Slimebound:FinishingTackle","Slimebound:SlimedSkullRelic","Strange Spoon","Blue Candle","Slimebound:Gluttony","expansioncontent:AwakenDeath","Oddly Smooth Stone","Girya","Cauldron","Slimebound:BestDefense","Tiny Chest","Vajra","Guardian:BottledAnomaly","Slimebound:MassRepurpose","Slimebound:SlimeTap","StoneCalendar","Pear","Slimebound:SpikyOuterGoop","bronze:DonusWashers","Slimebound:SamplingLick","Slimebound:MaxSlimesRelic","Meat on the Bone","Unceasing Top","Juzu Bracelet","Lee\u0027s Waffle","Regal Pillow","CeramicFish","Eternal Feather","Chemical X","sneckomod:BlankCard","champ:Barbells","Frozen Egg 2"],"campfire_rested":0,"item_purchase_floors":[5,5,5,5,5,5,9,9,9,9,9,13,13,13,13,21,21,21,21,21,23,23,23,23,23,27,27,39,39,43,43,43,45,45,48,48,48],"current_hp_per_floor":[65,63,62,62,50,50,50,45,57,57,57,65,65,65,65,65,65,65,60,40,52,33,45,45,47,47,47,47,56,56,75,75,75,75,75,75,75,72,72,84,84,84,91,91,91,87,91,91,91,58],"gold":838,"neow_bonus":"RANDOM_COMMON_RELIC","is_daily":false,"chose_seed":false,"campfire_upgraded":7,"win_rate":0.0,"timestamp":1613902179,"path_taken":["R","M","M","?","$","?","T","E","$","?","R","E","$","?","M","BOSS","R","M","M","$","M","$","T","E","R","$","R","E","R","?","M","BOSS","R","M","M","?","$","?","T","?","$","R","$","M","?","$","M","BOSS"],"items_purchased_type":["Relic","Relic","Relic","Card","Card","Card","Relic","Relic","Relic","Card","Card","Relic","Relic","Relic","Card","Relic","Relic","Relic","Card","Card","Relic","Relic","Card","Relic","Card","Relic","Relic","Relic","Relic","Relic","Relic","Relic","Relic","Relic","Relic","Relic","Relic"],"build_version":"2020-12-22","purchased_purges":11,"victory":true,"max_hp_per_floor":[65,65,65,65,65,65,65,65,65,65,65,65,65,65,65,65,65,65,65,65,65,65,75,75,75,75,75,75,75,75,75,75,75,75,75,75,75,75,75,84,84,84,91,91,91,91,91,91,91,91],"card_choices":[{"not_picked":["Slimebound:SlimeSpikes","Slimebound:PressTheAttack"],"picked":"Slimebound:SplitAcid","floor":2},{"not_picked":["Slimebound:SplitBruiser","Slimebound:LeadByExample"],"picked":"Slimebound:HauntingLick","floor":3},{"not_picked":["Slimebound:Schlurp","Slimebound:GoopTackle"],"picked":"Slimebound:Equalize","floor":5},{"not_picked":["Slimebound:RollThrough","Slimebound:Chomp"],"picked":"Slimebound:LeechingTouch","floor":8},{"not_picked":["Slimebound:LivingWall","Slimebound:BestDefense","Slimebound:PressTheAttack"],"picked":"SKIP","floor":9},{"not_picked":["Slimebound:FormOfPuddle","Slimebound:SlimeSpikes","Slimebound:ForwardTackle"],"picked":"SKIP","floor":12},{"not_picked":["Slimebound:RollThrough","Slimebound:HungryTackle"],"picked":"Slimebound:RejuvenatingLick","floor":13},{"not_picked":["Slimebound:FlameTackle","Slimebound:Prepare","Slimebound:SplitAcid"],"picked":"SKIP","floor":15},{"not_picked":["Slimebound:Recycling","Slimebound:Teamwork"],"picked":"Slimebound:SelfFormingGoo","floor":16},{"not_picked":["Slimebound:LeechEnergy"],"picked":"SKIP","floor":19},{"not_picked":["Slimebound:SlimeBarrage"],"picked":"SKIP","floor":20},{"not_picked":[],"picked":"Slimebound:GoopSpray+1","floor":21},{"not_picked":["Slimebound:FinishingTackle"],"picked":"SKIP","floor":22},{"not_picked":["Slimebound:LevelUp"],"picked":"SKIP","floor":23},{"not_picked":["Slimebound:SplitBruiser"],"picked":"SKIP","floor":25},{"not_picked":["Slimebound:GoopTackle"],"picked":"SKIP","floor":29},{"not_picked":[],"picked":"Slimebound:ProtectTheBoss+1","floor":32},{"not_picked":[],"picked":"Slimebound:RallyTheTroops","floor":33},{"not_picked":[],"picked":"Slimebound:DivideAndConquer+1","floor":36},{"not_picked":["Slimebound:SlimeSpikes"],"picked":"SKIP","floor":37},{"not_picked":["Slimebound:Nibble"],"picked":"SKIP","floor":46},{"not_picked":["Slimebound:SlimeSpikes+1"],"picked":"SKIP","floor":49}],"player_experience":185920,"relics_obtained":[{"floor":7,"key":"Happy Flower"},{"floor":8,"key":"Shovel"},{"floor":10,"key":"hexamod:CandleOfCauterizing"},{"floor":12,"key":"StrikeDummy"},{"floor":24,"key":"Gremlin Horn"},{"floor":25,"key":"Slimebound:PotencyRelic"},{"floor":29,"key":"MawBank"},{"floor":38,"key":"Incense Burner"},{"floor":41,"key":"Mummified Hand"}],"event_choices":[{"damage_healed":25,"gold_gain":0,"player_choice":"Heal","damage_taken":0,"max_hp_gain":0,"max_hp_loss":0,"event_name":"The Library","floor":31,"gold_loss":0}],"is_beta":false,"boss_relics":[{"not_picked":["Philosopher\u0027s Stone","Calling Bell"],"picked":"Busted Crown"},{"not_picked":["Velvet Choker","Coffee Dripper"],"picked":"Runic Dome"}],"items_purged_floors":[5,5,5,5,21,21,23,23,27,27,27],"is_endless":false,"potions_floor_spawned":[2,8,12,12,15,16,16,20,22,22,22,25,29,29,32,33,33,36,37,37,46,47,49,49],"ascension_level":0}}