{"host":"kh6fvhxn285ncg0o","time":1613883062,"event":{"mods":["Act Like it!","BaseMod","Colored Map","Friendly Minions","Keyboard Shortcuts","Minty Spire (QoL Compilation)","Quick Restart","Relic Stats","StSLib","SuperFastMode","UnlockEverythingMod"],"gold_per_floor":[112,62,76,76,1,1,30,30,30,60,70,87,87,87,87,183,183,202,202,215,233,252,286,286,73,73,104,128,163,182,207,207,302,302,326,341,77,98,431,456,456,456,479,505,516,541,553,569,569,569,569,569,569,94,128,128],"floor_reached":57,"language":"KOR","playtime":1981,"items_purged":["Strike_R","Perfected Strike","Bash"],"score":3628,"play_id":"d51c9c61-7fb3-4973-8d4c-2228ec097210","local_time":"20210221135102","is_ascension_mode":true,"campfire_choices":[{"data":"Rage","floor":6.0,"key":"SMITH"},{"data":"Whirlwind","floor":8.0,"key":"SMITH"},{"data":"Uppercut","floor":13.0,"key":"SMITH"},{"data":"Power Through","floor":15.0,"key":"SMITH"},{"data":"Battle Trance","floor":24.0,"key":"SMITH"},{"data":"Offering","floor":32.0,"key":"SMITH"},{"data":"Barricade","floor":41.0,"key":"SMITH"},{"floor":49.0,"key":"RECALL"},{"floor":53.0,"key":"DIG"}],"circlet_count":0,"master_deck":["AscendersBane","Rage+1","Power Through+1","Whirlwind+1","Uppercut+1","Barricade+1","Offering+1","Intimidate+1","Battle Trance+1","Impervious","Body Slam+1","Impervious","True Grit+1","Exhume","Warcry","Warcry","Infernal Blade","Battle Trance","Reckless Charge","Second Wind","Entrench+1","Dark Embrace+1","Feed","Feel No Pain+1","Shockwave+1","Sentinel+1","Violence"],"relics":["Burning Blood","NeowsBlessing","Bag of Marbles","Blood Vial","Mummified Hand","Gremlin Horn","Coffee Dripper","NlothsMask","Anchor","MealTicket","Frozen Egg 2","Pandora\u0027s Box","OrangePellets","Shovel","Orichalcum","Question Card","Pear","Toolbox","Paper Frog"],"acts_visited":["Exordium","TheCity","TheBeyond","TheEnding"],"potions_floor_usage":[56,56,56,56],"damage_taken":[{"damage":0.0,"enemies":"2 Louse","floor":1.0,"turns":1.0},{"damage":0.0,"enemies":"Cultist","floor":3.0,"turns":1.0},{"damage":0.0,"enemies":"3 Sentries","floor":7.0,"turns":2.0},{"damage":66.0,"enemies":"Gremlin Nob","floor":10.0,"turns":6.0},{"damage":0.0,"enemies":"Small Slimes","floor":11.0,"turns":2.0},{"damage":4.0,"enemies":"Exordium Wildlife","floor":12.0,"turns":6.0},{"damage":18.0,"enemies":"Slime Boss","floor":16.0,"turns":11.0},{"damage":8.0,"enemies":"2 Thieves","floor":18.0,"turns":2.0},{"damage":6.0,"enemies":"Chosen","floor":20.0,"turns":6.0},{"damage":20.0,"enemies":"Centurion and Healer","floor":21.0,"turns":8.0},{"damage":25.0,"enemies":"Chosen and Byrds","floor":22.0,"turns":7.0},{"damage":6.0,"enemies":"Book of Stabbing","floor":23.0,"turns":3.0},{"damage":6.0,"enemies":"Slavers","floor":27.0,"turns":1.0},{"damage":0.0,"enemies":"Snake Plant","floor":28.0,"turns":4.0},{"damage":6.0,"enemies":"Gremlin Leader","floor":29.0,"turns":4.0},{"damage":0.0,"enemies":"Shelled Parasite and Fungi","floor":30.0,"turns":3.0},{"damage":6.0,"enemies":"Snecko","floor":31.0,"turns":4.0},{"damage":6.0,"enemies":"Automaton","floor":33.0,"turns":6.0},{"damage":0.0,"enemies":"3 Darklings","floor":35.0,"turns":3.0},{"damage":0.0,"enemies":"Orb Walker","floor":36.0,"turns":4.0},{"damage":6.0,"enemies":"Maw","floor":38.0,"turns":7.0},{"damage":0.0,"enemies":"Nemesis","floor":40.0,"turns":11.0},{"damage":6.0,"enemies":"Giant Head","floor":44.0,"turns":3.0},{"damage":6.0,"enemies":"Spire Growth","floor":45.0,"turns":3.0},{"damage":6.0,"enemies":"Nemesis","floor":46.0,"turns":11.0},{"damage":12.0,"enemies":"Writhing Mass","floor":47.0,"turns":3.0},{"damage":0.0,"enemies":"Transient","floor":48.0,"turns":6.0},{"damage":26.0,"enemies":"Time Eater","floor":50.0,"turns":16.0},{"damage":6.0,"enemies":"Awakened One","floor":51.0,"turns":7.0},{"damage":18.0,"enemies":"Shield and Spear","floor":55.0,"turns":9.0},{"damage":6,"enemies":"The Heart","floor":56,"turns":7}],"seed_played":"-1593634784793072367","potions_obtained":[{"floor":3.0,"key":"BlessingOfTheForge"},{"floor":7.0,"key":"SteroidPotion"},{"floor":10.0,"key":"DuplicationPotion"},{"floor":16.0,"key":"AttackPotion"},{"floor":22.0,"key":"SkillPotion"},{"floor":23.0,"key":"Block Potion"},{"floor":31.0,"key":"PowerPotion"},{"floor":33.0,"key":"EntropicBrew"},{"floor":47.0,"key":"SpeedPotion"}],"is_trial":false,"path_per_floor":["M","?","M","?","?","R","E","R","T","E","M","M","R","?","R","B",null,"M","?","M","M","M","E","R","$","T","E","M","E","M","M","R","B",null,"M","M","$","M","?","E","R","?","T","E","M","E","M","M","R","B","B",null,"R","$","E","B",null],"character_chosen":"IRONCLAD","items_purchased":["Impervious","PowerPotion","OrangePellets","Toolbox","Violence"],"campfire_rested":0,"item_purchase_floors":[25,25,37,54,54],"current_hp_per_floor":[74,74,75,80,80,80,80,80,80,20,28,32,32,32,32,22,60,60,60,62,50,33,35,35,35,35,37,45,47,55,57,57,59,69,72,72,72,72,72,72,72,72,72,75,78,81,75,81,81,61,66,80,90,94,85,87],"gold":128,"neow_bonus":"THREE_ENEMY_KILL","is_daily":false,"chose_seed":false,"campfire_upgraded":7,"win_rate":0.0,"timestamp":1613883062,"path_taken":["M","?","?","?","?","R","E","R","T","E","M","M","R","?","R","BOSS","M","?","?","M","M","E","R","$","T","E","?","E","M","M","R","BOSS","M","M","$","M","?","E","R","?","T","E","M","E","?","M","R","BOSS","BOSS","R","$","E","BOSS"],"items_purchased_type":["Card","Potion","Relic","Relic","Card"],"build_version":"2020-12-22","purchased_purges":3,"victory":true,"max_hp_per_floor":[75,75,75,80,80,80,80,80,80,80,80,80,80,72,72,72,72,72,72,72,72,72,72,72,72,72,72,72,72,72,72,72,72,72,72,72,72,72,72,72,72,72,72,75,78,81,81,81,81,81,84,84,94,94,97,97],"relic_stats":{"Blood Vial":36,"OrangePellets":[10],"Shovel":1,"Gremlin Horn":[14,18],"counters":[31,167],"Mummified Hand":[56],"MealTicket":4,"Pandora\u0027s Box":["Warcry","Warcry","Perfected Strike","Infernal Blade","Battle Trance","Reckless Charge","Second Wind"],"Orichalcum":[6],"Question Card":3,"obtain_stats":[{"Pear":53,"NeowsBlessing":0,"Gremlin Horn":10,"Golden Idol":14,"Frozen Egg 2":29,"Orichalcum":44,"Question Card":46,"Burning Blood":0,"Blood Vial":7,"OrangePellets":37,"Anchor":23,"Shovel":40,"Mummified Hand":9,"Toolbox":54,"MealTicket":27,"Pandora\u0027s Box":34,"Bag of Marbles":2,"Coffee Dripper":17,"NlothsMask":19,"Paper Frog":55},{"Pear":29,"NeowsBlessing":0,"Gremlin Horn":4,"Golden Idol":6,"Frozen Egg 2":15,"Orichalcum":23,"Question Card":25,"Burning Blood":0,"Blood Vial":3,"OrangePellets":20,"Anchor":12,"Shovel":22,"Mummified Hand":3,"Toolbox":29,"MealTicket":13,"Pandora\u0027s Box":18,"Bag of Marbles":1,"Coffee Dripper":7,"NlothsMask":8,"Paper Frog":30},{"Pear":151,"NeowsBlessing":0,"Gremlin Horn":10,"Golden Idol":18,"Frozen Egg 2":64,"Orichalcum":105,"Question Card":119,"Burning Blood":0,"Blood Vial":4,"OrangePellets":84,"Anchor":55,"Shovel":102,"Mummified Hand":4,"Toolbox":151,"MealTicket":56,"Pandora\u0027s Box":77,"Bag of Marbles":1,"Coffee Dripper":29,"NlothsMask":31,"Paper Frog":160}],"Burning Blood":156},"card_choices":[{"not_picked":["Thunderclap","Clash"],"picked":"Rage","floor":1.0},{"not_picked":["True Grit","Twin Strike"],"picked":"Power Through","floor":3.0},{"not_picked":["Metallicize","Flame Barrier"],"picked":"Whirlwind","floor":7.0},{"not_picked":["Twin Strike","Flex","Wild Strike"],"picked":"SKIP","floor":10.0},{"not_picked":["Rampage","Anger"],"picked":"Uppercut","floor":11.0},{"not_picked":["Uppercut","Iron Wave"],"picked":"Barricade","floor":12.0},{"not_picked":["Demon Form","Exhume"],"picked":"Offering","floor":16.0},{"not_picked":["Twin Strike","Pommel Strike","Anger"],"picked":"SKIP","floor":18.0},{"not_picked":["Headbutt","Clothesline"],"picked":"Intimidate+1","floor":20.0},{"not_picked":["Carnage","Clash"],"picked":"Battle Trance","floor":21.0},{"not_picked":["Sword Boomerang","Armaments","Havoc"],"picked":"SKIP","floor":23.0},{"not_picked":["Heavy Blade","Clash+1"],"picked":"Body Slam+1","floor":27.0},{"not_picked":["Sever Soul","Flame Barrier"],"picked":"Impervious","floor":28.0},{"not_picked":["Pummel+1","True Grit","Uppercut"],"picked":"SKIP","floor":29.0},{"not_picked":["Body Slam","Spot Weakness"],"picked":"True Grit+1","floor":30.0},{"not_picked":["Cleave+1","Wild Strike","Havoc"],"picked":"SKIP","floor":31.0},{"not_picked":["Reaper","Double Tap"],"picked":"Exhume","floor":33.0},{"not_picked":["Anger","Clothesline"],"picked":"Entrench+1","floor":35.0},{"not_picked":["Clothesline+1","Twin Strike","Perfected Strike+1"],"picked":"SKIP","floor":36.0},{"not_picked":["Shockwave+1","Perfected Strike"],"picked":"Dark Embrace+1","floor":38.0},{"not_picked":["Heavy Blade","Evolve+1"],"picked":"Feed","floor":40.0},{"not_picked":["Headbutt+1","Iron Wave"],"picked":"Shockwave+1","floor":44.0},{"not_picked":["Twin Strike","Clothesline","Pommel Strike+1"],"picked":"SKIP","floor":45.0},{"not_picked":["Anger+1","Pommel Strike","Exhume"],"picked":"SKIP","floor":46.0},{"not_picked":["Bloodletting","Warcry","Twin Strike"],"picked":"Sentinel+1","floor":47.0}],"player_experience":1487152,"relics_obtained":[{"floor":7.0,"key":"Blood Vial"},{"floor":9.0,"key":"Mummified Hand"},{"floor":10.0,"key":"Gremlin Horn"},{"floor":23.0,"key":"Anchor"},{"floor":27.0,"key":"MealTicket"},{"floor":29.0,"key":"Frozen Egg 2"},{"floor":40.0,"key":"Shovel"},{"floor":44.0,"key":"Orichalcum"},{"floor":46.0,"key":"Question Card"},{"floor":53.0,"key":"Pear"},{"floor":55.0,"key":"Paper Frog"}],"event_choices":[{"damage_healed":0.0,"max_hp_gain":0.0,"max_hp_loss":0.0,"gold_gain":0.0,"event_name":"WeMeetAgain","player_choice":"Paid Gold","floor":2.0,"gold_loss":50.0,"damage_taken":0.0,"relics_obtained":["Bag of Marbles"]},{"damage_healed":0.0,"max_hp_gain":5.0,"max_hp_loss":0.0,"gold_gain":0.0,"event_name":"Big Fish","player_choice":"Donut","floor":4.0,"gold_loss":0.0,"damage_taken":0.0},{"cards_removed":["Strike_R"],"damage_healed":0.0,"max_hp_gain":0.0,"max_hp_loss":0.0,"gold_gain":0.0,"event_name":"The Cleric","player_choice":"Card Removal","floor":5.0,"gold_loss":75.0,"damage_taken":0.0},{"damage_healed":0.0,"max_hp_gain":0.0,"max_hp_loss":8.0,"gold_gain":0.0,"event_name":"Golden Idol","player_choice":"Lose Max HP","floor":14.0,"gold_loss":0.0,"damage_taken":0.0,"relics_obtained":["Golden Idol"]},{"damage_healed":0.0,"max_hp_gain":0.0,"max_hp_loss":0.0,"gold_gain":0.0,"event_name":"FaceTrader","player_choice":"Trade","floor":19.0,"gold_loss":0.0,"damage_taken":0.0,"relics_obtained":["NlothsMask"]},{"damage_healed":0.0,"max_hp_gain":0.0,"max_hp_loss":0.0,"gold_gain":333.0,"event_name":"The Moai Head","player_choice":"Gave Idol","floor":39.0,"relics_lost":["Golden Idol"],"gold_loss":0.0,"damage_taken":0.0},{"damage_healed":0.0,"max_hp_gain":0.0,"max_hp_loss":0.0,"gold_gain":0.0,"event_name":"Match and Keep!","player_choice":"1 cards matched","floor":42.0,"gold_loss":0.0,"damage_taken":0.0,"cards_obtained":["Feel No Pain"]}],"is_beta":false,"boss_relics":[{"not_picked":["Snecko Eye","Cursed Key"],"picked":"Coffee Dripper"},{"not_picked":["Runic Pyramid","Runic Dome"],"picked":"Pandora\u0027s Box"}],"items_purged_floors":[25,37,54],"is_endless":false,"potions_floor_spawned":[3,7,10,16,22,23,27,29,31,33,36,38,47],"ascension_level":20}}