{"host":"lz4xqhdipxskteyg","time":1613934138,"event":{"mods":["2.2 Compatiblity","BaseMod","Bestiary","Colored Map","Colored Powertips","Curses Come First","Highlight Path","Keyboard Shortcuts","Minty Spire (QoL Compilation)","Relic Stats","Slay the Relics Exporter","StSLib","SuperFastMode"],"gold_per_floor":[115,190,85,85,85,85,95,95,95,108,125,125,144,155,155,257,257,269,51,66,66,66,66,66,66],"floor_reached":24,"language":"TUR","playtime":1249,"items_purged":["Regret"],"score":211,"play_id":"4b108b44-7dfd-4781-90f7-0570bd747bc9","local_time":"20210221220218","is_ascension_mode":false,"campfire_choices":[{"floor":6,"key":"REST"},{"floor":12,"key":"REST"},{"floor":15,"key":"REST"},{"data":"Dualcast","floor":23,"key":"SMITH"}],"circlet_count":0,"master_deck":["Strike_B","Strike_B","Strike_B","Strike_B","Defend_B","Defend_B+1","Defend_B","Defend_B","Zap","Dualcast+1","Cold Snap","Ball Lightning+1","Self Repair","Leap","Conserve Battery","Chaos","Melter","Steam Power","Rainbow","Capacitor","Turbo+1","Writhe"],"relics":["Cracked Core","Pocketwatch","Darkstone Periapt","Bronze Scales","Dream Catcher","Inserter","Lee\u0027s Waffle","Ornamental Fan","Bird Faced Urn"],"acts_visited":["Exordium","TheCity"],"potions_floor_usage":[16,24],"damage_taken":[{"damage":1,"enemies":"2 Louse","floor":1,"turns":2},{"damage":0,"enemies":"Small Slimes","floor":7,"turns":2},{"damage":0,"enemies":"Jaw Worm","floor":10,"turns":2},{"damage":6,"enemies":"2 Fungi Beasts","floor":11,"turns":4},{"damage":7,"enemies":"Looter","floor":13,"turns":3},{"damage":5,"enemies":"3 Louse","floor":14,"turns":2},{"damage":46,"enemies":"The Guardian","floor":16,"turns":11},{"damage":6,"enemies":"Shell Parasite","floor":18,"turns":5},{"damage":0,"enemies":"Spheric Guardian","floor":20,"turns":1},{"damage":108,"enemies":"Gremlin Leader","floor":24,"turns":7}],"seed_played":"2638288053379610192","potions_obtained":[{"floor":14,"key":"SkillPotion"},{"floor":18,"key":"FearPotion"}],"is_trial":false,"path_per_floor":["M","?","$","?","?","R","M","?","T","M","M","R","M","M","R","B",null,"M","$","M","?","T","R","E"],"character_chosen":"DEFECT","items_purchased":["Ball Lightning","Self Repair","Lee\u0027s Waffle"],"campfire_rested":3,"item_purchase_floors":[3,3,19],"current_hp_per_floor":[53,42,42,35,20,42,49,55,55,55,56,80,80,75,81,35,81,75,88,88,94,94,94,0,0],"gold":66,"neow_bonus":"ONE_RARE_RELIC","is_daily":false,"chose_seed":false,"campfire_upgraded":1,"win_rate":0.0,"timestamp":1613934138,"path_taken":["M","?","$","?","?","R","M","?","T","M","M","R","M","M","R","BOSS","M","$","M","?","?","R","E"],"items_purchased_type":["Card","Card","Relic"],"build_version":"2020-12-22","purchased_purges":1,"victory":false,"max_hp_per_floor":[75,75,75,75,75,75,75,81,81,81,81,81,81,81,81,81,81,81,88,88,94,94,94,94,94],"relic_stats":{"Darkstone Periapt":12,"Dream Catcher":2,"Lee\u0027s Waffle":13,"Inserter":[6],"counters":[10,39],"Ornamental Fan":[0],"Bronze Scales":[148],"Bird Faced Urn":[2],"obtain_stats":[{"Darkstone Periapt":4,"Dream Catcher":9,"Lee\u0027s Waffle":19,"Inserter":17,"Ornamental Fan":21,"Bronze Scales":8,"Bird Faced Urn":22,"Cracked Core":0,"Pocketwatch":0},{"Darkstone Periapt":1,"Dream Catcher":2,"Lee\u0027s Waffle":8,"Inserter":7,"Ornamental Fan":9,"Bronze Scales":2,"Bird Faced Urn":9,"Cracked Core":0,"Pocketwatch":0},{"Darkstone Periapt":2,"Dream Catcher":4,"Lee\u0027s Waffle":31,"Inserter":26,"Ornamental Fan":32,"Bronze Scales":4,"Bird Faced Urn":32,"Cracked Core":0,"Pocketwatch":0}],"Pocketwatch":[60]},"card_choices":[{"not_picked":["Compile Driver","Reinforced Body"],"picked":"Cold Snap","floor":1},{"not_picked":["Stack","Force Field"],"picked":"Leap","floor":7},{"not_picked":["Coolheaded","All For One"],"picked":"Conserve Battery","floor":10},{"not_picked":["Blizzard","Steam Power","Sunder"],"picked":"SKIP","floor":11},{"not_picked":["Darkness","Heatsinks"],"picked":"Chaos","floor":12},{"not_picked":["Redo","Defragment"],"picked":"Melter","floor":13},{"not_picked":["Cold Snap","Undo","Force Field"],"picked":"SKIP","floor":14},{"not_picked":["Blizzard","Conserve Battery"],"picked":"Steam Power","floor":15},{"not_picked":["Multi-Cast","Fission"],"picked":"Rainbow","floor":16},{"not_picked":["Barrage","Cold Snap"],"picked":"Capacitor","floor":18},{"not_picked":["Hologram","Auto Shields"],"picked":"Turbo+1","floor":20}],"player_experience":53880,"relics_obtained":[{"floor":9,"key":"Dream Catcher"},{"floor":22,"key":"Bird Faced Urn"}],"event_choices":[{"damage_healed":0,"gold_gain":75,"player_choice":"Gather Gold","damage_taken":11,"max_hp_gain":0,"max_hp_loss":0,"event_name":"World of Goop","floor":2,"gold_loss":0},{"damage_healed":0,"gold_gain":0,"player_choice":"Success","damage_taken":7,"relics_obtained":["Darkstone Periapt"],"max_hp_gain":0,"max_hp_loss":0,"event_name":"Scrap Ooze","floor":4,"gold_loss":0},{"damage_healed":0,"gold_gain":0,"player_choice":"Entered Light","damage_taken":15,"max_hp_gain":0,"max_hp_loss":0,"event_name":"Shining Light","floor":5,"gold_loss":0,"cards_upgraded":["Defend_B","Ball Lightning"]},{"damage_healed":0,"gold_gain":0,"player_choice":"Box","damage_taken":0,"relics_obtained":["Bronze Scales"],"max_hp_gain":0,"max_hp_loss":0,"event_name":"Big Fish","floor":8,"gold_loss":0,"cards_obtained":["Regret"]},{"damage_healed":0,"gold_gain":0,"player_choice":"Opened","damage_taken":0,"relics_obtained":["Ornamental Fan"],"max_hp_gain":0,"max_hp_loss":0,"event_name":"The Mausoleum","floor":21,"gold_loss":0,"cards_obtained":["Writhe"]}],"is_beta":false,"boss_relics":[{"not_picked":["Astrolabe","Ectoplasm"],"picked":"Inserter"}],"items_purged_floors":[19],"is_endless":false,"potions_floor_spawned":[14,18],"killed_by":"Gremlin Leader","ascension_level":0}}