{"host":"¿à÷økuyou","time":1613903440,"event":{"mods":["ATMod(°¢èªMod)","Act Like it!","BaseMod","BetterRewards","Minty Spire (QoL Compilation)","Quick Restart","StSLib"],"gold_per_floor":[114,289,304,379,379,409,409,439,439,439,469,499,529,571,583,695,707,734,845,857,884,671,701,701,731,806,836,586,616,253,253,253,353,353,368,383,398,198,213,343,358,488,488,618,748,748,878,38,38,238],"floor_reached":51,"language":"ZHS","playtime":1473,"items_purged":["Armaments","Armaments","Twin Strike","Twin Strike"],"score":1388,"play_id":"12ee1580-1e8b-4087-bacf-32756b509fca","local_time":"20210221183040","daily_mods":["SealedDeck","Flight","Elite Swarm"],"is_ascension_mode":false,"campfire_choices":[{"data":"AT_BodySlamDance","floor":7.0,"key":"SMITH"},{"data":"Juggernaut","floor":15.0,"key":"SMITH"},{"data":"Berserk","floor":24.0,"key":"SMITH"},{"data":"AT_FamilyPortrait","floor":32.0,"key":"SMITH"},{"floor":49.0,"key":"REST"}],"circlet_count":0,"master_deck":["AT_FamilyPortrait+1","Flame Barrier","Fire Breathing","Shrug It Off","Shrug It Off","Shrug It Off+1","AT_BodySlamDance+1","Pommel Strike+1","Battle Trance","AT_Dispersion+1","Feed+1","Feed","Juggernaut","Juggernaut+1","Bloodletting","Berserk+1","Offering","Barricade","Feed","CurseOfTheBell","AT_BodySlamDance+1","Second Wind","Armaments+1","Demon Form","Juggernaut","Madness","Madness","Impervious"],"relics":["Burning Blood","AT_ATBox","AT_RabadonDeathcap","Red Skull","AT_ForceNature","AT_Manta","Akabeko","MawBank","Bottled Tornado","Philosopher\u0027s Stone","Juzu Bracelet","Centennial Puzzle","AT_DeathDance","Blue Candle","AT_ImmortalShieldbow","TheAbacus","AT_TimeSand","Membership Card","Pen Nib","Happy Flower","FaceOfCleric","Calling Bell","AT_BellDemon","Gremlin Horn","AT_TheCollector","AT_ChloranthyRing","Oddly Smooth Stone","Molten Egg 2","Ornamental Fan","AT_BellowingDragoncrestRing","CaptainsWheel","Orichalcum","Smiling Mask","Paper Frog","The Courier","Darkstone Periapt","AT_GuinsooRageblade","Turnip","White Beast Statue","Whetstone","Ancient Tea Set","Strange Spoon","Lantern","Vajra","InkBottle","Boot","HornCleat","Bag of Marbles","AT_BladeRuinedKing","AT_SunfireAegis","Toxic Egg 2","Magic Flower"],"acts_visited":["Exordium","TheCity","TheBeyond"],"potions_floor_usage":[50,50],"damage_taken":[{"damage":0.0,"enemies":"Small Slimes","floor":1.0,"turns":2.0},{"damage":0.0,"enemies":"2 Louse","floor":3.0,"turns":2.0},{"damage":8.0,"enemies":"Gremlin Nob","floor":6.0,"turns":3.0},{"damage":3.0,"enemies":"Lagavulin","floor":8.0,"turns":3.0},{"damage":0.0,"enemies":"Gremlin Nob","floor":11.0,"turns":3.0},{"damage":0.0,"enemies":"Lagavulin","floor":12.0,"turns":4.0},{"damage":0.0,"enemies":"Gremlin Nob","floor":13.0,"turns":2.0},{"damage":0.0,"enemies":"Lagavulin","floor":14.0,"turns":3.0},{"damage":9.0,"enemies":"The Guardian","floor":16.0,"turns":4.0},{"damage":0.0,"enemies":"Chosen","floor":18.0,"turns":3.0},{"damage":11.0,"enemies":"2 Thieves","floor":21.0,"turns":3.0},{"damage":2.0,"enemies":"Book of Stabbing","floor":23.0,"turns":3.0},{"damage":15.0,"enemies":"Slavers","floor":25.0,"turns":2.0},{"damage":8.0,"enemies":"Gremlin Leader","floor":27.0,"turns":3.0},{"damage":8.0,"enemies":"Slavers","floor":29.0,"turns":1.0},{"damage":9.0,"enemies":"Collector","floor":33.0,"turns":3.0},{"damage":8.0,"enemies":"3 Darklings","floor":35.0,"turns":2.0},{"damage":0.0,"enemies":"3 Shapes","floor":36.0,"turns":2.0},{"damage":9.0,"enemies":"Transient","floor":37.0,"turns":3.0},{"damage":0.0,"enemies":"Maw","floor":39.0,"turns":2.0},{"damage":0.0,"enemies":"Reptomancer","floor":40.0,"turns":1.0},{"damage":1.0,"enemies":"Sphere and 2 Shapes","floor":41.0,"turns":1.0},{"damage":2.0,"enemies":"Giant Head","floor":42.0,"turns":2.0},{"damage":19.0,"enemies":"Nemesis","floor":44.0,"turns":3.0},{"damage":6.0,"enemies":"Reptomancer","floor":45.0,"turns":1.0},{"damage":36.0,"enemies":"Nemesis","floor":47.0,"turns":3.0},{"damage":0,"enemies":"Donu and Deca","floor":50,"turns":1}],"seed_played":"-7397021786818157212","potions_obtained":[{"floor":8.0,"key":"Swift Potion"},{"floor":11.0,"key":"EssenceOfSteel"},{"floor":12.0,"key":"LiquidMemories"},{"floor":25.0,"key":"EntropicBrew"},{"floor":47.0,"key":"Ancient Potion"}],"is_trial":false,"path_per_floor":["M","?","M","?","?","E","R","E","T","?","E","E","E","E","R","B",null,"M","?","?","M","$","E","R","E","T","E","$","E","$","?","R","B",null,"M","M","M","$","M","E","M","E","T","E","E","?","E","$","R","B",null],"character_chosen":"IRONCLAD","items_purchased":["Juzu Bracelet","TheAbacus","Membership Card","Pen Nib","Happy Flower","Ornamental Fan","Strange Spoon","Lantern","Vajra","InkBottle","Boot","HornCleat","Bag of Marbles","AT_BladeRuinedKing","AT_SunfireAegis","Toxic Egg 2","Magic Flower"],"campfire_rested":1,"item_purchase_floors":[22,28,30,30,30,38,48,48,48,48,48,48,48,48,48,48,48],"current_hp_per_floor":[80,80,80,69,62,60,60,63,63,47,53,59,65,71,71,68,80,80,80,80,81,81,85,85,79,79,80,80,81,81,81,81,82,99,101,107,105,105,109,110,111,112,112,100,101,92,63,63,97,108],"gold":238,"neow_bonus":"","is_daily":true,"chose_seed":false,"campfire_upgraded":4,"win_rate":0.0,"timestamp":1613903440,"path_taken":["M","?","M","?","?","E","R","E","T","?","E","E","E","E","R","BOSS","M","?","?","M","$","E","R","E","T","E","$","E","$","?","R","BOSS","M","M","M","$","M","E","M","E","T","E","E","?","E","$","R","BOSS"],"items_purchased_type":["Relic","Relic","Relic","Relic","Relic","Relic","Relic","Relic","Relic","Relic","Relic","Relic","Relic","Relic","Relic","Relic","Relic"],"build_version":"2020-12-18","purchased_purges":4,"victory":true,"max_hp_per_floor":[80,80,80,80,80,80,80,80,80,80,80,80,80,80,80,80,80,80,80,80,86,86,86,86,89,89,92,92,95,95,95,95,99,99,103,107,108,108,109,110,111,112,112,113,114,114,115,115,115,116],"card_choices":[{"not_picked":["True Grit","Iron Wave"],"picked":"Pommel Strike","floor":1.0},{"not_picked":["AT_ManFootWork","Havoc"],"picked":"Battle Trance","floor":3.0},{"not_picked":["Brutality","Double Tap"],"picked":"AT_Dispersion","floor":6.0},{"not_picked":["Corruption","Immolate"],"picked":"Feed","floor":8.0},{"not_picked":["Demon Form","Impervious"],"picked":"Feed","floor":11.0},{"not_picked":["Double Tap","Exhume","Corruption"],"picked":"SKIP","floor":12.0},{"not_picked":["AT_Dispersion","Limit Break"],"picked":"Juggernaut","floor":13.0},{"not_picked":["Limit Break","Corruption"],"picked":"Juggernaut","floor":14.0},{"not_picked":["Body Slam+1","Armaments+1"],"picked":"Bloodletting","floor":18.0},{"not_picked":["Iron Wave","Power Through","Anger"],"picked":"SKIP","floor":21.0},{"not_picked":["Impervious","Bludgeon"],"picked":"Berserk","floor":23.0},{"not_picked":["Brutality","Reaper"],"picked":"Offering","floor":25.0},{"not_picked":["Exhume","Corruption"],"picked":"Barricade","floor":27.0},{"not_picked":["Barricade","Exhume"],"picked":"Feed","floor":29.0},{"not_picked":["Sword Boomerang+1","Uppercut+1"],"picked":"AT_BodySlamDance+1","floor":35.0},{"not_picked":["Twin Strike","Cleave","Dropkick"],"picked":"SKIP","floor":36.0},{"not_picked":["AT_Dispersion","Anger+1"],"picked":"Second Wind","floor":37.0},{"not_picked":["AT_IchimonjiDouble+1","Cleave+1"],"picked":"Armaments+1","floor":39.0},{"not_picked":["Reaper+1","Barricade"],"picked":"Demon Form","floor":40.0},{"not_picked":["Shrug It Off","Bloodletting+1","Perfected Strike+1"],"picked":"SKIP","floor":41.0},{"not_picked":["Fiend Fire+1","Juggernaut","Brutality"],"picked":"SKIP","floor":42.0},{"not_picked":["Brutality","Limit Break","Demon Form"],"picked":"SKIP","floor":44.0},{"not_picked":["Brutality","AT_Dispersion"],"picked":"Juggernaut","floor":45.0},{"not_picked":["AT_Dispersion","Corruption"],"picked":"Impervious","floor":47.0}],"player_experience":222759,"relics_obtained":[{"floor":6.0,"key":"AT_RabadonDeathcap"},{"floor":8.0,"key":"Red Skull"},{"floor":9.0,"key":"AT_ForceNature"},{"floor":11.0,"key":"AT_Manta"},{"floor":12.0,"key":"Akabeko"},{"floor":13.0,"key":"MawBank"},{"floor":14.0,"key":"Bottled Tornado"},{"floor":23.0,"key":"Centennial Puzzle"},{"floor":25.0,"key":"AT_DeathDance"},{"floor":26.0,"key":"Blue Candle"},{"floor":27.0,"key":"AT_ImmortalShieldbow"},{"floor":29.0,"key":"AT_TimeSand"},{"floor":34.0,"key":"AT_BellDemon"},{"floor":34.0,"key":"Gremlin Horn"},{"floor":34.0,"key":"AT_TheCollector"},{"floor":35.0,"key":"AT_ChloranthyRing"},{"floor":36.0,"key":"Oddly Smooth Stone"},{"floor":37.0,"key":"Molten Egg 2"},{"floor":39.0,"key":"AT_BellowingDragoncrestRing"},{"floor":40.0,"key":"CaptainsWheel"},{"floor":41.0,"key":"Orichalcum"},{"floor":42.0,"key":"Smiling Mask"},{"floor":42.0,"key":"Paper Frog"},{"floor":43.0,"key":"The Courier"},{"floor":44.0,"key":"Darkstone Periapt"},{"floor":44.0,"key":"AT_GuinsooRageblade"},{"floor":45.0,"key":"Turnip"},{"floor":45.0,"key":"White Beast Statue"},{"floor":47.0,"key":"Whetstone"},{"floor":47.0,"key":"Ancient Tea Set"}],"event_choices":[{"damage_healed":0.0,"max_hp_gain":0.0,"max_hp_loss":0.0,"gold_gain":175.0,"event_name":"Liars Game","player_choice":"AGREE","floor":2.0,"gold_loss":0.0,"damage_taken":0.0,"cards_obtained":["Doubt"]},{"damage_healed":0.0,"max_hp_gain":0.0,"max_hp_loss":0.0,"gold_gain":75.0,"event_name":"World of Goop","player_choice":"Gather Gold","floor":4.0,"gold_loss":0.0,"damage_taken":11.0},{"cards_removed":["Doubt"],"damage_healed":0.0,"max_hp_gain":0.0,"max_hp_loss":0.0,"gold_gain":0.0,"event_name":"Golden Wing","player_choice":"Card Removal","floor":5.0,"gold_loss":0.0,"damage_taken":7.0},{"damage_healed":0.0,"max_hp_gain":0.0,"max_hp_loss":0.0,"gold_gain":0.0,"event_name":"Shining Light","player_choice":"Entered Light","floor":10.0,"gold_loss":0.0,"damage_taken":16.0,"cards_upgraded":["Shrug It Off","AT_Dispersion"]},{"damage_healed":0.0,"max_hp_gain":0.0,"max_hp_loss":0.0,"gold_gain":99.0,"event_name":"Nest","player_choice":"Stole From Cult","floor":19.0,"gold_loss":0.0,"damage_taken":0.0},{"damage_healed":0.0,"max_hp_gain":0.0,"max_hp_loss":0.0,"gold_gain":0.0,"event_name":"Ghosts","player_choice":"Ignored","floor":20.0,"gold_loss":0.0,"damage_taken":0.0},{"damage_healed":0.0,"max_hp_gain":0.0,"max_hp_loss":0.0,"gold_gain":0.0,"event_name":"FaceTrader","player_choice":"Trade","floor":31.0,"gold_loss":0.0,"damage_taken":0.0,"relics_obtained":["FaceOfCleric"]},{"damage_healed":0.0,"max_hp_gain":0.0,"max_hp_loss":0.0,"gold_gain":0.0,"event_name":"Winding Halls","player_choice":"Embrace Madness","floor":46.0,"gold_loss":0.0,"damage_taken":14.0,"cards_obtained":["Madness","Madness"]}],"is_beta":true,"boss_relics":[{"not_picked":["Cursed Key","Runic Pyramid"],"picked":"Philosopher\u0027s Stone"},{"not_picked":["Astrolabe","Runic Cube"],"picked":"Calling Bell"}],"items_purged_floors":[22,28,30,38],"is_endless":false,"potions_floor_spawned":[8,11,12,13,21,25,29,36,39,41,45,47],"ascension_level":0}}