{"host":"sxaoifcprvg3ww0o","time":1613905646,"event":{"mods":["ATMod(∞¢Ë™Mod)","Act Like it!","Arknights","BaseMod","Downfall","Gensokyo","GifTheSpireLib","Hermit","KinomotoSakuraMod(ƒæ÷Æ±æ”£)","Marisa£®ÏF”Í°°ƒß¿Ì…≥£©","Minty Spire (QoL Compilation)","Prisma Mod","Quick Restart","Reimu£®≤©¿ˆ¡È√Œ£©","Reliquary","Remilia£®¿Ÿ√◊¿Ú—«£©","Replay The Spire","StSLib","The Alterego","The Senshi","Waifu the Spire","Yakumo Yukari mod","Youmu£®ªÍ∆«—˝√Œ£©","Yuyuko","°æ“≈ŒÔø®≈∆°øREMEMod"],"gold_per_floor":[132,132,150,150,194,224,224,255,278,278,289,308,308,9,9,111,111,124,342,361,375,390,418,418,418,464,464,481,514,543,0,12,119,131,159,186,198,221,233,343,390,414,426,111,111,129,155,155,155,155,155,155,1,28,28],"floor_reached":56,"language":"ZHS","playtime":5046,"items_purged":["Extrememeaning_purpleEX"],"score":1556,"play_id":"dd8ab708-cc62-4c35-ba33-017a792dbc13","local_time":"20210221190726","is_ascension_mode":true,"campfire_choices":[{"floor":7.0,"key":"REST"},{"floor":10.0,"key":"RECALL"},{"floor":15.0,"key":"REST"},{"data":"After Image","floor":25.0,"key":"SMITH"},{"data":"ContainerChange_purple","floor":27.0,"key":"SMITH"},{"floor":32.0,"key":"REST"},{"data":"Mind Blast","floor":45,"key":"SMITH"},{"data":"REME_PuzzleBox","floor":49,"key":"SMITH"},{"data":"REME_PuzzleBox","floor":52,"key":"SMITH"}],"circlet_count":0,"master_deck":["AT_purpleEX","AT_purpleEX","AT_purpleEX","AT_purpleEX+1","Defend_purpleEX","Defend_purpleEX","Defend_purpleEX","Defend_purpleEX","Observe_purple_1","Observe_purple_2","AT_EssenceShift+1","After Image+1","Mirror_WaveAndshot_purple","MNeedle_purple","Shallow_ocean_purpleEX+1","Erosivefilter_purple","AdvanceAttack_purple","CommonSense_AntiCommonSense_purple","MeetDecomposer_purple","Mirror_FormAndEmptin_purple","PositiveMatter_Antimatter_Universe_purple","WingOfChimera_purple","Boundary_ObjectiveBoundary_purple","Mirror_TwoAndThreeElementRealm_purple+1","Computing_the_future_purpleEX","ContainerChange_purple+1","Line_surface_state_purple+1","PositiveMatter_Antimatter_Universe_purple+1","DimensionStaggered_purple","Survey Options","Mirror_FourBoundary_purple","Human_Monster_Realm_purple","MetroBOOM_purple+1","Enlightenment+1","Charmbait_purple+1","OmniscientAndOmnipotent_Monster_purple","Umbrella_purple","REME_WheelOfFate+1","Shallow_ocean_purpleEX","Monsters_DoubleDeathButterfly_purple","WangLiang_LineAndCurveDreams_purple","ContainerChange_purple","Bandage Up+1","REME_PuzzleBox+1","Gensokyo:PrivateSquare","Pot Of Greed","Pot Of Greed","Pot Of Greed","Pot Of Greed","REME_PuzzleBox+1","ExternalForce_HighSpeedFlying_purple","Pot Of Greed","Mind Blast+1","Madness+1"],"relics":["Boundary_crack","Memoryfragments_purpleEX","REME_ComplimentaryCards","AT_ATBox","Omamori","Gensokyo:CelestialsFlawlessClothing","Replay:Bottled Flurry","REME_IWantAll","hexamod:BolsterEngine","reliquary:Aerogel","TheEssenceOfRealm","REME_LowDesire","Smiling Mask","reliquary:TuningFork","Boot","Replay:Kaleidoscope","reliquary:PartyBalloon","reliquary:SharkskinSheath","Replay:Baseball","MawBank","RedLine:ReiMu","AT_BladeRuinedKing","Grinning Jar","ReplayTheSpireMod:TigerMarble","BargainBundle","reliquary:WeakTea","AT_ArcaneBoots","reliquary:Stiletto","Lee\u0027s Waffle","ReplayFunnel"],"acts_visited":["Exordium","Gensokyo:Gensokyo","Gensokyo:Gensokyoer","TheEnding"],"potions_floor_usage":[44,50],"damage_taken":[{"damage":2.0,"enemies":"Gensokyo:3_Fairies","floor":1.0,"turns":6.0},{"damage":2.0,"enemies":"Gensokyo:2_Kodama","floor":3.0,"turns":5.0},{"damage":22.0,"enemies":"Gensokyo:Cirno","floor":6.0,"turns":7.0},{"damage":22.0,"enemies":"Gensokyo:Mamizou","floor":8.0,"turns":9.0},{"damage":0.0,"enemies":"Gensokyo:Gryphon","floor":11.0,"turns":1.0},{"damage":3.0,"enemies":"Gensokyo:Kitsune","floor":12.0,"turns":3.0},{"damage":11.0,"enemies":"Gensokyo:Reimu","floor":16.0,"turns":16.0},{"damage":47.0,"enemies":"Gensokyo:2_Gloops","floor":18.0,"turns":7.0},{"damage":0.0,"enemies":"Gensokyo:Chomper","floor":19.0,"turns":7.0},{"damage":16.0,"enemies":"Gensokyo:Swordslinger","floor":20.0,"turns":8.0},{"damage":40.0,"enemies":"Gensokyo:3_Gloops","floor":21.0,"turns":8.0},{"damage":23.0,"enemies":"Gensokyo:Slime_Group","floor":22.0,"turns":6.0},{"damage":24.0,"enemies":"Gensokyo:Reisen","floor":23.0,"turns":9.0},{"damage":12.0,"enemies":"Gensokyo:Chomper_and_Gloop","floor":28.0,"turns":8.0},{"damage":26.0,"enemies":"Gensokyo:Tenshi","floor":29.0,"turns":7.0},{"damage":14.0,"enemies":"Gensokyo:Mirror_and_Dog","floor":30.0,"turns":2.0},{"damage":27.0,"enemies":"Gensokyo:Eiki","floor":33.0,"turns":9.0},{"damage":0.0,"enemies":"Gensokyo:3_Bats","floor":35.0,"turns":1.0},{"damage":16.0,"enemies":"Gensokyo:AncientGuardian","floor":36.0,"turns":3.0},{"damage":0.0,"enemies":"Gensokyo:4_Bats","floor":38.0,"turns":1.0},{"damage":0.0,"enemies":"Gensokyo:SeedOfUnknown","floor":40.0,"turns":8.0},{"damage":14.0,"enemies":"Gensokyo:Marisa","floor":41.0,"turns":3.0},{"damage":10,"enemies":"Gensokyo:Rafflesia","floor":42,"turns":7},{"damage":0,"enemies":"Gensokyo:4_Bats","floor":46,"turns":3},{"damage":0,"enemies":"Gensokyo:Kasen","floor":47,"turns":1},{"damage":0,"enemies":"Gensokyo:Shinki","floor":50,"turns":5},{"damage":0,"enemies":"Shield and Spear","floor":54,"turns":3},{"damage":38,"enemies":"The Heart","floor":55,"turns":11}],"seed_played":"127622517460479648","potions_obtained":[{"floor":5.0,"key":"Block Potion"},{"floor":6.0,"key":"ColorlessPotion"},{"floor":8.0,"key":"AttackPotion"},{"floor":11.0,"key":"LiquidBronze"},{"floor":20.0,"key":"ColorlessPotion"},{"floor":22.0,"key":"Elixir"},{"floor":23.0,"key":"EssenceOfSteel"},{"floor":28.0,"key":"ColorlessPotion"},{"floor":38.0,"key":"Fire Potion"},{"floor":54,"key":"Explosive Potion"}],"is_trial":false,"path_per_floor":["M","?","M","?","?","E","R","E","T","R","M","M","?","COS","R","B",null,"M","M","M","M","M","E","?","R","T","R","M","E","M","?","R","B",null,"M","M","?","M","?","M","E","M","T","$","R","M","E","?","R","B",null,"R","$","E","B",null],"character_chosen":"Youkari","items_purchased":["BargainBundle","reliquary:WeakTea","REME_PuzzleBox","ExternalForce_HighSpeedFlying_purple","REME_GoldPotion","PowerPotion","Mind Blast","Lee\u0027s Waffle"],"campfire_rested":3,"item_purchase_floors":[44,44,44,44,44,44,44,53],"current_hp_per_floor":[77,62,63,44,25,8,32,14,14,14,15,14,14,14,38,37,89,47,52,65,32,38,34,34,34,34,34,23,21,32,32,62,40,105,105,99,99,105,105,105,98,97,97,97,97,99,105,105,105,105,105,105,112,112,80],"gold":28,"neow_bonus":"TEN_PERCENT_HP_BONUS","is_daily":false,"chose_seed":false,"campfire_upgraded":5,"win_rate":0.0,"timestamp":1613905646,"path_taken":["M","?","M","?","?","E","R","E","T","R","?","M","?","COS","R","BOSS","M","M","?","M","M","E","?","R","T","R","M","E","M","?","R","BOSS","M","M","?","M","?","?","E","M","T","?","R","M","E","?","R","BOSS","R","$","E","BOSS"],"items_purchased_type":["Relic","Relic","Card","Card","Potion","Potion","Card","Relic"],"build_version":"2020-12-22","purchased_purges":1,"victory":true,"max_hp_per_floor":[77,77,77,77,77,80,80,83,83,83,83,83,83,83,83,89,89,89,89,93,97,101,101,101,101,101,101,101,101,101,101,101,105,105,105,105,105,105,105,105,105,105,105,105,105,105,105,105,105,105,105,105,112,112,112],"card_choices":[{"not_picked":["Nest_LightFlightworm_purple","MeetDecomposer_purple"],"picked":"Mirror_WaveAndshot_purple","floor":1.0},{"not_picked":["Umbrella_purple","SfantasyHide_purple"],"picked":"MNeedle_purple","floor":3.0},{"not_picked":["StateDuplicate_purple","Umbrella_purple"],"picked":"Shallow_ocean_purpleEX","floor":5.0},{"not_picked":["Extrememeaning_purpleEX","Erosivefilter_purple","AdvanceAttack_purple"],"picked":"Singing Bowl","floor":6.0},{"not_picked":["CommonSense_AntiCommonSense_purple","MeetDecomposer_purple","Mirror_FormAndEmptin_purple"],"picked":"Singing Bowl","floor":8.0},{"not_picked":["OpenedBox_purple","Mirror_FormAndEmptin_purple","Worldmountain_purple"],"picked":"SKIP","floor":11.0},{"not_picked":["PositiveMatter_Antimatter_Universe_purple","WingOfChimera_purple","Boundary_ObjectiveBoundary_purple"],"picked":"SKIP","floor":12.0},{"not_picked":["Mirror_Drifter_purple","Charmbait_purple","Boundary_DreamRealityDamnation_purple"],"picked":"Singing Bowl","floor":16.0},{"not_picked":["Mirror_TwoAndThreeElementRealm_purple","Computing_the_future_purpleEX","ContainerChange_purple"],"picked":"Singing Bowl","floor":16.0},{"not_picked":["Line_surface_state_purple+1","OmniscientAndOmnipotent_Monster_purple+1","Charmbait_purple","Magnetism"],"picked":"SKIP","floor":18.0},{"not_picked":["StateDuplicate_purple","RuleDissolution_purple+1","Mirror_FormAndEmptin_purple+1","REME_FirmDetermination"],"picked":"SKIP","floor":19.0},{"not_picked":["Line_surface_state_purple","PositiveMatter_Antimatter_Universe_purple+1","DimensionStaggered_purple","Survey Options"],"picked":"Singing Bowl","floor":20.0},{"not_picked":["Mirror_FourBoundary_purple","Human_Monster_Realm_purple","MetroBOOM_purple+1","Enlightenment+1"],"picked":"Singing Bowl","floor":21.0},{"not_picked":["Charmbait_purple+1","OmniscientAndOmnipotent_Monster_purple","Umbrella_purple","REME_WheelOfFate"],"picked":"Singing Bowl","floor":22.0},{"not_picked":["MeetDecomposer_purple","Charmbait_purple","Extrememeaning_purpleEX","Crow Ritual"],"picked":"SKIP","floor":23.0},{"not_picked":["StretchesForeverDream_purple","SharpContractionReality_purple","Charmbait_purple","REME_BuildACard"],"picked":"SKIP","floor":28.0},{"not_picked":["Worldmountain_purple","Mirror_WaveAndshot_purple","Extrememeaning_purpleEX","Jack Of All Trades"],"picked":"SKIP","floor":29.0},{"not_picked":["CommonSense_AntiCommonSense_purple","Erosivefilter_purple","WangLiang_OokamiKakushi_purple","REME_TheoryOfElimination+1"],"picked":"SKIP","floor":30.0},{"not_picked":["Monsters_DoubleDeathButterfly_purple","WangLiang_LineAndCurveDreams_purple","ContainerChange_purple","Bandage Up+1"],"picked":"Singing Bowl","floor":33.0},{"not_picked":["MonsterNeedle_purple+1","Umbrella_purple","Realm_recovery_purpleEX+1","Purity"],"picked":"SKIP","floor":35.0},{"not_picked":["Shallow_ocean_purpleEX+1","Price_of_realm_purpleEX","OmniscientAndOmnipotent_Monster_purple+1","Flash of Steel"],"picked":"SKIP","floor":36.0},{"not_picked":["Charmbait_purple+1","Line_surface_state_purple","AdvanceAttack_purple"],"picked":"REME_PuzzleBox","floor":38.0},{"not_picked":["Umbrella_purple","Worldmountain_purple","ExistenceContinue_purple","AT_CelerityRune+1"],"picked":"SKIP","floor":40.0},{"not_picked":["PurpleNeedle_purple+1","RuleDissolution_purple","MeetDecomposer_purple","AT_BreakingExtremeWeapon"],"picked":"SKIP","floor":41.0},{"not_picked":["SharpContractionReality_purple+1","SfantasyHide_purple","RuleDissolution_purple+1","AT_PowerWithin"],"picked":"SKIP","floor":42},{"not_picked":["RuptureOfTimeAndSpace_purple+1","WatchEChange_purple+1","DimensionStaggered_purple","ReplayUltimateDefense"],"picked":"SKIP","floor":46},{"not_picked":["PurpleNeedle_purple","SfantasyHide_purple+1","ButterflyHabitatTemple_purple+1"],"picked":"Madness+1","floor":47},{"not_picked":["Computing_the_future_purpleEX","Boundary_DreamRealityDamnation_purple","StateDuplicate_purple","PanicButton+1"],"picked":"SKIP","floor":54}],"player_experience":585488,"relics_obtained":[{"floor":5.0,"key":"Replay:Bottled Flurry"},{"floor":6.0,"key":"REME_IWantAll"},{"floor":8.0,"key":"hexamod:BolsterEngine"},{"floor":9.0,"key":"reliquary:Aerogel"},{"floor":17.0,"key":"Smiling Mask"},{"floor":17.0,"key":"reliquary:TuningFork"},{"floor":23.0,"key":"reliquary:PartyBalloon"},{"floor":29.0,"key":"MawBank"},{"floor":41.0,"key":"AT_BladeRuinedKing"},{"floor":43,"key":"ReplayTheSpireMod:TigerMarble"},{"floor":47,"key":"AT_SpeedBoots"},{"floor":54,"key":"ReplayFunnel"}],"event_choices":[],"is_beta":false,"boss_relics":[{"not_picked":["Replay:Wanted Poster","reliquary:Ember"],"picked":"REME_LowDesire"},{"not_picked":["reliquary:ThirdArm","Philosopher\u0027s Stone"],"picked":"RedLine:ReiMu"}],"items_purged_floors":[44],"is_endless":false,"potions_floor_spawned":[6,8,11,20,22,23,28,38,46,47,54],"ascension_level":1}}