{"host":"ytx76dzs4hscrr3d","time":1613917310,"event":{"mods":["2.2 Compatiblity","AchievementEnabler","BaseMod","DeckTracker","Highlight Path","Minty Spire (QoL Compilation)","Random Character Button","Reliquary","Robot Space Explorer","Spire Arcade","StSLib"],"gold_per_floor":[111,131,206,206,218,218,34,63,109,119,47,79,94,94,94,196,196,215,130,149,31,46,46,46,62,86,106,117,117,117,0,0,102,102,112,19,33,46,46,46,75,75,99,134,134,63,63,63,63,63,63,63,13,41,41,41],"floor_reached":55,"language":"ENG","playtime":4750,"items_purged":[],"score":733,"play_id":"c6cd2119-a110-44f0-846e-3a159e2e3f9d","local_time":"20210221152150","is_ascension_mode":false,"campfire_choices":[{"floor":6,"key":"RECALL"},{"data":"RobotSpaceExplorer:StarLightning","floor":15,"key":"SMITH"},{"data":"RobotSpaceExplorer:MiniBoosters","floor":23,"key":"SMITH"},{"data":"RobotSpaceExplorer:PowerCollector","floor":32,"key":"SMITH"},{"floor":40,"key":"REST"},{"data":"RobotSpaceExplorer:Pulsar","floor":42,"key":"SMITH"},{"data":"RobotSpaceExplorer:PowerCollector","floor":45,"key":"SMITH"},{"data":"RobotSpaceExplorer:TrailblazerForm","floor":47,"key":"SMITH"},{"floor":49,"key":"REST"},{"data":"RobotSpaceExplorer:Pulsar","floor":52,"key":"SMITH"}],"circlet_count":0,"master_deck":["RobotSpaceExplorer:Strike","RobotSpaceExplorer:Strike","RobotSpaceExplorer:Strike","RobotSpaceExplorer:Strike","RobotSpaceExplorer:Defend","RobotSpaceExplorer:Defend","RobotSpaceExplorer:Defend","RobotSpaceExplorer:Defend","RobotSpaceExplorer:Scan","RobotSpaceExplorer:MiniLasers","RobotSpaceExplorer:ImprovisedAttack","RobotSpaceExplorer:FreezeRay+1","RobotSpaceExplorer:StarLightning+1","RobotSpaceExplorer:GearShield","RobotSpaceExplorer:MetalStrike","RobotSpaceExplorer:MetalStrike","RobotSpaceExplorer:PowerGlove","RobotSpaceExplorer:FranticSearch","RobotSpaceExplorer:StunGrenade","RobotSpaceExplorer:GlueSpray","RobotSpaceExplorer:BlastShield","RobotSpaceExplorer:Pulsar+1","RobotSpaceExplorer:GlueShot","RobotSpaceExplorer:MiniBoosters+1","RobotSpaceExplorer:Pulsar+1","RobotSpaceExplorer:ShockKick","RobotSpaceExplorer:Smokescreen","RobotSpaceExplorer:SwiftStep+1","RobotSpaceExplorer:SelfCleaning","RobotSpaceExplorer:PowerCollector+1","RobotSpaceExplorer:TrailblazerForm+1","RobotSpaceExplorer:MiniDrones","Flash of Steel","RobotSpaceExplorer:DualCore+1","RobotSpaceExplorer:GlueShot","Madness","Madness","RobotSpaceExplorer:Counterblock+1","RobotSpaceExplorer:PowerCollector+1","RobotSpaceExplorer:Jetpack","Master of Strategy","The Bomb","Finesse","RobotSpaceExplorer:SwiftStep","RobotSpaceExplorer:GlueShot"],"relics":["RobotSpaceExplorer:RoboCore","reliquary:Stiletto","Toy Ornithopter","Ice Cream","RobotSpaceExplorer:Reprocessor","Mummified Hand","Vajra","Runic Dome","Potion Belt","reliquary:RoseTintedGlasses","reliquary:BallBearing","Oddly Smooth Stone"],"acts_visited":["Exordium","TheCity","TheBeyond","TheEnding"],"potions_floor_usage":[20,27,50,50,54,55,55],"damage_taken":[{"damage":0,"enemies":"Jaw Worm","floor":1,"turns":5},{"damage":1,"enemies":"2 Louse","floor":2,"turns":3},{"damage":0,"enemies":"Cultist","floor":5,"turns":5},{"damage":31,"enemies":"Lagavulin","floor":8,"turns":8},{"damage":0,"enemies":"Looter","floor":10,"turns":2},{"damage":3,"enemies":"3 Sentries","floor":12,"turns":5},{"damage":4,"enemies":"Exordium Thugs","floor":13,"turns":4},{"damage":17,"enemies":"Slime Boss","floor":16,"turns":6},{"damage":0,"enemies":"Chosen","floor":18,"turns":4},{"damage":11,"enemies":"2 Thieves","floor":20,"turns":4},{"damage":12,"enemies":"Sentry and Sphere","floor":22,"turns":4},{"damage":4,"enemies":"3 Cultists","floor":25,"turns":5},{"damage":4,"enemies":"Shelled Parasite and Fungi","floor":27,"turns":5},{"damage":15,"enemies":"Snecko","floor":28,"turns":5},{"damage":31,"enemies":"Automaton","floor":33,"turns":10},{"damage":2,"enemies":"3 Darklings","floor":35,"turns":3},{"damage":7,"enemies":"Orb Walker","floor":37,"turns":3},{"damage":9,"enemies":"Maw","floor":38,"turns":7},{"damage":20,"enemies":"Giant Head","floor":41,"turns":8},{"damage":0,"enemies":"Reptomancer","floor":44,"turns":5},{"damage":59,"enemies":"Awakened One","floor":50,"turns":8},{"damage":72,"enemies":"Shield and Spear","floor":54,"turns":7},{"damage":31,"enemies":"The Heart","floor":55,"turns":5}],"seed_played":"-3608918600029765653","potions_obtained":[{"floor":2,"key":"Fire Potion"},{"floor":16,"key":"PowerPotion"},{"floor":20,"key":"Fire Potion"},{"floor":28,"key":"BlessingOfTheForge"},{"floor":33,"key":"RobotSpaceExplorer:PlasmaFlask"},{"floor":41,"key":"ColorlessPotion"},{"floor":44,"key":"RobotSpaceExplorer:PlasmaFlask"}],"is_trial":false,"path_per_floor":["M","M","?","?","M","R","$","E","T","M","$","E","M","?","R","B",null,"M","?","M","$","M","R","?","M","T","M","M","?","?","$","R","B",null,"M","$","M","M","?","R","E","R","T","E","R","$","R","?","R","B",null,"R","$","E","B"],"character_chosen":"RobotSpaceExplorer","items_purchased":["reliquary:Stiletto","RobotSpaceExplorer:GearShield","RobotSpaceExplorer:PowerGlove","RobotSpaceExplorer:MiniBoosters","RobotSpaceExplorer:Pulsar","RobotSpaceExplorer:SelfCleaning","RobotSpaceExplorer:PowerCollector","Flash of Steel","RobotSpaceExplorer:Jetpack","RobotSpaceExplorer:SwiftStep"],"campfire_rested":2,"item_purchase_floors":[7,7,11,21,21,31,31,36,46,53],"current_hp_per_floor":[82,81,70,70,70,70,70,39,39,39,39,36,32,32,32,15,82,82,82,76,76,64,64,64,60,60,61,46,46,46,46,46,15,82,80,80,73,64,54,78,58,58,58,58,58,58,58,48,72,23,82,82,82,15,0,0],"gold":41,"neow_bonus":"TEN_PERCENT_HP_BONUS","is_daily":false,"chose_seed":false,"campfire_upgraded":7,"win_rate":0.0,"timestamp":1613917310,"path_taken":["M","M","?","?","?","R","$","E","T","M","$","E","M","?","R","BOSS","M","?","M","$","M","R","?","M","T","?","M","?","?","?","R","BOSS","M","$","?","M","?","R","E","R","T","E","R","$","R","?","R","BOSS","R","$","E","BOSS"],"items_purchased_type":["Relic","Card","Card","Card","Card","Card","Card","Card","Card","Card"],"build_version":"2020-12-22","purchased_purges":0,"victory":false,"max_hp_per_floor":[82,82,82,82,82,82,82,82,82,82,82,82,82,82,82,82,82,82,82,82,82,82,82,82,82,82,82,82,82,82,82,82,82,82,82,82,82,82,82,82,82,82,82,82,82,82,82,82,82,82,82,82,82,82,82,82],"card_choices":[{"not_picked":["RobotSpaceExplorer:SurgingStrike","RobotSpaceExplorer:StunGrenade"],"picked":"RobotSpaceExplorer:ImprovisedAttack","floor":1},{"not_picked":["RobotSpaceExplorer:Discharger","RobotSpaceExplorer:LuckyStrike"],"picked":"RobotSpaceExplorer:FreezeRay","floor":2},{"not_picked":["RobotSpaceExplorer:JunkDive","RobotSpaceExplorer:Ammunition"],"picked":"RobotSpaceExplorer:StarLightning","floor":5},{"not_picked":["RobotSpaceExplorer:Arsenal","RobotSpaceExplorer:SlimeMissile"],"picked":"RobotSpaceExplorer:MetalStrike","floor":8},{"not_picked":["RobotSpaceExplorer:Probe","RobotSpaceExplorer:FrostMissile"],"picked":"RobotSpaceExplorer:MetalStrike","floor":10},{"not_picked":["RobotSpaceExplorer:Discharger","RobotSpaceExplorer:Blitz"],"picked":"RobotSpaceExplorer:FranticSearch","floor":12},{"not_picked":["RobotSpaceExplorer:ShovelStrike","RobotSpaceExplorer:MetalStrike"],"picked":"RobotSpaceExplorer:StunGrenade","floor":13},{"not_picked":["RobotSpaceExplorer:ChargingLaser","RobotSpaceExplorer:HighVoltage"],"picked":"RobotSpaceExplorer:BlastShield","floor":16},{"not_picked":["RobotSpaceExplorer:MiniBoosters","RobotSpaceExplorer:StunGrenade+1"],"picked":"RobotSpaceExplorer:Pulsar","floor":18},{"not_picked":["RobotSpaceExplorer:StunGrenade","RobotSpaceExplorer:PowerGlove"],"picked":"RobotSpaceExplorer:GlueShot","floor":20},{"not_picked":["RobotSpaceExplorer:SlimeMissile","RobotSpaceExplorer:MiniDrones"],"picked":"RobotSpaceExplorer:ShockKick","floor":22},{"not_picked":["RobotSpaceExplorer:Blitz","RobotSpaceExplorer:MetalStrike"],"picked":"RobotSpaceExplorer:Smokescreen","floor":25},{"not_picked":["RobotSpaceExplorer:BigMissile","RobotSpaceExplorer:SurgingShield"],"picked":"RobotSpaceExplorer:SwiftStep+1","floor":27},{"not_picked":["RobotSpaceExplorer:ImprovisedAttack+1","RobotSpaceExplorer:SwiftStep","RobotSpaceExplorer:LaserBurst"],"picked":"SKIP","floor":28},{"not_picked":["RobotSpaceExplorer:Multitool","RobotSpaceExplorer:HighVoltage"],"picked":"RobotSpaceExplorer:TrailblazerForm","floor":33},{"not_picked":["RobotSpaceExplorer:ScrapMissile+1","RobotSpaceExplorer:Smokescreen+1"],"picked":"RobotSpaceExplorer:MiniDrones","floor":35},{"not_picked":["RobotSpaceExplorer:ScrapMissile+1","RobotSpaceExplorer:ScrapToss+1"],"picked":"RobotSpaceExplorer:DualCore+1","floor":37},{"not_picked":["RobotSpaceExplorer:PowerGlove+1","RobotSpaceExplorer:ShockKick"],"picked":"RobotSpaceExplorer:GlueShot","floor":38},{"not_picked":["RobotSpaceExplorer:FreezeRay","RobotSpaceExplorer:DoubleFind"],"picked":"RobotSpaceExplorer:Counterblock+1","floor":41},{"not_picked":["RobotSpaceExplorer:ImprovisedAttack","RobotSpaceExplorer:ChargingLaser"],"picked":"RobotSpaceExplorer:PowerCollector","floor":44},{"not_picked":["Panacea","Deep Breath"],"picked":"Master of Strategy","floor":48},{"not_picked":["Forethought","Master of Strategy"],"picked":"The Bomb","floor":48},{"not_picked":["Madness","Sadistic Nature"],"picked":"Finesse","floor":48},{"not_picked":["RobotSpaceExplorer:PlasmaMissile","RobotSpaceExplorer:TurboDodge"],"picked":"RobotSpaceExplorer:GlueShot","floor":54}],"player_experience":403992,"relics_obtained":[{"floor":8,"key":"Toy Ornithopter"},{"floor":12,"key":"Ice Cream"},{"floor":26,"key":"Vajra"},{"floor":41,"key":"Potion Belt"},{"floor":43,"key":"reliquary:RoseTintedGlasses"},{"floor":44,"key":"reliquary:BallBearing"},{"floor":54,"key":"Oddly Smooth Stone"}],"event_choices":[{"damage_healed":0,"gold_gain":75,"player_choice":"Gather Gold","damage_taken":11,"max_hp_gain":0,"max_hp_loss":0,"event_name":"World of Goop","floor":3,"gold_loss":0},{"damage_healed":0,"gold_gain":0,"player_choice":"Forge","damage_taken":0,"max_hp_gain":0,"max_hp_loss":0,"event_name":"Accursed Blacksmith","floor":4,"gold_loss":0,"cards_upgraded":["RobotSpaceExplorer:FreezeRay"]},{"damage_healed":0,"gold_gain":0,"player_choice":"1 cards matched","damage_taken":0,"max_hp_gain":0,"max_hp_loss":0,"event_name":"Match and Keep!","floor":14,"gold_loss":0,"cards_obtained":["RobotSpaceExplorer:GlueSpray"]},{"damage_healed":0,"gold_gain":0,"player_choice":"Obtained Relic","damage_taken":0,"relics_obtained":["Mummified Hand"],"max_hp_gain":0,"max_hp_loss":0,"event_name":"Addict","floor":19,"gold_loss":85},{"damage_healed":0,"gold_gain":0,"player_choice":"Ignored","damage_taken":0,"max_hp_gain":0,"max_hp_loss":0,"event_name":"NoteForYourself","floor":24,"gold_loss":0},{"damage_healed":0,"gold_gain":0,"player_choice":"Ignored","damage_taken":0,"max_hp_gain":0,"max_hp_loss":0,"event_name":"Ghosts","floor":29,"gold_loss":0},{"damage_healed":0,"gold_gain":0,"player_choice":"Ignored","damage_taken":0,"max_hp_gain":0,"max_hp_loss":0,"event_name":"The Mausoleum","floor":30,"gold_loss":0},{"damage_healed":0,"gold_gain":0,"player_choice":"Embrace Madness","damage_taken":10,"max_hp_gain":0,"max_hp_loss":0,"event_name":"Winding Halls","floor":39,"gold_loss":0,"cards_obtained":["Madness","Madness"]},{"damage_healed":0,"gold_gain":0,"player_choice":"Memory 3","damage_taken":10,"max_hp_gain":0,"max_hp_loss":0,"event_name":"SensoryStone","floor":48,"gold_loss":0}],"is_beta":false,"boss_relics":[{"not_picked":["Tiny House","reliquary:Ember"],"picked":"RobotSpaceExplorer:Reprocessor"},{"not_picked":["reliquary:RedPaperclip","Empty Cage"],"picked":"Runic Dome"}],"items_purged_floors":[],"is_endless":false,"potions_floor_spawned":[2,16,20,28,33,38,41,44],"killed_by":"The Heart","ascension_level":0}}