{"host":"sim2kxx81cjsn49b","time":1613932770,"event":{"mods":["ATMod(°¢èªMod)","BaseMod","Minty Spire (QoL Compilation)","StSLib","TestMod"],"gold_per_floor":[119,138,138,148,159,194,194,219,219,252,262,18,37,51,51,128,128,146,1145,1145,1155,895,922,922,401,401,401,401,421,421,451,451,528,528,543,553,553,553,239,270,270,286,363,363,373,393,411,444,444,444,444,444],"floor_reached":51,"language":"ZHS","playtime":1884,"items_purged":["Defend_P","Defend_P","Defend_P","Vigilance+1"],"score":1859,"play_id":"b01b5493-90e5-4855-8372-b3bf647d5bff","local_time":"20210222023930","is_ascension_mode":true,"campfire_choices":[{"data":"Eruption","floor":7.0,"key":"SMITH"},{"data":"AT_BreakingExtremeWeapon","floor":15.0,"key":"SMITH"},{"floor":24.0,"key":"RECALL"},{"data":"Strike_P","floor":27.0,"key":"SMITH"},{"data":"Strike_P","floor":30.0,"key":"SMITH"},{"data":"Vigilance","floor":32.0,"key":"SMITH"},{"data":"1","floor":41.0,"key":"LIFT"},{"data":"2","floor":44.0,"key":"LIFT"},{"data":"3","floor":49.0,"key":"LIFT"}],"circlet_count":0,"master_deck":["AscendersBane","Strike_P+1","Strike_P+1","Strike_P+1","Strike_P+1","Eruption+1","FearNoEvil+1","Scrawl+1","AT_ChampionStep+1","InnerPeace+1","Adaptation+1","Establishment+1","testmod-DisillusionmentEcho+1","FlurryOfBlows+1","Omniscience"],"relics":["PureWater","AT_ATBox","testmod-TestBox","testmod-ArcanaOfDestiny","NeowsBlessing","AT_ForceNature","Frozen Egg 2","Bottled Tornado","AT_SilvercatRing","FossilizedHelix","Medical Kit","Omamori","testmod-IndustrialRevolution","OrangePellets","Anchor","testmod-AssaultLearning","Art of War","Empty Cage","AT_ChloranthyRing","Girya","Pen Nib"],"acts_visited":["Exordium","TheCity","TheBeyond"],"potions_floor_usage":[50,50],"damage_taken":[{"damage":0.0,"enemies":"Cultist","floor":1.0,"turns":1.0},{"damage":0.0,"enemies":"Jaw Worm","floor":2.0,"turns":1.0},{"damage":0.0,"enemies":"2 Louse","floor":4.0,"turns":2.0},{"damage":8.0,"enemies":"Large Slime","floor":5.0,"turns":5.0},{"damage":8.0,"enemies":"Gremlin Nob","floor":6.0,"turns":3.0},{"damage":0.0,"enemies":"Lagavulin","floor":8.0,"turns":6.0},{"damage":44.0,"enemies":"3 Sentries","floor":10.0,"turns":10.0},{"damage":0.0,"enemies":"Exordium Thugs","floor":11.0,"turns":2.0},{"damage":0.0,"enemies":"Looter","floor":13.0,"turns":1.0},{"damage":0.0,"enemies":"Large Slime","floor":14.0,"turns":2.0},{"damage":0.0,"enemies":"Hexaghost","floor":16.0,"turns":4.0},{"damage":0.0,"enemies":"Chosen","floor":18.0,"turns":2.0},{"damage":6.0,"enemies":"3 Byrds","floor":21.0,"turns":3.0},{"damage":9.0,"enemies":"Slavers","floor":23.0,"turns":2.0},{"damage":0.0,"enemies":"Snecko","floor":29.0,"turns":2.0},{"damage":3.0,"enemies":"Gremlin Leader","floor":31.0,"turns":2.0},{"damage":27.0,"enemies":"Automaton","floor":33.0,"turns":8.0},{"damage":0.0,"enemies":"3 Darklings","floor":35.0,"turns":2.0},{"damage":0.0,"enemies":"Orb Walker","floor":36.0,"turns":2.0},{"damage":0.0,"enemies":"Giant Head","floor":40.0,"turns":2.0},{"damage":0.0,"enemies":"Spire Growth","floor":42.0,"turns":2.0},{"damage":20.0,"enemies":"Jaw Worm Horde","floor":45.0,"turns":2.0},{"damage":0.0,"enemies":"Writhing Mass","floor":46.0,"turns":4.0},{"damage":0.0,"enemies":"Transient","floor":47.0,"turns":2.0},{"damage":28.0,"enemies":"Reptomancer","floor":48.0,"turns":4.0},{"damage":0,"enemies":"Donu and Deca","floor":50,"turns":2},{"damage":11,"enemies":"Awakened One","floor":51,"turns":2}],"seed_played":"3949706861066283331","potions_obtained":[{"floor":1.0,"key":"SpeedPotion"},{"floor":11.0,"key":"SpeedPotion"},{"floor":14.0,"key":"ColorlessPotion"},{"floor":16.0,"key":"SmokeBomb"},{"floor":18.0,"key":"Fruit Juice"},{"floor":33.0,"key":"PowerPotion"},{"floor":35.0,"key":"DistilledChaos"},{"floor":42.0,"key":"PowerPotion"}],"is_trial":false,"path_per_floor":["M","M","?","M","M","E","R","E","T","E","M","$","M","M","R","B",null,"M","?","?","M","$","E","R","$","T","R","?","M","R","E","R","B",null,"M","M","?","?","$","E","R","M","T","R","M","M","M","E","R","B","B"],"character_chosen":"WATCHER","items_purchased":["Medical Kit","Omamori","InnerPeace","OrangePellets","Anchor","AT_ChloranthyRing"],"campfire_rested":0,"item_purchase_floors":[12,22,25,25,25,39],"current_hp_per_floor":[61,61,61,61,53,45,45,45,45,1,1,1,1,1,1,1,51,56,56,56,50,50,41,41,41,41,41,41,41,41,38,38,11,58,58,58,58,53,53,53,53,53,53,53,33,33,33,5,5,5,0,0],"gold":444,"neow_bonus":"THREE_ENEMY_KILL","is_daily":false,"chose_seed":false,"campfire_upgraded":5,"win_rate":0.0,"timestamp":1613932770,"path_taken":["M","?","?","M","M","E","R","E","T","E","?","?","?","M","R","BOSS","M","?","?","?","?","E","R","$","T","R","?","M","R","E","R","BOSS","M","M","?","?","$","E","R","M","T","R","M","M","M","E","R","BOSS","BOSS"],"items_purchased_type":["Relic","Relic","Card","Relic","Relic","Relic"],"build_version":"2020-12-22","purchased_purges":4,"victory":false,"max_hp_per_floor":[68,68,68,68,68,68,68,68,68,68,68,68,68,68,68,68,68,73,73,73,73,73,73,73,73,73,73,73,73,73,73,73,73,73,73,73,69,69,69,69,69,69,69,69,69,69,69,69,69,69,69,69],"card_choices":[{"not_picked":["Evaluate","Protect"],"picked":"FearNoEvil","floor":1.0},{"not_picked":["JustLucky","FlurryOfBlows","SashWhip"],"picked":"SKIP","floor":2.0},{"not_picked":["WreathOfFlame","PathToVictory","EmptyFist"],"picked":"SKIP","floor":4.0},{"not_picked":["EmptyBody","FollowUp","Weave"],"picked":"SKIP","floor":5.0},{"not_picked":["Halt","Consecrate"],"picked":"Scrawl","floor":6.0},{"not_picked":["FlyingSleeves","ThirdEye","Nirvana+1"],"picked":"SKIP","floor":8.0},{"not_picked":["EmptyBody","AT_DivineConfetti"],"picked":"AT_ChampionStep+1","floor":10.0},{"not_picked":["ClearTheMind","Weave","WindmillStrike"],"picked":"SKIP","floor":11.0},{"not_picked":["ReachHeaven","PathToVictory","EmptyFist"],"picked":"SKIP","floor":13.0},{"not_picked":["CarveReality","ThirdEye","FlyingSleeves"],"picked":"SKIP","floor":14.0},{"not_picked":["ConjureBlade","Devotion+1"],"picked":"AT_RealColorLess+1","floor":16.0},{"not_picked":["Prostrate","SashWhip","ThirdEye"],"picked":"SKIP","floor":18.0},{"not_picked":["Crescendo","Consecrate","EmptyBody"],"picked":"SKIP","floor":21.0},{"not_picked":["Consecrate","Nirvana+1","PathToVictory"],"picked":"SKIP","floor":23.0},{"not_picked":["Protect","ThirdEye","EmptyBody"],"picked":"SKIP","floor":29.0},{"not_picked":["LessonLearned","AT_OneInchPunch"],"picked":"Adaptation+1","floor":31.0},{"not_picked":["Alpha","ConjureBlade"],"picked":"Establishment+1","floor":33.0},{"not_picked":["Evaluate","FlyingSleeves+1","Halt"],"picked":"SKIP","floor":35.0},{"not_picked":["PathToVictory","BattleHymn+1","AT_DivineConfetti"],"picked":"SKIP","floor":36.0},{"not_picked":["Deep Breath","Mind Blast"],"picked":"testmod-DisillusionmentEcho+1","floor":38.0},{"not_picked":["CrushJoints","SandsOfTime","FlyingSleeves+1"],"picked":"SKIP","floor":40.0},{"not_picked":["Meditate+1","PathToVictory","ThirdEye+1"],"picked":"SKIP","floor":42.0},{"not_picked":["ThirdEye+1","CutThroughFate+1","WindmillStrike"],"picked":"SKIP","floor":45.0},{"not_picked":["CutThroughFate","Wallop+1","Nirvana+1"],"picked":"SKIP","floor":46.0},{"not_picked":["PathToVictory","SashWhip"],"picked":"FlurryOfBlows","floor":47.0},{"not_picked":["Sanctity","Consecrate"],"picked":"Omniscience","floor":48.0}],"player_experience":621859,"relics_obtained":[{"floor":6.0,"key":"Frozen Egg 2"},{"floor":8.0,"key":"Bottled Tornado"},{"floor":9.0,"key":"AT_SilvercatRing"},{"floor":10.0,"key":"FossilizedHelix"},{"floor":23.0,"key":"testmod-IndustrialRevolution"},{"floor":26.0,"key":"testmod-AssaultLearning"},{"floor":31.0,"key":"Art of War"},{"floor":40.0,"key":"Girya"},{"floor":48.0,"key":"Pen Nib"}],"event_choices":[{"damage_healed":0.0,"max_hp_gain":0.0,"max_hp_loss":0.0,"gold_gain":0.0,"event_name":"WeMeetAgain","player_choice":"Gave Potion","floor":3.0,"gold_loss":0.0,"damage_taken":0.0,"relics_obtained":["AT_ForceNature"]},{"damage_healed":0.0,"max_hp_gain":0.0,"max_hp_loss":0.0,"gold_gain":999.0,"event_name":"¶÷ÂåË¹µÄÅÌ×Ó","player_choice":"Sell","floor":19.0,"relics_lost":["VioletLotus"],"gold_loss":0.0,"damage_taken":0.0},{"damage_healed":0.0,"max_hp_gain":0.0,"max_hp_loss":0.0,"gold_gain":0.0,"event_name":"Upgrade Shrine","player_choice":"Upgraded","floor":20.0,"gold_loss":0.0,"damage_taken":0.0,"cards_upgraded":["FearNoEvil"]},{"cards_removed":["Defend_P"],"damage_healed":0.0,"max_hp_gain":0.0,"max_hp_loss":0.0,"gold_gain":0.0,"event_name":"Purifier","player_choice":"Purged","floor":28.0,"gold_loss":0.0,"damage_taken":0.0},{"damage_healed":0.0,"max_hp_gain":0.0,"max_hp_loss":4.0,"gold_gain":0.0,"event_name":"Winding Halls","player_choice":"Max HP","floor":37.0,"gold_loss":0.0,"damage_taken":0.0},{"damage_healed":0.0,"max_hp_gain":0.0,"max_hp_loss":0.0,"gold_gain":0.0,"event_name":"SensoryStone","player_choice":"Memory 3","floor":38.0,"gold_loss":0.0,"damage_taken":10.0}],"is_beta":false,"boss_relics":[{"not_picked":["Runic Dome","testmod-GoldenSoul"],"picked":"VioletLotus"},{"not_picked":["testmod-EnergyCheck","HolyWater"],"picked":"Empty Cage"}],"items_purged_floors":[12,22,25,39],"is_endless":false,"potions_floor_spawned":[1,11,14,16,18,33,35,36,42,46,47],"killed_by":"Awakened One","ascension_level":20}}