{"host":"py7qdianp3jrm8dm","time":1613930462,"event":{"mods":["AchievementEnabler","BaseMod","Bestiary","Downfall","Highlight Path","Minty Spire (QoL Compilation)","StSLib"],"gold_per_floor":[114,114,128,31,49,84,104,104,104,104,119,131,131,146,146,247,247,267,279,279,25,25,25],"floor_reached":22,"language":"ENG","playtime":1494,"items_purged":["Strike_R"],"score":213,"play_id":"cfef69bd-030e-4281-bddc-f6f6b2ced7e8","local_time":"20210221180102","is_ascension_mode":false,"campfire_choices":[{"data":"Feed","floor":8,"key":"SMITH"},{"data":"Metallicize","floor":10,"key":"SMITH"},{"data":"Body Slam","floor":15,"key":"SMITH"}],"circlet_count":0,"master_deck":["Strike_R","Strike_R","Strike_R","Strike_R","Defend_R","Defend_R","Defend_R","Defend_R","Bash","Iron Wave","Clothesline","Shrug It Off","Metallicize+1","Feed+1","Clothesline","Body Slam+1","Ghostly Armor","Headbutt","Reaper","Headbutt","Body Slam"],"relics":["Burning Blood","Mercury Hourglass"],"acts_visited":["Exordium","TheCity"],"potions_floor_usage":[16,16,18],"damage_taken":[{"damage":20,"enemies":"Jaw Worm","floor":1,"turns":7},{"damage":3,"enemies":"Small Slimes","floor":3,"turns":3},{"damage":0,"enemies":"Cultist","floor":5,"turns":3},{"damage":18,"enemies":"3 Sentries","floor":6,"turns":12},{"damage":13,"enemies":"Exordium Thugs","floor":7,"turns":6},{"damage":8,"enemies":"Looter","floor":11,"turns":4},{"damage":1,"enemies":"2 Fungi Beasts","floor":12,"turns":5},{"damage":13,"enemies":"Large Slime","floor":14,"turns":9},{"damage":63,"enemies":"The Guardian","floor":16,"turns":18},{"damage":24,"enemies":"3 Byrds","floor":18,"turns":7},{"damage":26,"enemies":"Spheric Guardian","floor":19,"turns":10},{"damage":1,"enemies":"Chosen and Byrds","floor":22,"turns":1}],"seed_played":"-6852190619906285269","potions_obtained":[{"floor":5,"key":"BloodPotion"},{"floor":7,"key":"Swift Potion"},{"floor":11,"key":"champ:CounterPotion"}],"is_trial":false,"path_per_floor":["M","?","M","$","M","E","M","R","T","R","M","M","?","M","R","B",null,"M","M","?","$","M"],"character_chosen":"IRONCLAD","items_purchased":["Shrug It Off","Mercury Hourglass"],"campfire_rested":0,"item_purchase_floors":[4,21],"current_hp_per_floor":[74,74,77,77,83,71,67,67,67,67,65,74,74,71,71,33,99,85,65,44,44,43,43],"gold":25,"neow_bonus":"TEN_PERCENT_HP_BONUS","is_daily":false,"chose_seed":false,"campfire_upgraded":3,"win_rate":0.0,"timestamp":1613930462,"path_taken":["M","?","M","$","M","E","M","R","T","R","M","M","?","?","R","BOSS","M","M","?","$","M"],"items_purchased_type":["Card","Relic"],"build_version":"2020-12-22","purchased_purges":1,"victory":false,"max_hp_per_floor":[88,88,88,88,88,88,91,91,91,91,91,95,95,99,99,99,99,103,103,108,108,108,108],"card_choices":[{"not_picked":["Flex","Shrug It Off"],"picked":"Iron Wave","floor":1},{"not_picked":["Carnage","Perfected Strike"],"picked":"Clothesline","floor":3},{"not_picked":["Clothesline","Iron Wave"],"picked":"Metallicize","floor":5},{"not_picked":["Pommel Strike","Battle Trance"],"picked":"Feed","floor":6},{"not_picked":["Pommel Strike","Sword Boomerang"],"picked":"Clothesline","floor":7},{"not_picked":["Thunderclap","Twin Strike"],"picked":"Body Slam","floor":11},{"not_picked":["Reckless Charge","Flex"],"picked":"Ghostly Armor","floor":12},{"not_picked":["Clothesline","Twin Strike"],"picked":"Headbutt","floor":14},{"not_picked":["Exhume","Corruption"],"picked":"Reaper","floor":16},{"not_picked":["Perfected Strike","Twin Strike"],"picked":"Headbutt","floor":18},{"not_picked":["Dropkick","Clash"],"picked":"Body Slam","floor":19}],"player_experience":643724,"relics_obtained":[],"event_choices":[{"damage_healed":0,"gold_gain":0,"player_choice":"Fled","damage_taken":0,"max_hp_gain":0,"max_hp_loss":0,"event_name":"Scrap Ooze","floor":2,"gold_loss":0},{"damage_healed":0,"gold_gain":0,"player_choice":"Ignored","damage_taken":0,"max_hp_gain":0,"max_hp_loss":0,"event_name":"NoteForYourself","floor":13,"gold_loss":0},{"damage_healed":0,"gold_gain":0,"player_choice":"Shed Blood","damage_taken":26,"max_hp_gain":5,"max_hp_loss":0,"event_name":"Forgotten Altar","floor":20,"gold_loss":0}],"is_beta":false,"boss_relics":[{"not_picked":[]}],"items_purged_floors":[4],"is_endless":false,"potions_floor_spawned":[5,7,11],"killed_by":"Chosen and Byrds","ascension_level":0}}