{"host":"g3js2eermvvpeiqn","time":1613901391,"event":{"mods":["BaseMod","DeckTracker","Downfall","Minty Spire (QoL Compilation)","Quick Restart","StSLib"],"gold_per_floor":[115,128,128,148,164,200,218,256,256,256,19,19,63,99,99,99,99],"floor_reached":16,"language":"ENG","playtime":589,"items_purged":["Strike_R"],"score":240,"play_id":"951909eb-be08-40f6-8e9d-97015d15f424","local_time":"20210221035631","is_ascension_mode":true,"campfire_choices":[{"data":"Bludgeon","floor":10,"key":"SMITH"},{"data":"Inflame","floor":12,"key":"SMITH"},{"floor":15,"key":"DIG"}],"circlet_count":0,"master_deck":["AscendersBane","Strike_R","Strike_R","Strike_R","Strike_R","Defend_R","Defend_R","Defend_R","Defend_R","Bash","Cleave","Pommel Strike","Inflame","Shrug It Off","Bludgeon+1","Battle Trance","Inflame+1","Shrug It Off","Sword Boomerang","Exhume"],"relics":["Burning Blood","NeowsBlessing","Golden Idol","Art of War","Boot","Slimebound:PreparedRelic","Orrery","Shovel","Odd Mushroom","Eternal Feather"],"acts_visited":["Exordium"],"potions_floor_usage":[8,14],"damage_taken":[{"damage":0.0,"enemies":"Jaw Worm","floor":1.0,"turns":1.0},{"damage":0.0,"enemies":"2 Louse","floor":2.0,"turns":1.0},{"damage":0.0,"enemies":"Cultist","floor":4.0,"turns":1.0},{"damage":4.0,"enemies":"Large Slime","floor":5.0,"turns":5.0},{"damage":15.0,"enemies":"3 Sentries","floor":6.0,"turns":5.0},{"damage":17.0,"enemies":"Blue Slaver","floor":7.0,"turns":6.0},{"damage":24,"enemies":"Lagavulin","floor":8,"turns":6},{"damage":2,"enemies":"3 Sentries","floor":13,"turns":5},{"damage":18,"enemies":"The Mushroom Lair","floor":14,"turns":4},{"damage":24,"enemies":"The Guardian","floor":16,"turns":7}],"seed_played":"-3533889286160984171","potions_obtained":[{"floor":1.0,"key":"PowerPotion"},{"floor":4.0,"key":"BlessingOfTheForge"},{"floor":7.0,"key":"PowerPotion"},{"floor":8,"key":"sneckomod:MuddlingPotion"}],"is_trial":false,"path_per_floor":["M","M","?","M","M","E","M","E","T","R","$","R","E","?","R","B"],"character_chosen":"IRONCLAD","items_purchased":["Orrery"],"campfire_rested":0,"item_purchase_floors":[11],"current_hp_per_floor":[74,75,68,68,68,59,48,30,30,30,30,30,34,22,22,0,0],"gold":99,"neow_bonus":"THREE_ENEMY_KILL","is_daily":false,"chose_seed":false,"campfire_upgraded":2,"win_rate":0.0,"timestamp":1613901391,"path_taken":["M","M","?","M","M","E","M","E","T","R","$","R","E","?","R","BOSS"],"items_purchased_type":["Relic"],"build_version":"2020-12-22","purchased_purges":1,"victory":false,"max_hp_per_floor":[75,75,68,68,68,68,68,68,68,68,68,68,68,68,68,68,68],"card_choices":[{"not_picked":["Heavy Blade","Sentinel","Body Slam"],"picked":"SKIP","floor":1.0},{"not_picked":["Clash","True Grit","Flex"],"picked":"SKIP","floor":2.0},{"not_picked":["Shrug It Off","Body Slam"],"picked":"Cleave","floor":4.0},{"not_picked":["Iron Wave","Dark Embrace"],"picked":"Pommel Strike","floor":5.0},{"not_picked":["Body Slam","Brutality"],"picked":"Inflame","floor":6.0},{"not_picked":["Warcry","Hemokinesis"],"picked":"Shrug It Off","floor":7.0},{"not_picked":["Shrug It Off","Berserk"],"picked":"Bludgeon","floor":8},{"not_picked":["Perfected Strike","Whirlwind"],"picked":"Battle Trance","floor":11},{"not_picked":["Carnage","Battle Trance"],"picked":"Inflame","floor":11},{"not_picked":["Evolve","Heavy Blade"],"picked":"Shrug It Off","floor":11},{"not_picked":["Ghostly Armor","Clash"],"picked":"Sword Boomerang","floor":11},{"not_picked":["Hemokinesis","Havoc"],"picked":"Exhume","floor":13}],"player_experience":1540296,"relics_obtained":[{"floor":6.0,"key":"Art of War"},{"floor":8,"key":"Boot"},{"floor":9,"key":"Slimebound:PreparedRelic"},{"floor":13,"key":"Shovel"},{"floor":14,"key":"Odd Mushroom"},{"floor":15,"key":"Eternal Feather"}],"event_choices":[{"damage_healed":0.0,"max_hp_gain":0.0,"max_hp_loss":7.0,"gold_gain":0.0,"event_name":"Golden Idol","player_choice":"Lose Max HP","floor":3.0,"gold_loss":0.0,"damage_taken":0.0,"relics_obtained":["Golden Idol"]},{"damage_healed":0,"gold_gain":0,"player_choice":"Fought Mushrooms","damage_taken":0,"max_hp_gain":0,"max_hp_loss":0,"event_name":"Mushrooms","floor":14,"gold_loss":0}],"is_beta":false,"boss_relics":[],"items_purged_floors":[11],"is_endless":false,"potions_floor_spawned":[1,4,7,8],"killed_by":"The Guardian","ascension_level":20}}