{"host":"bpr07pynnqpe5ded","time":1613936761,"event":{"mods":["2.2 Compatiblity","Aspiration","BaseMod","Better Note","Better Third Choice","BetterRewards","Downfall","Jorbs\u0027s Wanderer Trilogy","Minty Spire (QoL Compilation)","Replay The Spire","Shop Mod","StSLib","The Marked","??????REMEMod"],"gold_per_floor":[12,12,22,44,71,97,97,113,168,168,168,217,217,217,217,217,217],"floor_reached":16,"language":"ENG","playtime":966,"items_purged":[],"score":135,"play_id":"36bf6cb4-4dd0-4edf-8250-68ee67a7c2aa","local_time":"20210221194601","is_ascension_mode":false,"campfire_choices":[{"data":"stsjorbsmod:Message","floor":7,"key":"SMITH"},{"data":"stsjorbsmod:Message","floor":10,"key":"SMITH"},{"data":"stsjorbsmod:Mending","floor":13,"key":"SMITH"},{"data":"stsjorbsmod:Message","floor":15,"key":"SMITH"}],"circlet_count":0,"master_deck":["stsjorbsmod:ForbiddenGrimoire+1","stsjorbsmod:Strike_Wanderer+1","stsjorbsmod:Strike_Wanderer+1","stsjorbsmod:Defend_Wanderer+1","stsjorbsmod:Defend_Wanderer","stsjorbsmod:Defend_Wanderer","stsjorbsmod:FreshAdventure","stsjorbsmod:EyeOfTheStorm","stsjorbsmod:Message+1","stsjorbsmod:Message+1","stsjorbsmod:EyeOfTheStorm","stsjorbsmod:Channel","stsjorbsmod:Mending+1","stsjorbsmod:Message+1"],"relics":["stsjorbsmod:GrimoireRelic","REME_ComplimentaryCards","StrikeDummy","Whetstone"],"acts_visited":["Exordium"],"potions_floor_usage":[12],"damage_taken":[{"damage":0,"enemies":"2 Louse","floor":1,"turns":2},{"damage":5,"enemies":"Cultist","floor":3,"turns":5},{"damage":0,"enemies":"Small Slimes","floor":4,"turns":3},{"damage":2,"enemies":"Blue Slaver","floor":5,"turns":5},{"damage":21,"enemies":"Replay:BlueRogue","floor":6,"turns":8},{"damage":3,"enemies":"Gremlin Gang","floor":8,"turns":5},{"damage":18,"enemies":"3 Sentries","floor":12,"turns":7},{"damage":52,"enemies":"The Guardian","floor":16,"turns":9}],"seed_played":"-6680281350052531381","potions_obtained":[{"floor":3,"key":"Elixir"},{"floor":5,"key":"stsjorbsmod:LiquidClarity"}],"is_trial":false,"path_per_floor":["M","?","M","M","M","E","R","M","T","R","?","E","R","?","R","B"],"character_chosen":"WANDERER","items_purchased":[],"campfire_rested":0,"item_purchase_floors":[],"current_hp_per_floor":[68,68,70,70,70,49,49,60,60,60,60,48,48,48,48,10,10],"gold":217,"neow_bonus":"REMOVE_TWO","is_daily":false,"chose_seed":false,"campfire_upgraded":4,"win_rate":0.0,"timestamp":1613936761,"path_taken":["M","?","M","M","?","E","R","M","T","R","?","E","R","?","R","BOSS"],"items_purchased_type":[],"build_version":"2020-12-22","purchased_purges":0,"victory":false,"max_hp_per_floor":[68,68,70,70,70,70,70,78,78,78,78,78,78,78,78,78,78],"card_choices":[{"not_picked":["stsjorbsmod:Materialize","stsjorbsmod:Patron"],"picked":"stsjorbsmod:Message","floor":1},{"not_picked":["stsjorbsmod:FaerieFire","stsjorbsmod:UnseenServant"],"picked":"stsjorbsmod:Message","floor":3},{"not_picked":["stsjorbsmod:WanderingMind","stsjorbsmod:Prepare","stsjorbsmod:UnseenServant"],"picked":"SKIP","floor":4},{"not_picked":["stsjorbsmod:ChainLightning","stsjorbsmod:RefuseToForget","stsjorbsmod:ParryingBlow"],"picked":"SKIP","floor":5},{"not_picked":["stsjorbsmod:Prepare","stsjorbsmod:TollTheDead"],"picked":"stsjorbsmod:Channel","floor":6},{"not_picked":["stsjorbsmod:DeathThroes","stsjorbsmod:FracturedMind"],"picked":"stsjorbsmod:Mending","floor":8},{"not_picked":["stsjorbsmod:Prepare","stsjorbsmod:Index"],"picked":"stsjorbsmod:Message","floor":12}],"player_experience":1198549,"relics_obtained":[{"floor":6,"key":"StrikeDummy"},{"floor":12,"key":"Whetstone"}],"event_choices":[{"damage_healed":0,"gold_gain":0,"player_choice":"Full Heal","damage_taken":0,"max_hp_gain":0,"max_hp_loss":0,"event_name":"Wheel of Change","floor":2,"gold_loss":0},{"damage_healed":0,"gold_gain":0,"player_choice":"Ignored","damage_taken":168,"max_hp_gain":0,"max_hp_loss":0,"event_name":"betterThird:BetterSerpent","floor":11,"gold_loss":0},{"cards_removed":["stsjorbsmod:Defend_Wanderer"],"damage_healed":0,"gold_gain":0,"player_choice":"Offered Basic","damage_taken":0,"max_hp_gain":0,"max_hp_loss":0,"event_name":"Bonfire Elementals","floor":14,"gold_loss":0}],"is_beta":false,"boss_relics":[],"items_purged_floors":[],"is_endless":false,"potions_floor_spawned":[3,5],"killed_by":"The Guardian","ascension_level":0}}