{"host":"zdyzhdc6zlrb7vuj","time":1613906810,"event":{"mods":["BaseMod","Downfall","Hermit","Minty Spire (QoL Compilation)","StSLib","The Bug Knight","The Cursed","The Servant 0.9.4"],"gold_per_floor":[99,114,129,304,319,319,319,349,364,379,409,460,460,11,30,155,155,55,74,93,93,193,231,306,306,306],"floor_reached":25,"language":"ENG","playtime":1725,"items_purged":["Doubt"],"score":231,"play_id":"03bd522c-bea6-4eea-b74a-ca63ec04e437","local_time":"20210221112650","daily_mods":["Heirloom","downfall:Jewelcrafting","Elite Swarm"],"is_ascension_mode":false,"campfire_choices":[{"floor":1.0,"key":"RECALL"}],"circlet_count":0,"master_deck":["Strike_B","Strike_B","Strike_B","Strike_B+1","Defend_B","Defend_B","Defend_B","Defend_B","Zap","Dualcast","Guardian:ExploitGems","Guardian:ExploitGems","Rebound","Aggregate","Leap","Hyperbeam","Steam","Ball Lightning+1","Creative AI","Stack","Injury","Auto Shields","Fusion","BootSequence","Reboot","Guardian:Gem_Synthetic","Guardian:Gem_Yellow","Hello World+1","Turbo+1","Thunder Strike"],"relics":["Cracked Core","Guardian:PickAxe","HollowMod:QueensCombRelic","Darkstone Periapt","Ginger","bronze:BronzeIdol","HollowMod:LifeEnderRelic","Golden Idol","Singing Bowl","Inserter","downfall:HeartBlessingRed","Whetstone","hexamod:CandleOfCauterizing"],"acts_visited":["Exordium","TheCity"],"potions_floor_usage":[23,25],"damage_taken":[{"damage":0.0,"enemies":"Small Slimes","floor":2.0,"turns":3.0},{"damage":1.0,"enemies":"2 Louse","floor":3.0,"turns":2.0},{"damage":1.0,"enemies":"Cultist","floor":5.0,"turns":3.0},{"damage":23.0,"enemies":"HollowMod:MossKnight","floor":8.0,"turns":9.0},{"damage":0.0,"enemies":"3 Louse","floor":9.0,"turns":1.0},{"damage":10.0,"enemies":"Looter","floor":10.0,"turns":3.0},{"damage":18.0,"enemies":"Gremlin Nob","floor":11.0,"turns":4.0},{"damage":9.0,"enemies":"3 Sentries","floor":12.0,"turns":2.0},{"damage":0.0,"enemies":"downfall:FleeingMerchant","floor":14.0,"turns":4.0},{"damage":0.0,"enemies":"Exordium Wildlife","floor":15.0,"turns":4.0},{"damage":55.0,"enemies":"IC_STATUS_ARCHETYPE","floor":16.0,"turns":11.0},{"damage":6.0,"enemies":"3 Byrds","floor":19.0,"turns":5.0},{"damage":43.0,"enemies":"Centurion and Healer","floor":20.0,"turns":6.0},{"damage":34,"enemies":"HollowMod:Nosk","floor":23,"turns":10},{"damage":10,"enemies":"Gremlin Leader","floor":25,"turns":1}],"seed_played":"-7397021786818157212","potions_obtained":[{"floor":8.0,"key":"PowerPotion"},{"floor":10.0,"key":"champ:CounterPotion"},{"floor":11.0,"key":"GamblersBrew"},{"floor":15.0,"key":"Strength Potion"},{"floor":16.0,"key":"Block Potion"},{"floor":23,"key":"SteroidPotion"}],"is_trial":false,"path_per_floor":["R","M","M","?","M","R","T","E","M","M","E","?","?","$","M","B",null,"R","M","M","?","?","E","T","E"],"character_chosen":"DEFECT","items_purchased":["Singing Bowl","Fusion","BootSequence"],"campfire_rested":0,"item_purchase_floors":[14,14,14],"current_hp_per_floor":[50,50,49,49,49,49,49,27,31,29,23,18,24,40,58,3,58,58,52,15,15,15,1,1,0,0],"gold":306,"neow_bonus":"","is_daily":true,"chose_seed":false,"campfire_upgraded":0,"win_rate":0.0,"timestamp":1613906810,"path_taken":["R","M","M","?","M","R","T","E","M","M","E","?","?","$","M","BOSS","R","M","M","?","?","E","T","E"],"items_purchased_type":["Relic","Card","Card"],"build_version":"2020-12-22","purchased_purges":1,"victory":false,"max_hp_per_floor":[50,50,50,50,50,50,50,50,50,50,50,50,56,56,58,58,58,58,58,58,58,58,58,58,58,58],"card_choices":[{"not_picked":["Cold Snap","Tempest"],"picked":"Rebound","floor":2.0},{"not_picked":["Rip and Tear","Coolheaded"],"picked":"Aggregate","floor":3.0},{"not_picked":["Turbo","Recycle"],"picked":"Leap","floor":5.0},{"not_picked":["Amplify","Thunder Strike"],"picked":"Hyperbeam","floor":8.0},{"not_picked":["Compile Driver","Hologram"],"picked":"Steam","floor":9.0},{"not_picked":["Leap","Cold Snap"],"picked":"Ball Lightning","floor":10.0},{"not_picked":["Meteor Strike","Biased Cognition"],"picked":"Creative AI","floor":11.0},{"not_picked":["Steam","Coolheaded"],"picked":"Stack","floor":12.0},{"not_picked":["Redo","Creative AI"],"picked":"Auto Shields","floor":14.0},{"not_picked":["Compile Driver","Cold Snap","Blizzard"],"picked":"Singing Bowl","floor":15.0},{"not_picked":["Creative AI","Biased Cognition"],"picked":"Reboot","floor":16.0},{"not_picked":["Auto Shields+1","Leap+1"],"picked":"Hello World+1","floor":19.0},{"not_picked":["Sweeping Beam","Capacitor"],"picked":"Turbo+1","floor":20.0},{"not_picked":["Machine Learning","Multi-Cast"],"picked":"Thunder Strike","floor":23}],"player_experience":503326,"relics_obtained":[{"floor":7.0,"key":"Darkstone Periapt"},{"floor":8.0,"key":"Ginger"},{"floor":11.0,"key":"bronze:BronzeIdol"},{"floor":12.0,"key":"HollowMod:LifeEnderRelic"},{"floor":23,"key":"Whetstone"},{"floor":24,"key":"hexamod:CandleOfCauterizing"}],"event_choices":[{"damage_healed":0.0,"max_hp_gain":0.0,"max_hp_loss":0.0,"gold_gain":175.0,"event_name":"Liars Game","player_choice":"AGREE","floor":4.0,"gold_loss":0.0,"damage_taken":0.0,"cards_obtained":["Doubt"]},{"damage_healed":0.0,"max_hp_gain":0.0,"max_hp_loss":0.0,"gold_gain":0.0,"event_name":"Dead Adventurer","player_choice":"Searched \u00272\u0027 times","floor":12.0,"gold_loss":0.0,"damage_taken":0.0},{"damage_healed":0.0,"max_hp_gain":0.0,"max_hp_loss":0.0,"gold_gain":0.0,"event_name":"Golden Idol","player_choice":"Take Wound","floor":13.0,"gold_loss":0.0,"damage_taken":0.0,"relics_obtained":["Golden Idol"],"cards_obtained":["Injury"]},{"damage_healed":0.0,"max_hp_gain":0.0,"max_hp_loss":0.0,"gold_gain":0.0,"event_name":"Ghosts","player_choice":"Ignored","floor":21.0,"gold_loss":0.0,"damage_taken":0.0}],"is_beta":false,"boss_relics":[{"not_picked":["Philosopher\u0027s Stone","Busted Crown"],"picked":"Inserter"}],"items_purged_floors":[14],"is_endless":false,"potions_floor_spawned":[8,10,11,15,16,23],"killed_by":"Gremlin Leader","ascension_level":0}}