{"host":"v54ek091sdz7ha6h","time":1613901328,"event":{"mods":["BaseMod","Colored Map","Colored Powertips","Custom Start","DeckTracker","Highlight Path","KOR Keyword Fix","Minty Spire (QoL Compilation)","Random Character Button","Rare Cards Sparkle","Relic Stats","StSLib","SuperFastMode","everything is the same but u backflip on backflip"],"gold_per_floor":[18,38,53,3,3,3,13,13,13,23,33,59,59,5,5,110,110,129,129,44,61,61,61,93,93,93,103,116,132,165,175,175,274,274,292,106,119,194,246,246,155,155,155,169,28,47,62,80,80,80,80,80,5,39,39],"floor_reached":56,"language":"KOR","playtime":2796,"items_purged":["Strike_G","Strike_G","Strike_G","All Out Attack"],"score":1291,"play_id":"189e914b-7d76-433a-af8c-6ecab9b7f1e9","local_time":"20210221185528","is_ascension_mode":false,"campfire_choices":[{"data":"Neutralize","floor":6.0,"key":"SMITH"},{"data":"Calculated Gamble","floor":13.0,"key":"SMITH"},{"data":"Eviscerate","floor":15.0,"key":"SMITH"},{"data":"Acrobatics","floor":23,"key":"SMITH"},{"data":"Reflex","floor":25,"key":"SMITH"},{"data":"Acrobatics","floor":32,"key":"SMITH"},{"floor":40,"key":"RECALL"},{"data":"Impatience","floor":49,"key":"SMITH"},{"data":"Adrenaline","floor":52,"key":"SMITH"}],"circlet_count":0,"master_deck":["Strike_G","Strike_G","Defend_G","Defend_G","Defend_G","Defend_G","Survivor","Neutralize+1","Eviscerate+1","Heel Hook","Dagger Spray","Calculated Gamble+1","Acrobatics+1","CurseOfTheBell","Backflip","Reflex+1","Flash of Steel","Acrobatics+1","Adrenaline+1","Tactician+1","Noxious Fumes+1","Impatience+1","Finesse","Escape Plan+1","Burning Pact+1","Prepared"],"relics":["Ring of the Serpent","Tough Bandages","Meat on the Bone","Ginger","Calling Bell","Potion Belt","Letter Opener","Torii","Lantern","Pantograph","White Beast Statue","Bag of Preparation","Membership Card","Blue Candle","StoneCalendar","The Specimen","PrismaticShard","Centennial Puzzle"],"acts_visited":["Exordium","TheCity","TheBeyond","TheEnding"],"potions_floor_usage":[16,16,24,30,30,33,33,46,54,54,55,55,55],"damage_taken":[{"damage":0.0,"enemies":"Small Slimes","floor":1.0,"turns":4.0},{"damage":0.0,"enemies":"Jaw Worm","floor":2.0,"turns":3.0},{"damage":0.0,"enemies":"Cultist","floor":3.0,"turns":3.0},{"damage":7.0,"enemies":"2 Fungi Beasts","floor":7.0,"turns":4.0},{"damage":3.0,"enemies":"3 Louse","floor":10.0,"turns":4.0},{"damage":1.0,"enemies":"Large Slime","floor":11.0,"turns":7.0},{"damage":48.0,"enemies":"Lagavulin","floor":12.0,"turns":12.0},{"damage":11,"enemies":"Slime Boss","floor":16,"turns":10},{"damage":3,"enemies":"Shell Parasite","floor":18,"turns":7},{"damage":0,"enemies":"Chosen","floor":21,"turns":3},{"damage":1,"enemies":"Gremlin Leader","floor":24,"turns":6},{"damage":0,"enemies":"Snake Plant","floor":27,"turns":6},{"damage":0,"enemies":"Centurion and Healer","floor":28,"turns":7},{"damage":0,"enemies":"Shelled Parasite and Fungi","floor":29,"turns":2},{"damage":1,"enemies":"Slavers","floor":30,"turns":4},{"damage":0,"enemies":"Snake Plant","floor":31,"turns":3},{"damage":69,"enemies":"Automaton","floor":33,"turns":15},{"damage":0,"enemies":"3 Shapes","floor":35,"turns":2},{"damage":0,"enemies":"3 Darklings","floor":37,"turns":2},{"damage":1,"enemies":"2 Orb Walkers","floor":39,"turns":2},{"damage":1,"enemies":"Maw","floor":44,"turns":4},{"damage":1,"enemies":"Sphere and 2 Shapes","floor":46,"turns":3},{"damage":1,"enemies":"Spire Growth","floor":47,"turns":2},{"damage":1,"enemies":"Writhing Mass","floor":48,"turns":2},{"damage":1,"enemies":"Awakened One","floor":50,"turns":3},{"damage":1,"enemies":"Shield and Spear","floor":54,"turns":3},{"damage":1,"enemies":"The Heart","floor":55,"turns":3}],"seed_played":"4106376263507322519","potions_obtained":[{"floor":3.0,"key":"SteroidPotion"},{"floor":11.0,"key":"Ancient Potion"},{"floor":12.0,"key":"SkillPotion"},{"floor":16,"key":"LiquidMemories"},{"floor":18,"key":"Regen Potion"},{"floor":27,"key":"Fire Potion"},{"floor":28,"key":"DistilledChaos"},{"floor":29,"key":"CunningPotion"},{"floor":30,"key":"Explosive Potion"},{"floor":31,"key":"DuplicationPotion"},{"floor":33,"key":"Swift Potion"},{"floor":35,"key":"Strength Potion"},{"floor":37,"key":"Strength Potion"},{"floor":39,"key":"Swift Potion"},{"floor":46,"key":"FearPotion"}],"is_trial":false,"path_per_floor":["M","M","M","?","?","R","M","?","T","M","M","E","R","$","R","B",null,"M","?","?","M","?","R","E","R","T","M","M","M","E","M","R","B",null,"M","$","M","T","?","R","$","?","T","M","$","M","M","M","R","B",null,"R","$","E","B",null],"character_chosen":"THE_SILENT","items_purchased":["Acrobatics","Membership Card","Impatience","PrismaticShard"],"campfire_rested":0,"item_purchase_floors":[14,36,41,45],"current_hp_per_floor":[70,70,70,70,75,75,68,56,56,53,52,16,16,16,16,17,75,72,72,72,72,72,72,71,71,71,71,71,71,70,70,70,18,75,75,75,75,75,74,74,74,64,64,63,63,71,70,69,69,74,75,75,75,74,74],"gold":39,"neow_bonus":"ONE_RARE_RELIC","is_daily":false,"chose_seed":false,"campfire_upgraded":8,"win_rate":0.0,"timestamp":1613901328,"path_taken":["M","M","M","?","?","R","M","?","T","M","M","E","R","$","R","BOSS","M","?","?","M","?","R","E","R","T","M","M","M","E","M","R","BOSS","M","$","M","?","?","R","$","?","T","M","$","M","M","M","R","BOSS","R","$","E","BOSS"],"items_purchased_type":["Card","Relic","Card","Relic"],"build_version":"2020-12-22","purchased_purges":4,"victory":true,"max_hp_per_floor":[70,70,70,70,75,75,75,75,75,75,75,75,75,75,75,75,75,75,75,75,75,75,75,75,75,75,75,75,75,75,75,75,75,75,75,75,75,75,75,75,75,75,75,75,75,75,75,75,75,75,75,75,75,75,75],"relic_stats":{"Tough Bandages":[2304],"Centennial Puzzle":[1],"Torii":11,"counters":[27,126],"Pantograph":12,"Blue Candle":[7],"StoneCalendar":[0],"Bag of Preparation":[24],"Ginger":[18],"Letter Opener":[667],"obtain_stats":[{"Potion Belt":17,"Lantern":20,"Torii":17,"The Specimen":43,"Blue Candle":38,"StoneCalendar":39,"Bag of Preparation":30,"Ginger":12,"Letter Opener":17,"PrismaticShard":45,"White Beast Statue":26,"Calling Bell":17,"Tough Bandages":0,"Centennial Puzzle":54,"Pantograph":24,"Membership Card":36,"Ring of the Serpent":34,"Ring of the Snake":0,"Meat on the Bone":8},{"Potion Belt":8,"Lantern":9,"Torii":8,"The Specimen":20,"Blue Candle":19,"StoneCalendar":20,"Bag of Preparation":15,"Ginger":7,"Letter Opener":8,"PrismaticShard":21,"White Beast Statue":11,"Calling Bell":8,"Tough Bandages":0,"Centennial Puzzle":26,"Pantograph":11,"Membership Card":18,"Ring of the Serpent":17,"Ring of the Snake":0,"Meat on the Bone":4},{"Potion Belt":47,"Lantern":54,"Torii":47,"The Specimen":106,"Blue Candle":104,"StoneCalendar":106,"Bag of Preparation":82,"Ginger":37,"Letter Opener":47,"PrismaticShard":110,"White Beast Statue":63,"Calling Bell":47,"Tough Bandages":0,"Centennial Puzzle":123,"Pantograph":63,"Membership Card":102,"Ring of the Serpent":100,"Ring of the Snake":0,"Meat on the Bone":14}],"Meat on the Bone":36},"card_choices":[{"not_picked":["Poisoned Stab","Outmaneuver"],"picked":"Eviscerate","floor":1.0},{"not_picked":["Blur","Quick Slash","Bane"],"picked":"SKIP","floor":2.0},{"not_picked":["Setup","Dodge and Roll"],"picked":"Heel Hook","floor":3.0},{"not_picked":["Terror","Sucker Punch","Escape Plan"],"picked":"SKIP","floor":7.0},{"not_picked":["Deadly Poison","Blur"],"picked":"Dagger Spray","floor":10.0},{"not_picked":["Flying Knee","Blade Dance"],"picked":"All Out Attack","floor":11.0},{"not_picked":["Backflip","Leg Sweep"],"picked":"Calculated Gamble","floor":12.0},{"not_picked":["Quick Slash+1","Dodge and Roll"],"picked":"Backflip","floor":18},{"not_picked":["Deadly Poison","Cloak And Dagger","Flying Knee"],"picked":"SKIP","floor":21},{"not_picked":["Caltrops","Bullet Time","Dagger Throw"],"picked":"SKIP","floor":24},{"not_picked":["Expertise+1","Blade Dance+1","Dodge and Roll"],"picked":"SKIP","floor":27},{"not_picked":["Bane+1","Flying Knee","Distraction+1"],"picked":"SKIP","floor":28},{"not_picked":["Bouncing Flask+1","PiercingWail","Outmaneuver"],"picked":"SKIP","floor":29},{"not_picked":["Accuracy","Backflip","Quick Slash"],"picked":"SKIP","floor":30},{"not_picked":["Riddle With Holes","Infinite Blades"],"picked":"Acrobatics","floor":31},{"not_picked":["Burst","Wraith Form v2"],"picked":"Adrenaline","floor":33},{"not_picked":["Riddle With Holes","Sucker Punch"],"picked":"Tactician+1","floor":35},{"not_picked":["Catalyst","Bane+1"],"picked":"Noxious Fumes+1","floor":37},{"not_picked":["Magnetism","Trip"],"picked":"Finesse","floor":42},{"not_picked":["Underhanded Strike","Deflect","Dagger Throw"],"picked":"SKIP","floor":44},{"not_picked":["Cold Snap","Shrug It Off"],"picked":"Escape Plan+1","floor":46},{"not_picked":["EmptyBody+1","Expertise"],"picked":"Burning Pact+1","floor":47},{"not_picked":["MentalFortress+1","Sunder","Dagger Spray"],"picked":"SKIP","floor":48},{"not_picked":["Rainbow","Double Tap"],"picked":"Prepared","floor":54}],"player_experience":1481900,"relics_obtained":[{"floor":12.0,"key":"Ginger"},{"floor":17,"key":"Potion Belt"},{"floor":17,"key":"Letter Opener"},{"floor":17,"key":"Torii"},{"floor":24,"key":"Pantograph"},{"floor":26,"key":"White Beast Statue"},{"floor":30,"key":"Bag of Preparation"},{"floor":38,"key":"Blue Candle"},{"floor":39,"key":"StoneCalendar"},{"floor":43,"key":"The Specimen"},{"floor":54,"key":"Centennial Puzzle"}],"event_choices":[{"cards_removed":["Defend_G"],"damage_healed":0.0,"max_hp_gain":0.0,"max_hp_loss":0.0,"gold_gain":0.0,"event_name":"The Cleric","player_choice":"Card Removal","floor":4.0,"gold_loss":50.0,"damage_taken":0.0},{"damage_healed":0.0,"max_hp_gain":5.0,"max_hp_loss":0.0,"gold_gain":0.0,"event_name":"Big Fish","player_choice":"Donut","floor":5.0,"gold_loss":0.0,"damage_taken":0.0},{"damage_healed":0.0,"max_hp_gain":0.0,"max_hp_loss":0.0,"gold_gain":0.0,"event_name":"Scrap Ooze","player_choice":"Success","floor":8.0,"gold_loss":0.0,"damage_taken":12.0,"relics_obtained":["Meat on the Bone"]},{"damage_healed":0,"gold_gain":0,"player_choice":"Read","damage_taken":0,"max_hp_gain":0,"max_hp_loss":0,"event_name":"The Library","floor":19,"gold_loss":0,"cards_obtained":["Reflex"]},{"damage_healed":0,"gold_gain":0,"player_choice":"Obtained Relic","damage_taken":0,"relics_obtained":["Lantern"],"max_hp_gain":0,"max_hp_loss":0,"event_name":"Addict","floor":20,"gold_loss":85},{"damage_healed":0,"gold_gain":0,"player_choice":"1 cards matched","damage_taken":0,"max_hp_gain":0,"max_hp_loss":0,"event_name":"Match and Keep!","floor":22,"gold_loss":0,"cards_obtained":["Flash of Steel"]},{"damage_healed":0,"gold_gain":0,"player_choice":"Fight","damage_taken":0,"max_hp_gain":0,"max_hp_loss":0,"event_name":"Mysterious Sphere","floor":39,"gold_loss":0},{"damage_healed":0,"gold_gain":0,"player_choice":"Memory 3","damage_taken":10,"max_hp_gain":0,"max_hp_loss":0,"event_name":"SensoryStone","floor":42,"gold_loss":0}],"is_beta":false,"boss_relics":[{"not_picked":["Fusion Hammer","Cursed Key"],"picked":"Calling Bell"},{"not_picked":["Black Star","Velvet Choker"],"picked":"Ring of the Serpent"}],"items_purged_floors":[36,41,45,53],"is_endless":false,"potions_floor_spawned":[3,11,12,16,18,27,28,29,30,31,33,35,37,39,44,46,47,48,54],"ascension_level":0}}