{"host":"qdazo2n9x18zu9dk","time":1613942406,"event":{"mods":["BaseMod","Minty Spire (QoL Compilation)","Robot Space Explorer","StSLib"],"gold_per_floor":[118,138,151,169,169,204,4,33,58,76,76,94,108,108,108,205,205,222,241,261,281,298,298,298,298],"floor_reached":24,"language":"ENG","playtime":2918,"items_purged":["RobotSpaceExplorer:Strike"],"score":214,"play_id":"ec7dfa5e-e0d4-4b32-afda-334225dada65","local_time":"20210221222006","is_ascension_mode":false,"campfire_choices":[{"data":"RobotSpaceExplorer:PowerGlove","floor":11.0,"key":"SMITH"},{"data":"RobotSpaceExplorer:TrailblazerForm","floor":15.0,"key":"SMITH"},{"floor":23.0,"key":"REST"}],"circlet_count":0,"master_deck":["RobotSpaceExplorer:Strike","RobotSpaceExplorer:Strike","RobotSpaceExplorer:Strike","RobotSpaceExplorer:Defend","RobotSpaceExplorer:Defend","RobotSpaceExplorer:Defend","RobotSpaceExplorer:Defend","RobotSpaceExplorer:Scan","RobotSpaceExplorer:MiniLasers","RobotSpaceExplorer:FrostMissile","RobotSpaceExplorer:ScrapMissile","RobotSpaceExplorer:Reload","RobotSpaceExplorer:SurgingStrike","RobotSpaceExplorer:PowerGlove+1","RobotSpaceExplorer:PowerCollector","RobotSpaceExplorer:MiniDrones","RobotSpaceExplorer:TrailblazerForm+1","RobotSpaceExplorer:ShockMissile","RobotSpaceExplorer:StunGrenade","RobotSpaceExplorer:Multitool","RobotSpaceExplorer:Ammunition","RobotSpaceExplorer:Pulsar","RobotSpaceExplorer:ScrapShield+1","RobotSpaceExplorer:Arsenal"],"relics":["RobotSpaceExplorer:RoboCore","Ice Cream","Art of War","RobotSpaceExplorer:ClockworkSextant","Matryoshka","RobotSpaceExplorer:SearchSpecs"],"acts_visited":["Exordium","TheCity"],"potions_floor_usage":[],"damage_taken":[{"damage":1.0,"enemies":"Cultist","floor":1.0,"turns":5.0},{"damage":1.0,"enemies":"Jaw Worm","floor":2.0,"turns":4.0},{"damage":0.0,"enemies":"Small Slimes","floor":3.0,"turns":3.0},{"damage":1.0,"enemies":"2 Fungi Beasts","floor":4.0,"turns":2.0},{"damage":22.0,"enemies":"Gremlin Nob","floor":6.0,"turns":4.0},{"damage":6.0,"enemies":"Lagavulin","floor":8.0,"turns":6.0},{"damage":0.0,"enemies":"Looter","floor":10.0,"turns":3.0},{"damage":2.0,"enemies":"Blue Slaver","floor":12.0,"turns":2.0},{"damage":7.0,"enemies":"Exordium Wildlife","floor":13.0,"turns":4.0},{"damage":19.0,"enemies":"The Guardian","floor":16.0,"turns":10.0},{"damage":14.0,"enemies":"Shell Parasite","floor":18.0,"turns":7.0},{"damage":10.0,"enemies":"Chosen","floor":19.0,"turns":5.0},{"damage":31.0,"enemies":"Sentry and Sphere","floor":20.0,"turns":5.0},{"damage":22.0,"enemies":"Snake Plant","floor":21.0,"turns":6.0},{"damage":0.0,"enemies":"3 Cultists","floor":22.0,"turns":5.0},{"damage":35,"enemies":"Gremlin Leader","floor":24,"turns":7}],"seed_played":"5469938892056509425","potions_obtained":[{"floor":1.0,"key":"FearPotion"},{"floor":2.0,"key":"RobotSpaceExplorer:LiquidFusion"},{"floor":4.0,"key":"EntropicBrew"},{"floor":10.0,"key":"Swift Potion"},{"floor":12.0,"key":"RobotSpaceExplorer:PlasmaFlask"},{"floor":18.0,"key":"Fire Potion"},{"floor":21.0,"key":"RobotSpaceExplorer:LiquidFusion"}],"is_trial":false,"path_per_floor":["M","M","M","M","?","E","$","E","T","M","R","M","M","T","R","B",null,"M","M","M","M","M","R","E"],"character_chosen":"RobotSpaceExplorer","items_purchased":["RobotSpaceExplorer:PowerCollector","RobotSpaceExplorer:MiniDrones"],"campfire_rested":1,"item_purchase_floors":[7,7],"current_hp_per_floor":[81,80,80,79,79,57,57,51,51,51,51,49,42,42,42,23,82,68,58,27,5,5,29,0,0],"gold":298,"neow_bonus":"TEN_PERCENT_HP_BONUS","is_daily":false,"chose_seed":false,"campfire_upgraded":2,"win_rate":0.0,"timestamp":1613942406,"path_taken":["M","M","?","M","?","E","$","E","T","M","R","M","M","?","R","BOSS","M","M","M","M","M","R","E"],"items_purchased_type":["Card","Card"],"build_version":"2020-12-22","purchased_purges":1,"victory":false,"max_hp_per_floor":[82,82,82,82,82,82,82,82,82,82,82,82,82,82,82,82,82,82,82,82,82,82,82,82,82],"card_choices":[{"not_picked":["RobotSpaceExplorer:Counterblock","RobotSpaceExplorer:GearShield"],"picked":"RobotSpaceExplorer:FrostMissile","floor":1.0},{"not_picked":["RobotSpaceExplorer:MiniDrones","RobotSpaceExplorer:MetalStrike"],"picked":"RobotSpaceExplorer:ScrapMissile","floor":2.0},{"not_picked":["RobotSpaceExplorer:SwiftStep","RobotSpaceExplorer:Fix"],"picked":"RobotSpaceExplorer:Reload","floor":3.0},{"not_picked":["RobotSpaceExplorer:SwiftStep","RobotSpaceExplorer:DoubleFind"],"picked":"RobotSpaceExplorer:SurgingStrike","floor":4.0},{"not_picked":["RobotSpaceExplorer:LuckyStrike","RobotSpaceExplorer:SlimeMissile"],"picked":"RobotSpaceExplorer:PowerGlove","floor":6.0},{"not_picked":["RobotSpaceExplorer:LuckyStrike","RobotSpaceExplorer:Probe"],"picked":"RobotSpaceExplorer:TrailblazerForm","floor":8.0},{"not_picked":["RobotSpaceExplorer:SwiftStep","RobotSpaceExplorer:SurgingShield","RobotSpaceExplorer:MiniDrones"],"picked":"SKIP","floor":10.0},{"not_picked":["RobotSpaceExplorer:ImprovisedAttack","RobotSpaceExplorer:GlueSpray"],"picked":"RobotSpaceExplorer:ShockMissile","floor":12.0},{"not_picked":["RobotSpaceExplorer:SurgingShield","RobotSpaceExplorer:ShovelStrike"],"picked":"RobotSpaceExplorer:StunGrenade","floor":13.0},{"not_picked":["RobotSpaceExplorer:Explosion","RobotSpaceExplorer:Autoloader"],"picked":"RobotSpaceExplorer:Multitool","floor":16.0},{"not_picked":["RobotSpaceExplorer:ImprovisedAttack","RobotSpaceExplorer:Ammunition","RobotSpaceExplorer:MiniDrones"],"picked":"SKIP","floor":18.0},{"not_picked":["RobotSpaceExplorer:ImprovisedAttack","RobotSpaceExplorer:MiniDrones"],"picked":"RobotSpaceExplorer:Ammunition","floor":18.0},{"not_picked":["RobotSpaceExplorer:ShockKick","RobotSpaceExplorer:ShovelStrike","RobotSpaceExplorer:ScrapToss"],"picked":"SKIP","floor":19.0},{"not_picked":["RobotSpaceExplorer:ShockKick","RobotSpaceExplorer:ShovelStrike","RobotSpaceExplorer:ScrapToss"],"picked":"SKIP","floor":19.0},{"not_picked":["RobotSpaceExplorer:PowerGlove","RobotSpaceExplorer:JunkDive"],"picked":"RobotSpaceExplorer:Pulsar","floor":20.0},{"not_picked":["RobotSpaceExplorer:FrostMissile","RobotSpaceExplorer:GearShield"],"picked":"RobotSpaceExplorer:ScrapShield+1","floor":21.0},{"not_picked":["RobotSpaceExplorer:SwiftStep","RobotSpaceExplorer:GlueShot"],"picked":"RobotSpaceExplorer:Arsenal","floor":22.0}],"player_experience":1196557,"relics_obtained":[{"floor":6.0,"key":"Ice Cream"},{"floor":8.0,"key":"Art of War"},{"floor":9.0,"key":"RobotSpaceExplorer:ClockworkSextant"},{"floor":14.0,"key":"Matryoshka"}],"event_choices":[{"damage_healed":0.0,"max_hp_gain":0.0,"max_hp_loss":0.0,"gold_gain":0.0,"event_name":"Liars Game","player_choice":"Ignored","floor":5.0,"gold_loss":0.0,"damage_taken":0.0}],"is_beta":false,"boss_relics":[{"not_picked":["Runic Dome","Calling Bell"],"picked":"RobotSpaceExplorer:SearchSpecs"}],"items_purged_floors":[7],"is_endless":false,"potions_floor_spawned":[1,2,4,10,12,18,21],"killed_by":"Gremlin Leader","ascension_level":0}}