{"host":"bjzqjr1ycgj8gt55","time":1613876974,"event":{"mods":["100% Spire Juice","BaseMod","Better Altar","Better Match","Better Sensory Stone","Better Skull","Better Third Choice","Better Vampires","Block Reminder","Colored Map","Colored Powertips","GifTheSpireLib","Hermit","Infinite Spire","Minty Spire (QoL Compilation)","Rare Cards Sparkle","Red Circlet Mod","Shade Mod","Shop Mod","Spicy Shops","StSLib","The Cursed","The Jungle","The Marked","The Necromancer","TheVacant","Waifu the Spire","everything is the same but u backflip on backflip","slay the spire mod where everything is the same but ironclad has a cowboy hat"],"gold_per_floor":[112,33,53,68,94,126,136,136,136],"floor_reached":8,"language":"ENG","playtime":303,"items_purged":[],"score":61,"play_id":"b81c51ca-999a-446a-8478-27edd60e26f6","local_time":"20210220210934","is_ascension_mode":true,"campfire_choices":[],"circlet_count":0,"master_deck":["theVacant:VacantStarterStrike","theVacant:VacantStarterStrike","theVacant:VacantStarterStrike","theVacant:VacantStarterStrike","theVacant:VacantStarterDefend","theVacant:VacantStarterDefend","theVacant:VacantStarterDefend","theVacant:VacantStarterDefend","theVacant:Release","theVacant:Crunch","TheCursedMod:Dregs","theVacant:TheAnvil","theVacant:Gloom","theVacant:Fling","theVacant:BellToll","theVacant:HolyWater","theVacant:Hex","theVacant:PitOfDespair"],"relics":["theVacant:BrassGoblet","Ancient Tea Set","Question Card"],"acts_visited":["Exordium"],"potions_floor_usage":[],"damage_taken":[{"damage":2,"enemies":"Cultist","floor":1,"turns":4},{"damage":10,"enemies":"Small Slimes","floor":3,"turns":4},{"damage":0,"enemies":"Jaw Worm","floor":4,"turns":3},{"damage":21,"enemies":"3 Sentries","floor":6,"turns":6},{"damage":17,"enemies":"3 Louse","floor":7,"turns":4},{"damage":22,"enemies":"Gremlin Nob","floor":8,"turns":4}],"seed_played":"1537141894243509418","potions_obtained":[{"floor":1,"key":"Energy Potion"},{"floor":4,"key":"SneckoOil"},{"floor":7,"key":"Dexterity Potion"}],"is_trial":false,"path_per_floor":["M","$","M","M","T","E","M","E"],"character_chosen":"THE_VACANT","items_purchased":["theVacant:Fling"],"campfire_rested":0,"item_purchase_floors":[2],"current_hp_per_floor":[78,78,68,68,68,47,30,8,8],"gold":136,"neow_bonus":"THREE_RARE_CARDS","is_daily":false,"chose_seed":false,"campfire_upgraded":0,"win_rate":0.0,"timestamp":1613876974,"path_taken":["M","$","?","M","?","E","M","E"],"items_purchased_type":["Card"],"build_version":"2020-12-22","purchased_purges":0,"victory":false,"max_hp_per_floor":[80,80,80,80,80,80,80,80,80],"card_choices":[{"not_picked":["theVacant:FiendFrost","theVacant:MindBreak"],"picked":"theVacant:TheAnvil","floor":0},{"not_picked":["theVacant:Enrage","theVacant:BattleScars"],"picked":"theVacant:Gloom","floor":1},{"not_picked":["theVacant:GraveWave","theVacant:VoidEmbrace"],"picked":"theVacant:BellToll","floor":3},{"not_picked":["theVacant:Necromancy","theVacant:Return"],"picked":"theVacant:HolyWater","floor":4},{"not_picked":["theVacant:TwistFate","theVacant:FranticBlow"],"picked":"theVacant:Hex","floor":6},{"not_picked":["theVacant:Enrage","theVacant:Necromancy","theVacant:EmbraceDarkness"],"picked":"theVacant:PitOfDespair","floor":7}],"player_experience":178084,"relics_obtained":[{"floor":5,"key":"Ancient Tea Set"},{"floor":6,"key":"Question Card"}],"event_choices":[],"is_beta":false,"boss_relics":[],"items_purged_floors":[],"is_endless":false,"potions_floor_spawned":[1,4,7],"killed_by":"Gremlin Nob","ascension_level":1}}