{"host":"en4narc5947t7k9n","time":1613913952,"event":{"mods":["AchievementEnabler","BaseMod","Colored Map","Minty Spire (QoL Compilation)","SuperFastMode"],"gold_per_floor":[118,118,193,193,205,205,238,238,238,248,259,293,293,308,308,413,413,379,6,23,23,35,35,35,35,84,104,116,48,64,79,79,183,183,203,35,49,49,49,49,49,49,49,69,85,85,85,137,137,137,137,137,41,67,67,67],"floor_reached":55,"language":"KOR","playtime":3571,"items_purged":["Strike_G","Strike_G"],"score":779,"play_id":"2a759f86-2199-4f41-b343-bcce44ab030c","local_time":"20210221222552","is_ascension_mode":false,"campfire_choices":[{"floor":6,"key":"RECALL"},{"data":"Adrenaline","floor":8,"key":"SMITH"},{"data":"After Image","floor":13,"key":"SMITH"},{"data":"Bouncing Flask","floor":15,"key":"SMITH"},{"data":"Malaise","floor":23,"key":"SMITH"},{"data":"Venomology","floor":25,"key":"SMITH"},{"data":"Crippling Poison","floor":32,"key":"SMITH"},{"data":"Bullet Time","floor":40,"key":"SMITH"},{"data":"Catalyst","floor":42,"key":"SMITH"},{"data":"Bandage Up","floor":46,"key":"SMITH"},{"data":"Madness","floor":49,"key":"SMITH"},{"data":"Madness","floor":52,"key":"SMITH"}],"circlet_count":0,"master_deck":["Strike_G+1","Strike_G","Strike_G","Defend_G","Defend_G","Defend_G","Defend_G","Defend_G","Survivor","Neutralize+1","Escape Plan","Dodge and Roll","Adrenaline+1","Caltrops","Leg Sweep","After Image+1","Bouncing Flask+1","Malaise+1","Outmaneuver+1","Bandage Up+1","Venomology+1","Noxious Fumes","Distraction+1","Shame","Backflip+1","Endless Agony+1","Poisoned Stab","Crippling Poison+1","Distraction+1","Bane","Bullet Time+1","Bane+1","Catalyst+1","Blade Dance+1","Dodge and Roll+1","Madness+1","Madness+1","Poisoned Stab+1","Finesse","Acrobatics+1"],"relics":["Ring of the Serpent","NeowsBlessing","Question Card","Dead Branch","Torii","Whetstone","SlaversCollar","Orichalcum","Calipers","Kunai"],"acts_visited":["Exordium","TheCity","TheBeyond","TheEnding"],"potions_floor_usage":[11,12,18,27,27,28,30,31,33,33,33,39,41,41,44,48,50,50,50,54,54],"damage_taken":[{"damage":0,"enemies":"Small Slimes","floor":1,"turns":1},{"damage":0,"enemies":"2 Louse","floor":5,"turns":1},{"damage":0,"enemies":"Lagavulin","floor":7,"turns":1},{"damage":0,"enemies":"Jaw Worm","floor":10,"turns":4},{"damage":0,"enemies":"2 Fungi Beasts","floor":11,"turns":3},{"damage":45,"enemies":"3 Sentries","floor":12,"turns":14},{"damage":3,"enemies":"3 Louse","floor":14,"turns":5},{"damage":0,"enemies":"Hexaghost","floor":16,"turns":9},{"damage":19,"enemies":"2 Thieves","floor":18,"turns":5},{"damage":0,"enemies":"Spheric Guardian","floor":20,"turns":4},{"damage":2,"enemies":"Snake Plant","floor":22,"turns":4},{"damage":6,"enemies":"Chosen and Byrds","floor":27,"turns":5},{"damage":1,"enemies":"Snecko","floor":28,"turns":5},{"damage":3,"enemies":"Snake Plant","floor":30,"turns":3},{"damage":2,"enemies":"Chosen and Byrds","floor":31,"turns":4},{"damage":16,"enemies":"Champ","floor":33,"turns":11},{"damage":34,"enemies":"3 Darklings","floor":35,"turns":5},{"damage":11,"enemies":"Orb Walker","floor":37,"turns":3},{"damage":0,"enemies":"4 Shapes","floor":41,"turns":1},{"damage":0,"enemies":"Maw","floor":44,"turns":7},{"damage":1,"enemies":"3 Darklings","floor":45,"turns":5},{"damage":0,"enemies":"2 Orb Walkers","floor":48,"turns":5},{"damage":19,"enemies":"Time Eater","floor":50,"turns":6},{"damage":70,"enemies":"Shield and Spear","floor":54,"turns":6},{"damage":25,"enemies":"The Heart","floor":55,"turns":2}],"seed_played":"-3125049955859925268","potions_obtained":[{"floor":1,"key":"Regen Potion"},{"floor":11,"key":"Fruit Juice"},{"floor":16,"key":"FearPotion"},{"floor":22,"key":"Block Potion"},{"floor":27,"key":"FearPotion"},{"floor":31,"key":"Dexterity Potion"},{"floor":37,"key":"GamblersBrew"},{"floor":39,"key":"Fruit Juice"},{"floor":39,"key":"Poison Potion"},{"floor":48,"key":"PowerPotion"}],"is_trial":false,"path_per_floor":["M","$","?","?","M","R","E","R","T","M","M","E","R","M","R","B",null,"M","$","M","?","M","R","?","R","T","M","M","$","M","M","R","B",null,"M","$","M","$","?","R","M","R","T","M","M","R","?","?","R","B",null,"R","$","E","B"],"character_chosen":"THE_SILENT","items_purchased":["Bandage Up","Venomology","Noxious Fumes","Crippling Poison","Catalyst","Finesse"],"campfire_rested":0,"item_purchase_floors":[19,19,19,29,36,53],"current_hp_per_floor":[70,70,59,64,64,64,64,64,64,64,69,39,39,36,36,36,80,61,61,65,65,67,67,67,67,67,65,68,68,69,71,71,59,80,46,46,39,39,44,44,48,48,48,52,55,55,44,50,50,37,85,85,85,21,0,0],"gold":67,"neow_bonus":"THREE_ENEMY_KILL","is_daily":false,"chose_seed":false,"campfire_upgraded":11,"win_rate":0.0,"timestamp":1613913952,"path_taken":["M","$","?","?","M","R","E","R","T","?","M","E","R","M","R","BOSS","M","$","M","?","M","R","?","R","T","M","M","$","M","M","R","BOSS","M","$","M","$","?","R","M","R","T","?","M","R","?","?","R","BOSS","R","$","E","BOSS"],"items_purchased_type":["Card","Card","Card","Card","Card","Card"],"build_version":"2020-12-22","purchased_purges":2,"victory":false,"max_hp_per_floor":[70,70,70,75,75,75,75,75,75,75,80,80,80,80,80,80,80,80,80,80,80,80,80,80,80,80,80,80,80,80,80,80,80,80,80,80,80,80,85,85,85,85,85,85,85,85,85,85,85,85,85,85,85,85,85,85],"card_choices":[{"not_picked":["Flying Knee","Dagger Spray"],"picked":"Escape Plan","floor":1},{"not_picked":["Underhanded Strike","Quick Slash"],"picked":"Dodge and Roll","floor":5},{"not_picked":["Outmaneuver","Dodge and Roll"],"picked":"Adrenaline","floor":7},{"not_picked":["Bane","Acrobatics","Quick Slash"],"picked":"Caltrops","floor":10},{"not_picked":["Concentrate","Dagger Spray","Quick Slash"],"picked":"Leg Sweep","floor":11},{"not_picked":["Dagger Throw","All Out Attack","Dagger Spray"],"picked":"After Image","floor":12},{"not_picked":["Dagger Spray","Slice","Blade Dance"],"picked":"Bouncing Flask","floor":14},{"not_picked":["Phantasmal Killer","Unload","Storm of Steel"],"picked":"Malaise","floor":16},{"not_picked":["Deflect","Dagger Throw","Prepared"],"picked":"Outmaneuver+1","floor":18},{"not_picked":["Underhanded Strike+1","Dagger Spray+1","Deadly Poison"],"picked":"Distraction+1","floor":20},{"not_picked":["Outmaneuver","Setup+1","Deflect"],"picked":"Backflip+1","floor":22},{"not_picked":["Cloak And Dagger","Finisher","Sucker Punch"],"picked":"Endless Agony+1","floor":27},{"not_picked":["Footwork","Dagger Throw","PiercingWail"],"picked":"Poisoned Stab","floor":28},{"not_picked":["Backflip","Outmaneuver","Flying Knee"],"picked":"Distraction+1","floor":30},{"not_picked":["Skewer","Choke","Leg Sweep"],"picked":"Bane","floor":31},{"not_picked":["Malaise","Storm of Steel","Burst"],"picked":"Bullet Time","floor":33},{"not_picked":["Deadly Poison+1","Outmaneuver+1","Tactician+1"],"picked":"Bane+1","floor":35},{"not_picked":["After Image","Footwork+1","Bane"],"picked":"Blade Dance+1","floor":37},{"not_picked":["Deadly Poison","Dagger Spray","Leg Sweep","Outmaneuver"],"picked":"SKIP","floor":44},{"not_picked":["Quick Slash+1","Cloak And Dagger","Poisoned Stab"],"picked":"Dodge and Roll+1","floor":45},{"not_picked":["Outmaneuver","PiercingWail+1","Cloak And Dagger"],"picked":"Poisoned Stab+1","floor":48},{"not_picked":["Bullet Time","Dagger Throw","Prepared"],"picked":"Acrobatics+1","floor":54}],"player_experience":127535,"relics_obtained":[{"floor":7,"key":"Question Card"},{"floor":12,"key":"Dead Branch"},{"floor":26,"key":"Whetstone"},{"floor":43,"key":"Orichalcum"},{"floor":48,"key":"Calipers"},{"floor":54,"key":"Kunai"}],"event_choices":[{"damage_healed":0,"gold_gain":75,"player_choice":"Gather Gold","damage_taken":11,"max_hp_gain":0,"max_hp_loss":0,"event_name":"World of Goop","floor":3,"gold_loss":0},{"damage_healed":0,"gold_gain":0,"player_choice":"Donut","damage_taken":0,"max_hp_gain":5,"max_hp_loss":0,"event_name":"Big Fish","floor":4,"gold_loss":0},{"damage_healed":0,"gold_gain":0,"player_choice":"Stole Relic","damage_taken":0,"relics_obtained":["Torii"],"max_hp_gain":0,"max_hp_loss":0,"event_name":"Addict","floor":21,"gold_loss":0,"cards_obtained":["Shame"]},{"damage_healed":0,"gold_gain":0,"player_choice":"Ignored","damage_taken":0,"max_hp_gain":0,"max_hp_loss":0,"event_name":"The Mausoleum","floor":24,"gold_loss":0},{"damage_healed":0,"gold_gain":0,"player_choice":"Got Potions","damage_taken":0,"max_hp_gain":0,"max_hp_loss":0,"event_name":"Lab","floor":39,"gold_loss":0},{"damage_healed":0,"gold_gain":0,"player_choice":"Embrace Madness","damage_taken":11,"max_hp_gain":0,"max_hp_loss":0,"event_name":"Winding Halls","floor":47,"gold_loss":0,"cards_obtained":["Madness","Madness"]},{"damage_healed":0,"gold_gain":0,"player_choice":"Fight","damage_taken":0,"max_hp_gain":0,"max_hp_loss":0,"event_name":"Mysterious Sphere","floor":48,"gold_loss":0}],"is_beta":false,"boss_relics":[{"not_picked":["Busted Crown","Astrolabe"],"picked":"Ring of the Serpent"},{"not_picked":["Empty Cage","Snecko Eye"],"picked":"SlaversCollar"}],"items_purged_floors":[19,36],"is_endless":false,"potions_floor_spawned":[1,11,16,22,27,31,37,41,48],"killed_by":"The Heart","ascension_level":0}}