{"host":"91blwi3hgehj6ch9","time":1613942814,"event":{"mods":["2.2 Compatiblity","AchievementEnabler","BaseMod","Colored Map","DeckTracker","Keyboard Shortcuts","Minty Spire (QoL Compilation)","Permanent Neow","Relic Stats","StSLib","SuperFastMode","everything is the same but u backflip on backflip"],"gold_per_floor":[114,114,130,194,67,96,96,146,173,223,255,269,334,349,349,349,349],"floor_reached":16,"language":"KOR","playtime":413,"items_purged":["Strike_G"],"score":224,"play_id":"13c0e4e7-8fc1-454e-9183-0e432466f0f8","local_time":"20210222062654","is_ascension_mode":true,"campfire_choices":[{"floor":7.0,"key":"REST"},{"floor":15.0,"key":"REST"}],"circlet_count":0,"master_deck":["AscendersBane","Strike_G","Strike_G","Strike_G","Strike_G","Defend_G","Defend_G","Defend_G","Defend_G","Survivor","Neutralize","Die Die Die","Well Laid Plans","Flying Knee","Slice","Dagger Spray","Choke","Footwork","Noxious Fumes","Deadly Poison","Predator"],"relics":["Ring of the Snake","SsserpentHead","Smiling Mask","Centennial Puzzle","InkBottle"],"acts_visited":["Exordium"],"potions_floor_usage":[],"damage_taken":[{"damage":2.0,"enemies":"Jaw Worm","floor":1.0,"turns":5.0},{"damage":20.0,"enemies":"Cultist","floor":3.0,"turns":6.0},{"damage":7.0,"enemies":"Small Slimes","floor":4.0,"turns":2.0},{"damage":22.0,"enemies":"3 Sentries","floor":6.0,"turns":7.0},{"damage":22.0,"enemies":"Lagavulin","floor":11.0,"turns":5.0},{"damage":1.0,"enemies":"Red Slaver","floor":12.0,"turns":2.0},{"damage":1.0,"enemies":"2 Fungi Beasts","floor":13.0,"turns":2.0},{"damage":1.0,"enemies":"Looter","floor":14.0,"turns":3.0},{"damage":36,"enemies":"The Guardian","floor":16,"turns":2}],"seed_played":"3855647751570529823","potions_obtained":[{"floor":1.0,"key":"ColorlessPotion"},{"floor":4.0,"key":"LiquidMemories"},{"floor":6.0,"key":"GhostInAJar"}],"is_trial":false,"path_per_floor":["M","?","M","M","$","E","R","?","T","?","E","M","M","M","R","B"],"character_chosen":"THE_SILENT","items_purchased":["Dagger Spray"],"campfire_rested":2,"item_purchase_floors":[5],"current_hp_per_floor":[57,57,37,30,30,8,26,26,26,26,4,3,2,1,19,0,0],"gold":349,"neow_bonus":"THREE_RARE_CARDS","is_daily":false,"chose_seed":false,"campfire_upgraded":0,"win_rate":0.0,"timestamp":1613942814,"path_taken":["M","?","M","?","$","E","R","?","T","?","E","M","?","M","R","BOSS"],"items_purchased_type":["Card"],"build_version":"2020-12-22","purchased_purges":1,"victory":false,"max_hp_per_floor":[60,60,60,60,60,60,60,60,60,60,60,60,60,60,60,60,60],"relic_stats":{"SsserpentHead":200,"Centennial Puzzle":[12],"counters":[9,34],"Smiling Mask":0,"obtain_stats":[{"SsserpentHead":2,"Centennial Puzzle":9,"Smiling Mask":6,"InkBottle":11,"Ring of the Snake":0},{"SsserpentHead":1,"Centennial Puzzle":4,"Smiling Mask":4,"InkBottle":5,"Ring of the Snake":0},{"SsserpentHead":5,"Centennial Puzzle":20,"Smiling Mask":20,"InkBottle":25,"Ring of the Snake":0}],"InkBottle":[2],"Ring of the Snake":[18]},"card_choices":[{"not_picked":["Tools of the Trade","Venomology"],"picked":"Die Die Die","floor":0.0},{"not_picked":["Caltrops","Bane"],"picked":"Well Laid Plans","floor":1.0},{"not_picked":["Setup","Acrobatics"],"picked":"Flying Knee","floor":3.0},{"not_picked":["Leg Sweep","Prepared"],"picked":"Slice","floor":4.0},{"not_picked":["Expertise","Noxious Fumes"],"picked":"Choke","floor":6.0},{"not_picked":["Prepared","Skewer"],"picked":"Footwork","floor":11.0},{"not_picked":["Caltrops","Catalyst"],"picked":"Noxious Fumes","floor":12.0},{"not_picked":["PiercingWail","Poisoned Stab"],"picked":"Deadly Poison","floor":13.0},{"not_picked":["Flying Knee","Doppelganger"],"picked":"Predator","floor":14.0}],"player_experience":292041,"relics_obtained":[{"floor":6.0,"key":"Smiling Mask"},{"floor":9.0,"key":"Centennial Puzzle"},{"floor":11.0,"key":"InkBottle"}],"event_choices":[{"damage_healed":0.0,"max_hp_gain":0.0,"max_hp_loss":0.0,"gold_gain":0.0,"event_name":"FaceTrader","player_choice":"Trade","floor":2.0,"gold_loss":0.0,"damage_taken":0.0,"relics_obtained":["SsserpentHead"]},{"damage_healed":0.0,"max_hp_gain":0.0,"max_hp_loss":0.0,"gold_gain":0.0,"event_name":"Scrap Ooze","player_choice":"Fled","floor":8.0,"gold_loss":0.0,"damage_taken":0.0},{"cards_removed":["Defend_G"],"damage_healed":0.0,"max_hp_gain":0.0,"max_hp_loss":0.0,"gold_gain":0.0,"event_name":"Purifier","player_choice":"Purged","floor":10.0,"gold_loss":0.0,"damage_taken":0.0}],"is_beta":false,"boss_relics":[],"items_purged_floors":[5],"is_endless":false,"potions_floor_spawned":[1,4,6],"killed_by":"The Guardian","ascension_level":20}}