{"host":"1ftto2vaskemldx8","time":1613929020,"event":{"mods":["BaseMod","Downfall","Minty Spire (QoL Compilation)","Replay The Spire","StSLib","Together in Spire","[功能]功能增强和修复MOD"],"gold_per_floor":[115,10,28,41,41,41,66,66,66,99,23,39,39,39,214,498,498,511,511,380,380,295,295,321,321,403,413,234,263,263,281,281,532,532,551,563,395,395,259,284,302,302,302,324,183,183,198,206,206],"floor_reached":48,"language":"ZHS","playtime":3267,"items_purged":["Strike_B","Defend_B","Strike_B","Strike_B","Defend_B","Strike_B","Defend_B","Doubt","Cold Snap","Steam","Gash+1","Scrape","Gash+1","FIFO Queue+1","Gash+1","Parasite","downfall:Aged"],"score":825,"play_id":"96bc1172-64be-46de-bad4-ec4d5dce7f8b","local_time":"20210222013700","is_ascension_mode":true,"campfire_choices":[{"floor":6,"key":"RECALL"},{"data":"Dualcast","floor":8,"key":"SMITH"},{"data":"Bandage Up","floor":13,"key":"SMITH"},{"data":"Echo Form","floor":23,"key":"SMITH"},{"data":"RitualDagger","floor":25,"key":"SMITH"},{"floor":30,"key":"REST"},{"data":"ReplayTheSpireMod:Private Reserves","floor":32,"key":"SMITH"},{"data":"Coolheaded","floor":42,"key":"SMITH"}],"circlet_count":0,"master_deck":["Defend_B+2","Zap+1","Dualcast+1","Streamline+1","Capacitor","FTL","Conserve Battery","Hologram","Bandage Up+1","Ball Lightning","Echo Form+1","Thunder Strike","Electrodynamics","RitualDagger+1","Redo+1","Barrage","BootSequence","ReplayTheSpireMod:Private Reserves+1","Coolheaded+1","Steam Power","FIFO Queue","Steam","Ball Lightning","Seek","Multi-Cast","ReplayTheSpireMod:Calculation Training","Coolheaded+1","Capacitor","Rainbow","Conserve Battery"],"relics":["SlaversCollar","Centennial Puzzle","Strawberry","Replay:Rubber Ducky","Bag of Marbles","Bag of Preparation","Calipers","Black Star","BargainBundle","Replay:Bottled Eggs","Simple Rune","Shuriken","ReplayTheSpireMod:TigerMarble","Mango","Garlic","Unceasing Top","HandDrill","War Paint","Pantograph","Cables","Cursed Key","Geode","Medical Kit","Bottled Tornado","Toolbox","Replay:Towering Pillar of Hats","Oddly Smooth Stone","Replay:Bandana","Blue Doll","White Beast Statue","Pen Nib","Replay:Multitool","Strange Spoon"],"acts_visited":["Exordium","TheCity","TheBeyond"],"potions_floor_usage":[7,10,10,10,16,16,18,24,29,33,33,41,44,48,48],"damage_taken":[{"damage":0,"enemies":"Small Slimes","floor":1,"turns":3},{"damage":0,"enemies":"2 Louse","floor":3,"turns":2},{"damage":2,"enemies":"Jaw Worm","floor":4,"turns":3},{"damage":10,"enemies":"Lagavulin","floor":7,"turns":5},{"damage":9,"enemies":"3 Sentries","floor":10,"turns":7},{"damage":0,"enemies":"Looter","floor":12,"turns":2},{"damage":29,"enemies":"Hexaghost","floor":16,"turns":5},{"damage":5,"enemies":"3 Byrds","floor":18,"turns":2},{"damage":29,"enemies":"Slavers","floor":24,"turns":4},{"damage":0,"enemies":"2 Thieves","floor":27,"turns":4},{"damage":0,"enemies":"Book of Stabbing","floor":29,"turns":4},{"damage":5,"enemies":"Shelled Parasite and Fungi","floor":31,"turns":3},{"damage":0,"enemies":"Automaton","floor":33,"turns":6},{"damage":7,"enemies":"3 Darklings","floor":35,"turns":4},{"damage":50,"enemies":"3 Shapes","floor":36,"turns":4},{"damage":0,"enemies":"Giant Head","floor":40,"turns":7},{"damage":33,"enemies":"Writhing Mass","floor":41,"turns":6},{"damage":22,"enemies":"Sphere and 2 Shapes","floor":44,"turns":6},{"damage":0,"enemies":"Jaw Worm Horde","floor":47,"turns":2},{"damage":73,"enemies":"Reptomancer","floor":48,"turns":4}],"seed_played":"7423406885764180560","potions_obtained":[{"floor":1,"key":"PowerPotion"},{"floor":1,"key":"Elixir"},{"floor":7,"key":"Elixir"},{"floor":7,"key":"LifebloodPotion"},{"floor":7,"key":"Doom Potion"},{"floor":10,"key":"Milkshake"},{"floor":10,"key":"BlessingOfTheForge"},{"floor":10,"key":"Explosive Potion"},{"floor":18,"key":"FearPotion"},{"floor":27,"key":"FearPotion"},{"floor":27,"key":"SpeedPotion"},{"floor":29,"key":"PotionOfCapacity"},{"floor":29,"key":"Energy Potion"},{"floor":31,"key":"SteroidPotion"},{"floor":33,"key":"Strength Potion"},{"floor":38,"key":"Dexterity Potion"},{"floor":38,"key":"Reflective Coating"},{"floor":41,"key":"Regen Potion"},{"floor":41,"key":"PowerPotion"},{"floor":44,"key":"PotionOfCapacity"},{"floor":47,"key":"Regen Potion"}],"is_trial":false,"path_per_floor":["M","$","M","M","?","R","E","R","T","E","$","M","R","?","R","B",null,"M","?","$","?","?","R","E","R","T","M","$","E","R","M","R","B",null,"M","M","$","?","$","E","M","R","T","M","$","?","M","E"],"character_chosen":"DEFECT","items_purchased":["Capacitor","FTL","Centennial Puzzle","Strawberry","Bandage Up","Bag of Preparation","Scrape","Redo","BargainBundle","Replay:Bottled Eggs","Barrage","Simple Rune","BootSequence","FIFO Queue+1","ReplayTheSpireMod:Private Reserves","Unceasing Top","HandDrill","War Paint","Steam Power","FIFO Queue","Gash","Steam","Ball Lightning","Geode","Medical Kit","Bottled Tornado","ReplayTheSpireMod:Calculation Training","Coolheaded","Toolbox","Replay:Towering Pillar of Hats","Oddly Smooth Stone","Capacitor","Pen Nib","Replay:Multitool","Strange Spoon","Conserve Battery"],"campfire_rested":1,"item_purchase_floors":[2,2,2,2,11,11,11,20,20,20,20,20,20,20,20,28,28,28,28,28,28,28,28,37,37,37,37,37,39,39,39,39,45,45,45,45],"current_hp_per_floor":[75,82,82,80,64,64,54,54,54,45,45,49,49,49,49,26,82,82,76,76,60,60,60,51,51,51,57,57,63,93,88,88,101,101,100,50,50,50,50,56,35,35,35,40,40,40,40,0,0],"gold":206,"neow_bonus":"BOSS_RELIC","is_daily":false,"chose_seed":false,"campfire_upgraded":6,"win_rate":0.0,"timestamp":1613929020,"path_taken":["M","$","M","M","?","R","E","R","T","E","$","M","R","?","R","BOSS","M","?","$","?","?","R","E","R","T","M","$","E","R","M","R","BOSS","M","M","$","?","$","E","?","R","T","M","$","?","?","E"],"items_purchased_type":["Card","Card","Relic","Relic","Card","Relic","Card","Card","Relic","Relic","Card","Relic","Card","Card","Card","Relic","Relic","Relic","Card","Card","Card","Card","Card","Relic","Relic","Relic","Card","Card","Relic","Relic","Relic","Card","Relic","Relic","Relic","Card"],"build_version":"2020-12-22","purchased_purges":17,"victory":false,"max_hp_per_floor":[75,82,82,82,82,82,82,82,82,82,82,82,82,82,82,82,82,82,82,82,87,87,87,101,101,101,101,101,101,101,101,101,101,101,101,101,101,101,101,101,101,101,101,101,98,98,98,98,98],"card_choices":[{"not_picked":["Go for the Eyes","Beam Cell"],"picked":"Streamline","floor":1},{"not_picked":["Barrage","Doom and Gloom"],"picked":"Cold Snap","floor":3},{"not_picked":["Self Repair","Barrage"],"picked":"Gash","floor":4},{"not_picked":["Tempest","Sunder"],"picked":"Conserve Battery","floor":7},{"not_picked":["Undo","Doom and Gloom"],"picked":"Hologram","floor":10},{"not_picked":["Rebound","Recycle"],"picked":"Ball Lightning","floor":12},{"not_picked":["Hyperbeam","Thunder Strike"],"picked":"Echo Form","floor":16},{"not_picked":["Creative AI","Buffer"],"picked":"Thunder Strike","floor":16},{"not_picked":["Hyperbeam","ReplayTheSpireMod:Omega Cannon"],"picked":"Electrodynamics","floor":16},{"not_picked":["Leap","Stack"],"picked":"Gash","floor":18},{"not_picked":["Gash","Cold Snap"],"picked":"Steam","floor":24},{"not_picked":["Compile Driver+1","Gash"],"picked":"Coolheaded","floor":27},{"not_picked":["Rip and Tear","Stack+1","Panic Button"],"picked":"SKIP","floor":29},{"not_picked":["ReplayTheSpireMod:Reroute Power","Leap","BootSequence"],"picked":"SKIP","floor":31},{"not_picked":["Reboot","All For One"],"picked":"ReplayRNGCard","floor":33},{"not_picked":["All For One","Biased Cognition"],"picked":"Seek","floor":33},{"not_picked":["Meteor Strike","ReplayRNGCard"],"picked":"Multi-Cast","floor":33},{"not_picked":["Gash+1","Beam Cell+1","Ball Lightning"],"picked":"SKIP","floor":35},{"not_picked":["Stack+1","Genetic Algorithm","Beam Cell+1"],"picked":"SKIP","floor":36},{"not_picked":["BasicCrystalCard","Stack+1","Cold Snap"],"picked":"SKIP","floor":40},{"not_picked":["BootSequence","Go for the Eyes+1","Ball Lightning"],"picked":"SKIP","floor":41},{"not_picked":["Time Bomb","Beam Cell+1"],"picked":"Rainbow","floor":44},{"not_picked":["Crystallizer","Conserve Battery","Coolheaded+1"],"picked":"SKIP","floor":47}],"player_experience":202337,"relics_obtained":[{"floor":7,"key":"Replay:Rubber Ducky"},{"floor":10,"key":"Bag of Marbles"},{"floor":16,"key":"Calipers"},{"floor":24,"key":"ReplayTheSpireMod:TigerMarble"},{"floor":24,"key":"Mango"},{"floor":26,"key":"Garlic"},{"floor":29,"key":"Pantograph"},{"floor":33,"key":"Cables"},{"floor":40,"key":"Replay:Bandana"},{"floor":40,"key":"Blue Doll"},{"floor":43,"key":"White Beast Statue"}],"event_choices":[{"damage_healed":0,"gold_gain":0,"player_choice":"Entered Light","damage_taken":16,"max_hp_gain":0,"max_hp_loss":0,"event_name":"Shining Light","floor":5,"gold_loss":0,"cards_upgraded":["Zap","Defend_B"]},{"damage_healed":0,"gold_gain":0,"player_choice":"Grow","damage_taken":0,"max_hp_gain":0,"max_hp_loss":0,"event_name":"Living Wall","floor":14,"gold_loss":0,"cards_upgraded":["Streamline"]},{"damage_healed":0,"gold_gain":175,"player_choice":"AGREE","damage_taken":0,"max_hp_gain":0,"max_hp_loss":0,"event_name":"Liars Game","floor":15,"gold_loss":0,"cards_obtained":["Doubt"]},{"damage_healed":0,"gold_gain":0,"player_choice":"Joined the Cult","damage_taken":6,"max_hp_gain":0,"max_hp_loss":0,"event_name":"Nest","floor":19,"gold_loss":0,"cards_obtained":["RitualDagger"]},{"damage_healed":0,"gold_gain":0,"player_choice":"Shed Blood","damage_taken":21,"max_hp_gain":5,"max_hp_loss":0,"event_name":"Forgotten Altar","floor":21,"gold_loss":0},{"damage_healed":0,"gold_gain":0,"player_choice":"Obtained Relic","damage_taken":0,"relics_obtained":["Shuriken"],"max_hp_gain":0,"max_hp_loss":0,"event_name":"Addict","floor":22,"gold_loss":85},{"damage_healed":0,"gold_gain":0,"player_choice":"Got Potions","damage_taken":0,"max_hp_gain":0,"max_hp_loss":0,"event_name":"Lab","floor":38,"gold_loss":0},{"cards_removed":["ReplayRNGCard"],"damage_healed":0,"gold_gain":0,"player_choice":"Purged","damage_taken":0,"max_hp_gain":0,"max_hp_loss":0,"event_name":"Purifier","floor":46,"gold_loss":0}],"is_beta":false,"boss_relics":[{"not_picked":["Honey Jar","Calling Bell"],"picked":"Black Star"},{"not_picked":["Inserter","Painkiller Herb"],"picked":"Cursed Key"}],"items_purged_floors":[2,2,2,11,11,11,11,20,28,37,37,37,37,37,37,45,45],"is_endless":false,"potions_floor_spawned":[1,1,7,7,7,10,10,10,18,27,27,29,29,31,31,33,40,40,41,41,41,44,44,44,47,47,47],"killed_by":"Reptomancer","ascension_level":4}}