{"host":"d52brwsy6af8zvaq","time":1613933314,"event":{"mods":["AchievementEnabler","BaseMod","Bestiary","Highlight Path","Minty Spire (QoL Compilation)","Quick Restart","Relic Stats","ojb\u0027s Better Paths Mod"],"gold_per_floor":[119,119,119,140,140,179,179,179,179],"floor_reached":8,"language":"ENG","playtime":205,"items_purged":[],"score":108,"play_id":"7fd49765-9232-4739-9700-925f9b91bf17","local_time":"20210221114834","is_ascension_mode":true,"campfire_choices":[{"data":"Zap","floor":7,"key":"SMITH"}],"circlet_count":0,"master_deck":["AscendersBane","Strike_B","Strike_B","Strike_B","Defend_B","Defend_B","Defend_B","Defend_B","Zap+1","Dualcast","Gash","Glacier","Gash"],"relics":["Cracked Core","Golden Idol","MealTicket"],"acts_visited":["Exordium"],"potions_floor_usage":[],"damage_taken":[{"damage":2,"enemies":"Jaw Worm","floor":1,"turns":3},{"damage":4,"enemies":"Small Slimes","floor":4,"turns":3},{"damage":39,"enemies":"Lagavulin","floor":6,"turns":14},{"damage":54,"enemies":"Gremlin Nob","floor":8,"turns":4}],"seed_played":"1660579123118326811","potions_obtained":[],"is_trial":false,"path_per_floor":["M","?","?","M","?","E","R","E"],"character_chosen":"DEFECT","items_purchased":[],"campfire_rested":0,"item_purchase_floors":[],"current_hp_per_floor":[69,69,62,58,63,24,24,0,0],"gold":179,"neow_bonus":"TEN_PERCENT_HP_BONUS","is_daily":false,"chose_seed":false,"campfire_upgraded":1,"win_rate":0.0,"timestamp":1613933314,"path_taken":["M","?","?","M","?","E","R","E"],"items_purchased_type":[],"build_version":"2020-12-22","purchased_purges":0,"victory":false,"max_hp_per_floor":[78,71,71,71,76,76,76,76,76],"relic_stats":{"counters":[4,24],"Golden Idol":12,"MealTicket":0,"obtain_stats":[{"Golden Idol":2,"MealTicket":6,"Cracked Core":0},{"Golden Idol":1,"MealTicket":3,"Cracked Core":0},{"Golden Idol":3,"MealTicket":20,"Cracked Core":0}]},"card_choices":[{"not_picked":["Steam","Lockon"],"picked":"Gash","floor":1},{"not_picked":["Aggregate","Redo"],"picked":"Glacier","floor":4},{"not_picked":["Steam Power","Go for the Eyes"],"picked":"Gash","floor":6}],"player_experience":2330721,"relics_obtained":[{"floor":6,"key":"MealTicket"}],"event_choices":[{"damage_healed":0,"gold_gain":0,"player_choice":"Lose Max HP","damage_taken":0,"relics_obtained":["Golden Idol"],"max_hp_gain":0,"max_hp_loss":7,"event_name":"Golden Idol","floor":2,"gold_loss":0},{"cards_removed":["Strike_B"],"damage_healed":0,"gold_gain":0,"player_choice":"Card Removal","damage_taken":7,"max_hp_gain":0,"max_hp_loss":0,"event_name":"Golden Wing","floor":3,"gold_loss":0},{"damage_healed":0,"gold_gain":0,"player_choice":"Donut","damage_taken":0,"max_hp_gain":5,"max_hp_loss":0,"event_name":"Big Fish","floor":5,"gold_loss":0}],"is_beta":false,"boss_relics":[],"items_purged_floors":[],"is_endless":false,"potions_floor_spawned":[],"killed_by":"Gremlin Nob","ascension_level":20}}