{"host":"c0rqchpxu0yjpthq","time":1613883506,"event":{"mods":["100% Spire Juice","ATMod(阿瑾Mod)","BaseMod","Challenge The Spire","Conspire","Downfall","HololiveMod","Minty Spire (QoL Compilation)","MostiFishMod","Prisma Mod","Reimu（博丽灵梦）","Relic Stats","Reliquary","Replay The Spire","Spicy Shops","StSLib","The Alterego","The Hierophant","WarShipGirlsR/战舰少女R mod","Wide Potions","Yakumo Yukari mod","[GremlinLeader]The Maniac","【功能Mod】聪明的最终Boss","【遗物卡牌】REMEMod"],"gold_per_floor":[115,115,115,135,35,35,72,72,127,159,177,210,244,279,279,414,414,444,72,124,202,268,268,349,349,349,424,604,47,88,267,267,526,526,576,28,51,94,171,321,321,14,14,64,64,64,110,264,264,295,295],"floor_reached":50,"language":"ZHS","playtime":2778,"items_purged":["Poor:ReiMu","Delirium","PrismaMod:ChloeCommonDefend","PrismaMod:ChloeCommonAttack"],"score":837,"play_id":"f5406781-beda-48f5-a39a-dc89b3857d67","local_time":"20210221125826","is_ascension_mode":false,"campfire_choices":[{"data":"AT_ShrugMaster","floor":6.0,"key":"SMITH"},{"data":"conspire:SpireCoStock","floor":8.0,"key":"SMITH"},{"data":"conspire:SpireCoStock","floor":15.0,"key":"SMITH"},{"floor":23.0,"key":"RECALL"},{"data":"PrismaMod:ChloeCheapAttack","floor":25.0,"key":"SMITH"},{"floor":32,"key":"REST"},{"data":"1","floor":41,"key":"LIFT"},{"data":"2","floor":46,"key":"LIFT"},{"data":"3","floor":49,"key":"LIFT"}],"circlet_count":0,"master_deck":["PrismaMod:ChloeCommonAttack+1","PrismaMod:ChloeCommonAttack","PrismaMod:ChloeCommonAttack","PrismaMod:ChloeCommonAttack","PrismaMod:ChloeCommonDefend","PrismaMod:ChloeCommonDefend","PrismaMod:ChloeCommonDefend","PrismaMod:ChloeCommonDefend","PrismaMod:ChloeCheapAttack+1","PrismaMod:ChloeCheapDefend","AT_ShrugMaster+1","conspire:SpireCoStock+1","CurseOfTheBell","PrismaMod:ChloeDiscardRecovery+1","PrismaMod:ChloeExcalibur+1","PrismaMod:ChloeCarnivalAOEAttack+1","PrismaMod:ChloeCheapAttack+1","PrismaMod:ChloeEyeOfTheEuryale+1"],"relics":["AT_ATBox","DaveBox","REME_ComplimentaryCards","Cursed Key","ShadowXiaoBlade","SynthV:TestCard","YidongShenshe:ReiMu","Meat on the Bone","Replay:Wax Seal","Omamori","BionicSphere","Odd Mushroom","ChewingGum","Replay:Bandana","Lee\u0027s Waffle","AT_TheCollector","Sling","Replay:Accelerometer","reliquary:Bookmark","reliquary:ExpiredCoupon","Calling Bell","Oddly Smooth Stone","reliquary:HotPoker","Girya","Molten Egg 2","Technique","Matryoshka","DiscerningMonocle","conspire:Dentures","Replay:Arrowhead","CaptainsWheel","reliquary:SharkskinSheath","OrangePellets","AT_ArchangelStaff","reliquary:Sod","AT_BellDemon"],"acts_visited":["Exordium","TheCity","TheBeyond"],"potions_floor_usage":[31,50,50],"damage_taken":[{"damage":0.0,"enemies":"2 Louse","floor":1.0,"turns":2.0},{"damage":1.0,"enemies":"Small Slimes","floor":4.0,"turns":2.0},{"damage":0.0,"enemies":"3 Sentries","floor":7.0,"turns":4.0},{"damage":4.0,"enemies":"Lagavulin","floor":10.0,"turns":4.0},{"damage":0.0,"enemies":"Cultist","floor":11.0,"turns":2.0},{"damage":2.0,"enemies":"Gremlin Nob","floor":12.0,"turns":3.0},{"damage":0.0,"enemies":"Exordium Wildlife","floor":13.0,"turns":3.0},{"damage":0.0,"enemies":"The Mushroom Lair","floor":14.0,"turns":3.0},{"damage":7.0,"enemies":"Hexaghost","floor":16.0,"turns":6.0},{"damage":0.0,"enemies":"Shell Parasite","floor":18.0,"turns":2.0},{"damage":6.0,"enemies":"2 Thieves","floor":20.0,"turns":4.0},{"damage":4.0,"enemies":"3 Cultists","floor":21.0,"turns":6.0},{"damage":0.0,"enemies":"Chosen and Byrds","floor":22.0,"turns":6.0},{"damage":42.0,"enemies":"Gremlin Leader","floor":24.0,"turns":5.0},{"damage":0,"enemies":"Sentry and Sphere","floor":28,"turns":3},{"damage":0,"enemies":"Shelled Parasite and Fungi","floor":30,"turns":4},{"damage":0,"enemies":"Slavers","floor":31,"turns":4},{"damage":0,"enemies":"Champ","floor":33,"turns":8},{"damage":22,"enemies":"3 Darklings","floor":35,"turns":5},{"damage":0,"enemies":"Orb Walker","floor":37,"turns":1},{"damage":0,"enemies":"Spire Growth","floor":38,"turns":3},{"damage":0,"enemies":"Transient","floor":39,"turns":5},{"damage":0,"enemies":"R_Hoarder","floor":40,"turns":2},{"damage":0,"enemies":"Maw","floor":44,"turns":3},{"damage":0,"enemies":"3 Darklings","floor":47,"turns":2},{"damage":0,"enemies":"Giant Head","floor":48,"turns":2},{"damage":174,"enemies":"Awakened One","floor":50,"turns":4}],"seed_played":"3513316362882055530","potions_obtained":[{"floor":4.0,"key":"PowerPotion"},{"floor":12.0,"key":"Regen Potion"},{"floor":13.0,"key":"Energy Potion"},{"floor":14.0,"key":"Weak Potion"},{"floor":30,"key":"DistilledChaos"},{"floor":31,"key":"REME_GoldPotion"},{"floor":33,"key":"DistilledChaos"},{"floor":39,"key":"Adrenaline Potion"}],"is_trial":false,"path_per_floor":["M","?","?","M","?","R","E","R","T","E","M","E","M","?","R","B",null,"M","$","M","M","M","R","E","R","T","?","M","$","M","E","R","B",null,"M","$","M","M","M","E","R","$","T","M","?","R","M","E","R","B"],"character_chosen":"CHLOE","items_purchased":["Replay:Bandana","Lee\u0027s Waffle","Sling","Replay:Accelerometer","reliquary:Bookmark","PrismaMod:ChloeDiscardRecovery","Molten Egg 2","Technique","PrismaMod:ChloeExcalibur+1","DiscerningMonocle","conspire:Dentures","Replay:Arrowhead","CaptainsWheel","reliquary:SharkskinSheath","OrangePellets"],"campfire_rested":1,"item_purchase_floors":[19,19,29,29,29,36,36,36,36,42,42,42,42,42,42],"current_hp_per_floor":[75,75,75,74,74,74,74,74,74,70,70,68,68,68,68,61,75,75,82,76,72,72,72,51,51,51,43,43,43,43,43,67,67,82,60,60,60,60,60,60,60,60,60,60,60,60,60,60,60,0,0],"gold":295,"neow_bonus":"BOSS_RELIC","is_daily":false,"chose_seed":false,"campfire_upgraded":4,"win_rate":0.0,"timestamp":1613883506,"path_taken":["M","?","?","?","?","R","E","R","T","E","M","E","M","?","R","BOSS","M","$","M","M","M","R","E","R","T","?","M","$","M","E","R","BOSS","M","$","M","M","M","E","R","$","T","?","?","R","M","E","R","BOSS"],"items_purchased_type":["Relic","Relic","Relic","Relic","Relic","Card","Relic","Relic","Card","Relic","Relic","Relic","Relic","Relic","Relic"],"build_version":"2020-12-22","purchased_purges":4,"victory":false,"max_hp_per_floor":[75,75,75,75,75,75,75,75,75,75,75,75,75,75,75,75,75,75,82,82,82,82,82,82,82,82,82,82,82,82,82,82,82,82,82,82,82,82,82,82,82,82,82,82,82,82,82,82,82,82,82],"relic_stats":{"OrangePellets":[0],"Lee\u0027s Waffle":7,"counters":[27,98],"Cursed Key":3,"obtain_stats":[{"AT_BellDemon":48,"Replay:Accelerometer":29,"AT_ATBox":0,"DaveBox":0,"DiscerningMonocle":42,"Cursed Key":0,"Sling":29,"AT_ArchangelStaff":43,"PrismaMod:PrismaTraceOn":0,"Replay:Bandana":19,"reliquary:HotPoker":34,"Matryoshka":40,"Replay:Wax Seal":9,"reliquary:SharkskinSheath":42,"conspire:Dentures":42,"Girya":34,"Lee\u0027s Waffle":19,"Oddly Smooth Stone":34,"ShadowXiaoBlade":0,"Omamori":10,"Odd Mushroom":14,"Replay:Arrowhead":42,"reliquary:Bookmark":29,"Calling Bell":34,"reliquary:Sod":43,"reliquary:ExpiredCoupon":31,"OrangePellets":42,"CaptainsWheel":42,"SynthV:TestCard":1,"AT_TheCollector":24,"BionicSphere":12,"ChewingGum":17,"Molten Egg 2":36,"YidongShenshe:ReiMu":2,"Technique":36,"REME_ComplimentaryCards":0,"Meat on the Bone":7},{"AT_BellDemon":26,"Replay:Accelerometer":15,"AT_ATBox":0,"DaveBox":0,"DiscerningMonocle":23,"Cursed Key":0,"Sling":15,"AT_ArchangelStaff":23,"PrismaMod:PrismaTraceOn":0,"Replay:Bandana":10,"reliquary:HotPoker":18,"Matryoshka":23,"Replay:Wax Seal":3,"reliquary:SharkskinSheath":23,"conspire:Dentures":23,"Girya":18,"Lee\u0027s Waffle":10,"Oddly Smooth Stone":18,"ShadowXiaoBlade":0,"Omamori":4,"Odd Mushroom":8,"Replay:Arrowhead":23,"reliquary:Bookmark":15,"Calling Bell":18,"reliquary:Sod":23,"reliquary:ExpiredCoupon":17,"OrangePellets":23,"CaptainsWheel":23,"SynthV:TestCard":1,"AT_TheCollector":14,"BionicSphere":6,"ChewingGum":9,"Molten Egg 2":19,"YidongShenshe:ReiMu":1,"Technique":19,"REME_ComplimentaryCards":0,"Meat on the Bone":3},{"AT_BellDemon":94,"Replay:Accelerometer":55,"AT_ATBox":0,"DaveBox":0,"DiscerningMonocle":87,"Cursed Key":0,"Sling":55,"AT_ArchangelStaff":87,"PrismaMod:PrismaTraceOn":0,"Replay:Bandana":31,"reliquary:HotPoker":71,"Matryoshka":87,"Replay:Wax Seal":8,"reliquary:SharkskinSheath":87,"conspire:Dentures":87,"Girya":71,"Lee\u0027s Waffle":31,"Oddly Smooth Stone":71,"ShadowXiaoBlade":0,"Omamori":12,"Odd Mushroom":23,"Replay:Arrowhead":87,"reliquary:Bookmark":55,"Calling Bell":71,"reliquary:Sod":87,"reliquary:ExpiredCoupon":63,"OrangePellets":87,"CaptainsWheel":87,"SynthV:TestCard":2,"AT_TheCollector":52,"BionicSphere":17,"ChewingGum":29,"Molten Egg 2":76,"YidongShenshe:ReiMu":2,"Technique":76,"REME_ComplimentaryCards":0,"Meat on the Bone":8}],"Meat on the Bone":12},"card_choices":[{"not_picked":["PrismaMod:ChloeCheapDefendTwo","PrismaMod:ChloeUncommonDefend","PrismaMod:ChloeGaeBolg"],"picked":"SKIP","floor":1.0},{"not_picked":["PrismaMod:ChloeCheapAttackTwo","PrismaMod:ChloeCheapDefend","PrismaMod:ChloeChristmas","PrismaMod:ChloeExcalibur","PrismaMod:ChloeRitsuka"],"picked":"SKIP","floor":4.0},{"not_picked":["PrismaMod:ChloeCommonAOEAttack","PrismaMod:ChloeUncommonDefend","PrismaMod:ChloeCheapAttack","PrismaMod:ChloeDiscardRecovery","PrismaMod:ChloeExhaustOne"],"picked":"SKIP","floor":7.0},{"not_picked":["PrismaMod:ChloeExhaustOne","PrismaMod:ChloeDiscardRecovery","PrismaMod:ChloeMaid","PrismaMod:ChloeAnySkillTrace","PrismaMod:ChloeUncommonDefend"],"picked":"SKIP","floor":10.0},{"not_picked":["PrismaMod:ChloeCheapAttack","PrismaMod:ChloeCheapDefendTwo","PrismaMod:ChloeUncommonAOEAttack","PrismaMod:ChloeUncommonDefend","PrismaMod:ChloeRhongomyniad"],"picked":"SKIP","floor":11.0},{"not_picked":["PrismaMod:ChloeCheapAttackTwo","PrismaMod:ChloeCheapDefend","PrismaMod:ChloeExhaustOne","PrismaMod:ChloeCheapDefendTwo","PrismaMod:ChloeDiscardRecovery"],"picked":"SKIP","floor":12.0},{"not_picked":["PrismaMod:ChloeAnyUncommonTrace","PrismaMod:ChloeBetterTracePools","PrismaMod:ChloeCheapAttack","PrismaMod:ChloeCheapAttackTwo","PrismaMod:ChloeCommonAOEAttack"],"picked":"SKIP","floor":13.0},{"not_picked":["PrismaMod:ChloeCheapAttackTwo+1","PrismaMod:ChloeCheapDefendTwo+1","PrismaMod:ChloeCheapAttack+1","PrismaMod:ChloeCommonAOEAttack","PrismaMod:ChloeDiscardRecovery"],"picked":"SKIP","floor":18.0},{"not_picked":["PrismaMod:ChloeCheapDefend","PrismaMod:ChloeCheapDefendTwo+1","PrismaMod:ChloeCommonAOEAttack","PrismaMod:ChloeCheapAttackTwo","PrismaMod:ChloeDiscardRecovery"],"picked":"SKIP","floor":20.0},{"not_picked":["PrismaMod:ChloeMaid","PrismaMod:ChloeUncommonAttack","PrismaMod:ChloeCheapAttack","PrismaMod:ChloeRuleBreaker","PrismaMod:ChloeHalloween"],"picked":"SKIP","floor":21.0},{"not_picked":["PrismaMod:ChloeCheapAttackTwo","PrismaMod:ChloeMordred","PrismaMod:ChloeEyeOfTheEuryale","PrismaMod:ChloeCheapAttack","PrismaMod:ChloeExhaustTwo"],"picked":"SKIP","floor":22.0},{"not_picked":["PrismaMod:ChloeUncommonAOEAttack","PrismaMod:ChloeUncommonAttack","PrismaMod:ChloeExcalibur","PrismaMod:ChloeExhaustOne","PrismaMod:ChloeCheapAttack+1"],"picked":"SKIP","floor":24.0},{"not_picked":["PrismaMod:ChloeDemonicTutor+1","PrismaMod:ChloeDiscardRecovery","PrismaMod:ChloeCheapAttack","PrismaMod:ChloeCheapDefend","PrismaMod:ChloeRuleBreaker"],"picked":"SKIP","floor":28},{"not_picked":["PrismaMod:ChloeMordred","PrismaMod:ChloeCheapAttack+1","PrismaMod:ChloeCheapDefend","PrismaMod:ChloeExhaustOne","PrismaMod:ChloeUncommonAttack+1"],"picked":"SKIP","floor":30},{"not_picked":["PrismaMod:ChloeGreatTracePools","PrismaMod:ChloeCommonAOEAttack","PrismaMod:ChloeCheapDefendTwo+1","PrismaMod:ChloeCheapAttackTwo","PrismaMod:ChloeGaeBolg"],"picked":"SKIP","floor":31},{"not_picked":["PrismaMod:ChloeCommonAOEAttack","PrismaMod:ChloeRhongomyniad+1","PrismaMod:ChloeExhaustOne","PrismaMod:ChloeCheapAttack+1","PrismaMod:ChloeCheapDefendTwo"],"picked":"SKIP","floor":35},{"not_picked":["PrismaMod:ChloeCheapDefendTwo","PrismaMod:ChloeUncommonAOEAttack+1","PrismaMod:ChloeExhaustTwo+1","PrismaMod:ChloeCommonAOEAttack+1"],"picked":"PrismaMod:ChloeCarnivalAOEAttack+1","floor":37},{"not_picked":["PrismaMod:ChloeCheapAttack+1","PrismaMod:ChloeCheapAttackTwo+1","PrismaMod:ChloeRhongomyniad+1","PrismaMod:ChloeCommonAOEAttack+1","PrismaMod:ChloeRitsuka+1"],"picked":"SKIP","floor":38},{"not_picked":["PrismaMod:ChloeReshuffleDiscard","PrismaMod:ChloeChristmas+1","PrismaMod:ChloeExhaustTwo+1","PrismaMod:ChloeCheapDefend","PrismaMod:ChloeExhaustOne"],"picked":"SKIP","floor":39},{"not_picked":["PrismaMod:ChloeChristmas","PrismaMod:ChloeCommonAOEAttack+1","PrismaMod:ChloeMordred+1","PrismaMod:ChloeAnyAttackTrace"],"picked":"PrismaMod:ChloeEyeOfTheEuryale+1","floor":40},{"not_picked":["PrismaMod:ChloeRitsuka","PrismaMod:ChloeCheapAttackTwo+1","PrismaMod:ChloeCommonAOEAttack+1","PrismaMod:ChloeUncommonAttack+1","PrismaMod:ChloeCheapDefend"],"picked":"SKIP","floor":44},{"not_picked":["PrismaMod:ChloeExhaustOne","PrismaMod:ChloeCheapDefendTwo","PrismaMod:ChloeCheapAttackTwo+1","PrismaMod:ChloeCheapAttack+1","PrismaMod:ChloeCaladbolg+1"],"picked":"SKIP","floor":47},{"not_picked":["PrismaMod:ChloeExhaustOne","PrismaMod:ChloeCheapDefendTwo","PrismaMod:ChloeCheapAttackTwo+1","PrismaMod:ChloeCheapAttack+1","PrismaMod:ChloeCaladbolg+1"],"picked":"SKIP","floor":47},{"not_picked":["PrismaMod:ChloeUncommonDefend","PrismaMod:ChloeCheapDefend","PrismaMod:ChloeMordred+1","PrismaMod:ChloeUncommonAOEAttack+1","PrismaMod:ChloeCheapDefendTwo+1"],"picked":"SKIP","floor":48}],"player_experience":89837,"relics_obtained":[{"floor":1.0,"key":"SynthV:TestCard"},{"floor":7.0,"key":"Meat on the Bone"},{"floor":9.0,"key":"Replay:Wax Seal"},{"floor":10.0,"key":"Omamori"},{"floor":12.0,"key":"BionicSphere"},{"floor":14.0,"key":"Odd Mushroom"},{"floor":24.0,"key":"AT_TheCollector"},{"floor":31,"key":"reliquary:ExpiredCoupon"},{"floor":34,"key":"Oddly Smooth Stone"},{"floor":34,"key":"reliquary:HotPoker"},{"floor":34,"key":"Girya"},{"floor":40,"key":"Matryoshka"},{"floor":43,"key":"AT_ArchangelStaff"},{"floor":43,"key":"reliquary:Sod"},{"floor":48,"key":"AT_BellDemon"}],"event_choices":[{"damage_healed":0.0,"max_hp_gain":0.0,"max_hp_loss":0.0,"gold_gain":0.0,"event_name":"yidonshenshe","player_choice":"带走神社","floor":2.0,"gold_loss":0.0,"damage_taken":0.0,"relics_obtained":["YidongShenshe:ReiMu"],"cards_obtained":["Poor:ReiMu"]},{"damage_healed":0.0,"max_hp_gain":0.0,"max_hp_loss":0.0,"gold_gain":0.0,"event_name":"conspire:Investor","player_choice":"Invest 2","floor":5.0,"gold_loss":0.0,"damage_taken":0.0},{"damage_healed":0.0,"max_hp_gain":0.0,"max_hp_loss":0.0,"gold_gain":0.0,"event_name":"Mushrooms","player_choice":"Fought Mushrooms","floor":14.0,"gold_loss":0.0,"damage_taken":0.0},{"damage_healed":0,"gold_gain":75,"player_choice":"Touch","damage_taken":8,"max_hp_gain":0,"max_hp_loss":0,"event_name":"FaceTrader","floor":27,"gold_loss":0},{"cards_removed":["conspire:SpireCoStock"],"damage_healed":0,"gold_gain":0,"player_choice":"Removed Skill","damage_taken":0,"max_hp_gain":0,"max_hp_loss":0,"event_name":"Falling","floor":45,"gold_loss":0}],"is_beta":false,"boss_relics":[{"not_picked":["Painkiller Herb","reliquary:RedPaperclip"],"picked":"ChewingGum"},{"not_picked":["RedLine:ReiMu","Astrolabe"],"picked":"Calling Bell"}],"items_purged_floors":[19,29,42,42],"is_endless":false,"potions_floor_spawned":[4,12,13,14,20,21,30,31,33,39,40,47,48],"killed_by":"Awakened One","ascension_level":0}}