{"host":"en4narc5947t7k9n","time":1613894813,"event":{"mods":["AchievementEnabler","BaseMod","Colored Map","Minty Spire (QoL Compilation)","SuperFastMode"],"gold_per_floor":[113,124,124,124,141,158,158,158,158,181,220,235,259,10,10,139,139,154,174,30,45,59,59,59,59,59,78,5,5,5,30,30,30,30],"floor_reached":33,"language":"KOR","playtime":1167,"items_purged":["Strike_B"],"score":249,"play_id":"67894362-5825-4ee5-94b0-b5e13d1b3f4a","local_time":"20210221170653","is_ascension_mode":false,"campfire_choices":[{"floor":7,"key":"RECALL"},{"floor":15,"key":"REST"},{"floor":23,"key":"REST"},{"data":"Capacitor","floor":25,"key":"SMITH"},{"floor":32,"key":"REST"}],"circlet_count":0,"master_deck":["Strike_B","Strike_B","Defend_B","Defend_B","Defend_B","Defend_B","Zap","Dualcast","Storm","Chill","Redo","Conserve Battery","Rainbow","Melter","Capacitor+1","Reboot","Electrodynamics+1","Darkness","FTL","Static Discharge+1","Static Discharge+1","Leap","Conserve Battery+1","Self Repair+1","Necronomicurse"],"relics":["Cracked Core","NeowsBlessing","Golden Idol","Bottled Lightning","Frozen Egg 2","SlaversCollar","Shuriken","Necronomicon","Ancient Tea Set"],"acts_visited":["Exordium","TheCity"],"potions_floor_usage":[10,11,11,16,21,21],"damage_taken":[{"damage":0,"enemies":"2 Louse","floor":1,"turns":1},{"damage":0,"enemies":"Jaw Worm","floor":2,"turns":1},{"damage":0,"enemies":"Small Slimes","floor":5,"turns":1},{"damage":3,"enemies":"Looter","floor":6,"turns":4},{"damage":0,"enemies":"2 Fungi Beasts","floor":10,"turns":5},{"damage":36,"enemies":"Lagavulin","floor":11,"turns":7},{"damage":0,"enemies":"Blue Slaver","floor":12,"turns":2},{"damage":3,"enemies":"3 Louse","floor":13,"turns":4},{"damage":26,"enemies":"Hexaghost","floor":16,"turns":10},{"damage":33,"enemies":"2 Thieves","floor":18,"turns":3},{"damage":3,"enemies":"Spheric Guardian","floor":19,"turns":3},{"damage":20,"enemies":"Snecko","floor":21,"turns":4},{"damage":11,"enemies":"Snake Plant","floor":22,"turns":3},{"damage":24,"enemies":"Centurion and Healer","floor":27,"turns":4},{"damage":51,"enemies":"Collector","floor":33,"turns":5}],"seed_played":"6688207091301720550","potions_obtained":[{"floor":1,"key":"LiquidBronze"},{"floor":6,"key":"SkillPotion"},{"floor":10,"key":"Dexterity Potion"},{"floor":12,"key":"SkillPotion"},{"floor":16,"key":"Fire Potion"},{"floor":18,"key":"LiquidMemories"}],"is_trial":false,"path_per_floor":["M","M","?","?","M","M","R","?","T","M","E","M","M","$","R","B",null,"M","M","$","M","M","R","?","R","T","M","$","?","?","T","R","B"],"character_chosen":"DEFECT","items_purchased":["Frozen Egg 2","Static Discharge+1","Self Repair+1"],"campfire_rested":3,"item_purchase_floors":[14,20,28],"current_hp_per_floor":[75,75,75,68,68,65,65,47,47,47,11,11,8,8,30,4,75,42,39,39,19,8,30,55,55,55,31,31,31,15,15,37,0,0],"gold":30,"neow_bonus":"THREE_ENEMY_KILL","is_daily":false,"chose_seed":false,"campfire_upgraded":1,"win_rate":0.0,"timestamp":1613894813,"path_taken":["M","M","?","?","M","M","R","?","T","M","E","M","M","?","R","BOSS","M","M","$","M","M","R","?","R","T","M","$","?","?","?","R","BOSS"],"items_purchased_type":["Relic","Card","Card"],"build_version":"2020-12-22","purchased_purges":1,"victory":false,"max_hp_per_floor":[75,75,75,75,75,75,75,75,75,75,75,75,75,75,75,75,75,75,75,75,75,75,75,75,75,75,75,75,75,75,75,75,75,75],"card_choices":[{"not_picked":["Redo","Cold Snap"],"picked":"Storm","floor":1},{"not_picked":["Redo","Hologram"],"picked":"Chill","floor":2},{"not_picked":["Turbo","Beam Cell"],"picked":"Redo","floor":5},{"not_picked":["Leap","Cold Snap"],"picked":"Conserve Battery","floor":6},{"not_picked":["Stack","Glacier"],"picked":"Rainbow","floor":10},{"not_picked":["Heatsinks","Compile Driver"],"picked":"Melter","floor":11},{"not_picked":["Leap","Hologram"],"picked":"Capacitor","floor":12},{"not_picked":["Ball Lightning","Leap"],"picked":"Reboot","floor":13},{"not_picked":["Multi-Cast","Amplify"],"picked":"Electrodynamics+1","floor":16},{"not_picked":["Compile Driver","Ball Lightning"],"picked":"Darkness","floor":18},{"not_picked":["Compile Driver","Hologram"],"picked":"FTL","floor":19},{"not_picked":["Scrape","Hologram"],"picked":"Static Discharge+1","floor":21},{"not_picked":["Ball Lightning","Steam Power+1"],"picked":"Leap","floor":22},{"not_picked":["Streamline","Glacier"],"picked":"Conserve Battery+1","floor":27}],"player_experience":117255,"relics_obtained":[{"floor":11,"key":"Bottled Lightning"},{"floor":26,"key":"Shuriken"},{"floor":30,"key":"Necronomicon"},{"floor":31,"key":"Ancient Tea Set"}],"event_choices":[{"damage_healed":0,"gold_gain":0,"player_choice":"Ignored","damage_taken":0,"max_hp_gain":0,"max_hp_loss":0,"event_name":"Liars Game","floor":3,"gold_loss":0},{"cards_removed":["Strike_B"],"damage_healed":0,"gold_gain":0,"player_choice":"Card Removal","damage_taken":7,"max_hp_gain":0,"max_hp_loss":0,"event_name":"Golden Wing","floor":4,"gold_loss":0},{"damage_healed":0,"gold_gain":0,"player_choice":"Take Damage","damage_taken":18,"relics_obtained":["Golden Idol"],"max_hp_gain":0,"max_hp_loss":0,"event_name":"Golden Idol","floor":8,"gold_loss":0},{"damage_healed":25,"gold_gain":0,"player_choice":"Heal","damage_taken":0,"max_hp_gain":0,"max_hp_loss":0,"event_name":"The Library","floor":24,"gold_loss":0},{"damage_healed":0,"gold_gain":0,"player_choice":"Ignored","damage_taken":0,"max_hp_gain":0,"max_hp_loss":0,"event_name":"Ghosts","floor":29,"gold_loss":0},{"damage_healed":0,"gold_gain":0,"player_choice":"Obtained Book","damage_taken":16,"max_hp_gain":0,"max_hp_loss":0,"event_name":"Cursed Tome","floor":30,"gold_loss":0}],"is_beta":false,"boss_relics":[{"not_picked":["Nuclear Battery","Fusion Hammer"],"picked":"SlaversCollar"}],"items_purged_floors":[20],"is_endless":false,"potions_floor_spawned":[1,6,10,12,16,18],"killed_by":"Collector","ascension_level":0}}