{"host":"jm9833yuloeli2yd","time":1613873944,"event":{"mods":["BaseMod","Better Altar","Better Match","Better Note","Better Sensory Stone","Better Skull","Better Third Choice","Better Vampires","BetterRewards","Colored Map","Colored Powertips","DeckTracker","Minty Spire (QoL Compilation)","Permanent Neow","Quick Restart","StSLib","SuperFastMode"],"gold_per_floor":[109,158,174,174,24,24,34,34,34,59,59,73,73,108,108,185,185,202,202,202,221,234,234,267,341,341,367,367,367,19,33,33,106,106,118,170,45,45,45,45,45],"floor_reached":40,"language":"ENG","playtime":1588,"items_purged":["Strike_B","Strike_B+1","Strike_B+1"],"score":856,"play_id":"bb398841-56ff-4682-bb46-5420078d3856","local_time":"20210220211904","is_ascension_mode":true,"campfire_choices":[{"data":"Streamline","floor":6.0,"key":"SMITH"},{"data":"Streamline","floor":8.0,"key":"SMITH"},{"data":"Consume","floor":11.0,"key":"SMITH"},{"data":"Defend_B","floor":13.0,"key":"SMITH"},{"data":"Defend_B","floor":15.0,"key":"SMITH"},{"floor":23,"key":"REST"},{"floor":28,"key":"REST"},{"data":"Defragment","floor":32,"key":"SMITH"}],"circlet_count":0,"master_deck":["AscendersBane","Strike_B+1","Defend_B+1","Defend_B+1","Defend_B+1","Defend_B+1","Zap","Dualcast","Streamline+1","Self Repair","Self Repair","Streamline+1","Consume+1","Tempest","Electrodynamics","Creative AI","Static Discharge+1","Defragment+1","Multi-Cast","Force Field+1","Defragment+1"],"relics":["SacredBark","Art of War","Turnip","Orichalcum","Bottled Tornado","Snecko Eye","Nloth\u0027s Gift","Pantograph","FossilizedHelix","Singing Bowl","Nilry\u0027s Codex","PrismaticShard","Coffee Dripper","Ice Cream"],"acts_visited":["Exordium","TheCity","TheBeyond"],"potions_floor_usage":[16,18,27,35,36,36],"damage_taken":[{"damage":18.0,"enemies":"Cultist","floor":1.0,"turns":5.0},{"damage":1.0,"enemies":"2 Louse","floor":3.0,"turns":3.0},{"damage":9.0,"enemies":"Jaw Worm","floor":7.0,"turns":4.0},{"damage":24.0,"enemies":"3 Sentries","floor":10.0,"turns":8.0},{"damage":15.0,"enemies":"Blue Slaver","floor":12.0,"turns":4.0},{"damage":26.0,"enemies":"Lagavulin","floor":14.0,"turns":7.0},{"damage":5,"enemies":"Hexaghost","floor":16,"turns":9},{"damage":6,"enemies":"3 Byrds","floor":18,"turns":2},{"damage":31,"enemies":"Chosen","floor":21,"turns":4},{"damage":34,"enemies":"Snake Plant","floor":22,"turns":4},{"damage":25,"enemies":"Gremlin Leader","floor":24,"turns":5},{"damage":32,"enemies":"Slavers","floor":27,"turns":3},{"damage":4,"enemies":"Centurion and Healer","floor":31,"turns":7},{"damage":14,"enemies":"Champ","floor":33,"turns":12},{"damage":23,"enemies":"3 Darklings","floor":35,"turns":3},{"damage":57,"enemies":"2 Orb Walkers","floor":36,"turns":4},{"damage":33,"enemies":"Reptomancer","floor":40,"turns":2}],"seed_played":"7281370339877009872","potions_obtained":[{"floor":7.0,"key":"LiquidMemories"},{"floor":14.0,"key":"EssenceOfSteel"},{"floor":16,"key":"Fire Potion"},{"floor":27,"key":"FocusPotion"},{"floor":33,"key":"BlessingOfTheForge"},{"floor":35,"key":"LiquidMemories"},{"floor":36,"key":"Strength Potion"}],"is_trial":false,"path_per_floor":["M","T","M","?","$","R","M","R","T","E","R","M","R","E","R","B",null,"M","?","?","M","M","R","E","T","T","E","R","?","$","M","R","B",null,"M","?","$","?","?","E"],"character_chosen":"DEFECT","items_purchased":["Self Repair","Defragment","PrismaticShard"],"campfire_rested":2,"item_purchase_floors":[5,30,30],"current_hp_per_floor":[46,46,45,34,34,34,39,39,39,29,29,28,28,16,16,25,60,61,61,61,44,24,45,34,34,34,11,32,11,11,23,23,48,68,67,24,24,24,24,0,0],"gold":45,"neow_bonus":"BOSS_RELIC","is_daily":false,"chose_seed":false,"campfire_upgraded":6,"win_rate":0.0,"timestamp":1613873944,"path_taken":["M","?","M","?","$","R","M","R","T","E","R","M","R","E","R","BOSS","M","?","?","?","M","R","E","?","T","E","R","?","$","M","R","BOSS","M","?","$","?","?","E"],"items_purchased_type":["Card","Card","Relic"],"build_version":"2020-12-22","purchased_purges":3,"victory":false,"max_hp_per_floor":[71,71,71,71,71,71,71,71,71,71,71,71,71,71,71,71,71,71,71,71,71,71,71,71,71,71,73,73,73,73,75,75,75,75,77,77,77,77,77,77,77],"card_choices":[{"not_picked":["Blizzard","Skim"],"picked":"Streamline","floor":1.0},{"not_picked":["Conserve Battery","Coolheaded"],"picked":"Self Repair","floor":3.0},{"not_picked":["Capacitor","Barrage"],"picked":"Streamline","floor":7.0},{"not_picked":["Self Repair","Storm"],"picked":"Consume","floor":10.0},{"not_picked":["Skim","Heatsinks"],"picked":"Rebound","floor":12.0},{"not_picked":["Streamline","Barrage"],"picked":"Tempest","floor":14.0},{"not_picked":["Multi-Cast","Seek"],"picked":"Electrodynamics","floor":16},{"not_picked":["Barrage","Stack","Scrape"],"picked":"SKIP","floor":18},{"not_picked":["Go for the Eyes","Self Repair"],"picked":"Creative AI","floor":21},{"not_picked":["Redo","Recycle"],"picked":"Static Discharge+1","floor":22},{"not_picked":["Barrage","Blizzard","Storm"],"picked":"SKIP","floor":24},{"not_picked":["Turbo","Creative AI","BootSequence"],"picked":"Singing Bowl","floor":27},{"not_picked":["Shrug It Off","Warcry","ThirdEye"],"picked":"Singing Bowl","floor":31},{"not_picked":["Exhume","Hyperbeam"],"picked":"Multi-Cast","floor":33},{"not_picked":["Deep Breath","Heavy Blade+1","BowlingBash+1"],"picked":"Singing Bowl","floor":35},{"not_picked":["Steam","Wallop+1"],"picked":"Force Field+1","floor":36}],"player_experience":1379671,"relics_obtained":[{"floor":2.0,"key":"Art of War"},{"floor":9.0,"key":"Orichalcum"},{"floor":10.0,"key":"Bronze Scales"},{"floor":14.0,"key":"Bottled Tornado"},{"floor":24,"key":"Pantograph"},{"floor":26,"key":"FossilizedHelix"},{"floor":27,"key":"Singing Bowl"},{"floor":29,"key":"Nilry\u0027s Codex"},{"floor":36,"key":"Ice Cream"}],"event_choices":[{"damage_healed":0.0,"max_hp_gain":0.0,"max_hp_loss":0.0,"gold_gain":0.0,"event_name":"betterThird:BetterScrap","player_choice":"Relic ","floor":4.0,"gold_loss":0.0,"damage_taken":11.0,"cards_obtained":["Die Die Die"]},{"damage_healed":0,"gold_gain":0,"player_choice":"Simplicity","damage_taken":0,"max_hp_gain":0,"max_hp_loss":5,"event_name":"betterThird:BetterWriting","floor":19,"gold_loss":0},{"damage_healed":0,"gold_gain":0,"player_choice":"Traded Relic","damage_taken":0,"relics_obtained":["Nloth\u0027s Gift"],"max_hp_gain":0,"max_hp_loss":0,"event_name":"N\u0027loth","floor":20,"relics_lost":["Bronze Scales"],"gold_loss":0},{"damage_healed":0,"gold_gain":0,"player_choice":"Obtained Book","damage_taken":21,"max_hp_gain":0,"max_hp_loss":0,"event_name":"Cursed Tome","floor":29,"gold_loss":0},{"damage_healed":0,"gold_gain":0,"player_choice":"Fight","damage_taken":0,"max_hp_gain":0,"max_hp_loss":0,"event_name":"Mysterious Sphere","floor":36,"gold_loss":0},{"cards_removed":["Rebound"],"damage_healed":0,"gold_gain":0,"player_choice":"Removed Attack","damage_taken":0,"max_hp_gain":0,"max_hp_loss":0,"event_name":"Falling","floor":38,"gold_loss":0},{"damage_healed":0,"gold_gain":0,"player_choice":"Copied","damage_taken":0,"max_hp_gain":0,"max_hp_loss":0,"event_name":"Duplicator","floor":39,"gold_loss":0,"cards_obtained":["Defragment"]}],"is_beta":false,"boss_relics":[{"not_picked":["Empty Cage","Ectoplasm"],"picked":"Snecko Eye"},{"not_picked":["Sozu","Astrolabe"],"picked":"Coffee Dripper"}],"items_purged_floors":[5,30,37],"is_endless":false,"potions_floor_spawned":[7,14,16,27,33,35,36],"killed_by":"Reptomancer","ascension_level":20}}