{"host":"g3js2eermvvpeiqn","time":1613900544,"event":{"mods":["BaseMod","DeckTracker","Downfall","Minty Spire (QoL Compilation)","Quick Restart","StSLib"],"gold_per_floor":[115,265,281,54,54,80,80,5,5,25,25,56,56,74,74,74,74],"floor_reached":16,"language":"ENG","playtime":539,"items_purged":["Doubt"],"score":216,"play_id":"a28200d3-d67a-4942-b58c-959ba5c58ff9","local_time":"20210221034224","is_ascension_mode":true,"campfire_choices":[{"data":"Feel No Pain","floor":7,"key":"SMITH"},{"data":"Bash","floor":11,"key":"SMITH"},{"data":"Sword Boomerang","floor":15,"key":"SMITH"}],"circlet_count":0,"master_deck":["AscendersBane","Strike_R","Strike_R","Strike_R","Strike_R","Defend_R","Defend_R","Defend_R","Bash+1","Feel No Pain+1","Perfected Strike+1","Sword Boomerang+1","Wild Strike","Cleave"],"relics":["Burning Blood","Happy Flower","Bottled Flame","Ancient Tea Set","Slimebound:PreparedRelic"],"acts_visited":["Exordium"],"potions_floor_usage":[6,12,14],"damage_taken":[{"damage":9,"enemies":"Jaw Worm","floor":1,"turns":3},{"damage":11,"enemies":"Small Slimes","floor":3,"turns":5},{"damage":18,"enemies":"3 Sentries","floor":6,"turns":15},{"damage":6,"enemies":"Cultist","floor":10,"turns":3},{"damage":20,"enemies":"Lagavulin","floor":12,"turns":6},{"damage":0,"enemies":"2 Fungi Beasts","floor":14,"turns":1},{"damage":26,"enemies":"Hexaghost","floor":16,"turns":7}],"seed_played":"3674513794691630724","potions_obtained":[{"floor":1,"key":"SpeedPotion"},{"floor":10,"key":"SpeedPotion"},{"floor":12,"key":"Fire Potion"}],"is_trial":false,"path_per_floor":["M","?","M","$","?","E","R","$","T","M","R","E","?","M","R","B"],"character_chosen":"IRONCLAD","items_purchased":["Happy Flower","Perfected Strike"],"campfire_rested":0,"item_purchase_floors":[4,4],"current_hp_per_floor":[65,65,60,60,60,48,48,48,48,48,48,34,16,22,22,0,0],"gold":74,"neow_bonus":"REMOVE_TWO","is_daily":false,"chose_seed":false,"campfire_upgraded":3,"win_rate":0.0,"timestamp":1613900544,"path_taken":["M","?","M","$","?","E","R","?","T","M","R","E","?","?","R","BOSS"],"items_purchased_type":["Relic","Card"],"build_version":"2020-12-22","purchased_purges":1,"victory":false,"max_hp_per_floor":[68,68,68,68,68,68,68,68,68,68,68,68,68,68,68,68,68],"card_choices":[{"not_picked":["Sentinel","Rupture","Warcry"],"picked":"SKIP","floor":1},{"not_picked":["Headbutt","Twin Strike"],"picked":"Feel No Pain","floor":3},{"not_picked":["Metallicize","Seeing Red"],"picked":"Sword Boomerang","floor":6},{"not_picked":["Searing Blow","Anger"],"picked":"Wild Strike","floor":10},{"not_picked":["Juggernaut","Headbutt"],"picked":"Cleave","floor":12},{"not_picked":["Flex","Heavy Blade","Armaments"],"picked":"SKIP","floor":14}],"player_experience":1540296,"relics_obtained":[{"floor":6,"key":"Bottled Flame"},{"floor":12,"key":"Ancient Tea Set"}],"event_choices":[{"damage_healed":0,"gold_gain":150,"player_choice":"AGREE","damage_taken":0,"max_hp_gain":0,"max_hp_loss":0,"event_name":"Liars Game","floor":2,"gold_loss":0,"cards_obtained":["Doubt"]},{"damage_healed":0,"gold_gain":0,"player_choice":"Grow","damage_taken":0,"max_hp_gain":0,"max_hp_loss":0,"event_name":"Living Wall","floor":5,"gold_loss":0,"cards_upgraded":["Perfected Strike"]},{"damage_healed":0,"gold_gain":0,"player_choice":"Success","damage_taken":18,"relics_obtained":["Slimebound:PreparedRelic"],"max_hp_gain":0,"max_hp_loss":0,"event_name":"Scrap Ooze","floor":13,"gold_loss":0}],"is_beta":false,"boss_relics":[],"items_purged_floors":[8],"is_endless":false,"potions_floor_spawned":[1,10,12],"killed_by":"Hexaghost","ascension_level":20}}