{"host":"lg2j834m1ujxvni0","time":1613937967,"event":{"mods":["AchievementEnabler","BaseMod","Beaked The Cultist","Better Vampires","BetterRewards","Colored Map","Colored Powertips","Conspire","Downfall","Gremlin Mod","Hermit","Highlight Path","Hubris","Infinite Spire","Mimic Mod","Minty Spire (QoL Compilation)","Quick Restart","Replay The Spire","Shade Mod","Shop Mod","StSLib","The Bladedancer","The Bug Knight","The Construct","The Cursed","The Death Knight","The Disciple","The Elementalist","The Forsaken","The Hayseed","The IronCluck","The Judge","The Jungle","The Runesmith","The Servant 0.9.4","The Witch"],"gold_per_floor":[163,177,18,31,47,77,111,111,121,57,86,86,86,114,143,153,153,153],"floor_reached":16,"language":"ENG","playtime":2734,"items_purged":[],"score":137,"play_id":"0ad3d523-81e0-41b0-b49c-5d75fde446ec","local_time":"20210221150607","is_ascension_mode":false,"campfire_choices":[],"circlet_count":0,"master_deck":["sneckomod:Strike","sneckomod:Strike","sneckomod:Strike","sneckomod:Defend","sneckomod:Defend","sneckomod:Defend","sneckomod:TailWhip","sneckomod:SnekBite","sneckomod:Unknown","sneckomod:Unknown","sneckomod:Nope","sneckomod:CheapStock","sneckomod:Nope","sneckomod:ImprovisedGuard","sneckomod:UnknownUncommonPower+1","sneckomod:SerpentIdol+1","construct:Disrupt","sneckomod:SnakeSap","sneckomod:Unknown0Cost+1","sneckomod:DiceBlock","TheSimpletonMod:Gnats","sneckomod:UnknownCommonSkill","Berserk","sneckomod:UnknownUncommonSkill","sneckomod:Unknown3Cost"],"relics":["sneckomod:SneckoSoul","sneckomod:SneckoCommon","Strawberry","Bronze Scales","Replay:Bandana"],"acts_visited":["Exordium"],"potions_floor_usage":[16,16],"damage_taken":[{"damage":0.0,"enemies":"Small Slimes","floor":2.0,"turns":3.0},{"damage":0.0,"enemies":"downfall:FleeingMerchant","floor":3.0,"turns":4.0},{"damage":6.0,"enemies":"Cultist","floor":4.0,"turns":4.0},{"damage":5.0,"enemies":"2 Louse","floor":5.0,"turns":2.0},{"damage":20.0,"enemies":"HollowMod:MossKnight","floor":6.0,"turns":12.0},{"damage":3.0,"enemies":"Large Slime","floor":7.0,"turns":7.0},{"damage":0.0,"enemies":"Large Slime","floor":9.0,"turns":5.0},{"damage":0.0,"enemies":"downfall:FleeingMerchant","floor":10.0,"turns":4.0},{"damage":16.0,"enemies":"3 Sentries","floor":11.0,"turns":6.0},{"damage":13.0,"enemies":"downfall:LooterAlt","floor":14.0,"turns":3.0},{"damage":20.0,"enemies":"Exordium Wildlife","floor":15.0,"turns":5.0},{"damage":36,"enemies":"WA_ARCHETYPE_RETAIN","floor":16,"turns":6}],"seed_played":"-6480189287915907347","potions_obtained":[{"floor":9.0,"key":"Block Potion"},{"floor":11.0,"key":"sneckomod:MuddlingPotion"},{"floor":14.0,"key":"hexamod:SoulburnPotion"},{"floor":15,"key":"Death Potion"}],"is_trial":false,"path_per_floor":["R_BF","M","$","M","M","E","MIM","R","M","$","E","?","R","M","M","B"],"character_chosen":"THE_SNECKO","items_purchased":["sneckomod:SneckoCommon","sneckomod:Unknown0Cost+1"],"campfire_rested":0,"item_purchase_floors":[3,10],"current_hp_per_floor":[99,99,99,96,91,79,76,76,76,76,60,60,60,47,27,0,0,0],"gold":153,"neow_bonus":"TEN_PERCENT_HP_BONUS","is_daily":false,"chose_seed":false,"campfire_upgraded":0,"win_rate":0.0,"timestamp":1613937967,"path_taken":["R_BF","M","$","M","M","E","MIM","R","M","$","E","?","R","?","M","BOSS"],"items_purchased_type":["Relic","Card"],"build_version":"2020-12-22","purchased_purges":0,"victory":false,"max_hp_per_floor":[99,99,99,102,102,109,109,109,109,109,109,109,109,109,109,109,109,109],"card_choices":[{"not_picked":["sneckomod:QuickBite","sneckomod:UnknownStrike"],"picked":"sneckomod:Nope","floor":2.0},{"not_picked":["sneckomod:IronFang","sneckomod:QuickMove"],"picked":"sneckomod:CheapStock","floor":3.0},{"not_picked":["sneckomod:WideSting","sneckomod:QuickMove"],"picked":"sneckomod:Nope","floor":4.0},{"not_picked":["sneckomod:SoulDraw","sneckomod:ImprovisedAttack"],"picked":"sneckomod:ImprovisedGuard","floor":5.0},{"not_picked":["sneckomod:Unknown1Cost","sneckomod:UnknownBlock"],"picked":"sneckomod:UnknownUncommonPower","floor":6.0},{"not_picked":["sneckomod:UnknownCommonAttack","sneckomod:RainOfDice"],"picked":"sneckomod:SerpentIdol","floor":7.0},{"not_picked":["sneckomod:UnknownBlock","sneckomod:DiceCrush"],"picked":"sneckomod:SnakeSap","floor":9.0},{"not_picked":["sneckomod:SoulDraw","sneckomod:Cheat"],"picked":"sneckomod:Unknown0Cost","floor":10.0},{"not_picked":["sneckomod:SnakeSap","sneckomod:SoulRoll"],"picked":"sneckomod:DiceBlock","floor":11.0},{"not_picked":["sneckomod:IronFang","sneckomod:Nope"],"picked":"sneckomod:UnknownUncommonSkill","floor":14.0},{"not_picked":["sneckomod:DiceBlock","sneckomod:RainOfDice"],"picked":"sneckomod:Unknown3Cost","floor":15}],"player_experience":209238,"relics_obtained":[{"floor":6.0,"key":"Strawberry"},{"floor":7.0,"key":"Bronze Scales"},{"floor":11.0,"key":"Replay:Bandana"}],"event_choices":[],"is_beta":false,"boss_relics":[],"items_purged_floors":[],"is_endless":false,"potions_floor_spawned":[9,11,14,15],"killed_by":"WA_ARCHETYPE_RETAIN","ascension_level":0}}