{"host":"l6t8kvs6xu8ynp71","time":1613936005,"event":{"mods":["BaseMod","Curses Come First","Highlight Path","Minty Spire (QoL Compilation)","Permanent Neow","Relic Stats","StSLib"],"gold_per_floor":[112,128,128,148,160,160,189,39,113,113,113,140,150,168,168,242,242,259,534,201,173,73,73,73],"floor_reached":23,"language":"ENG","playtime":1118,"items_purged":["Strike_G","Regret","Strike_G"],"score":402,"play_id":"997884f4-5c73-4d49-b272-921c06cf6f1a","local_time":"20210221123325","is_ascension_mode":true,"campfire_choices":[{"data":"Dagger Spray","floor":6.0,"key":"SMITH"},{"data":"Caltrops","floor":11.0,"key":"SMITH"},{"data":"Noxious Fumes","floor":15.0,"key":"SMITH"}],"circlet_count":0,"master_deck":["AscendersBane","Strike_G","Defend_G","Defend_G","Defend_G","Defend_G","Survivor","Neutralize","Die Die Die","Dagger Throw","Dagger Spray+1","Caltrops+1","Well Laid Plans","Leg Sweep","Noxious Fumes+1","PiercingWail","Cloak And Dagger","Footwork","After Image","Infinite Blades","Dodge and Roll","Footwork","Blur","Footwork"],"relics":["Ring of the Snake","Paper Crane","Letter Opener","The Courier","PreservedInsect","Empty Cage"],"acts_visited":["Exordium","TheCity"],"potions_floor_usage":[23],"damage_taken":[{"damage":3.0,"enemies":"Cultist","floor":1.0,"turns":4.0},{"damage":0.0,"enemies":"Small Slimes","floor":2.0,"turns":3.0},{"damage":4.0,"enemies":"2 Louse","floor":4.0,"turns":3.0},{"damage":3.0,"enemies":"Exordium Thugs","floor":5.0,"turns":4.0},{"damage":11.0,"enemies":"3 Sentries","floor":7.0,"turns":7.0},{"damage":7.0,"enemies":"Lagavulin","floor":12.0,"turns":8.0},{"damage":0.0,"enemies":"3 Louse","floor":13.0,"turns":2.0},{"damage":0.0,"enemies":"Blue Slaver","floor":14.0,"turns":5.0},{"damage":3.0,"enemies":"Hexaghost","floor":16.0,"turns":9.0},{"damage":15.0,"enemies":"3 Byrds","floor":18.0,"turns":5.0},{"damage":19.0,"enemies":"2 Thieves","floor":21.0,"turns":5.0},{"damage":31,"enemies":"Slavers","floor":23,"turns":2}],"seed_played":"-5040282311310547411","potions_obtained":[{"floor":5.0,"key":"ColorlessPotion"},{"floor":14.0,"key":"ColorlessPotion"},{"floor":16.0,"key":"ColorlessPotion"},{"floor":18.0,"key":"DuplicationPotion"},{"floor":21.0,"key":"SteroidPotion"}],"is_trial":false,"path_per_floor":["M","M","T","M","M","R","E","$","T","?","R","E","M","M","R","B",null,"M","?","$","M","$","E"],"character_chosen":"THE_SILENT","items_purchased":["Noxious Fumes","Infinite Blades","Dodge and Roll","Footwork","Blur","Footwork"],"campfire_rested":0,"item_purchase_floors":[8,20,20,20,20,20],"current_hp_per_floor":[56,56,56,52,49,49,38,38,38,38,38,31,31,31,31,28,57,42,42,42,23,23,0,0],"gold":73,"neow_bonus":"ONE_RANDOM_RARE_CARD","is_daily":false,"chose_seed":false,"campfire_upgraded":3,"win_rate":0.0,"timestamp":1613936005,"path_taken":["M","M","?","?","M","R","E","?","T","?","R","E","M","?","R","BOSS","M","?","$","M","?","E"],"items_purchased_type":["Card","Card","Card","Card","Card","Card"],"build_version":"2020-12-22","purchased_purges":3,"victory":false,"max_hp_per_floor":[66,66,66,66,66,66,66,66,66,66,66,66,66,66,66,66,66,66,66,66,66,66,66,66],"relic_stats":{"counters":[12,57],"PreservedInsect":41,"Letter Opener":[0],"obtain_stats":[{"The Courier":9,"PreservedInsect":12,"Letter Opener":7,"Paper Crane":3,"Empty Cage":17,"Ring of the Snake":0},{"The Courier":5,"PreservedInsect":6,"Letter Opener":5,"Paper Crane":2,"Empty Cage":9,"Ring of the Snake":0},{"The Courier":21,"PreservedInsect":29,"Letter Opener":21,"Paper Crane":7,"Empty Cage":45,"Ring of the Snake":0}],"Ring of the Snake":[24]},"card_choices":[{"not_picked":["Backflip","Prepared"],"picked":"Dagger Throw","floor":1.0},{"not_picked":["Quick Slash","Setup"],"picked":"Dagger Spray","floor":2.0},{"not_picked":["Cloak And Dagger","Dodge and Roll"],"picked":"Caltrops","floor":4.0},{"not_picked":["Blur","Concentrate"],"picked":"Well Laid Plans","floor":5.0},{"not_picked":["Eviscerate","Phantasmal Killer"],"picked":"Leg Sweep","floor":7.0},{"not_picked":["Eviscerate","Prepared"],"picked":"PiercingWail","floor":12.0},{"not_picked":["Sucker Punch","Quick Slash"],"picked":"Cloak And Dagger","floor":13.0},{"not_picked":["Concentrate","Dagger Throw"],"picked":"Footwork","floor":14.0},{"not_picked":["Glass Knife","Burst"],"picked":"After Image","floor":16.0},{"not_picked":["Slice","Underhanded Strike","Quick Slash"],"picked":"SKIP","floor":18.0},{"not_picked":["Dagger Throw","Tools of the Trade","Bane"],"picked":"SKIP","floor":21.0}],"player_experience":1504155,"relics_obtained":[{"floor":3.0,"key":"Paper Crane"},{"floor":7.0,"key":"Letter Opener"},{"floor":9.0,"key":"The Courier"},{"floor":12.0,"key":"PreservedInsect"}],"event_choices":[{"cards_removed":["Strike_G"],"damage_healed":0.0,"max_hp_gain":0.0,"max_hp_loss":0.0,"gold_gain":0.0,"event_name":"Wheel of Change","player_choice":"Card Removal","floor":10.0,"gold_loss":0.0,"damage_taken":0.0},{"damage_healed":0.0,"max_hp_gain":0.0,"max_hp_loss":0.0,"gold_gain":275.0,"event_name":"Golden Shrine","player_choice":"Desecrate","floor":19.0,"gold_loss":0.0,"damage_taken":0.0,"cards_obtained":["Regret"]}],"is_beta":false,"boss_relics":[{"not_picked":["Busted Crown","Black Star"],"picked":"Empty Cage"}],"items_purged_floors":[8,20,22],"is_endless":false,"potions_floor_spawned":[5,14,16,18,21],"killed_by":"Slavers","ascension_level":20}}