{"host":"9rqk712yu6s3287p","time":1613919495,"event":{"mods":["ATMod(°¢èªMod)","Act Like it!","BaseMod","CapriCore","Chen","Gensokyo","Googly Eyes","Marisa£¨ìFÓê¡¡Ä§ÀíÉ³£©","Minty Spire (QoL Compilation)","MostiFishMod","Onozuka Komachi Mod","Reimu£¨²©ÀöÁéÃÎ£©","Remilia_Scarlet Moed£¨ÀÙÃ×ÀòÑÇ¡¤Ë¹¿¨À×ÌØ£©3.3.5","Remilia£¨ÀÙÃ×ÀòÑÇ£©","Replay The Spire","RumiaBox-Â¶Ã×æ«µÄÉñÃØºÐ×Ó","StSLib","The Administrix","The Immortal","The Servant 0.9.4","Yakumo Yukari mod","Youmu£¨»êÆÇÑýÃÎ£©","Yuyuko","[IsaacMod]ÒÔÈö¼âËþ","¡¾ÒÅÎï¿¨ÅÆ¡¿REMEMod"],"gold_per_floor":[147,204,129,168,225,321,366,456,456,507,600,645,726,765,765,996,996,1053,1104,1158,1203,1257,1341,1372,956,1256,1334,1544,1037,1214,1394,1394,1656,1656,1774,1947,2011,1157,1260,1432,1432,1532,1532,1656,1656,1777,1927,2051,2051,2076,2201,2201,2201,2201,2347,2368],"floor_reached":57,"language":"ZHS","playtime":3473,"items_purged":["BloodRain","Pot Of Greed","Pot Of Greed+1"],"score":4666,"play_id":"a8d59a69-a41f-4df5-b405-40df5f15f91a","local_time":"20210221225815","daily_mods":["Shiny","Vintage","Heirloom","Time Dilation","Flight","Elite Swarm","Lethality","Midas","Binary"],"is_ascension_mode":true,"campfire_choices":[{"floor":15.0,"key":"RECALL"},{"data":"Languid","floor":53,"key":"PURGE"}],"circlet_count":0,"master_deck":["AscendersBane","TricksterDevil+1","BatForm+1","ForecastOfChange+1","CurseOfVladTepes+1","ScarletMeister+1","QueenOfMidnight+1","BloodyHallows+1","HeartBreak+1","BloodyCatastrophe+1","ChaoticDestiny+1","BloodySeventeenLaser+1","ScarletCoffin+1","DemonKingCradle+1","TransientEternity+1","CeilingFear+1","MostiFishMod:PerfectForm+1","MostiFishMod:PerfectForm+1"],"relics":["Snecko Eye","Busted Crown","HushsDoor","Void","HowToJump","RhineCircuit","Nunchaku","SynthV:TestCard","Replay:Baseball","MealTicket","ScarletDevilRocket","Replay:Bottled Flurry","Anchor","Bag of Preparation","GuppysHead","HornCleat","Replay:Rubber Ducky","BookOfRevelations","GodSword3","CaptainsWheel","PillsDrop","AT_ArcaneBoots","LastBattle","Letter Opener","Kunai","Replay:Wax Seal","Boot","Pet Ghost","Bottled Lightning","AT_BladeRuinedKing","Ornamental Fan","FossilizedHelix","AT_ChloranthyRing","TheBean","Ginger","AnarchistCookbook","Akabeko","Smiling Mask","Darkstone Periapt","Replay:Accelerometer","RuthlessExorcism:ReiMu","GuppysTail","AT_ArchangelStaff","Whetstone","Shuriken","White Beast Statue","SSSystem","AT_MibuBalloonWealth","Lantern","Centennial Puzzle","Happy Flower","Replay:Multitool","Blood Vial","Incense Burner","ChampionBelt","Ancient Tea Set","ReplayTheSpireMod:Shallot","Oddly Smooth Stone","BirthdayGift-Icosahedron","DiscerningMonocle","TheAbacus","Chemical X","Ying","Sundial","Toxic Egg 2","MagicDraw4","Mummified Hand","PureWhite:ReiMu","GodSword6","YumHeart","Pen Nib","Mirror","Lee\u0027s Waffle","ReplayTheSpireMod:Ninjato","MagicDraw2","OriginationStaff","Bronze Scales","DeathBook","MostiFishMod:Haymaker","Ring of Fangs","ReplayTheSpireMod:Ring of Collecting","REME_HourglassOfDeath","PlanX","AT_BellowingDragoncrestRing","Replay:WaspNest","TypeBBloodRedTea"],"acts_visited":["Exordium","TheCity","Gensokyo:Gensokyoest","TheEnding"],"potions_floor_usage":[30,37,56],"damage_taken":[{"damage":11.0,"enemies":"Jaw Worm","floor":1.0,"turns":3.0},{"damage":20.0,"enemies":"Small Slimes","floor":2.0,"turns":5.0},{"damage":13.0,"enemies":"2 Louse","floor":4.0,"turns":4.0},{"damage":12.0,"enemies":"Exordium Thugs","floor":5.0,"turns":4.0},{"damage":4.0,"enemies":"Lagavulin","floor":6.0,"turns":3.0},{"damage":0.0,"enemies":"Exordium Wildlife","floor":7.0,"turns":3.0},{"damage":0.0,"enemies":"3 Sentries","floor":8.0,"turns":3.0},{"damage":0.0,"enemies":"Red Slaver","floor":10.0,"turns":2.0},{"damage":0.0,"enemies":"Gremlin Nob","floor":11.0,"turns":3.0},{"damage":0.0,"enemies":"Gremlin Gang","floor":12.0,"turns":4.0},{"damage":0.0,"enemies":"Lagavulin","floor":13.0,"turns":3.0},{"damage":0.0,"enemies":"Blue Slaver","floor":14.0,"turns":1.0},{"damage":0.0,"enemies":"Slime Boss","floor":16.0,"turns":6.0},{"damage":0.0,"enemies":"Spheric Guardian","floor":18.0,"turns":2.0},{"damage":0.0,"enemies":"Shell Parasite","floor":19.0,"turns":3.0},{"damage":0.0,"enemies":"Centurion and Healer","floor":20.0,"turns":3.0},{"damage":0.0,"enemies":"Snake Plant","floor":21.0,"turns":2.0},{"damage":0.0,"enemies":"Snecko","floor":22.0,"turns":1.0},{"damage":0.0,"enemies":"Book of Stabbing","floor":23.0,"turns":2.0},{"damage":0.0,"enemies":"Gremlin Leader","floor":25.0,"turns":4.0},{"damage":0,"enemies":"Slavers","floor":27,"turns":4},{"damage":0,"enemies":"Replay:Snechameleon","floor":29,"turns":3},{"damage":0,"enemies":"Slavers","floor":30,"turns":2},{"damage":0,"enemies":"Gremlin Leader","floor":31,"turns":2},{"damage":0,"enemies":"Automaton","floor":33,"turns":1},{"damage":0,"enemies":"Gensokyo:Marisa","floor":35,"turns":1},{"damage":0,"enemies":"Gensokyo:Kasen","floor":36,"turns":1},{"damage":0,"enemies":"Gensokyo:AncientGuardian","floor":37,"turns":2},{"damage":0,"enemies":"Gensokyo:Marisa","floor":39,"turns":1},{"damage":0,"enemies":"Gensokyo:Kasen","floor":40,"turns":1},{"damage":0,"enemies":"Gensokyo:Marisa","floor":42,"turns":1},{"damage":0,"enemies":"Gensokyo:Doremy","floor":44,"turns":1},{"damage":0,"enemies":"Gensokyo:Marisa","floor":46,"turns":1},{"damage":0,"enemies":"Gensokyo:Kasen","floor":47,"turns":1},{"damage":0,"enemies":"Gensokyo:Doremy","floor":48,"turns":1},{"damage":0,"enemies":"Gensokyo:Scarlet_Devils","floor":50,"turns":3},{"damage":0,"enemies":"Gensokyo:Yuyuko","floor":51,"turns":1},{"damage":0,"enemies":"Shield and Spear","floor":55,"turns":2},{"damage":0,"enemies":"The Heart","floor":56,"turns":1}],"seed_played":"-5768471397404400291","potions_obtained":[{"floor":1.0,"key":"AttackPotion"},{"floor":1.0,"key":"FearPotion"},{"floor":2.0,"key":"Fire Potion"},{"floor":6.0,"key":"Strength Potion"},{"floor":7.0,"key":"GamblersBrew"},{"floor":8.0,"key":"Flashbang"},{"floor":13.0,"key":"Adrenaline Potion"},{"floor":14.0,"key":"Energy Potion"},{"floor":16.0,"key":"Languid Potion"},{"floor":16.0,"key":"Fire Potion"},{"floor":19.0,"key":"SteroidPotion"},{"floor":21.0,"key":"Fire Potion"},{"floor":27,"key":"Adrenaline Potion"},{"floor":27,"key":"DuplicationPotion"},{"floor":29,"key":"GamblersBrew"},{"floor":30,"key":"Adrenaline Potion"},{"floor":37,"key":"ColorlessPotion"},{"floor":39,"key":"Elixir"},{"floor":55,"key":"Flashbang"}],"is_trial":true,"path_per_floor":["M","M","$","M","M","E","M","E","T","M","E","M","E","M","R","B",null,"M","M","M","M","M","E","$","E","T","E","$","E","E","E","R","B",null,"M","M","M","COS","M","E","?","E","T","E","$","E","E","M","R","B","B",null,"R","$","E","B",null],"character_chosen":"REMILIA","items_purchased":["Strawberry","RuthlessExorcism:ReiMu","GrandPatriotsElixir:ReiMu","SSSystem","Strange Spoon","Lee\u0027s Waffle","ReplayTheSpireMod:Ninjato","MagicDraw2","REME_HourglassOfDeath","PlanX","MostiFishMod:PerfectForm","DollysMirror"],"campfire_rested":0,"item_purchase_floors":[24,24,24,28,28,45,45,45,54,54,54,54],"current_hp_per_floor":[52,45,60,55,51,53,53,54,54,54,56,59,59,59,59,61,70,70,70,70,73,73,73,113,113,113,113,149,144,144,144,144,144,144,144,154,154,154,157,157,126,129,129,157,164,164,164,164,170,173,173,173,173,173,173,173],"gold":2368,"neow_bonus":"","is_daily":false,"chose_seed":false,"campfire_upgraded":0,"win_rate":0.0,"timestamp":1613919495,"path_taken":["M","M","$","M","M","E","M","E","T","M","E","M","E","M","R","BOSS","M","M","M","M","M","E","$","E","T","E","$","E","E","E","R","BOSS","M","M","M","COS","M","E","?","E","T","E","$","E","E","M","R","BOSS","BOSS","R","$","E","BOSS"],"items_purchased_type":["Relic","Relic","Potion","Relic","Relic","Relic","Relic","Relic","Relic","Relic","Card","Relic"],"build_version":"2020-12-22","purchased_purges":3,"victory":true,"max_hp_per_floor":[70,70,70,70,70,70,70,70,70,70,70,73,73,73,73,73,73,73,73,73,76,76,76,113,113,113,113,149,144,144,144,144,144,144,144,154,154,154,157,157,157,157,157,157,164,164,164,164,170,173,173,173,173,173,173,173],"card_choices":[{"not_picked":["ForecastOfChange","ChaoticDestiny"],"picked":"SKIP","floor":6.0},{"not_picked":["DemonKingCradle","KillingBlow"],"picked":"SKIP","floor":8.0},{"not_picked":["HeartBreak","ForecastOfChange"],"picked":"SKIP","floor":11.0},{"not_picked":["TransientEternity","ScarletCoffin"],"picked":"SKIP","floor":13.0},{"not_picked":["DemonKingCradle","BloodyHallows"],"picked":"SKIP","floor":23.0},{"not_picked":["BloodyCatastrophe","ChaoticDestiny"],"picked":"SKIP","floor":25.0},{"not_picked":["BloodyCatastrophe","DemonKingCradle"],"picked":"SKIP","floor":27},{"not_picked":["BloodRain","HellCatastrophe"],"picked":"SKIP","floor":29},{"not_picked":["ScarletCoffin","CurseOfVladTepes"],"picked":"SKIP","floor":30},{"not_picked":["CeilingFear","ScarletCoffin"],"picked":"SKIP","floor":31},{"not_picked":["HeartBreak","BatForm"],"picked":"SKIP","floor":35},{"not_picked":["DemonKingCradle","ScarletCoffin"],"picked":"SKIP","floor":36},{"not_picked":["ChaoticDestiny","ForecastOfChange"],"picked":"SKIP","floor":39},{"not_picked":["ForecastOfChange","ScarletCoffin"],"picked":"SKIP","floor":40},{"not_picked":["DemonKingCradle","BloodRain+1"],"picked":"SKIP","floor":42},{"not_picked":["BloodySeventeenLaser","ScarletCoffin"],"picked":"SKIP","floor":44},{"not_picked":["ChaoticDestiny+1","TransientEternity"],"picked":"SKIP","floor":46},{"not_picked":["KillingBlow","ChaoticDestiny+1"],"picked":"SKIP","floor":47},{"not_picked":["QueenOfMidnight","TransientEternity"],"picked":"SKIP","floor":48},{"not_picked":["CurseOfVladTepes","ChaoticDestiny+1"],"picked":"SKIP","floor":55}],"player_experience":589099,"relics_obtained":[{"floor":1.0,"key":"Dream Catcher"},{"floor":1.0,"key":"Nunchaku"},{"floor":1.0,"key":"SynthV:TestCard"},{"floor":1.0,"key":"Baka"},{"floor":2.0,"key":"Replay:Baseball"},{"floor":2.0,"key":"MealTicket"},{"floor":2.0,"key":"ScarletDevilRocket"},{"floor":4.0,"key":"Replay:Bottled Flurry"},{"floor":4.0,"key":"Anchor"},{"floor":4.0,"key":"Replay:Mystery Machine"},{"floor":5.0,"key":"Bag of Preparation"},{"floor":5.0,"key":"GuppysHead"},{"floor":5.0,"key":"HornCleat"},{"floor":6.0,"key":"Replay:Rubber Ducky"},{"floor":6.0,"key":"BookOfRevelations"},{"floor":7.0,"key":"GodSword3"},{"floor":7.0,"key":"CaptainsWheel"},{"floor":7.0,"key":"PillsDrop"},{"floor":8.0,"key":"AT_EbonyIvory"},{"floor":8.0,"key":"AT_SpeedBoots"},{"floor":8.0,"key":"LastBattle"},{"floor":10.0,"key":"Letter Opener"},{"floor":10.0,"key":"Kunai"},{"floor":11.0,"key":"Replay:Wax Seal"},{"floor":11.0,"key":"Boot"},{"floor":12.0,"key":"Pet Ghost"},{"floor":12.0,"key":"Bottled Lightning"},{"floor":12.0,"key":"AT_BladeRuinedKing"},{"floor":13.0,"key":"SecretRecord"},{"floor":13.0,"key":"Ornamental Fan"},{"floor":14.0,"key":"FossilizedHelix"},{"floor":14.0,"key":"AT_ChloranthyRing"},{"floor":16.0,"key":"TheBean"},{"floor":16.0,"key":"AntiCross"},{"floor":18.0,"key":"Ginger"},{"floor":18.0,"key":"Tiny Chest"},{"floor":19.0,"key":"Regal Pillow"},{"floor":19.0,"key":"AnarchistCookbook"},{"floor":20.0,"key":"Akabeko"},{"floor":20.0,"key":"Golden Egg"},{"floor":20.0,"key":"Blue Doll"},{"floor":21.0,"key":"Smiling Mask"},{"floor":21.0,"key":"SynthV:C4"},{"floor":22.0,"key":"CeramicFish"},{"floor":22.0,"key":"Darkstone Periapt"},{"floor":23.0,"key":"Replay:Accelerometer"},{"floor":23.0,"key":"Grinning Jar"},{"floor":25.0,"key":"GuppysTail"},{"floor":25.0,"key":"Molten Egg 2"},{"floor":26.0,"key":"Old Coin"},{"floor":27,"key":"AT_ArchangelStaff"},{"floor":27,"key":"Whetstone"},{"floor":27,"key":"Shuriken"},{"floor":27,"key":"White Beast Statue"},{"floor":29,"key":"AT_MibuBalloonWealth"},{"floor":29,"key":"AT_RedTearstoneRing"},{"floor":30,"key":"Lantern"},{"floor":30,"key":"Centennial Puzzle"},{"floor":30,"key":"Happy Flower"},{"floor":30,"key":"Replay:Multitool"},{"floor":31,"key":"Blood Vial"},{"floor":31,"key":"Incense Burner"},{"floor":35,"key":"TuHaoJin"},{"floor":35,"key":"Ancient Tea Set"},{"floor":36,"key":"Pear"},{"floor":36,"key":"ArrowTower"},{"floor":37,"key":"ReplayTheSpireMod:Shallot"},{"floor":37,"key":"Oddly Smooth Stone"},{"floor":39,"key":"Sundial"},{"floor":39,"key":"REME_IWantAll"},{"floor":40,"key":"Replay:Ringing Soul"},{"floor":40,"key":"Toxic Egg 2"},{"floor":42,"key":"Mummified Hand"},{"floor":42,"key":"PureWhite:ReiMu"},{"floor":43,"key":"GodSword6"},{"floor":44,"key":"Pen Nib"},{"floor":44,"key":"Mirror"},{"floor":46,"key":"StoneCalendar"},{"floor":46,"key":"OriginationStaff"},{"floor":47,"key":"SteamSale"},{"floor":47,"key":"Bronze Scales"},{"floor":48,"key":"DeathBook"},{"floor":48,"key":"MostiFishMod:Haymaker"},{"floor":49,"key":"Ring of Fangs"},{"floor":49,"key":"ReplayTheSpireMod:Ring of Collecting"},{"floor":55,"key":"AT_BellowingDragoncrestRing"},{"floor":55,"key":"Replay:WaspNest"},{"floor":55,"key":"TypeBBloodRedTea"}],"event_choices":[],"is_beta":false,"boss_relics":[{"not_picked":["OneHitWonderSystem","Honey Jar"],"picked":"Empty Cage"},{"not_picked":[]},{"not_picked":["SlaversCollar","RhineSuit"],"picked":"ChampionBelt"},{"not_picked":[]}],"items_purged_floors":[3,24,28],"is_endless":false,"potions_floor_spawned":[1,2,8,12,14,16,21,23,25,27,29,30,31,33,35,36,37,39,40,42,44,46,47,48,55],"ascension_level":20}}