{"host":"i73ch23exsqar74a","time":1613936965,"event":{"mods":["AchievementEnabler","Act Like it!","Arknights","Aspiration","Astrologer","Bard","Bartender","BaseMod","Beaked The Cultist","Better Sensory Stone","CCEM2","CapriCore","Challenge The Spire","ChefMod","Chen","Colored Map","Colored Powertips","Conjunction","Conspire","Downfall","Fireblade Mod","FutureSeer","GifTheSpireLib","Glutton Mod","Gremlin Mod","Halation","Hermit","Highlight Path","HololiveMod","Hubris","Infinite Spire","Jedi Mod","Lobotomy","LobotomyExtend","Luminous","Marked Mod","Minty Spire (QoL Compilation)","Prisma Mod","Quarter Circle Forward PUNCH!","Quick Restart","Random Character Button","RatMod","Relic Sorter","Reliquary","Replay The Spire","Ruina","SOS???????","Shade Mod","Spicy Shops","Spikes Relics","Spire Arcade","StSLib","Stuff the Spire","The Alterego","The Animator","The Bug Knight","The Construct","The Cursed","The Druid","The Exalted","The Immortal","The Judge","The Poker Player","The Sage","The Wild Card","TheHero","TheSwordswoman","TheVacant","TheVelvet","Thieving Mod","Yuri Mod","???Mod??????Boss","???mod?????"],"gold_per_floor":[110,36,36,56,69,69,82,37,113,145,145,165,165,165,165,268,268,282,8,59,59,76,76,103,103,103,133,182,182,200,216,216,317,417,429,429,447,199,212,238,255,274,274,274,294,294,294,323,323,323,323,323,323,533,533,533],"floor_reached":55,"language":"ENG","playtime":2326,"items_purged":[],"score":915,"play_id":"332361a8-1416-4775-847a-10f214c65205","local_time":"20210221234925","is_ascension_mode":false,"campfire_choices":[{"data":"LevelUp_Black","floor":6.0,"key":"SMITH"},{"data":"DoubleCut_Black","floor":11.0,"key":"SMITH"},{"data":"Stab_Black","floor":15.0,"key":"SMITH"},{"data":"ruina:GoldRush","floor":23,"key":"SMITH"},{"data":"BrokenRibs_Black","floor":25,"key":"SMITH"},{"data":"SwordDance_Black","floor":29,"key":"SMITH"},{"data":"Stab_Black","floor":32,"key":"SMITH"},{"data":"MentalSkills_Black","floor":44,"key":"SMITH"},{"data":"Eclipse_Black","floor":46,"key":"SMITH"},{"data":"DoubleAttack_Black","floor":49,"key":"SMITH"},{"data":"DrawingSword_Black","floor":53,"key":"SMITH"}],"circlet_count":0,"master_deck":["Strike_Black+1","Strike_Black","Strike_Black","Strike_Black","Defend_Black","Defend_Black","Defend_Black","Defend_Black","Observe_Black","LevelUp_Black+1","DoubleCut_Black+1","SharpCut_Black","Exercise1_Black","SharpCut_Black","Stab_Black","ThespeedofsoundToattack_Black","SharpCut_Black","DrawingSword_Black","StarSpatter_Black","ruina:GoldRush","BrokenRibs_Black","SharpCut_Black","TakeAdvantage_Black","WithoutFear_Black","SmokeScreen_Black","SwordDance_Black","Magnetism","Stab_Black","Forethought","animator:HigakiRinne","Eclipse_Black","SharpCut_Black","MentalSkills_Black","BrokenRibs_Black","WeakHit_Black","DoubleAttack_Black"],"relics":["animator:TheWolleyCore","animator:AncientMedallion"],"acts_visited":["Exordium","Exordium","TheBeyond","TheEnding","EYB:TheUnnamedReign"],"potions_floor_usage":[33,50],"damage_taken":[{"damage":0.0,"enemies":"Cultist","floor":1.0,"turns":3.0},{"damage":1.0,"enemies":"Small Slimes","floor":4.0,"turns":4.0},{"damage":0.0,"enemies":"conspire:RoseBush","floor":5.0,"turns":4.0},{"damage":10.0,"enemies":"Exordium Thugs","floor":7.0,"turns":4.0},{"damage":7.0,"enemies":"Lagavulin","floor":10.0,"turns":5.0},{"damage":5.0,"enemies":"Red Slaver","floor":12.0,"turns":3.0},{"damage":0.0,"enemies":"2 Fungi Beasts","floor":13.0,"turns":1.0},{"damage":0.0,"enemies":"2 Fungi Beasts","floor":13.0,"turns":3.0},{"damage":31.0,"enemies":"2 Fungi Beasts","floor":13.0,"turns":4.0},{"damage":0.0,"enemies":"Fading Forest","floor":16.0,"turns":10.0},{"damage":10,"enemies":"ruina:BadWolf","floor":18,"turns":3},{"damage":14,"enemies":"ruina:3_Bats","floor":22,"turns":3},{"damage":25,"enemies":"ruina:Mountain","floor":24,"turns":4},{"damage":3,"enemies":"ruina:ServantOfWrath","floor":27,"turns":5},{"damage":0,"enemies":"ruina:KnightOfDespair","floor":30,"turns":3},{"damage":0,"enemies":"ruina:KingOfGreed","floor":31,"turns":3},{"damage":5,"enemies":"ruina:JesterOfNihil","floor":33,"turns":5},{"damage":0,"enemies":"3 Shapes","floor":35,"turns":2},{"damage":13,"enemies":"3 Darklings","floor":37,"turns":3},{"damage":0,"enemies":"Spire Growth","floor":39,"turns":3},{"damage":4,"enemies":"HollowMod:StalkingDevout","floor":40,"turns":4},{"damage":0,"enemies":"4 Shapes","floor":41,"turns":1},{"damage":24,"enemies":"Writhing Mass","floor":42,"turns":2},{"damage":0,"enemies":"Sphere and 2 Shapes","floor":45,"turns":2},{"damage":0,"enemies":"Giant Head","floor":48,"turns":5},{"damage":47,"enemies":"infinitespire:MassOfShapes","floor":50,"turns":10},{"damage":0,"enemies":"animator:UNNAMED_HAT","floor":55,"turns":3}],"seed_played":"-9163105973868425463","potions_obtained":[{"floor":10.0,"key":"Flashbang"},{"floor":12.0,"key":"Milkshake"},{"floor":18,"key":"SteroidPotion"},{"floor":31,"key":"Toxic Potion"},{"floor":41,"key":"SpeedPotion"},{"floor":45,"key":"FearPotion"}],"is_trial":false,"path_per_floor":["M","$","?","M","M","R","M","$","T","E","R","M","M","?","R","B",null,"M","$","?","?","M","R","E","R","T","E","T","R","M","M","R","B",null,"M","?","M","$","M","E","M","M","T","R","M","R","?","E","R","B",null,null,"R","??","M"],"character_chosen":"THE_KIRITO","items_purchased":["SharpCut_Black","Stab_Black","ruina:GoldRush","BrokenRibs_Black","SharpCut_Black","aspiration:EmptySkull","MentalSkills_Black"],"campfire_rested":0,"item_purchase_floors":[2,8,19,19,19,38,38],"current_hp_per_floor":[80,80,80,79,79,79,69,69,69,62,62,57,49,33,80,80,80,70,70,70,78,64,80,55,80,80,77,77,80,80,80,80,75,80,80,80,67,67,73,69,69,45,45,80,80,80,80,80,80,34,34,80,80,107,107,107],"gold":533,"neow_bonus":"ONE_RANDOM_RARE_CARD","is_daily":false,"chose_seed":false,"campfire_upgraded":11,"win_rate":0.0,"timestamp":1613936965,"path_taken":["M","?","?","M","?","R","M","?","T","E","R","M","M","?","R","BOSS","M","$","?","?","?","R","E","R","T","E","?","R","M","M","R","BOSS","M","?","M","$","M","E","M","M","T","R","M","R","?","E","R","BOSS","R","??","M"],"items_purchased_type":["Card","Card","Card","Card","Card","Relic","Card"],"build_version":"2020-12-22","purchased_purges":0,"victory":false,"max_hp_per_floor":[80,80,80,80,80,80,80,80,80,80,80,80,80,80,80,80,80,80,80,80,80,80,80,80,80,80,80,80,80,80,80,80,80,80,80,80,80,80,80,80,80,80,80,80,80,80,80,80,80,80,80,80,80,107,107,107],"card_choices":[{"not_picked":["StrengthTransform_Black","SunBlade_Black"],"picked":"DoubleCut_Black","floor":1.0},{"not_picked":["Defender_Black","DefensiveStance_Black"],"picked":"Exercise1_Black","floor":4.0},{"not_picked":["Flash_Black","Guard_Black","HorizontalSquareChopping_Black"],"picked":"SKIP","floor":5.0},{"not_picked":["Defender_Black","StrengthTransform_Black"],"picked":"SharpCut_Black","floor":7.0},{"not_picked":["StrengthTransform_Black","SunBlade_Black"],"picked":"ThespeedofsoundToattack_Black","floor":10.0},{"not_picked":["Thrust_Black","Guard_Black"],"picked":"SharpCut_Black","floor":12.0},{"not_picked":["Brilliance_Black","LevelUp_Black"],"picked":"DrawingSword_Black","floor":16.0},{"not_picked":["Spitting_Black","WithoutFear_Black"],"picked":"StarSpatter_Black","floor":18},{"not_picked":["Guard_Black","StarSpatter_Black"],"picked":"TakeAdvantage_Black","floor":20},{"not_picked":["Exercise2_Black","Smile_Black"],"picked":"WithoutFear_Black+1","floor":22},{"not_picked":["DexterityTransform_Black+1","Spitting_Black"],"picked":"SmokeScreen_Black+1","floor":24},{"not_picked":["DoubleCut_Black","FlashPuncture_Black+1"],"picked":"SwordDance_Black","floor":27},{"not_picked":["Replay:Sssssssssstrike+1","Panacea+1"],"picked":"Magnetism+1","floor":30},{"not_picked":["Defender_Black","PrewarPrepare_Black+1"],"picked":"Stab_Black","floor":30},{"not_picked":["StuffTheSpire:Recharge+1","Replay:Sssssssssstrike+1"],"picked":"Forethought+1","floor":31},{"not_picked":["TakeAdvantage_Black","Guard_Black","Track_Black"],"picked":"SKIP","floor":31},{"not_picked":["Midas Touch+1","Transmutation+1"],"picked":"ReplayTheSpireMod:Necrogeddon","floor":33},{"not_picked":["TheEnd_Black","DoubleSword_Black"],"picked":"Eclipse_Black","floor":33},{"not_picked":["Defender_Black","ThespeedofsoundToattack_Black"],"picked":"SharpCut_Black","floor":35},{"not_picked":["Advantage_Black+1","HighSpeedReaction_Black","HorizontalSquareChopping_Black"],"picked":"SKIP","floor":37},{"not_picked":["SpiritCrash_Black","HorizontalSquareChopping_Black+1","PrewarPrepare_Black+1"],"picked":"SKIP","floor":39},{"not_picked":["SunBlade_Black","ThespeedofsoundToattack_Black"],"picked":"WeakHit_Black+1","floor":40},{"not_picked":["Kiriko_Black+1","HeroicBearing_Black","Mark_Black"],"picked":"SKIP","floor":41},{"not_picked":["StarSpatter_Black","PrewarPrepare_Black+1","Guard_Black+1"],"picked":"SKIP","floor":42},{"not_picked":["StarSpatter_Black","MentalSkills_Black","StrengthTransform_Black"],"picked":"SKIP","floor":45},{"not_picked":["Defender_Black","Stab_Black"],"picked":"DoubleAttack_Black","floor":48}],"player_experience":1486436,"relics_obtained":[{"floor":1.0,"key":"LetterFromLob"},{"floor":9.0,"key":"CCEMRelics:TinyMinotavrHorn"},{"floor":10.0,"key":"Replay:Mystery Machine"},{"floor":20,"key":"reliquary:TridentHead"},{"floor":24,"key":"reliquary:TuningFork"},{"floor":26,"key":"jedi:heavyjacket"},{"floor":27,"key":"StuffTheSpire:Expresso"},{"floor":28,"key":"CCEMRelics:FestiveHat"},{"floor":40,"key":"reliquary:SilkGlove"},{"floor":43,"key":"infinitespire:BottledMercury"},{"floor":48,"key":"reliquary:Boomerang"},{"floor":54,"key":"animator:TheWolleyCore"},{"floor":54,"key":"animator:AncientMedallion"}],"event_choices":[{"damage_healed":0.0,"max_hp_gain":0.0,"max_hp_loss":0.0,"gold_gain":0.0,"event_name":"Shining Light","player_choice":"Entered Light","floor":14.0,"gold_loss":0.0,"damage_taken":16.0,"cards_upgraded":["Strike_Black","Strike_Black"]}],"is_beta":false,"boss_relics":[{"not_picked":["Hololive_TopUpMoneyS","reliquary:Craggleroot"],"picked":"Replay:Cursed D8"},{"not_picked":["sagemod:Falmels_Amulet","Painkiller Herb"],"picked":"Replay:Wanted Poster"}],"items_purged_floors":[],"is_endless":false,"potions_floor_spawned":[10,12,13,13,18,27,30,31,41,42,45],"killed_by":"animator:UNNAMED_HAT","ascension_level":0}}