{"host":"0fupymmp6wdjyqoi","time":1613943129,"event":{"mods":["BaseMod","Bestiary","Clockwork Mod","Conspire","Downfall","GifTheSpireLib","Hubris","Infinite Spire","Minty Spire (QoL Compilation)","Replay The Spire","StSLib","The Construct","The Senshi"],"gold_per_floor":[115,159,174,51,51,51,77,95,95,95,114,114,114,127,127,223,223,235,235,245,255,354,354,6,24,47,47,47,47,67,77,77,181,181,194,247,347,361,0,0,0,17,17,17,30,49,78,89,89,89],"floor_reached":51,"language":"ENG","playtime":5207,"items_purged":["Strike_G","Defend_G","Defend_G"],"score":779,"play_id":"dadc8946-a07f-4217-a2b9-9a507806238a","local_time":"20210221223209","is_ascension_mode":false,"campfire_choices":[{"data":"Blade Dance","floor":6,"key":"SMITH"},{"floor":10,"key":"REST"},{"data":"Blade Dance","floor":12,"key":"SMITH"},{"floor":15,"key":"DIG"},{"floor":23,"key":"REST"},{"data":"Blade Dance","floor":27,"key":"SMITH"},{"floor":32,"key":"REST"},{"data":"Accuracy","floor":40,"key":"SMITH"},{"floor":49,"key":"REST"}],"circlet_count":0,"master_deck":["Defend_G","Defend_G","Survivor","Neutralize","Expertise","Blade Dance+1","hubris:SlightOfHand","Prepared","Distraction","Prepared","Blade Dance+1","Cloak And Dagger+1","Tools of the Trade","Blade Dance+1","Deflect","Escape Plan","ReplayTheSpireMod:Shiv Toss","Prepared+1","Prepared","Choke","Hidden Blade+1","Outmaneuver+1","Cloak And Dagger","Accuracy+1","Cloak And Dagger","Reflex","Prepared+1","Accuracy+1","Calculated Gamble+1"],"relics":["Ring of the Snake","Quantum Egg","hubris:Icosahedron","Pen Nib","hubris:DeckOfHolding","Potion Belt","Smiling Mask","Replay:Drink Me","Ring of Fangs","Boot","ClockworkSouvenir","Happy Flower","conspire:SpecialSausage","Tough Bandages","HandDrill","Bottled Lightning","hubris:Zylophone"],"acts_visited":["Exordium","TheCity","TheBeyond"],"potions_floor_usage":[16,16,35,36,36,46,50,50,50,50,50,50,50,50,50],"damage_taken":[{"damage":0,"enemies":"2 Louse","floor":1,"turns":4},{"damage":10,"enemies":"conspire:MimicChest","floor":2,"turns":10},{"damage":0,"enemies":"Small Slimes","floor":3,"turns":3},{"damage":20,"enemies":"Lagavulin","floor":7,"turns":7},{"damage":2,"enemies":"Cultist","floor":8,"turns":5},{"damage":2,"enemies":"Blue Slaver","floor":11,"turns":3},{"damage":0,"enemies":"Exordium Wildlife","floor":14,"turns":2},{"damage":6,"enemies":"Slime Boss","floor":16,"turns":9},{"damage":0,"enemies":"Spheric Guardian","floor":18,"turns":2},{"damage":3,"enemies":"Shell Parasite","floor":20,"turns":6},{"damage":0,"enemies":"Snecko","floor":21,"turns":5},{"damage":0,"enemies":"Centurion and Healer","floor":25,"turns":3},{"damage":0,"enemies":"Chosen and Byrds","floor":30,"turns":4},{"damage":13,"enemies":"Snake Plant","floor":31,"turns":3},{"damage":16,"enemies":"hubris:MusketHawk","floor":33,"turns":6},{"damage":0,"enemies":"3 Shapes","floor":35,"turns":2},{"damage":13,"enemies":"2 Orb Walkers","floor":36,"turns":3},{"damage":0,"enemies":"Orb Walker","floor":38,"turns":3},{"damage":0,"enemies":"Writhing Mass","floor":42,"turns":3},{"damage":1,"enemies":"4 Shapes","floor":45,"turns":4},{"damage":0,"enemies":"Maw","floor":46,"turns":4},{"damage":0,"enemies":"Nemesis","floor":47,"turns":3},{"damage":10,"enemies":"Spire Growth","floor":48,"turns":4},{"damage":6,"enemies":"Donu and Deca","floor":50,"turns":4}],"seed_played":"-3969787993452284229","potions_obtained":[{"floor":3,"key":"Slimebound:ThreeZeroPotion"},{"floor":7,"key":"FearPotion"},{"floor":8,"key":"Elixir"},{"floor":20,"key":"Adrenaline Potion"},{"floor":21,"key":"SpeedPotion"},{"floor":33,"key":"EntropicBrew"},{"floor":35,"key":"DuplicationPotion"},{"floor":42,"key":"FearPotion"},{"floor":46,"key":"Poison Potion"}],"is_trial":false,"path_per_floor":["M","?","M","$","?","R","E","M","T","R","M","R","?","M","R","B",null,"M","?","M","M","?","R","$","M","T","R","?","$","M","M","R","B",null,"M","?","?","M","$","R","?","M","T","?","M","M","E","M","R","B",null],"character_chosen":"THE_SILENT","items_purchased":["Prepared","Boot","ClockworkSouvenir","Accuracy","HandDrill","FearPotion","Dexterity Potion"],"campfire_rested":4,"item_purchase_floors":[4,24,24,39,39,39,39],"current_hp_per_floor":[70,60,60,60,60,60,40,38,38,59,57,57,57,57,57,51,53,53,53,50,50,37,52,52,52,52,52,44,44,44,31,48,32,58,58,45,45,45,45,45,45,45,45,45,44,44,44,34,51,45],"gold":89,"neow_bonus":"TRANSFORM_CARD","is_daily":false,"chose_seed":false,"campfire_upgraded":4,"win_rate":0.0,"timestamp":1613943129,"path_taken":["M","?","M","$","?","R","E","M","T","R","M","R","?","?","R","BOSS","M","?","M","M","?","R","$","?","T","R","?","?","M","M","R","BOSS","M","?","?","?","?","R","?","M","T","?","M","M","E","M","R","BOSS"],"items_purchased_type":["Card","Relic","Relic","Card","Relic","Potion","Potion"],"build_version":"2020-12-22","purchased_purges":3,"victory":true,"max_hp_per_floor":[70,70,70,70,70,70,70,70,70,70,70,70,70,70,70,70,53,53,53,53,53,53,53,53,53,53,53,58,58,58,58,58,58,58,58,58,58,58,58,58,58,58,58,58,58,58,58,58,58,58],"card_choices":[{"not_picked":["Hidden Blade","hubris:SlightOfHand"],"picked":"Dagger Throw","floor":1},{"not_picked":["Hidden Blade","Sneak Up"],"picked":"Blade Dance","floor":2},{"not_picked":["Dash","Noxious Fumes"],"picked":"hubris:SlightOfHand","floor":3},{"not_picked":["Sucker Punch","Night Terror"],"picked":"Distraction","floor":7},{"not_picked":["Flying Knee","Expertise"],"picked":"Prepared","floor":8},{"not_picked":["Reflex","Prepared"],"picked":"Blade Dance","floor":11},{"not_picked":["Dagger Spray","ReplayTheSpireMod:Tripwire"],"picked":"Cloak And Dagger","floor":14},{"not_picked":["Poison Darts","Doppelganger"],"picked":"Tools of the Trade","floor":16},{"not_picked":["Dagger Spray","hubris:SlightOfHand","Underhanded Strike+1"],"picked":"SKIP","floor":18},{"not_picked":["Poisoned Stab","Dagger Throw+1"],"picked":"Blade Dance","floor":20},{"not_picked":["Underhanded Strike+1","ReplayTheSpireMod:Speed Training"],"picked":"Deflect","floor":21},{"not_picked":["Backflip","Flying Knee"],"picked":"Escape Plan","floor":22},{"not_picked":["Deadly Poison","hubris:Counter"],"picked":"ReplayTheSpireMod:Shiv Toss","floor":22},{"not_picked":["Flying Knee","ReplayTheSpireMod:The Works"],"picked":"Prepared+1","floor":22},{"not_picked":["PiercingWail","Dodge and Roll"],"picked":"Prepared","floor":25},{"not_picked":["Riddle With Holes","Noxious Fumes"],"picked":"Choke","floor":30},{"not_picked":["Tactician","Well Laid Plans","Unload"],"picked":"SKIP","floor":31},{"not_picked":["Flying Knee+1","Bane+1"],"picked":"Hidden Blade+1","floor":35},{"not_picked":["Hidden Blade+1","Deadly Poison+1"],"picked":"Outmaneuver+1","floor":36},{"not_picked":["Slice","Flying Knee"],"picked":"Cloak And Dagger","floor":38},{"not_picked":["Poisoned Stab","Slice+1"],"picked":"Cloak And Dagger","floor":42},{"not_picked":["Replay:Poison Smokescreen","Flechettes+1"],"picked":"Reflex","floor":45},{"not_picked":["Acrobatics+1","Dagger Throw+1"],"picked":"Prepared+1","floor":46},{"not_picked":["conspire:DoublingDagger","Well Laid Plans"],"picked":"Accuracy+1","floor":47},{"not_picked":["Well Laid Plans","Deflect+1"],"picked":"Calculated Gamble+1","floor":48}],"player_experience":76844,"relics_obtained":[{"floor":2,"key":"Quantum Egg"},{"floor":7,"key":"Pen Nib"},{"floor":9,"key":"hubris:DeckOfHolding"},{"floor":15,"key":"Smiling Mask"},{"floor":19,"key":"Ring of Fangs"},{"floor":26,"key":"Happy Flower"},{"floor":36,"key":"Tough Bandages"},{"floor":43,"key":"Bottled Lightning"},{"floor":47,"key":"hubris:Zylophone"}],"event_choices":[{"cards_removed":["Dagger Throw"],"damage_healed":0,"gold_gain":0,"player_choice":"Gave Card","damage_taken":0,"relics_obtained":["Potion Belt"],"max_hp_gain":0,"max_hp_loss":0,"event_name":"WeMeetAgain","floor":13,"gold_loss":0},{"damage_healed":0,"gold_gain":0,"player_choice":"Shed Blood","damage_taken":13,"max_hp_gain":5,"max_hp_loss":0,"event_name":"Forgotten Altar","floor":28,"gold_loss":0},{"damage_healed":0,"gold_gain":0,"player_choice":"Fight","damage_taken":0,"max_hp_gain":0,"max_hp_loss":0,"event_name":"Mysterious Sphere","floor":36,"gold_loss":0},{"damage_healed":0,"gold_gain":100,"player_choice":"Pray","damage_taken":0,"max_hp_gain":0,"max_hp_loss":0,"event_name":"Golden Shrine","floor":37,"gold_loss":0},{"cards_removed":["Defend_G"],"damage_healed":0,"gold_gain":0,"player_choice":"Offered Basic","damage_taken":0,"max_hp_gain":0,"max_hp_loss":0,"event_name":"Bonfire Elementals","floor":44,"gold_loss":0}],"is_beta":false,"boss_relics":[{"not_picked":["Kintsugi","hubris:RunicObelisk"],"picked":"Replay:Drink Me"},{"not_picked":["Tiny House","Painkiller Herb"],"picked":"conspire:SpecialSausage"}],"items_purged_floors":[4,24,39],"is_endless":false,"potions_floor_spawned":[3,7,8,20,21,33,35,42,45,46],"ascension_level":0}}