{"host":"seujf6kmfn3ctpoe","time":1613913127,"event":{"mods":["BaseMod","Colored Map","Jedi Mod","Minty Spire (QoL Compilation)","Permanent Neow","Relic Sorter","Relic Stats","StSLib"],"gold_per_floor":[214,389,408,11,22,22,51,51,51,67,82,140,174,19,19,120,170,190,202,202,102,102,102,129,140,140,174,174,187,221,234,234,339,339,352,372,383,394,410,435,233,253,280,280,73,98,113,113,113,113],"floor_reached":51,"language":"ENG","playtime":2061,"items_purged":["Doubt","Strike_G","Strike_G","Strike_G"],"score":1148,"play_id":"0e1a7617-46ce-47ee-9a8d-ed37dfbffbea","local_time":"20210221141207","is_ascension_mode":true,"campfire_choices":[{"data":"Bouncing Flask","floor":6,"key":"SMITH"},{"data":"jedi:collectorvenom","floor":8,"key":"SMITH"},{"floor":15,"key":"REST"},{"data":"Footwork","floor":23,"key":"SMITH"},{"data":"Neutralize","floor":28,"key":"SMITH"},{"floor":32,"key":"REST"},{"data":"Bane","floor":49,"key":"SMITH"}],"circlet_count":0,"master_deck":["Strike_G+1","Defend_G","Defend_G","Defend_G","Defend_G","Defend_G","Survivor","Neutralize+1","Blur","Bouncing Flask+1","Footwork+1","Backflip","jedi:collectorvenom+1","Bane+1"],"relics":["Ring of the Snake","Matryoshka","Sundial","Vajra","Bag of Preparation","jedi:sprinkler","Bottled Tornado","Orrery","Tiny House","Potion Belt","PreservedInsect","Toy Ornithopter","Kunai","MealTicket","jedi:battlestandard","Smiling Mask","Orichalcum","Strawberry","DollysMirror","jedi:HeartOfTheCards"],"acts_visited":["Exordium","TheCity","TheBeyond"],"potions_floor_usage":[39],"damage_taken":[{"damage":1,"enemies":"Cultist","floor":1,"turns":4},{"damage":9,"enemies":"2 Louse","floor":3,"turns":4},{"damage":0,"enemies":"Jaw Worm","floor":5,"turns":5},{"damage":0,"enemies":"Lagavulin","floor":7,"turns":6},{"damage":13,"enemies":"Exordium Thugs","floor":10,"turns":6},{"damage":0,"enemies":"Blue Slaver","floor":11,"turns":4},{"damage":9,"enemies":"Lagavulin Event","floor":12,"turns":5},{"damage":8,"enemies":"3 Sentries","floor":13,"turns":9},{"damage":5,"enemies":"The Guardian","floor":16,"turns":5},{"damage":0,"enemies":"Shell Parasite","floor":18,"turns":2},{"damage":0,"enemies":"Spheric Guardian","floor":19,"turns":1},{"damage":0,"enemies":"Book of Stabbing","floor":24,"turns":4},{"damage":0,"enemies":"Snecko","floor":25,"turns":3},{"damage":7,"enemies":"Slavers","floor":27,"turns":6},{"damage":11,"enemies":"Shelled Parasite and Fungi","floor":29,"turns":4},{"damage":0,"enemies":"Book of Stabbing","floor":30,"turns":3},{"damage":3,"enemies":"Sentry and Sphere","floor":31,"turns":5},{"damage":30,"enemies":"Automaton","floor":33,"turns":7},{"damage":14,"enemies":"3 Shapes","floor":35,"turns":5},{"damage":0,"enemies":"3 Darklings","floor":36,"turns":7},{"damage":0,"enemies":"Maw","floor":37,"turns":5},{"damage":9,"enemies":"Jaw Worm Horde","floor":38,"turns":5},{"damage":11,"enemies":"3 Darklings","floor":39,"turns":10},{"damage":0,"enemies":"Nemesis","floor":40,"turns":3},{"damage":4,"enemies":"Writhing Mass","floor":42,"turns":3},{"damage":0,"enemies":"Giant Head","floor":46,"turns":3},{"damage":0,"enemies":"Transient","floor":47,"turns":4},{"damage":3,"enemies":"Time Eater","floor":50,"turns":3}],"seed_played":"7974036486609457663","potions_obtained":[{"floor":1,"key":"jedi:StrikingPotion"},{"floor":5,"key":"ColorlessPotion"},{"floor":7,"key":"jedi:tentaclejuice"},{"floor":11,"key":"Swift Potion"},{"floor":17,"key":"Dexterity Potion"},{"floor":22,"key":"GhostInAJar"},{"floor":24,"key":"PowerPotion"},{"floor":25,"key":"BlessingOfTheForge"},{"floor":29,"key":"Swift Potion"},{"floor":33,"key":"jedi:mysterypotion"},{"floor":39,"key":"Poison Potion"}],"is_trial":false,"path_per_floor":["M","?","M","$","M","R","E","R","T","M","M","?","E","$","R","B",null,"M","M","?","$","?","R","E","M","T","E","R","M","E","M","R","B",null,"M","M","M","M","M","E","$","M","T","?","$","E","M","?","R","B",null],"character_chosen":"THE_SILENT","items_purchased":["Footwork","Matryoshka","Orrery","Orichalcum","DollysMirror"],"campfire_rested":2,"item_purchase_floors":[4,4,14,41,45],"current_hp_per_floor":[69,69,60,60,60,60,60,60,60,47,47,38,30,30,51,46,75,75,75,75,75,75,75,75,75,75,68,68,57,57,54,75,45,75,61,61,61,52,46,46,61,57,64,64,78,78,78,78,78,75],"gold":113,"neow_bonus":"HUNDRED_GOLD","is_daily":false,"chose_seed":false,"campfire_upgraded":5,"win_rate":0.0,"timestamp":1613913127,"path_taken":["M","?","M","$","M","R","E","R","T","M","M","?","E","?","R","BOSS","M","M","?","$","?","R","E","M","T","E","R","M","E","M","R","BOSS","M","?","M","M","M","E","?","M","T","?","$","E","?","?","R","BOSS"],"items_purchased_type":["Card","Relic","Relic","Relic","Relic"],"build_version":"2020-12-22","purchased_purges":4,"victory":true,"max_hp_per_floor":[70,70,70,70,70,70,70,70,70,70,70,70,70,70,70,70,75,75,75,75,75,75,75,75,75,75,75,75,75,75,75,75,75,75,75,75,75,75,75,75,75,75,82,78,78,78,78,78,78,78],"relic_stats":{"counters":[28,131],"Sundial":[22],"MealTicket":29,"PreservedInsect":253,"Bag of Preparation":[48],"Kunai":[8],"Orichalcum":[30],"Smiling Mask":175,"obtain_stats":[{"Potion Belt":24,"Tiny House":17,"Vajra":9,"PreservedInsect":26,"Bag of Preparation":9,"jedi:battlestandard":34,"Bottled Tornado":13,"Orichalcum":41,"Smiling Mask":40,"jedi:HeartOfTheCards":46,"Matryoshka":4,"Sundial":7,"DollysMirror":45,"Strawberry":43,"Orrery":14,"MealTicket":30,"Kunai":27,"Toy Ornithopter":26,"Ring of the Snake":0,"jedi:sprinkler":12},{"Potion Belt":12,"Tiny House":9,"Vajra":4,"PreservedInsect":13,"Bag of Preparation":4,"jedi:battlestandard":18,"Bottled Tornado":8,"Orichalcum":24,"Smiling Mask":24,"jedi:HeartOfTheCards":26,"Matryoshka":2,"Sundial":4,"DollysMirror":25,"Strawberry":25,"Orrery":8,"MealTicket":16,"Kunai":14,"Toy Ornithopter":13,"Ring of the Snake":0,"jedi:sprinkler":7},{"Potion Belt":55,"Tiny House":48,"Vajra":19,"PreservedInsect":58,"Bag of Preparation":19,"jedi:battlestandard":83,"Bottled Tornado":43,"Orichalcum":118,"Smiling Mask":118,"jedi:HeartOfTheCards":124,"Matryoshka":8,"Sundial":19,"DollysMirror":121,"Strawberry":121,"Orrery":43,"MealTicket":71,"Kunai":64,"Toy Ornithopter":58,"Ring of the Snake":0,"jedi:sprinkler":34}],"Toy Ornithopter":5,"Ring of the Snake":[56]},"card_choices":[{"not_picked":["Accuracy","Eviscerate"],"picked":"Blur","floor":1},{"not_picked":["Deadly Poison","Eviscerate"],"picked":"Bouncing Flask","floor":3},{"not_picked":["Reflex","Eviscerate"],"picked":"Backflip","floor":5},{"not_picked":["A Thousand Cuts","jedi:studyshivs"],"picked":"jedi:collectorvenom","floor":7},{"not_picked":["Acrobatics","PiercingWail","Slice"],"picked":"SKIP","floor":10},{"not_picked":["Slice","Bane"],"picked":"jedi:collectorvenom+1","floor":11},{"not_picked":["Escape Plan","Slice"],"picked":"jedi:collectorvenom+1","floor":12},{"not_picked":["Footwork","Poisoned Stab"],"picked":"jedi:collectorvenom+1","floor":13},{"not_picked":["Slice","Bouncing Flask"],"picked":"jedi:collectorvenom+1","floor":14},{"not_picked":["After Image","Acrobatics"],"picked":"jedi:collectorvenom+1","floor":14},{"not_picked":["jedi:brewingpoison","Escape Plan"],"picked":"jedi:collectorvenom","floor":14},{"not_picked":["Flechettes","Deflect"],"picked":"jedi:collectorvenom+1","floor":14},{"not_picked":["Expertise","Quick Slash"],"picked":"jedi:collectorvenom+1","floor":14},{"not_picked":["Storm of Steel","Glass Knife"],"picked":"jedi:collectorvenom+1","floor":16},{"not_picked":["Slice","Dagger Spray"],"picked":"jedi:collectorvenom+1","floor":17},{"not_picked":["Dodge and Roll","Flying Knee"],"picked":"jedi:collectorvenom+1","floor":18},{"not_picked":["Quick Slash","Accuracy"],"picked":"jedi:collectorvenom+1","floor":19},{"not_picked":["Deadly Poison","jedi:pocketpoison"],"picked":"jedi:collectorvenom+1","floor":24},{"not_picked":["Choke","Flying Knee"],"picked":"jedi:collectorvenom+1","floor":25},{"not_picked":["Flying Knee","Underhanded Strike+1"],"picked":"jedi:collectorvenom+1","floor":27},{"not_picked":["Riddle With Holes","Dash","Venomology"],"picked":"SKIP","floor":29},{"not_picked":["Acrobatics","Bouncing Flask"],"picked":"jedi:collectorvenom+1","floor":30},{"not_picked":["Caltrops+1","Prepared"],"picked":"jedi:collectorvenom+1","floor":31},{"not_picked":["jedi:brewingpoison","Malaise"],"picked":"jedi:collectorvenom+1","floor":33},{"not_picked":["Dash+1","jedi:pocketpoison+1"],"picked":"jedi:collectorvenom+1","floor":35},{"not_picked":["Acrobatics+1","Caltrops+1"],"picked":"jedi:collectorvenom+1","floor":36},{"not_picked":["jedi:pocketpoison+1","Distraction+1"],"picked":"jedi:collectorvenom+1","floor":37},{"not_picked":["Dagger Throw","Bouncing Flask"],"picked":"jedi:collectorvenom+1","floor":38},{"not_picked":["Concentrate","Poisoned Stab+1"],"picked":"jedi:collectorvenom+1","floor":39},{"not_picked":["Leg Sweep","Unload"],"picked":"jedi:collectorvenom+1","floor":40},{"not_picked":["Outmaneuver","Poisoned Stab+1"],"picked":"jedi:collectorvenom+1","floor":42},{"not_picked":["jedi:collectorvenom+1","Prepared+1"],"picked":"jedi:collectorvenom+1","floor":46},{"not_picked":["Dash+1","Expertise"],"picked":"jedi:collectorvenom+1","floor":47}],"player_experience":457662,"relics_obtained":[{"floor":7,"key":"Sundial"},{"floor":9,"key":"Vajra"},{"floor":9,"key":"Bag of Preparation"},{"floor":12,"key":"jedi:sprinkler"},{"floor":13,"key":"Bottled Tornado"},{"floor":24,"key":"Potion Belt"},{"floor":26,"key":"PreservedInsect"},{"floor":26,"key":"Toy Ornithopter"},{"floor":27,"key":"Kunai"},{"floor":30,"key":"MealTicket"},{"floor":40,"key":"Smiling Mask"},{"floor":43,"key":"Strawberry"},{"floor":46,"key":"jedi:HeartOfTheCards"}],"event_choices":[{"damage_healed":0,"gold_gain":175,"player_choice":"AGREE","damage_taken":0,"max_hp_gain":0,"max_hp_loss":0,"event_name":"Liars Game","floor":2,"gold_loss":0,"cards_obtained":["Doubt"]},{"damage_healed":0,"gold_gain":30,"player_choice":"Searched \u00273\u0027 times","damage_taken":0,"max_hp_gain":0,"max_hp_loss":0,"event_name":"Dead Adventurer","floor":12,"gold_loss":0},{"damage_healed":0,"gold_gain":0,"player_choice":"Read","damage_taken":0,"max_hp_gain":0,"max_hp_loss":0,"event_name":"The Library","floor":20,"gold_loss":0,"cards_obtained":["Bane"]},{"damage_healed":0,"gold_gain":0,"player_choice":"Got Potions","damage_taken":0,"max_hp_gain":0,"max_hp_loss":0,"event_name":"Lab","floor":22,"gold_loss":0},{"damage_healed":0,"gold_gain":0,"player_choice":"Max HP","damage_taken":0,"max_hp_gain":0,"max_hp_loss":4,"event_name":"Winding Halls","floor":44,"gold_loss":0},{"cards_removed":["Strike_G"],"damage_healed":0,"gold_gain":0,"player_choice":"Removed Attack","damage_taken":0,"max_hp_gain":0,"max_hp_loss":0,"event_name":"Falling","floor":48,"gold_loss":0}],"is_beta":false,"boss_relics":[{"not_picked":["Fusion Hammer","Philosopher\u0027s Stone"],"picked":"Tiny House"},{"not_picked":["WristBlade","Calling Bell"],"picked":"jedi:battlestandard"}],"items_purged_floors":[4,21,41,45],"is_endless":false,"potions_floor_spawned":[1,5,7,11,12,13,24,25,27,29,33,38,39,40,42,47],"ascension_level":1}}