{"host":"d0btaf6p0msba79e","time":1613905110,"event":{"mods":["BaseMod","BetterRewards","Minty Spire (QoL Compilation)"],"gold_per_floor":[119,119,119,136,62,90,102,102,102,102,133,153,153,153],"floor_reached":13,"language":"ENG","playtime":528,"items_purged":[],"score":148,"play_id":"43490004-2945-4abc-9652-27c8e04c57e1","local_time":"20210221215830","is_ascension_mode":true,"campfire_choices":[{"data":"Eruption","floor":8,"key":"SMITH"},{"data":"Strike_P","floor":10,"key":"PURGE"}],"circlet_count":0,"master_deck":["Strike_P","Strike_P","Defend_P","Defend_P","Defend_P","Defend_P","Eruption+1","Vigilance","SashWhip","CarveReality","BattleHymn","Scrawl","Tantrum"],"relics":["PureWater","NeowsBlessing","GoldenEye","Peace Pipe","Art of War"],"acts_visited":["Exordium"],"potions_floor_usage":[],"damage_taken":[{"damage":0,"enemies":"2 Louse","floor":1,"turns":1},{"damage":0,"enemies":"Small Slimes","floor":4,"turns":2},{"damage":0,"enemies":"Lagavulin","floor":6,"turns":2},{"damage":13,"enemies":"Jaw Worm","floor":7,"turns":4},{"damage":27,"enemies":"3 Sentries","floor":11,"turns":8},{"damage":4,"enemies":"Blue Slaver","floor":12,"turns":4},{"damage":32,"enemies":"Lagavulin","floor":13,"turns":3}],"seed_played":"8226201294934504947","potions_obtained":[{"floor":4,"key":"SkillPotion"},{"floor":7,"key":"EssenceOfSteel"}],"is_trial":false,"path_per_floor":["M","?","?","M","$","E","M","R","T","R","E","M","E"],"character_chosen":"WATCHER","items_purchased":["BattleHymn"],"campfire_rested":0,"item_purchase_floors":[5],"current_hp_per_floor":[72,77,70,70,70,70,57,57,57,57,30,26,0,0],"gold":153,"neow_bonus":"THREE_ENEMY_KILL","is_daily":false,"chose_seed":false,"campfire_upgraded":1,"win_rate":0.0,"timestamp":1613905110,"path_taken":["M","?","?","M","?","E","?","R","T","R","E","M","E"],"items_purchased_type":["Card"],"build_version":"2020-12-22","purchased_purges":0,"victory":false,"max_hp_per_floor":[72,77,77,77,77,77,77,77,77,77,77,77,77,77],"card_choices":[{"not_picked":["Pray","Evaluate"],"picked":"SashWhip","floor":1},{"not_picked":["EmptyMind","SashWhip"],"picked":"CarveReality","floor":4},{"not_picked":["Judgement","Consecrate","Vengeance"],"picked":"SKIP","floor":6},{"not_picked":["EmptyBody","SashWhip","Weave"],"picked":"SKIP","floor":7},{"not_picked":["Indignation","Study"],"picked":"Scrawl","floor":11},{"not_picked":["EmptyBody","Fasting2"],"picked":"Tantrum","floor":12}],"player_experience":1084950,"relics_obtained":[{"floor":6,"key":"GoldenEye"},{"floor":9,"key":"Peace Pipe"},{"floor":11,"key":"Art of War"}],"event_choices":[{"damage_healed":0,"gold_gain":0,"player_choice":"Donut","damage_taken":0,"max_hp_gain":5,"max_hp_loss":0,"event_name":"Big Fish","floor":2,"gold_loss":0},{"cards_removed":["Strike_P"],"damage_healed":0,"gold_gain":0,"player_choice":"Card Removal","damage_taken":7,"max_hp_gain":0,"max_hp_loss":0,"event_name":"Golden Wing","floor":3,"gold_loss":0}],"is_beta":false,"boss_relics":[],"items_purged_floors":[],"is_endless":false,"potions_floor_spawned":[4,7],"killed_by":"Lagavulin","ascension_level":5}}