{"host":"0fm1w3v00gid44jl","time":1613889139,"event":{"mods":["AchievementEnabler","BaseMod","Colored Map","Colored Powertips","Displayed Cursed Tome","Googly Eyes","Highlight Path","Minty Spire (QoL Compilation)","Permanent Neow","Relic Stats","StSLib","SuperFastMode","slay the spire mod where everything is the same but ironclad has a cowboy hat"],"gold_per_floor":[119,131,147,166,20,20,50,50,74,74,105,116,116,130,130,225,225,243,259,336,152,152,152,185,215,238,248,279,30,49,49,49,144,144,159,179,44,44,266,0,16,16,16,29,56,74,129,129,129],"floor_reached":48,"language":"ENG","playtime":1910,"items_purged":["Strike_G","Strike_G","Choke+1"],"score":637,"play_id":"013df5dc-c722-4d4d-b40b-5b1368b7e94d","local_time":"20210221003219","is_ascension_mode":true,"campfire_choices":[{"data":"Bouncing Flask","floor":6,"key":"SMITH"},{"data":"Deadly Poison","floor":10,"key":"SMITH"},{"floor":15,"key":"REST"},{"data":"Adrenaline","floor":23,"key":"SMITH"},{"data":"Neutralize","floor":32,"key":"SMITH"},{"data":"Burst","floor":42,"key":"SMITH"}],"circlet_count":0,"master_deck":["Defend_G+1","Defend_G","Defend_G","Defend_G","Defend_G","Survivor","Neutralize+1","Corpse Explosion","Deadly Poison+1","Deadly Poison+1","Bouncing Flask+1","Deflect","Adrenaline+1","Blur+1","Dash+1","PiercingWail+1","Deadly Poison","Caltrops","Noxious Fumes","Cloak And Dagger+1","Blade Dance","Burst+1","Dodge and Roll+1","Footwork","Backflip","Adrenaline+1","Well Laid Plans+1"],"relics":["Ring of the Snake","Membership Card","Boot","Toy Ornithopter","MealTicket","Molten Egg 2","Bag of Marbles","Astrolabe","Matryoshka","OrangePellets","Lantern","Red Mask","Pantograph","Juzu Bracelet","War Paint","Art of War","Mercury Hourglass","Chemical X","Busted Crown","Ancient Tea Set","Bag of Preparation","Frozen Egg 2","Vajra","Toxic Egg 2","CaptainsWheel","Torii"],"acts_visited":["Exordium","TheCity","TheBeyond"],"potions_floor_usage":[16,28,33],"damage_taken":[{"damage":1,"enemies":"Cultist","floor":1,"turns":4},{"damage":0,"enemies":"Jaw Worm","floor":2,"turns":5},{"damage":0,"enemies":"2 Louse","floor":3,"turns":2},{"damage":2,"enemies":"Blue Slaver","floor":4,"turns":3},{"damage":9,"enemies":"3 Sentries","floor":7,"turns":3},{"damage":20,"enemies":"Gremlin Nob","floor":11,"turns":4},{"damage":4,"enemies":"Red Slaver","floor":12,"turns":4},{"damage":2,"enemies":"Looter","floor":14,"turns":3},{"damage":38,"enemies":"Slime Boss","floor":16,"turns":9},{"damage":0,"enemies":"Spheric Guardian","floor":18,"turns":2},{"damage":0,"enemies":"Shell Parasite","floor":19,"turns":5},{"damage":0,"enemies":"Masked Bandits","floor":24,"turns":4},{"damage":0,"enemies":"Slavers","floor":25,"turns":3},{"damage":0,"enemies":"Cultist and Chosen","floor":27,"turns":4},{"damage":6,"enemies":"Book of Stabbing","floor":28,"turns":6},{"damage":0,"enemies":"Snake Plant","floor":30,"turns":2},{"damage":54,"enemies":"Automaton","floor":33,"turns":9},{"damage":0,"enemies":"3 Darklings","floor":35,"turns":3},{"damage":0,"enemies":"Orb Walker","floor":36,"turns":2},{"damage":0,"enemies":"3 Darklings","floor":41,"turns":2},{"damage":0,"enemies":"Spire Growth","floor":44,"turns":4},{"damage":32,"enemies":"Giant Head","floor":45,"turns":8},{"damage":0,"enemies":"Maw","floor":46,"turns":5},{"damage":15,"enemies":"2 Orb Walkers","floor":47,"turns":5},{"damage":40,"enemies":"Reptomancer","floor":48,"turns":4}],"seed_played":"-4264570222133897285","potions_obtained":[{"floor":1,"key":"FearPotion"},{"floor":2,"key":"CunningPotion"},{"floor":7,"key":"DistilledChaos"},{"floor":18,"key":"Strength Potion"},{"floor":25,"key":"BlessingOfTheForge"},{"floor":28,"key":"Dexterity Potion"},{"floor":33,"key":"GamblersBrew"},{"floor":41,"key":"Poison Potion"},{"floor":45,"key":"EntropicBrew"}],"is_trial":false,"path_per_floor":["M","M","M","M","$","R","E","?","T","R","E","M","?","M","R","B",null,"M","M","T","$","?","R","?","E","T","M","E","$","M","?","R","B",null,"M","M","$","?","?","$","M","R","T","M","E","M","?","E"],"character_chosen":"THE_SILENT","items_purchased":["Membership Card","OrangePellets","Lantern","Mercury Hourglass","Chemical X","Footwork","Ancient Tea Set","Backflip","Bag of Preparation","Frozen Egg 2"],"campfire_rested":1,"item_purchase_floors":[5,21,21,29,29,37,37,37,40,40],"current_hp_per_floor":[69,69,69,67,67,67,58,51,51,51,31,27,27,25,46,13,70,70,70,70,70,57,57,57,57,57,57,56,71,71,71,71,21,75,75,75,75,75,75,75,75,75,75,75,43,43,28,0,0],"gold":129,"neow_bonus":"ONE_RANDOM_RARE_CARD","is_daily":false,"chose_seed":false,"campfire_upgraded":5,"win_rate":0.0,"timestamp":1613889139,"path_taken":["M","M","M","M","?","R","E","?","T","R","E","M","?","?","R","BOSS","M","M","?","$","?","R","?","E","T","M","E","$","M","?","R","BOSS","M","M","$","?","?","$","M","R","T","M","E","M","?","E"],"items_purchased_type":["Relic","Relic","Relic","Relic","Relic","Card","Relic","Card","Relic","Relic"],"build_version":"2020-12-22","purchased_purges":3,"victory":false,"max_hp_per_floor":[70,70,70,70,70,70,70,70,70,70,70,70,70,70,70,70,70,70,70,70,70,75,75,75,75,75,75,75,75,75,75,75,75,75,75,75,75,75,75,75,75,75,75,75,75,75,75,75,75],"relic_stats":{"Torii":0,"counters":[25,105],"Astrolabe":["Blur","Dash","Masterful Stab"],"Juzu Bracelet":2,"Bag of Preparation":[12],"War Paint":["Defend_G","Deadly Poison"],"Boot":[35],"Mercury Hourglass":[202],"OrangePellets":[2],"Busted Crown":14,"Pantograph":4,"MealTicket":15,"Art of War":[12],"Chemical X":[1],"obtain_stats":[{"Lantern":21,"Torii":47,"Vajra":43,"Juzu Bracelet":26,"Bag of Preparation":40,"Boot":7,"Ancient Tea Set":37,"Matryoshka":20,"Pantograph":25,"MealTicket":9,"Red Mask":24,"Chemical X":29,"Toxic Egg 2":43,"Ring of the Snake":0,"Astrolabe":17,"War Paint":26,"Frozen Egg 2":40,"Mercury Hourglass":29,"OrangePellets":21,"CaptainsWheel":45,"Busted Crown":34,"Molten Egg 2":11,"Bag of Marbles":13,"Art of War":28,"Membership Card":5,"Toy Ornithopter":8},{"Lantern":11,"Torii":24,"Vajra":20,"Juzu Bracelet":13,"Bag of Preparation":19,"Boot":5,"Ancient Tea Set":19,"Matryoshka":11,"Pantograph":13,"MealTicket":5,"Red Mask":12,"Chemical X":15,"Toxic Egg 2":20,"Ring of the Snake":0,"Astrolabe":9,"War Paint":13,"Frozen Egg 2":19,"Mercury Hourglass":15,"OrangePellets":11,"CaptainsWheel":22,"Busted Crown":17,"Molten Egg 2":6,"Bag of Marbles":7,"Art of War":15,"Membership Card":4,"Toy Ornithopter":5},{"Lantern":44,"Torii":101,"Vajra":79,"Juzu Bracelet":51,"Bag of Preparation":77,"Boot":17,"Ancient Tea Set":77,"Matryoshka":44,"Pantograph":51,"MealTicket":17,"Red Mask":48,"Chemical X":61,"Toxic Egg 2":79,"Ring of the Snake":0,"Astrolabe":37,"War Paint":51,"Frozen Egg 2":77,"Mercury Hourglass":61,"OrangePellets":44,"CaptainsWheel":91,"Busted Crown":72,"Molten Egg 2":21,"Bag of Marbles":25,"Art of War":61,"Membership Card":14,"Toy Ornithopter":17}],"Toy Ornithopter":10,"Ring of the Snake":[50]},"card_choices":[{"not_picked":["Catalyst","Dodge and Roll"],"picked":"Deadly Poison","floor":1},{"not_picked":["Dagger Throw","PiercingWail"],"picked":"Deadly Poison","floor":2},{"not_picked":["Phantasmal Killer","Choke"],"picked":"Bouncing Flask","floor":3},{"not_picked":["Concentrate","Deflect"],"picked":"Escape Plan","floor":4},{"not_picked":["Riddle With Holes","Dagger Spray","Outmaneuver"],"picked":"SKIP","floor":7},{"not_picked":["Concentrate","Unload+1","Cloak And Dagger"],"picked":"SKIP","floor":11},{"not_picked":["Quick Slash+1","Flechettes+1","Choke+1"],"picked":"SKIP","floor":12},{"not_picked":["Endless Agony+1","All Out Attack+1"],"picked":"Deflect","floor":14},{"not_picked":["Corpse Explosion","Storm of Steel"],"picked":"Adrenaline","floor":16},{"not_picked":["Acrobatics","Slice+1"],"picked":"PiercingWail+1","floor":18},{"not_picked":["Underhanded Strike+1","Prepared","Quick Slash+1"],"picked":"SKIP","floor":19},{"not_picked":["Bane+1","Sucker Punch+1"],"picked":"Deadly Poison","floor":24},{"not_picked":["Slice+1","Die Die Die+1"],"picked":"Caltrops","floor":25},{"not_picked":["Flying Knee+1","Flechettes+1","Finisher+1"],"picked":"SKIP","floor":27},{"not_picked":["Deadly Poison","Prepared"],"picked":"Noxious Fumes","floor":28},{"not_picked":["Flying Knee+1","Slice+1"],"picked":"Cloak And Dagger+1","floor":30},{"not_picked":["Storm of Steel","Bullet Time"],"picked":"Burst","floor":33},{"not_picked":["Deadly Poison+1"],"picked":"SKIP","floor":35},{"not_picked":[],"picked":"Dodge and Roll+1","floor":36},{"not_picked":["Acrobatics"],"picked":"SKIP","floor":41},{"not_picked":["Acrobatics+1"],"picked":"SKIP","floor":44},{"not_picked":["Flying Knee+1"],"picked":"SKIP","floor":45},{"not_picked":[],"picked":"Well Laid Plans+1","floor":46}],"player_experience":1123243,"relics_obtained":[{"floor":7,"key":"Boot"},{"floor":9,"key":"MealTicket"},{"floor":11,"key":"Molten Egg 2"},{"floor":20,"key":"Matryoshka"},{"floor":24,"key":"Red Mask"},{"floor":25,"key":"Pantograph"},{"floor":26,"key":"Juzu Bracelet"},{"floor":26,"key":"War Paint"},{"floor":28,"key":"Art of War"},{"floor":43,"key":"Vajra"},{"floor":43,"key":"Toxic Egg 2"},{"floor":45,"key":"CaptainsWheel"},{"floor":47,"key":"Torii"}],"event_choices":[{"damage_healed":0,"gold_gain":0,"player_choice":"Success","damage_taken":7,"relics_obtained":["Toy Ornithopter"],"max_hp_gain":0,"max_hp_loss":0,"event_name":"Scrap Ooze","floor":8,"gold_loss":0},{"damage_healed":0,"gold_gain":0,"player_choice":"Searched \u00272\u0027 times","damage_taken":0,"relics_obtained":["Bag of Marbles"],"max_hp_gain":0,"max_hp_loss":0,"event_name":"Dead Adventurer","floor":13,"gold_loss":0},{"damage_healed":0,"gold_gain":0,"player_choice":"Shed Blood","damage_taken":18,"max_hp_gain":5,"max_hp_loss":0,"event_name":"Forgotten Altar","floor":22,"gold_loss":0},{"damage_healed":0,"gold_gain":0,"player_choice":"Fought Bandits","damage_taken":0,"max_hp_gain":0,"max_hp_loss":0,"event_name":"Masked Bandits","floor":24,"gold_loss":0},{"damage_healed":0,"gold_gain":0,"cards_transformed":["Masterful Stab","Escape Plan"],"player_choice":"Became Test Subject","damage_taken":0,"max_hp_gain":0,"max_hp_loss":0,"event_name":"Drug Dealer","floor":31,"gold_loss":0,"cards_obtained":["Choke","Blade Dance"]},{"damage_healed":0,"gold_gain":0,"player_choice":"Copied","damage_taken":0,"max_hp_gain":0,"max_hp_loss":0,"event_name":"Duplicator","floor":38,"gold_loss":0,"cards_obtained":["Adrenaline"]},{"damage_healed":0,"gold_gain":222,"player_choice":"Wore Mask","damage_taken":0,"max_hp_gain":0,"max_hp_loss":0,"event_name":"Tomb of Lord Red Mask","floor":39,"gold_loss":0},{"damage_healed":0,"gold_gain":0,"player_choice":"Fight","damage_taken":0,"max_hp_gain":0,"max_hp_loss":0,"event_name":"Mysterious Sphere","floor":47,"gold_loss":0}],"is_beta":false,"boss_relics":[{"not_picked":["Cursed Key","Empty Cage"],"picked":"Astrolabe"},{"not_picked":["Philosopher\u0027s Stone","HoveringKite"],"picked":"Busted Crown"}],"items_purged_floors":[21,29,40],"is_endless":false,"potions_floor_spawned":[1,2,7,11,12,18,25,27,28,33,36,41,44,45],"killed_by":"Reptomancer","ascension_level":1}}