{"host":"ovivighfa421z0zp","time":1613919189,"event":{"mods":["BaseMod","Colored Map","DeckTracker","Keyboard Shortcuts","Minty Spire (QoL Compilation)","Permanent Neow","Quick Restart","Replay The Spire","StSLib","SuperFastMode","The Cursed"],"gold_per_floor":[361,26,45,61,61,61,86,98,122,122,142,156,167,92,92,164,164,177,377,28,44,44,60,60,76,102,152,162,173,93,93,93,167,167,184,184,195,8,8,8],"floor_reached":39,"language":"KOR","playtime":1930,"items_purged":["TheCursedMod:Strike_TheCursed","TheCursedMod:Strike_TheCursed","TheCursedMod:Strike_TheCursed"],"score":737,"play_id":"4ae65047-bf1e-4539-9ec1-61a9b9af3161","local_time":"20210221235309","is_ascension_mode":true,"campfire_choices":[{"floor":6,"key":"REST"},{"data":"TheCursedMod:CleanUpWorkshop","floor":10,"key":"SMITH"},{"floor":15,"key":"REST"},{"data":"TheCursedMod:ForbiddenAlchemy","floor":24,"key":"SMITH"}],"circlet_count":0,"master_deck":["AscendersBane","TheCursedMod:Defend_TheCursed","TheCursedMod:Defend_TheCursed","TheCursedMod:Defend_TheCursed","TheCursedMod:Defend_TheCursed","TheCursedMod:CursedWand","TheCursedMod:CleanUpWorkshop+1","TheCursedMod:Dregs","Sickly","TheCursedMod:SoulCrush","Apotheosis+1","TheCursedMod:ManaBullet+1","TheCursedMod:ManaBullet+1","TheCursedMod:CursedBlade","TheCursedMod:CursedAmulet","TheCursedMod:AshesToAshes","TheCursedMod:CursedSpellbook","TheCursedMod:WearCloak","TheCursedMod:SpitefulStrike","TheCursedMod:SpitefulPray+1","TheCursedMod:ForbiddenAlchemy+1","TheCursedMod:SurpriseAttack","TheCursedMod:HellsGateOpen+1","TheCursedMod:CursedStaff","Ghostly","Ghostly","Ghostly","TheCursedMod:Wield","TheCursedMod:Grudge","TheCursedMod:SpitefulPlan+1","TheCursedMod:AntiAging","TheCursedMod:RapidMovement","TheCursedMod:Stretching","Parasite"],"relics":["TheCursedMod:BlackMagicAdvanced","Membership Card","ReplayFunnel","Happy Flower","Replay:Bottled Eggs","ClockworkSouvenir","Bag of Preparation","Smiling Mask","Cursed Key","Meat on the Bone"],"acts_visited":["Exordium","TheCity","TheBeyond"],"potions_floor_usage":[8,16,18,21,21,23,23,25,25,25,29,33,33,33,33,35,35,37,39,39,39,39],"damage_taken":[{"damage":16,"enemies":"Small Slimes","floor":1,"turns":4},{"damage":0,"enemies":"Cultist","floor":3,"turns":2},{"damage":2,"enemies":"2 Louse","floor":4,"turns":2},{"damage":12,"enemies":"Lagavulin","floor":7,"turns":8},{"damage":6,"enemies":"Exordium Thugs","floor":8,"turns":3},{"damage":2,"enemies":"Large Slime","floor":11,"turns":5},{"damage":11,"enemies":"Exordium Wildlife","floor":12,"turns":4},{"damage":5,"enemies":"Blue Slaver","floor":13,"turns":3},{"damage":23,"enemies":"Fading Forest","floor":16,"turns":11},{"damage":8,"enemies":"2 Thieves","floor":18,"turns":4},{"damage":9,"enemies":"3 Byrds","floor":21,"turns":4},{"damage":3,"enemies":"Snake Plant","floor":23,"turns":4},{"damage":3,"enemies":"Centurion and Healer","floor":25,"turns":6},{"damage":1,"enemies":"3 Cultists","floor":28,"turns":4},{"damage":5,"enemies":"Snake Plant","floor":29,"turns":5},{"damage":57,"enemies":"Collector","floor":33,"turns":6},{"damage":12,"enemies":"3 Darklings","floor":35,"turns":7},{"damage":11,"enemies":"Orb Walker","floor":37,"turns":4},{"damage":10,"enemies":"Writhing Mass","floor":39,"turns":9}],"seed_played":"3540676799897093357","potions_obtained":[{"floor":4,"key":"Energy Potion"},{"floor":7,"key":"BlessingOfTheForge"},{"floor":8,"key":"Elixir"},{"floor":12,"key":"DistilledChaos"},{"floor":16,"key":"SteroidPotion"},{"floor":18,"key":"Strength Potion"},{"floor":25,"key":"BlessingOfTheForge"},{"floor":29,"key":"Strength Potion"},{"floor":33,"key":"LiquidBronze"}],"is_trial":false,"path_per_floor":["M","$","M","M","?","R","E","M","T","R","M","M","M","?","R","B",null,"M","?","$","M","?","M","R","M","T","?","M","M","?","T","R_BF","B",null,"M","?","M","$","M"],"character_chosen":"THE_CURSED","items_purchased":["Membership Card","Apotheosis","TheCursedMod:ManaBullet","Replay:Bottled Eggs","TheCursedMod:HellsGateOpen+1","ClockworkSouvenir","TheCursedMod:CursedStaff","Meat on the Bone"],"campfire_rested":2,"item_purchase_floors":[2,2,2,20,20,20,20,38],"current_hp_per_floor":[48,48,48,46,46,67,55,49,49,49,47,36,31,31,52,29,61,53,53,53,44,35,32,32,29,29,29,28,23,23,23,33,10,29,19,19,10,10,3,3],"gold":8,"neow_bonus":"TWO_FIFTY_GOLD","is_daily":false,"chose_seed":false,"campfire_upgraded":2,"win_rate":0.0,"timestamp":1613919189,"path_taken":["M","$","M","M","?","R","E","M","T","R","M","M","?","?","R","BOSS","M","?","?","M","?","M","R","M","T","?","?","M","?","?","R_BF","BOSS","M","?","M","$","M"],"items_purchased_type":["Relic","Card","Card","Relic","Card","Relic","Card","Relic"],"build_version":"2020-12-22","purchased_purges":3,"victory":false,"max_hp_per_floor":[71,71,71,71,71,71,71,71,71,71,71,71,71,71,71,71,71,71,71,71,71,35,35,35,35,35,35,35,35,35,35,35,35,35,37,37,39,39,42,42],"card_choices":[{"not_picked":["TheCursedMod:CircleOfFocus","TheCursedMod:Stretching"],"picked":"TheCursedMod:SoulCrush","floor":1},{"not_picked":["TheCursedMod:ReleasedStrength","TheCursedMod:SoulCrush"],"picked":"TheCursedMod:CursedBlade","floor":3},{"not_picked":["TheCursedMod:Stigma","TheCursedMod:CursedMace"],"picked":"TheCursedMod:CursedAmulet","floor":4},{"not_picked":["TheCursedMod:CursedAmulet","TheCursedMod:SpitefulPlan"],"picked":"TheCursedMod:AshesToAshes","floor":7},{"not_picked":["TheCursedMod:TacticalStrike","TheCursedMod:CursedStaff"],"picked":"TheCursedMod:CursedSpellbook","floor":8},{"not_picked":["TheCursedMod:SmokeScreen","TheCursedMod:Stigma"],"picked":"TheCursedMod:WearCloak","floor":11},{"not_picked":["TheCursedMod:RavingStaff","TheCursedMod:ManaBullet"],"picked":"TheCursedMod:SpitefulStrike","floor":12},{"not_picked":["TheCursedMod:SpreadPlague","TheCursedMod:Wield"],"picked":"TheCursedMod:SpitefulPray","floor":13},{"not_picked":["TheCursedMod:ParallelWorld","TheCursedMod:ShockAndAwe"],"picked":"TheCursedMod:ForbiddenAlchemy","floor":16},{"not_picked":["TheCursedMod:CircleOfAmplification","TheCursedMod:CircleOfCorruption"],"picked":"TheCursedMod:SurpriseAttack","floor":18},{"not_picked":["TheCursedMod:CursedShiv","TheCursedMod:WearCloak","TheCursedMod:OutForBlood"],"picked":"SKIP","floor":21},{"not_picked":["TheCursedMod:CursedStaff","TheCursedMod:Wield","TheCursedMod:CursedAmulet"],"picked":"SKIP","floor":23},{"not_picked":["TheCursedMod:CursedStaff","TheCursedMod:CursedAmulet"],"picked":"TheCursedMod:Wield","floor":23},{"not_picked":["TheCursedMod:FleshFromBone","TheCursedMod:CircleOfBlood"],"picked":"TheCursedMod:Grudge","floor":25},{"not_picked":["TheCursedMod:RavingStaff","TheCursedMod:CircleOfFlame","TheCursedMod:FleshFromBone"],"picked":"SKIP","floor":28},{"not_picked":["TheCursedMod:Stigma","TheCursedMod:CircleOfCorruption+1"],"picked":"TheCursedMod:SpitefulPlan+1","floor":29},{"not_picked":["TheCursedMod:ManaCirculation","TheCursedMod:ForbiddenAlchemy"],"picked":"TheCursedMod:AntiAging","floor":33},{"not_picked":["TheCursedMod:Obscuration","TheCursedMod:CursedBlade"],"picked":"TheCursedMod:RapidMovement","floor":35},{"not_picked":["TheCursedMod:Wield","TheCursedMod:CursedBlade"],"picked":"TheCursedMod:Stretching","floor":37}],"player_experience":799745,"relics_obtained":[{"floor":7,"key":"ReplayFunnel"},{"floor":9,"key":"Happy Flower"},{"floor":26,"key":"Bag of Preparation"},{"floor":31,"key":"Smiling Mask"}],"event_choices":[{"damage_healed":0,"gold_gain":0,"player_choice":"Upgraded","damage_taken":0,"max_hp_gain":0,"max_hp_loss":0,"event_name":"Upgrade Shrine","floor":5,"gold_loss":0,"cards_upgraded":["Apotheosis"]},{"cards_removed":["TheCursedMod:Strike_TheCursed"],"damage_healed":0,"gold_gain":0,"player_choice":"Card Removal","damage_taken":0,"max_hp_gain":0,"max_hp_loss":0,"event_name":"The Cleric","floor":14,"gold_loss":75},{"damage_healed":0,"gold_gain":250,"player_choice":"Bet on Owner","damage_taken":0,"max_hp_gain":0,"max_hp_loss":0,"event_name":"The Joust","floor":19,"gold_loss":50},{"damage_healed":0,"gold_gain":0,"player_choice":"Became a Ghost","damage_taken":0,"max_hp_gain":0,"max_hp_loss":36,"event_name":"Ghosts","floor":22,"gold_loss":0,"cards_obtained":["Ghostly","Ghostly","Ghostly"]},{"damage_healed":0,"gold_gain":50,"player_choice":"Stole From Cult","damage_taken":0,"max_hp_gain":0,"max_hp_loss":0,"event_name":"Nest","floor":27,"gold_loss":0},{"damage_healed":0,"gold_gain":0,"player_choice":"Ignored","damage_taken":0,"max_hp_gain":0,"max_hp_loss":0,"event_name":"Tomb of Lord Red Mask","floor":36,"gold_loss":0}],"is_beta":false,"boss_relics":[{"not_picked":["Replay:Drink Me","Sozu"],"picked":"TheCursedMod:BlackMagicAdvanced"},{"not_picked":["Replay:Bronze Core","SlaversCollar"],"picked":"Cursed Key"}],"items_purged_floors":[2,20,38],"is_endless":false,"potions_floor_spawned":[4,7,8,12,16,18,25,29,33],"killed_by":"Writhing Mass","ascension_level":17}}