{"host":"r6z36w6seh15s9tg","time":1613896627,"event":{"mods":["ATMod(∞¢Ë™Mod)","Act Like it!","Arknights","BaseMod","Gensokyo","KomeijiMod","Marisa£®ÏF”Í°°ƒß¿Ì…≥£©","Minty Spire (QoL Compilation)","Reimu£®≤©¿ˆ¡È√Œ£©","Remilia£®¿Ÿ√◊¿Ú—«£©","Spicy Shops","StSLib","The Marked","The Senshi","The Servant 0.9.4","WarShipGirlsR/’ΩΩ¢…Ÿ≈ÆR mod","Youmu£®ªÍ∆«—˝√Œ£©","Yuri Mod","°æ“≈ŒÔø®≈∆°øREMEMod"],"gold_per_floor":[111,111,91,106,125,157,157,157,157,157,187,198,214,3,3,157,157,198,226,0,0,0,52,79,132,132,220,220,269,14,51,51,208,208,228,228,285,11,11,46,73,122,149,172,175,188,45,59,59,93,93],"floor_reached":50,"language":"ZHS","playtime":6314,"items_purged":["Shame","Writhe","theSenshi:SailorKick"],"score":990,"play_id":"7a83aaeb-0234-4dbe-b99f-f9448cc5daee","local_time":"20210221163707","is_ascension_mode":false,"campfire_choices":[{"data":"AT_RealColorLess","floor":7,"key":"SMITH"},{"data":"theSenshi:JupitersPower","floor":10,"key":"SMITH"},{"data":"theSenshi:MoonCrisisMakeUp","floor":15,"key":"SMITH"},{"data":"theSenshi:SilverMoonCrystalPowerKiss","floor":32,"key":"SMITH"},{"floor":49,"key":"REST"}],"circlet_count":0,"master_deck":["theSenshi:SailorKick","theSenshi:SailorKick+1","theSenshi:SailorBlock","theSenshi:SailorBlock","theSenshi:SailorBlock+1","theSenshi:RoseThrow","theSenshi:MoonPrismPowerMakeUp","AT_RealColorLess+1","BloodyHallows+1","theSenshi:LateForSchool+1","theSenshi:SailorMercuryAssists","theSenshi:MoonTwilightFlash","theSenshi:JupitersPower+1","theSenshi:MoonCrystalPowerMakeUp","theSenshi:SailorNeptuneAssists","theSenshi:FatedKiss","theSenshi:MoonsReflection","theSenshi:MoonCrisisMakeUp+1","theSenshi:SilverMoonCrystalPowerKiss+1","theSenshi:MoonsReflection+1","Gensokyo:FourOfAKind","Gensokyo:FourOfAKind","Gensokyo:FourOfAKind","Gensokyo:FourOfAKind","theSenshi:MoonCosmicPowerMakeUp","theSenshi:UranusStrength","theSenshi:SailorCosmosAssists","theSenshi:SailorPlutoAssists","theSenshi:UranusStrength+1","Gensokyo:LifeSpringInfinity+1","theSenshi:MoonCosmicPowerMakeUp","theSenshi:SchoolBag+1","Poor:ReiMu","theSenshi:LateForSchool+1"],"relics":["theSenshi:TransformationBroochRelic","AT_ATBox","REME_ComplimentaryCards","Gensokyo:CelestialsFlawlessClothing","Darkstone Periapt","Blood Vial","Singing Bowl","REME_ArchaeologicalTools","SlaversCollar","Nunchaku","theSenshi:TransformationPenRelic","Mercury Hourglass","Calipers","AT_PhaseBoots","AT_RedTearstoneRing","yuri:PortableGlitches","Cursed Key","AT_EbonyIvory","Gensokyo:EmptyGrave","Dead Branch","MealTicket","AT_GuinsooRageblade","Toolbox"],"acts_visited":["Gensokyo:Gensokyo","Gensokyo:Gensokyoer","Gensokyo:Gensokyoest"],"potions_floor_usage":[1,13,16,23,25,33,42,45],"damage_taken":[{"damage":15,"enemies":"Gensokyo:Gryphon","floor":1,"turns":2},{"damage":6,"enemies":"Gensokyo:Python","floor":4,"turns":3},{"damage":3,"enemies":"Gensokyo:2_Kodama","floor":5,"turns":4},{"damage":6,"enemies":"Gensokyo:Cirno","floor":6,"turns":7},{"damage":8,"enemies":"Gensokyo:Mamizou","floor":11,"turns":8},{"damage":17,"enemies":"Gensokyo:CorruptedTreant","floor":12,"turns":5},{"damage":15,"enemies":"Gensokyo:3_Kodama","floor":13,"turns":8},{"damage":33,"enemies":"Gensokyo:Yukari","floor":16,"turns":3},{"damage":16,"enemies":"Gensokyo:2_Gloops","floor":18,"turns":4},{"damage":72,"enemies":"Gensokyo:3_Dogs","floor":19,"turns":8},{"damage":8,"enemies":"Gensokyo:Tenshi","floor":23,"turns":3},{"damage":25,"enemies":"Gensokyo:Slime_Group","floor":24,"turns":8},{"damage":0,"enemies":"Gensokyo:Mirror_and_Dog","floor":25,"turns":6},{"damage":28,"enemies":"Gensokyo:Reisen","floor":27,"turns":7},{"damage":17,"enemies":"Gensokyo:Koishi","floor":29,"turns":5},{"damage":38,"enemies":"Gensokyo:Reisen","floor":31,"turns":5},{"damage":22,"enemies":"Gensokyo:Kaguya","floor":33,"turns":5},{"damage":34,"enemies":"Gensokyo:3_Bats","floor":35,"turns":6},{"damage":8,"enemies":"Gensokyo:3_Bats","floor":37,"turns":4},{"damage":34,"enemies":"Gensokyo:Kasen","floor":40,"turns":3},{"damage":0,"enemies":"Gensokyo:3_Boulders","floor":41,"turns":3},{"damage":28,"enemies":"Gensokyo:4_Bats","floor":42,"turns":3},{"damage":0,"enemies":"Gensokyo:Doremy","floor":44,"turns":5},{"damage":8,"enemies":"Gensokyo:Dusk_and_Dawn","floor":45,"turns":4},{"damage":38,"enemies":"Gensokyo:Rafflesia","floor":46,"turns":3},{"damage":35,"enemies":"Gensokyo:Sharpion","floor":48,"turns":4},{"damage":175,"enemies":"Gensokyo:Scarlet_Devils","floor":50,"turns":7}],"seed_played":"-8371442209281893474","potions_obtained":[{"floor":1,"key":"Fruit Juice"},{"floor":4,"key":"Block Potion"},{"floor":13,"key":"DuplicationPotion"},{"floor":18,"key":"JyouchiReiPotion"},{"floor":24,"key":"PowerPotion"},{"floor":33,"key":"FairyPotion"},{"floor":40,"key":"REME_GoldPotion"},{"floor":41,"key":"Regen Potion"},{"floor":44,"key":"Explosive Potion"}],"is_trial":false,"path_per_floor":["M","?","?","M","M","E","R","?","T","R","E","M","M","$","R","B",null,"M","M","?","$","?","E","M","M","T","E","?","E","$","E","R","B",null,"M","?","?","$","?","E","M","M","T","E","M","M","COS","M","R","B"],"character_chosen":"THE_SENSHI","items_purchased":["REME_ArchaeologicalTools","theSenshi:MoonCrisisMakeUp","AT_RedTearstoneRing","DistilledChaos","AT_EbonyIvory"],"campfire_rested":1,"item_purchase_floors":[14,14,30,30,38],"current_hp_per_floor":[72,51,51,45,42,36,36,36,36,36,30,17,6,12,12,82,97,81,11,11,11,11,25,2,6,6,56,62,49,49,13,13,75,80,46,46,46,46,46,14,18,30,36,38,43,9,9,8,34,0,0],"gold":93,"neow_bonus":"TEN_PERCENT_HP_BONUS","is_daily":false,"chose_seed":false,"campfire_upgraded":4,"win_rate":0.0,"timestamp":1613896627,"path_taken":["M","?","?","M","M","E","R","?","T","R","E","M","M","$","R","BOSS","M","M","?","$","?","E","M","M","T","E","?","E","?","E","R","BOSS","M","?","?","$","?","E","M","M","T","E","?","M","COS","M","R","BOSS"],"items_purchased_type":["Relic","Card","Relic","Potion","Relic"],"build_version":"2020-12-22","purchased_purges":3,"victory":false,"max_hp_per_floor":[87,87,87,87,87,87,87,87,87,87,87,89,91,97,97,97,97,97,97,97,97,68,68,68,70,70,72,78,80,80,80,80,80,80,80,80,80,80,74,74,76,76,82,82,84,86,86,88,88,88,88],"card_choices":[{"not_picked":["theSenshi:SailorVenusAssists","theSenshi:MoonKick"],"picked":"theSenshi:LateForSchool","floor":1},{"not_picked":[],"picked":"theSenshi:SailorMercuryAssists","floor":3},{"not_picked":[],"picked":"theSenshi:MoonTwilightFlash","floor":3},{"not_picked":[],"picked":"theSenshi:JupitersPower","floor":3},{"not_picked":["theSenshi:MoonPrincessHalation","theSenshi:LunasBite"],"picked":"theSenshi:MoonCrystalPowerMakeUp","floor":4},{"not_picked":["theSenshi:MoonTiaraMagic","theSenshi:SchoolBag"],"picked":"theSenshi:SailorNeptuneAssists","floor":5},{"not_picked":["theSenshi:LunasBite","theSenshi:MoonKick"],"picked":"theSenshi:FatedKiss","floor":6},{"not_picked":["theSenshi:MoonHealingEscalation","theSenshi:MoonSpiralHeartAttack"],"picked":"theSenshi:MoonsReflection","floor":11},{"not_picked":["theSenshi:MoonTiaraMagic","theSenshi:LunasBite","theSenshi:NeptunesGrace"],"picked":"Singing Bowl","floor":12},{"not_picked":["theSenshi:Sidestep","theSenshi:YouCanTalk","theSenshi:MoonTiaraMagic"],"picked":"Singing Bowl","floor":13},{"not_picked":["theSenshi:SailorStarHealerAssists","theSenshi:StudyParty"],"picked":"theSenshi:SilverMoonCrystalPowerKiss","floor":16},{"not_picked":["theSenshi:SailorChibiMoonAssists","theSenshi:SailorStarMakerAssists+1"],"picked":"theSenshi:MoonsReflection+1","floor":18},{"not_picked":["theSenshi:TallSilhouette+1","theSenshi:MoonKick"],"picked":"theSenshi:CrisisMakeUp+1","floor":19},{"not_picked":["theSenshi:MoonPunch","theSenshi:SupersonicWaves"],"picked":"theSenshi:MoonCosmicPowerMakeUp","floor":23},{"not_picked":["theSenshi:MoonSpiralHeartAttack+1","theSenshi:Sidestep"],"picked":"theSenshi:UranusStrength","floor":24},{"not_picked":["theSenshi:MoonKick","theSenshi:SailorPlanetAttack","theSenshi:TallSilhouette"],"picked":"Singing Bowl","floor":25},{"not_picked":["theSenshi:SchoolBag","theSenshi:EncouragingSpeech","theSenshi:OdangoHead"],"picked":"Singing Bowl","floor":27},{"not_picked":["theSenshi:MoonKick","theSenshi:SupersonicWaves","theSenshi:SchoolBag"],"picked":"Singing Bowl","floor":29},{"not_picked":["theSenshi:RainbowMoonHeartAche","theSenshi:NeptunesGrace"],"picked":"theSenshi:SailorCosmosAssists","floor":31},{"not_picked":["theSenshi:LunaSensingAllies","theSenshi:IWillPunishYou"],"picked":"theSenshi:SailorPlutoAssists","floor":33},{"not_picked":["theSenshi:SailorVenusAssists+1","theSenshi:EncouragingSpeech"],"picked":"theSenshi:UranusStrength+1","floor":35},{"not_picked":["Gensokyo:MorningStar+1","Gensokyo:HouraiInAPot+1"],"picked":"Gensokyo:LifeSpringInfinity+1","floor":37},{"not_picked":["theSenshi:SailorPlanetPower","theSenshi:TuxedoSmokingBomber+1"],"picked":"theSenshi:MoonCosmicPowerMakeUp","floor":40},{"not_picked":["theSenshi:TuxedoSmokingBomber+1","theSenshi:EncouragingSpeech+1","theSenshi:Sidestep+1"],"picked":"Singing Bowl","floor":41},{"not_picked":["theSenshi:SailorStarMakerAssists","theSenshi:VenusGlamour"],"picked":"theSenshi:SchoolBag+1","floor":42},{"not_picked":["theSenshi:SupersonicWaves","theSenshi:InTheNickOfTime+1"],"picked":"theSenshi:LateForSchool+1","floor":44},{"not_picked":["theSenshi:SailorChibiMoonAssists","theSenshi:NeptunesGrace+1","theSenshi:StudyParty"],"picked":"Singing Bowl","floor":45},{"not_picked":["theSenshi:PlutosSolemnity+1","theSenshi:SailorMercuryAssists","theSenshi:SchoolBag+1"],"picked":"Singing Bowl","floor":46},{"not_picked":["theSenshi:InTheNickOfTime+1","theSenshi:PlutosSolemnity","theSenshi:LateForSchool"],"picked":"Singing Bowl","floor":48}],"player_experience":111236,"relics_obtained":[{"floor":6,"key":"Darkstone Periapt"},{"floor":9,"key":"Blood Vial"},{"floor":11,"key":"Singing Bowl"},{"floor":23,"key":"theSenshi:TransformationPenRelic"},{"floor":26,"key":"Mercury Hourglass"},{"floor":27,"key":"Calipers"},{"floor":29,"key":"AT_SpeedBoots"},{"floor":31,"key":"yuri:PortableGlitches"},{"floor":40,"key":"Dead Branch"},{"floor":43,"key":"MealTicket"},{"floor":44,"key":"AT_GuinsooRageblade"}],"event_choices":[],"is_beta":false,"boss_relics":[{"not_picked":["REME_DemonsWealth","REME_DuelDisc"],"picked":"SlaversCollar"},{"not_picked":["AT_MortalBlade","Black Star"],"picked":"Cursed Key"}],"items_purged_floors":[14,30,38],"is_endless":false,"potions_floor_spawned":[1,4,13,18,24,33,40,41,44],"killed_by":"Gensokyo:Scarlet_Devils","ascension_level":0}}