{"host":"218bpbmw7wi1tsbm","time":1613874491,"event":{"mods":["BaseMod","Lobotomy","LobotomyExtend","Minty Spire (QoL Compilation)","Prisma Mod","Quick Restart","Rare Cards Sparkle","StSLib"],"gold_per_floor":[116,135,310,310,310,310,310,310,387,387,416,416,416,435,435,532,532,542,467,467,164,184,184,184,219,219,245,245,280,280,298,298,395,445,445,206,206,206,220,220,270,270,270,270,270,270,270,287,287,287,287],"floor_reached":52,"language":"JPN","playtime":4294,"items_purged":[],"score":1498,"play_id":"505c0b1d-3cde-43e7-a77f-df1f418f541f","local_time":"20210221112811","daily_mods":["Shiny","Heirloom","Flight","Elite Swarm"],"is_ascension_mode":false,"campfire_choices":[{"floor":6.0,"key":"REST"},{"floor":15.0,"key":"REST"},{"data":"Adoration","floor":23.0,"key":"SMITH"},{"data":"Soda","floor":32.0,"key":"SMITH"},{"floor":40.0,"key":"REST"},{"data":"DaCapo","floor":46.0,"key":"SMITH"}],"circlet_count":0,"master_deck":["TheSmile+1","Justitia","GoldRush","CENSORED_ego","Pinks+1","DaCapo+1","Twilight+1","ParadiseLost","Adoration+1","SoundOfStar","Mimicry","InformationCode","TrainingCode","CentralCode","RedEyes","SpecialBullet","CENSORED_ego","InTheNameOfLoveAndHate","Wellcheers","TheSmile","SpecialBullet","SpecialBullet","Justitia","TheSmile","Adoration+1","SpecialBullet","SpecialBullet","DaCapo+1","DisciplinaryCode","UniverseFragment","Justitia","WelfareCode","SpecialBullet","SpecialBullet","RecordCode"],"relics":["CogitoBucket","Gambling Chip","StrikeDummy","MagicBullet_r","Moonlight_r","Ornamental Fan","War Paint","Sozu","AdjustmentMirror","Nloth\u0027s Gift","LetterFromLob","Du-Vu Doll","Thread and Needle","Akabeko","Pocketwatch","Tiny House","Heaven_r","Mummified Hand","Turnip","Frozen Egg 2","AtMidnight"],"acts_visited":["Exordium","TheCity","TheBeyond"],"potions_floor_usage":[],"damage_taken":[{"damage":2.0,"enemies":"Cultist","floor":1.0,"turns":3.0},{"damage":0.0,"enemies":"2 Louse","floor":2.0,"turns":1.0},{"damage":14.0,"enemies":"3 Sentries","floor":11.0,"turns":3.0},{"damage":0.0,"enemies":"Small Slimes","floor":14.0,"turns":1.0},{"damage":27.0,"enemies":"Hexaghost","floor":16.0,"turns":8.0},{"damage":6.0,"enemies":"3 Byrds","floor":18.0,"turns":5.0},{"damage":0.0,"enemies":"Chosen","floor":22.0,"turns":3.0},{"damage":33.0,"enemies":"Book of Stabbing","floor":25.0,"turns":6.0},{"damage":6.0,"enemies":"Slavers","floor":27.0,"turns":9.0},{"damage":0.0,"enemies":"Book of Stabbing","floor":29.0,"turns":3.0},{"damage":3.0,"enemies":"Snake Plant","floor":30.0,"turns":3.0},{"damage":0.0,"enemies":"Gremlin Leader","floor":31.0,"turns":2.0},{"damage":10.0,"enemies":"Champ","floor":33.0,"turns":16.0},{"damage":46.0,"enemies":"Orb Walker","floor":35.0,"turns":3.0},{"damage":0.0,"enemies":"Orb Walker","floor":39.0,"turns":3.0},{"damage":0.0,"enemies":"Mind Bloom Boss Battle","floor":41.0,"turns":4.0},{"damage":3.0,"enemies":"3 Shapes","floor":48.0,"turns":23.0},{"damage":36.0,"enemies":"Awakened One","floor":50.0,"turns":18.0},{"damage":55.0,"enemies":"Malkuth","floor":51.0,"turns":11.0},{"damage":24,"enemies":"Netzach","floor":52,"turns":22}],"seed_played":"5522839206235978053","potions_obtained":[{"floor":2.0,"key":"Regen Potion"},{"floor":16.0,"key":"GamblersBrew"}],"is_trial":true,"path_per_floor":["M","M","?","?","?","R","R","R","T","E","E","R","R","M","R","B",null,"M","?","?","$","M","R","R","E","T","E","R","E","M","E","R","B",null,"M","$","?","?","M","R","?","R","T","?","R","R","R","M","R","B",null,null,null],"character_chosen":"Angela","items_purchased":["Justitia","TheSmile","Mummified Hand"],"campfire_rested":3,"item_purchase_floors":[21,21,36],"current_hp_per_floor":[68,68,68,65,24,45,45,45,45,45,33,33,33,33,54,35,74,68,68,68,68,69,69,69,39,39,46,46,46,46,50,50,67,83,37,37,37,37,37,61,70,70,70,70,70,70,70,83,83,68,13],"gold":287,"neow_bonus":"","is_daily":false,"chose_seed":false,"campfire_upgraded":3,"win_rate":0.0,"timestamp":1613874491,"path_taken":["M","M","?","?","?","R","R","R","T","E","E","R","R","?","R","BOSS","M","?","?","$","M","R","R","E","T","E","R","E","?","E","R","BOSS","M","$","?","?","?","R","?","R","T","?","R","R","R","M","R","BOSS"],"items_purchased_type":["Card","Card","Relic"],"build_version":"2020-12-22","purchased_purges":0,"victory":true,"max_hp_per_floor":[70,70,70,70,70,70,70,70,70,70,70,70,70,70,70,74,74,74,74,74,74,74,74,74,74,74,74,74,74,74,78,78,78,83,83,83,83,83,83,83,83,83,83,83,83,83,83,83,83,83,83],"card_choices":[{"not_picked":["Soda"],"picked":"RedEyes","floor":1.0},{"not_picked":["BlackSwan_ego"],"picked":"Soda","floor":2.0},{"not_picked":["TheSmile"],"picked":"CENSORED_ego","floor":11.0},{"not_picked":["Regret_ego"],"picked":"InTheNameOfLoveAndHate","floor":14.0},{"not_picked":["WallGazer","BigBadWolf"],"picked":"Wellcheers","floor":16.0},{"not_picked":["Mimicry"],"picked":"TheSmile","floor":16.0},{"not_picked":["Beak","Hypocrisy"],"picked":"SKIP","floor":18.0},{"not_picked":["Gaze"],"picked":"Adoration","floor":22.0},{"not_picked":["Mimicry"],"picked":"DaCapo","floor":25.0},{"not_picked":["Mimicry","ParadiseLost"],"picked":"SKIP","floor":27.0},{"not_picked":["ParadiseLost","Pinks"],"picked":"SKIP","floor":29.0},{"not_picked":["Variant","BigBird"],"picked":"UniverseFragment","floor":31.0},{"not_picked":["ParadiseLost","Pinks"],"picked":"SKIP","floor":31.0},{"not_picked":["LifeForTheDareDevil"],"picked":"Justitia","floor":34.0},{"not_picked":["Tough+1","Horn+1"],"picked":"SKIP","floor":39.0},{"not_picked":["Regret_ego+1","CUTE"],"picked":"SKIP","floor":48.0}],"player_experience":706245,"relics_obtained":[{"floor":1.0,"key":"LetterFromLob"},{"floor":9.0,"key":"Ornamental Fan"},{"floor":11.0,"key":"War Paint"},{"floor":22.0,"key":"LetterFromLob"},{"floor":25.0,"key":"Du-Vu Doll"},{"floor":26.0,"key":"Thread and Needle"},{"floor":27.0,"key":"Akabeko"},{"floor":29.0,"key":"Pocketwatch"},{"floor":41.0,"key":"Turnip"},{"floor":43.0,"key":"Frozen Egg 2"},{"floor":48.0,"key":"AtMidnight"}],"event_choices":[{"damage_healed":0.0,"max_hp_gain":0.0,"max_hp_loss":0.0,"gold_gain":175.0,"event_name":"Liars Game","player_choice":"AGREE","floor":3.0,"gold_loss":0.0,"damage_taken":0.0,"cards_obtained":["Doubt"]},{"damage_healed":0.0,"max_hp_gain":0.0,"max_hp_loss":0.0,"gold_gain":0.0,"event_name":"Scrap Ooze","player_choice":"Success","floor":4.0,"gold_loss":0.0,"damage_taken":3.0,"relics_obtained":["StrikeDummy"]},{"cards_removed":["Doubt"],"damage_healed":0.0,"max_hp_gain":0.0,"max_hp_loss":0.0,"gold_gain":0.0,"event_name":"Beggar","player_choice":"Gave Gold","floor":19.0,"gold_loss":75.0,"damage_taken":0.0},{"damage_healed":0.0,"max_hp_gain":0.0,"max_hp_loss":0.0,"gold_gain":0.0,"event_name":"N\u0027loth","player_choice":"Traded Relic","floor":20.0,"relics_lost":["LetterFromLob"],"gold_loss":0.0,"damage_taken":0.0,"relics_obtained":["Nloth\u0027s Gift"]},{"cards_removed":["Soda"],"damage_healed":0.0,"max_hp_gain":0.0,"max_hp_loss":0.0,"gold_gain":0.0,"event_name":"Falling","player_choice":"Removed Power","floor":37.0,"gold_loss":0.0,"damage_taken":0.0},{"damage_healed":0.0,"max_hp_gain":0.0,"max_hp_loss":0.0,"gold_gain":0.0,"event_name":"SecretPortal","player_choice":"Ignored","floor":38.0,"gold_loss":0.0,"damage_taken":0.0},{"damage_healed":0.0,"max_hp_gain":0.0,"max_hp_loss":0.0,"gold_gain":0.0,"event_name":"MindBloom","player_choice":"Fight","floor":41.0,"gold_loss":0.0,"damage_taken":0.0},{"damage_healed":0.0,"max_hp_gain":0.0,"max_hp_loss":0.0,"gold_gain":0.0,"event_name":"Tomb of Lord Red Mask","player_choice":"Ignored","floor":44.0,"gold_loss":0.0,"damage_taken":0.0}],"is_beta":false,"boss_relics":[{"not_picked":["Black Star","Runic Dome"],"picked":"Sozu"},{"not_picked":["Snecko Eye","Empty Cage"],"picked":"Tiny House"}],"items_purged_floors":[],"is_endless":false,"potions_floor_spawned":[2,16,30,33],"ascension_level":0}}