{"host":"bf5upntvbdompq33","time":1613942041,"event":{"mods":["BaseMod","Bestiary","Colored Map","Colored Powertips","Curses Come First","Highlight Path","Minty Spire (QoL Compilation)","StSLib","ojb\u0027s Info Mod"],"gold_per_floor":[118,68,20,32,6,32,32,60,138,138,138,158,191,9,9,110,110,124,124,8,19,30,30,30,30],"floor_reached":24,"language":"ENG","playtime":2146,"items_purged":["Strike_B"],"score":379,"play_id":"e5ae0d10-3ead-44c5-9bf2-a770a9f7a7b5","local_time":"20210221141401","is_ascension_mode":true,"campfire_choices":[{"data":"Zap","floor":7,"key":"SMITH"},{"floor":10,"key":"REST"},{"floor":15,"key":"REST"},{"data":"Defragment","floor":23,"key":"SMITH"}],"circlet_count":0,"master_deck":["AscendersBane","Defend_B","Defend_B","Defend_B","Defend_B","Zap+1","Dualcast","Conserve Battery","Turbo","Steam Power","Sweeping Beam","Cold Snap","Glacier","Defragment+1","Blizzard","Compile Driver","Conserve Battery","Core Surge","Consume","Streamline","Auto Shields","Skim","Rebound"],"relics":["Cracked Core","NeowsBlessing","Blood Vial","Bottled Flame","The Courier","Ornamental Fan","Membership Card","Inserter","Letter Opener"],"acts_visited":["Exordium","TheCity"],"potions_floor_usage":[13,24],"damage_taken":[{"damage":0,"enemies":"2 Louse","floor":1,"turns":1},{"damage":0,"enemies":"Jaw Worm","floor":4,"turns":1},{"damage":0,"enemies":"Gremlin Nob","floor":6,"turns":1},{"damage":32,"enemies":"Lagavulin","floor":8,"turns":9},{"damage":0,"enemies":"Cultist","floor":12,"turns":3},{"damage":23,"enemies":"Gremlin Nob","floor":13,"turns":5},{"damage":33,"enemies":"The Guardian","floor":16,"turns":18},{"damage":0,"enemies":"3 Byrds","floor":18,"turns":6},{"damage":18,"enemies":"2 Thieves","floor":21,"turns":5},{"damage":14,"enemies":"Chosen and Byrds","floor":22,"turns":7},{"damage":46,"enemies":"Slavers","floor":24,"turns":5}],"seed_played":"-2623239130378528754","potions_obtained":[{"floor":1,"key":"PotionOfCapacity"},{"floor":12,"key":"Fire Potion"},{"floor":18,"key":"DistilledChaos"}],"is_trial":false,"path_per_floor":["M","?","$","M","$","E","R","E","T","R","?","M","E","$","R","B",null,"M","?","$","M","M","R","E"],"character_chosen":"DEFECT","items_purchased":["Turbo","Sweeping Beam","Membership Card","Compile Driver","Conserve Battery","Letter Opener","Skim"],"campfire_rested":2,"item_purchase_floors":[3,5,14,14,14,20,20],"current_hp_per_floor":[68,68,68,68,68,68,68,38,38,60,60,62,41,41,63,32,64,66,66,66,50,38,38,0,0],"gold":30,"neow_bonus":"THREE_ENEMY_KILL","is_daily":false,"chose_seed":false,"campfire_upgraded":2,"win_rate":0.0,"timestamp":1613942041,"path_taken":["M","?","$","M","$","E","R","E","T","R","?","M","E","?","R","BOSS","M","?","$","M","M","R","E"],"items_purchased_type":["Card","Card","Relic","Card","Card","Relic","Card"],"build_version":"2020-12-22","purchased_purges":1,"victory":false,"max_hp_per_floor":[75,75,75,75,75,75,75,75,75,75,75,75,75,75,75,75,75,75,75,75,75,75,75,75,75],"card_choices":[{"not_picked":["BootSequence","Turbo"],"picked":"Conserve Battery","floor":1},{"not_picked":["Gash","Hologram"],"picked":"Steam Power","floor":4},{"not_picked":["Sweeping Beam","Rip and Tear"],"picked":"Cold Snap","floor":6},{"not_picked":["Sweeping Beam","Coolheaded"],"picked":"Glacier","floor":8},{"not_picked":["Steam","Undo"],"picked":"Defragment","floor":12},{"not_picked":["Fission","Heatsinks"],"picked":"Blizzard","floor":13},{"not_picked":["Multi-Cast","Thunder Strike"],"picked":"Core Surge","floor":16},{"not_picked":["Blizzard","Cold Snap"],"picked":"Consume","floor":18},{"not_picked":["Recycle","Stack","Aggregate"],"picked":"SKIP","floor":21},{"not_picked":["Sweeping Beam","Compile Driver"],"picked":"Rebound","floor":22}],"player_experience":1687511,"relics_obtained":[{"floor":6,"key":"Blood Vial"},{"floor":8,"key":"Bottled Flame"},{"floor":9,"key":"The Courier"},{"floor":13,"key":"Ornamental Fan"}],"event_choices":[{"cards_removed":["Strike_B"],"damage_healed":0,"gold_gain":0,"player_choice":"Card Removal","damage_taken":0,"max_hp_gain":0,"max_hp_loss":0,"event_name":"The Cleric","floor":2,"gold_loss":50},{"damage_healed":0,"gold_gain":0,"player_choice":"Ignored","damage_taken":0,"max_hp_gain":0,"max_hp_loss":0,"event_name":"Golden Idol","floor":11,"gold_loss":0},{"damage_healed":0,"gold_gain":0,"cards_transformed":["Strike_B","Strike_B"],"player_choice":"Became Test Subject","damage_taken":0,"max_hp_gain":0,"max_hp_loss":0,"event_name":"Drug Dealer","floor":19,"gold_loss":0,"cards_obtained":["Streamline","Auto Shields"]}],"is_beta":false,"boss_relics":[{"not_picked":["Runic Pyramid","Sozu"],"picked":"Inserter"}],"items_purged_floors":[14],"is_endless":false,"potions_floor_spawned":[1,12,18],"killed_by":"Slavers","ascension_level":12}}