{"host":"hnfelxnirsihwvcb","time":1613944769,"event":{"mods":["BaseMod","Colored Map","DeckTracker","Highlight Path","Minty Spire (QoL Compilation)","Quick Restart","Relic Sorter","Relic Stats","Shop Mod","StSLib","SuperFastMode"],"gold_per_floor":[118,118,133,133,133,133,152,181,181,181,209,221,221,237,237,341,341,353,363,43,62,262,262,10,10,10,22,36,36,52,67,67,67,67],"floor_reached":33,"language":"ENG","playtime":1793,"items_purged":["Grand Finale"],"score":386,"play_id":"0b641bb1-c9f9-430a-b45e-102b95e62175","local_time":"20210221225929","is_ascension_mode":true,"campfire_choices":[{"floor":6.0,"key":"REST"},{"data":"Neutralize","floor":10.0,"key":"SMITH"},{"data":"Bouncing Flask","floor":15.0,"key":"SMITH"},{"floor":23,"key":"REST"},{"data":"Corpse Explosion","floor":25,"key":"SMITH"},{"floor":29,"key":"REST"},{"floor":32,"key":"REST"}],"circlet_count":0,"master_deck":["Survivor+1","Neutralize+1","Choke","Dash+1","Bouncing Flask+1","Backflip","PiercingWail","Infinite Blades+1","Slice","Corpse Explosion+1","Storm of Steel","Deadly Poison","Finisher","Terror","Dagger Spray","Crippling Poison","Venomology","A Thousand Cuts+1","Wraith Form v2+1","Blade Dance","Calculated Gamble","Mayhem+1","Cloak And Dagger","Deflect","Infinite Blades+1","Slice","Deflect"],"relics":["Ring of the Snake","TungstenRod","Meat on the Bone","Pantograph","Frozen Egg 2","Ornamental Fan","Pandora\u0027s Box","TwistedFunnel","Bronze Scales","White Beast Statue"],"acts_visited":["Exordium","TheCity"],"potions_floor_usage":[21,30,33,33],"damage_taken":[{"damage":3.0,"enemies":"Jaw Worm","floor":1.0,"turns":6.0},{"damage":0.0,"enemies":"Cultist","floor":3.0,"turns":4.0},{"damage":0.0,"enemies":"Small Slimes","floor":7.0,"turns":3.0},{"damage":9.0,"enemies":"Gremlin Nob","floor":8.0,"turns":4.0},{"damage":4.0,"enemies":"3 Sentries","floor":11.0,"turns":7.0},{"damage":0.0,"enemies":"Blue Slaver","floor":12.0,"turns":4.0},{"damage":0.0,"enemies":"Gremlin Gang","floor":14.0,"turns":3.0},{"damage":0.0,"enemies":"Hexaghost","floor":16.0,"turns":9.0},{"damage":0.0,"enemies":"3 Byrds","floor":18.0,"turns":3.0},{"damage":10.0,"enemies":"Spheric Guardian","floor":19.0,"turns":3.0},{"damage":11,"enemies":"Shelled Parasite and Fungi","floor":21,"turns":7},{"damage":0,"enemies":"Snake Plant","floor":27,"turns":3},{"damage":20,"enemies":"Sentry and Sphere","floor":28,"turns":4},{"damage":21,"enemies":"Shelled Parasite and Fungi","floor":30,"turns":4},{"damage":0,"enemies":"Chosen and Byrds","floor":31,"turns":3},{"damage":80,"enemies":"Champ","floor":33,"turns":8}],"seed_played":"-8978221530179787393","potions_obtained":[{"floor":1.0,"key":"DistilledChaos"},{"floor":7.0,"key":"Ancient Potion"},{"floor":13.0,"key":"SkillPotion"},{"floor":13.0,"key":"Explosive Potion"},{"floor":14.0,"key":"Dexterity Potion"},{"floor":18.0,"key":"SkillPotion"},{"floor":27,"key":"SteroidPotion"},{"floor":30,"key":"DuplicationPotion"}],"is_trial":false,"path_per_floor":["M","?","M","?","T","R","M","E","T","R","E","M","?","M","R","B",null,"M","M","$","M","?","R","$","R","T","M","M","R","M","M","R","B"],"character_chosen":"THE_SILENT","items_purchased":["TwistedFunnel","Mayhem+1","Bronze Scales","Deflect"],"campfire_rested":4,"item_purchase_floors":[20,20,24,24],"current_hp_per_floor":[60,60,60,48,48,63,63,54,54,54,50,50,50,50,50,63,63,63,53,53,42,42,60,60,60,60,60,40,58,37,37,55,0,0],"gold":67,"neow_bonus":"ONE_RARE_RELIC","is_daily":false,"chose_seed":false,"campfire_upgraded":3,"win_rate":0.0,"timestamp":1613944769,"path_taken":["M","?","?","?","?","R","M","E","T","R","E","?","?","?","R","BOSS","M","M","$","M","?","R","?","R","T","M","M","R","M","M","R","BOSS"],"items_purchased_type":["Relic","Card","Relic","Card"],"build_version":"2020-12-22","purchased_purges":1,"victory":false,"max_hp_per_floor":[63,63,63,63,63,63,63,63,63,63,63,63,63,63,63,63,63,63,63,63,63,63,63,63,63,63,63,63,63,63,63,63,63,63],"relic_stats":{"counters":[16,75],"Ornamental Fan":[104],"Pantograph":21,"Bronze Scales":[61],"Pandora\u0027s Box":["Storm of Steel","Deadly Poison","Finisher","Terror","Dagger Spray","Crippling Poison","Venomology","Grand Finale","A Thousand Cuts","Wraith Form v2"],"obtain_stats":[{"TwistedFunnel":20,"Ornamental Fan":11,"Pantograph":8,"Bronze Scales":24,"Pandora\u0027s Box":17,"Frozen Egg 2":9,"TungstenRod":0,"White Beast Statue":26,"Ring of the Snake":0,"Meat on the Bone":5},{"TwistedFunnel":10,"Ornamental Fan":5,"Pantograph":4,"Bronze Scales":11,"Pandora\u0027s Box":8,"Frozen Egg 2":4,"TungstenRod":0,"White Beast Statue":11,"Ring of the Snake":0,"Meat on the Bone":2},{"TwistedFunnel":46,"Ornamental Fan":24,"Pantograph":17,"Bronze Scales":53,"Pandora\u0027s Box":40,"Frozen Egg 2":17,"TungstenRod":0,"White Beast Statue":53,"Ring of the Snake":0,"Meat on the Bone":10}],"TungstenRod":32,"Ring of the Snake":[32],"Meat on the Bone":0},"card_choices":[{"not_picked":["Sucker Punch","Well Laid Plans"],"picked":"Choke","floor":1.0},{"not_picked":["Poisoned Stab","Dagger Throw"],"picked":"Dash","floor":3.0},{"not_picked":["Quick Slash","Choke"],"picked":"Bouncing Flask","floor":7.0},{"not_picked":["Bane","Poisoned Stab"],"picked":"Backflip","floor":8.0},{"not_picked":["Grand Finale","Skewer"],"picked":"PiercingWail","floor":11.0},{"not_picked":["Deadly Poison","Backstab"],"picked":"Infinite Blades+1","floor":12.0},{"not_picked":["Sucker Punch","Backflip"],"picked":"Slice","floor":14.0},{"not_picked":["Grand Finale","Envenom+1"],"picked":"Corpse Explosion","floor":16.0},{"not_picked":["Quick Slash","Acrobatics"],"picked":"Blade Dance","floor":18.0},{"not_picked":["Acrobatics","Backflip"],"picked":"Calculated Gamble","floor":19.0},{"not_picked":["Flying Knee","Choke+1"],"picked":"Cloak And Dagger","floor":21},{"not_picked":["Poisoned Stab","Deadly Poison"],"picked":"Infinite Blades+1","floor":27},{"not_picked":["Masterful Stab+1","Flying Knee+1","Eviscerate+1"],"picked":"SKIP","floor":28},{"not_picked":["Cloak And Dagger","Heel Hook"],"picked":"Slice","floor":30},{"not_picked":["Dagger Spray+1","Outmaneuver"],"picked":"Deflect","floor":31}],"player_experience":866520,"relics_obtained":[{"floor":5.0,"key":"Meat on the Bone"},{"floor":8.0,"key":"Pantograph"},{"floor":9.0,"key":"Frozen Egg 2"},{"floor":11.0,"key":"Ornamental Fan"},{"floor":26,"key":"White Beast Statue"}],"event_choices":[{"damage_healed":0.0,"max_hp_gain":0.0,"max_hp_loss":0.0,"gold_gain":0.0,"event_name":"Upgrade Shrine","player_choice":"Upgraded","floor":2.0,"gold_loss":0.0,"damage_taken":0.0,"cards_upgraded":["Survivor"]},{"damage_healed":0.0,"max_hp_gain":0.0,"max_hp_loss":0.0,"gold_gain":0.0,"event_name":"Shining Light","player_choice":"Entered Light","floor":4.0,"gold_loss":0.0,"damage_taken":13.0,"cards_upgraded":["Dash","Defend_G"]},{"damage_healed":0.0,"max_hp_gain":0.0,"max_hp_loss":0.0,"gold_gain":0.0,"event_name":"Lab","player_choice":"Got Potions","floor":13.0,"gold_loss":0.0,"damage_taken":0.0},{"damage_healed":0,"gold_gain":200,"player_choice":"Gold","damage_taken":0,"max_hp_gain":0,"max_hp_loss":0,"event_name":"Wheel of Change","floor":22,"gold_loss":0}],"is_beta":false,"boss_relics":[{"not_picked":["Tiny House","Runic Dome"],"picked":"Pandora\u0027s Box"}],"items_purged_floors":[24],"is_endless":false,"potions_floor_spawned":[1,7,14,18,27,28,30,31],"killed_by":"Champ","ascension_level":5}}