{"host":"aas8f8jvicx6tcxp","time":1613923868,"event":{"mods":["BaseMod","Better Third Choice","BetterRewards","Clockwork Mod","Hermit","Minty Spire (QoL Compilation)","Shop Mod","StSLib","The Construct","The Jungle"],"gold_per_floor":[114,289,304,319,19,49,49,79,79,79,109,139,151,193,205,317,329,376,388,550,577,38,68,68,98,173,203,26,56,71,71,71,171,171,186,186,236,161,197,197,197,227,227,227,257,257,287,137,137,137],"floor_reached":51,"language":"ENG","playtime":4238,"items_purged":["Doubt"],"score":939,"play_id":"d3220833-627a-4f52-a163-370f03dd0c99","local_time":"20210221101108","daily_mods":["SealedDeck","Flight","Elite Swarm"],"is_ascension_mode":false,"campfire_choices":[{"data":"Defragment","floor":7.0,"key":"SMITH"},{"floor":10.0,"key":"REST"},{"floor":13.0,"key":"REST"},{"data":"Creative AI","floor":15.0,"key":"SMITH"},{"data":"Echo Form","floor":24,"key":"SMITH"},{"floor":32,"key":"REST"},{"data":"Buffer","floor":40,"key":"SMITH"},{"data":"Core Surge","floor":44,"key":"SMITH"},{"data":"Loop","floor":49,"key":"SMITH"}],"circlet_count":0,"master_deck":["Ball Lightning","Beam Cell","Ball Lightning","Redo","Self Repair","Defragment+1","Conserve Battery","Cold Snap","Aggregate+1","Gash","Chaos","Melter","Reboot","Creative AI+1","Core Surge+1","Buffer+1","Biased Cognition","Machine Learning","Loop+1","Multi-Cast","Mayhem","Force Field+1","Gash","Echo Form+1","Fission+1","Apotheosis+1","Seek+1","Double Energy+1","Gash","Thunder Strike","CurseOfTheBell","Electrodynamics"],"relics":["Cracked Core","Toolbox","Nunchaku","Peace Pipe","Bronze Scales","Ornamental Fan","Prayer Wheel","MawBank","MealTicket","construct:ClawGrip","Toxic Egg 2","Kunai","Orichalcum","Symbiotic Virus","Eternal Feather","Bottled Lightning","Ninja Scroll","Calling Bell","Juzu Bracelet","Shuriken","StoneCalendar","CaptainsWheel","Ginger","Bottled Tornado","Darkstone Periapt","Cables","Bag of Preparation","Oddly Smooth Stone","Strange Spoon"],"acts_visited":["Exordium","Exordium","TheBeyond"],"potions_floor_usage":[25,39,50],"damage_taken":[{"damage":0.0,"enemies":"Small Slimes","floor":1.0,"turns":3.0},{"damage":0.0,"enemies":"2 Louse","floor":3.0,"turns":2.0},{"damage":0.0,"enemies":"Cultist","floor":4.0,"turns":3.0},{"damage":9.0,"enemies":"Gremlin Nob","floor":6.0,"turns":4.0},{"damage":29.0,"enemies":"Lagavulin","floor":8.0,"turns":4.0},{"damage":8.0,"enemies":"Gremlin Nob","floor":11.0,"turns":4.0},{"damage":11.0,"enemies":"Lagavulin","floor":12.0,"turns":3.0},{"damage":13.0,"enemies":"Gremlin Nob","floor":14.0,"turns":4.0},{"damage":14.0,"enemies":"The Guardian","floor":16.0,"turns":8.0},{"damage":0,"enemies":"theJungle:5_Spyders","floor":18,"turns":7},{"damage":10,"enemies":"theJungle:MUSHROOMGANG","floor":21,"turns":3},{"damage":4,"enemies":"theJungle:2_Phrogs","floor":23,"turns":7},{"damage":20,"enemies":"theJungle:Cassacara","floor":25,"turns":6},{"damage":3,"enemies":"theJungle:MamaSnecko","floor":27,"turns":7},{"damage":19,"enemies":"theJungle:Cassacara","floor":29,"turns":5},{"damage":8,"enemies":"theJungle:2_Flameangoes","floor":30,"turns":5},{"damage":19,"enemies":"JungleHuntersEvent","floor":31,"turns":3},{"damage":0,"enemies":"theJungle:QueenSpyder","floor":33,"turns":6},{"damage":1,"enemies":"Orb Walker","floor":35,"turns":2},{"damage":7,"enemies":"Mind Bloom Boss Battle","floor":37,"turns":4},{"damage":16,"enemies":"2 Orb Walkers","floor":39,"turns":3},{"damage":9,"enemies":"Giant Head","floor":42,"turns":6},{"damage":0,"enemies":"Reptomancer","floor":45,"turns":3},{"damage":37,"enemies":"Nemesis","floor":47,"turns":3},{"damage":49,"enemies":"Awakened One","floor":50,"turns":7}],"seed_played":"-7397021786818157212","potions_obtained":[{"floor":6.0,"key":"Regen Potion"},{"floor":8.0,"key":"BlessingOfTheForge"},{"floor":11.0,"key":"EssenceOfDarkness"},{"floor":14.0,"key":"FocusPotion"},{"floor":23,"key":"Regen Potion"},{"floor":31,"key":"LiquidMemories"},{"floor":35,"key":"GamblersBrew"},{"floor":45,"key":"Swift Potion"},{"floor":47,"key":"BlessingOfTheForge"}],"is_trial":false,"path_per_floor":["M","?","M","M","$","E","R","E","T","R","E","E","R","E","R","B",null,"M","?","?","M","$","E","R","E","T","E","$","E","M","?","R","B",null,"M","?","?","$","?","R","T","E","T","R","E","?","E","$","R","B",null],"character_chosen":"DEFECT","items_purchased":["Toolbox","Nunchaku","Toxic Egg 2","Mayhem","Force Field+1","Gash","Apotheosis+1","Strange Spoon"],"campfire_rested":3,"item_purchase_floors":[5,5,22,22,22,22,28,48],"current_hp_per_floor":[75,75,75,75,75,73,73,56,56,75,67,56,75,69,69,65,75,75,75,75,72,75,75,75,67,67,71,75,66,58,59,75,75,75,74,74,75,75,59,75,75,75,75,75,75,75,48,63,75,36],"gold":137,"neow_bonus":"","is_daily":true,"chose_seed":false,"campfire_upgraded":6,"win_rate":0.0,"timestamp":1613923868,"path_taken":["M","?","M","M","$","E","R","E","T","R","E","E","R","E","R","BOSS","M","?","?","M","$","E","R","E","T","E","$","E","?","?","R","BOSS","M","?","?","$","?","R","?","E","T","R","E","?","E","$","R","BOSS"],"items_purchased_type":["Relic","Relic","Relic","Card","Card","Card","Card","Relic"],"build_version":"2020-12-22","purchased_purges":1,"victory":true,"max_hp_per_floor":[75,75,75,75,75,75,75,75,75,75,75,75,75,75,75,75,75,75,75,75,75,75,75,75,75,75,75,75,75,75,75,75,75,75,75,75,75,75,75,75,75,75,75,75,75,75,75,75,75,75],"card_choices":[{"not_picked":["Skim","Barrage"],"picked":"Gash","floor":1.0},{"not_picked":["Barrage","Coolheaded"],"picked":"Chaos","floor":3.0},{"not_picked":["Stack","Hologram"],"picked":"Melter","floor":4.0},{"not_picked":["All For One","Meteor Strike"],"picked":"Reboot","floor":6.0},{"not_picked":["Amplify","Electrodynamics"],"picked":"Creative AI","floor":8.0},{"not_picked":["Thunder Strike","Meteor Strike"],"picked":"Core Surge","floor":11.0},{"not_picked":["Core Surge","Multi-Cast"],"picked":"Buffer","floor":12.0},{"not_picked":["Reboot","Buffer"],"picked":"Biased Cognition","floor":14.0},{"not_picked":["Buffer","Fission"],"picked":"Machine Learning","floor":16.0},{"not_picked":["Ball Lightning+1","Go for the Eyes+1"],"picked":"Loop","floor":18},{"not_picked":["Coolheaded","Conserve Battery","Cold Snap+1"],"picked":"SKIP","floor":18},{"not_picked":["Steam","Genetic Algorithm+1"],"picked":"Multi-Cast","floor":21},{"not_picked":["Genetic Algorithm","Sweeping Beam+1","Fusion"],"picked":"SKIP","floor":21},{"not_picked":["Creative AI","Biased Cognition"],"picked":"Echo Form","floor":23},{"not_picked":["Thunder Strike","Rainbow+1"],"picked":"Fission+1","floor":25},{"not_picked":["Creative AI","Machine Learning","Hyperbeam"],"picked":"SKIP","floor":27},{"not_picked":["Reboot+1","Rainbow+1"],"picked":"Seek+1","floor":29},{"not_picked":["Ball Lightning+1","Consume+1"],"picked":"Double Energy+1","floor":30},{"not_picked":["Recycle+1","Go for the Eyes","Consume+1"],"picked":"SKIP","floor":30},{"not_picked":["Redo+1","Reinforced Body+1"],"picked":"Gash","floor":31},{"not_picked":["Reboot+1","Amplify+1"],"picked":"Thunder Strike","floor":33},{"not_picked":["Rebound+1","Recycle+1","Genetic Algorithm+1"],"picked":"SKIP","floor":35},{"not_picked":["Go for the Eyes","Genetic Algorithm+1","Streamline+1"],"picked":"SKIP","floor":35},{"not_picked":["Biased Cognition","Echo Form"],"picked":"Electrodynamics","floor":42},{"not_picked":["Thunder Strike","Buffer","Hyperbeam"],"picked":"SKIP","floor":45},{"not_picked":["Creative AI","Hyperbeam","Meteor Strike"],"picked":"SKIP","floor":47}],"player_experience":291299,"relics_obtained":[{"floor":6.0,"key":"Peace Pipe"},{"floor":8.0,"key":"Bronze Scales"},{"floor":9.0,"key":"Ornamental Fan"},{"floor":11.0,"key":"Prayer Wheel"},{"floor":12.0,"key":"MawBank"},{"floor":14.0,"key":"MealTicket"},{"floor":23,"key":"Kunai"},{"floor":25,"key":"Orichalcum"},{"floor":26,"key":"Symbiotic Virus"},{"floor":27,"key":"Eternal Feather"},{"floor":29,"key":"Bottled Lightning"},{"floor":31,"key":"Ninja Scroll"},{"floor":34,"key":"Juzu Bracelet"},{"floor":34,"key":"Shuriken"},{"floor":34,"key":"StoneCalendar"},{"floor":37,"key":"CaptainsWheel"},{"floor":39,"key":"Ginger"},{"floor":41,"key":"Bottled Tornado"},{"floor":42,"key":"Darkstone Periapt"},{"floor":43,"key":"Cables"},{"floor":45,"key":"Bag of Preparation"},{"floor":47,"key":"Oddly Smooth Stone"}],"event_choices":[{"damage_healed":0.0,"max_hp_gain":0.0,"max_hp_loss":0.0,"gold_gain":175.0,"event_name":"betterThird:BetterSerpent","player_choice":"AGREE","floor":2.0,"gold_loss":0.0,"damage_taken":114.0},{"damage_healed":0,"gold_gain":0,"player_choice":"Upgraded","damage_taken":0,"max_hp_gain":0,"max_hp_loss":0,"event_name":"Upgrade Shrine","floor":36,"gold_loss":0,"cards_upgraded":["Aggregate"]},{"damage_healed":0,"gold_gain":0,"player_choice":"Fight","damage_taken":0,"max_hp_gain":0,"max_hp_loss":0,"event_name":"MindBloom","floor":37,"gold_loss":0},{"damage_healed":0,"gold_gain":0,"player_choice":"Fight","damage_taken":0,"max_hp_gain":0,"max_hp_loss":0,"event_name":"Mysterious Sphere","floor":39,"gold_loss":0},{"cards_removed":["Leap"],"damage_healed":0,"gold_gain":0,"player_choice":"Removed Skill","damage_taken":0,"max_hp_gain":0,"max_hp_loss":0,"event_name":"Falling","floor":46,"gold_loss":0}],"is_beta":false,"boss_relics":[{"not_picked":["Philosopher\u0027s Stone","Runic Pyramid"],"picked":"construct:ClawGrip"},{"not_picked":["Astrolabe","Nuclear Battery"],"picked":"Calling Bell"}],"items_purged_floors":[38],"is_endless":false,"potions_floor_spawned":[6,8,11,14,23,31,35,45,47],"ascension_level":0}}