{"host":"xsuxkwaivmtd234a","time":1613927088,"event":{"mods":["BaseMod","Bestiary","Colored Map","Minty Spire (QoL Compilation)","Relic Stats","StSLib"],"gold_per_floor":[369,22,22,22,33,33,46,62,131,131,156,156,185,204,204,307,307,320,332,332,431,431,459,459,471,495,495,509,539,539,553,553,656,656,667,667,285,300,312,338,338,370,393,426,426,445,459,230,230,230,230,230,6,31,31],"floor_reached":56,"language":"ENG","playtime":2866,"items_purged":["Strike_R","Strike_R+1","Bash"],"score":1940,"play_id":"35e10d6e-82ad-44e7-8662-1aa58e8bf14e","local_time":"20210221120448","is_ascension_mode":true,"campfire_choices":[{"data":"Feed","floor":6,"key":"SMITH"},{"data":"Uppercut","floor":10,"key":"SMITH"},{"data":"Carnage","floor":12,"key":"SMITH"},{"data":"Battle Trance","floor":15,"key":"SMITH"},{"data":"Limit Break","floor":24,"key":"SMITH"},{"data":"Heavy Blade","floor":27,"key":"SMITH"},{"floor":30,"key":"REST"},{"data":"Shrug It Off","floor":32,"key":"SMITH"},{"data":"Impervious","floor":41,"key":"SMITH"},{"floor":45,"key":"RECALL"},{"data":"Inflame","floor":49,"key":"SMITH"},{"floor":52,"key":"REST"}],"circlet_count":0,"master_deck":["AscendersBane","Defend_R+1","Defend_R+1","Defend_R+1","Defend_R+1","Carnage+1","Heavy Blade+1","Feed+1","Uppercut+1","Dropkick","Battle Trance+1","Shrug It Off+1","Corruption","Limit Break+1","Inflame+1","Seeing Red+1","Impervious+1","Shockwave+1","Sever Soul+1","Blood for Blood+1","Reaper","Inflame+1","Inflame+1","Pommel Strike+1","Shrug It Off+1","Apotheosis","Spot Weakness+1","Barricade","PanicButton","Headbutt","Shrug It Off"],"relics":["Burning Blood","Singing Bowl","StrikeDummy","Dream Catcher","Bronze Scales","Snecko Eye","Ginger","HornCleat","Astrolabe","Bag of Marbles","Membership Card","Toy Ornithopter","Bottled Flame","Eternal Feather","Boot","Mango","Bag of Preparation","Toolbox","Pantograph"],"acts_visited":["Exordium","TheCity","TheBeyond","TheEnding"],"potions_floor_usage":[8,11,11,16,33,42,55,55,55],"damage_taken":[{"damage":7,"enemies":"2 Louse","floor":1,"turns":4},{"damage":4,"enemies":"Cultist","floor":5,"turns":4},{"damage":7,"enemies":"Jaw Worm","floor":7,"turns":3},{"damage":12,"enemies":"Red Slaver","floor":8,"turns":5},{"damage":0,"enemies":"Gremlin Nob","floor":11,"turns":2},{"damage":35,"enemies":"Lagavulin","floor":13,"turns":5},{"damage":24,"enemies":"Exordium Thugs","floor":14,"turns":5},{"damage":26,"enemies":"Slime Boss","floor":16,"turns":9},{"damage":0,"enemies":"Spheric Guardian","floor":18,"turns":2},{"damage":0,"enemies":"Shell Parasite","floor":19,"turns":2},{"damage":26,"enemies":"Slavers","floor":23,"turns":3},{"damage":0,"enemies":"3 Cultists","floor":25,"turns":4},{"damage":12,"enemies":"Chosen and Byrds","floor":28,"turns":4},{"damage":0,"enemies":"Gremlin Leader","floor":29,"turns":5},{"damage":23,"enemies":"Centurion and Healer","floor":31,"turns":5},{"damage":20,"enemies":"Collector","floor":33,"turns":4},{"damage":6,"enemies":"3 Shapes","floor":35,"turns":4},{"damage":3,"enemies":"Orb Walker","floor":38,"turns":3},{"damage":3,"enemies":"Transient","floor":39,"turns":5},{"damage":42,"enemies":"Reptomancer","floor":40,"turns":6},{"damage":17,"enemies":"Nemesis","floor":42,"turns":5},{"damage":9,"enemies":"Giant Head","floor":44,"turns":5},{"damage":6,"enemies":"4 Shapes","floor":46,"turns":5},{"damage":7,"enemies":"Jaw Worm Horde","floor":47,"turns":4},{"damage":128,"enemies":"Donu and Deca","floor":50,"turns":9},{"damage":0,"enemies":"Shield and Spear","floor":54,"turns":4},{"damage":202,"enemies":"The Heart","floor":55,"turns":11}],"seed_played":"-3007723849611518236","potions_obtained":[{"floor":1,"key":"Block Potion"},{"floor":5,"key":"Swift Potion"},{"floor":7,"key":"SneckoOil"},{"floor":11,"key":"CultistPotion"},{"floor":18,"key":"Regen Potion"},{"floor":28,"key":"LiquidBronze"},{"floor":29,"key":"LiquidMemories"},{"floor":31,"key":"BloodPotion"},{"floor":35,"key":"Swift Potion"},{"floor":42,"key":"PowerPotion"}],"is_trial":false,"path_per_floor":["M","$","?","$","M","R","M","M","T","R","E","R","E","M","R","B",null,"M","M","?","?","?","E","R","M","T","R","M","E","R","M","R","B",null,"M","T","$","M","M","E","R","E","T","E","R","M","M","$","R","B",null,"R","$","E","B",null],"character_chosen":"IRONCLAD","items_purchased":["Singing Bowl","Heavy Blade","Membership Card","Reaper","Toy Ornithopter","Inflame","Bag of Preparation","Apotheosis","Barricade","Toolbox","PanicButton","Headbutt"],"campfire_rested":2,"item_purchase_floors":[2,2,37,37,37,37,48,48,53,53,53,53],"current_hp_per_floor":[71,71,71,71,75,75,80,80,80,80,88,88,59,45,45,25,76,88,96,96,96,96,80,80,92,92,92,90,102,123,110,110,100,123,129,129,129,136,141,120,120,140,140,161,161,163,166,166,167,105,152,167,167,171,44],"gold":31,"neow_bonus":"TWO_FIFTY_GOLD","is_daily":false,"chose_seed":false,"campfire_upgraded":9,"win_rate":0.0,"timestamp":1613927088,"path_taken":["M","$","?","$","M","R","M","M","T","R","E","R","E","M","R","BOSS","M","?","?","?","?","E","R","M","T","R","?","E","R","M","R","BOSS","M","?","?","M","?","E","R","E","T","E","R","M","M","$","R","BOSS","R","$","E","BOSS"],"items_purchased_type":["Relic","Card","Relic","Card","Relic","Card","Relic","Card","Card","Relic","Card","Card"],"build_version":"2020-12-22","purchased_purges":3,"victory":true,"max_hp_per_floor":[72,72,72,72,75,75,81,87,87,87,89,89,89,93,93,93,93,99,101,101,101,101,105,105,111,111,111,115,121,123,127,127,131,131,137,137,137,141,143,145,145,147,147,161,161,163,167,167,167,167,167,167,167,171,171],"relic_stats":{"Singing Bowl":26,"counters":[27,127],"Astrolabe":["Shockwave","Sever Soul","Blood for Blood"],"Eternal Feather":16,"Bag of Preparation":[6],"Ginger":[7],"Boot":[0],"Burning Blood":149,"Dream Catcher":2,"Bronze Scales":[363],"Pantograph":0,"Snecko Eye":[182,168,164,172],"obtain_stats":[{"Singing Bowl":2,"Astrolabe":34,"Eternal Feather":42,"Mango":44,"Bag of Preparation":48,"Ginger":23,"Boot":43,"Burning Blood":0,"Dream Catcher":11,"Bottled Flame":40,"HornCleat":29,"Bronze Scales":13,"Pantograph":54,"Snecko Eye":17,"Toolbox":53,"Bag of Marbles":36,"Membership Card":37,"StrikeDummy":9,"Toy Ornithopter":37},{"Singing Bowl":1,"Astrolabe":16,"Eternal Feather":21,"Mango":22,"Bag of Preparation":24,"Ginger":11,"Boot":21,"Burning Blood":0,"Dream Catcher":5,"Bottled Flame":20,"HornCleat":14,"Bronze Scales":6,"Pantograph":26,"Snecko Eye":8,"Toolbox":25,"Bag of Marbles":17,"Membership Card":17,"StrikeDummy":4,"Toy Ornithopter":17},{"Singing Bowl":4,"Astrolabe":66,"Eternal Feather":89,"Mango":94,"Bag of Preparation":103,"Ginger":44,"Boot":89,"Burning Blood":0,"Dream Catcher":18,"Bottled Flame":84,"HornCleat":57,"Bronze Scales":23,"Pantograph":116,"Snecko Eye":37,"Toolbox":112,"Bag of Marbles":70,"Membership Card":70,"StrikeDummy":16,"Toy Ornithopter":70}],"Toy Ornithopter":13},"card_choices":[{"not_picked":["Clash","Headbutt"],"picked":"Carnage","floor":1},{"not_picked":["Clothesline","Thunderclap"],"picked":"Dropkick","floor":5},{"not_picked":["Iron Wave","Clash","Twin Strike"],"picked":"Singing Bowl","floor":7},{"not_picked":["Twin Strike","Pummel","Flex"],"picked":"Singing Bowl","floor":8},{"not_picked":["Rage","Dropkick","Cleave"],"picked":"Singing Bowl","floor":11},{"not_picked":["Dropkick","Blood for Blood"],"picked":"Battle Trance","floor":13},{"not_picked":["Limit Break","Flex"],"picked":"Shrug It Off","floor":14},{"not_picked":["Berserk","Brutality"],"picked":"Corruption","floor":16},{"not_picked":["Infernal Blade","Thunderclap+1","Clothesline"],"picked":"Singing Bowl","floor":18},{"not_picked":["Blood for Blood","Pummel","Fire Breathing"],"picked":"Singing Bowl","floor":19},{"not_picked":["Dual Wield","Cleave"],"picked":"Limit Break","floor":23},{"not_picked":["Clash","Cleave","Havoc"],"picked":"Singing Bowl","floor":25},{"not_picked":["Clothesline+1","Sword Boomerang"],"picked":"Inflame+1","floor":28},{"not_picked":["Juggernaut","Flex","Shrug It Off"],"picked":"Singing Bowl","floor":29},{"not_picked":["Wild Strike+1","Burning Pact","Searing Blow"],"picked":"Singing Bowl","floor":30},{"not_picked":["Rage","Clash"],"picked":"Seeing Red+1","floor":31},{"not_picked":["Demon Form","Exhume"],"picked":"Impervious","floor":33},{"not_picked":["Sword Boomerang+1","Bloodletting","Havoc+1"],"picked":"Singing Bowl","floor":35},{"not_picked":["Searing Blow","Metallicize"],"picked":"Inflame+1","floor":38},{"not_picked":["Body Slam+1","Iron Wave","Pummel+1"],"picked":"Singing Bowl","floor":39},{"not_picked":["Bloodletting+1","True Grit+1","Reckless Charge+1"],"picked":"Singing Bowl","floor":40},{"not_picked":["Armaments","Berserk","Anger+1"],"picked":"Singing Bowl","floor":42},{"not_picked":["Shrug It Off","Armaments+1"],"picked":"Pommel Strike+1","floor":44},{"not_picked":["Hemokinesis","Ghostly Armor","Rage+1"],"picked":"Singing Bowl","floor":46},{"not_picked":["Perfected Strike+1","Armaments"],"picked":"Shrug It Off+1","floor":47},{"not_picked":["Clothesline","Bloodletting"],"picked":"Spot Weakness+1","floor":52},{"not_picked":["Corruption","Thunderclap"],"picked":"Shrug It Off","floor":54}],"player_experience":1330326,"relics_obtained":[{"floor":9,"key":"StrikeDummy"},{"floor":11,"key":"Dream Catcher"},{"floor":13,"key":"Bronze Scales"},{"floor":23,"key":"Ginger"},{"floor":29,"key":"HornCleat"},{"floor":36,"key":"Bag of Marbles"},{"floor":40,"key":"Bottled Flame"},{"floor":42,"key":"Eternal Feather"},{"floor":43,"key":"Boot"},{"floor":44,"key":"Mango"},{"floor":54,"key":"Pantograph"}],"event_choices":[{"damage_healed":0,"gold_gain":0,"player_choice":"2 cards matched","damage_taken":0,"max_hp_gain":0,"max_hp_loss":0,"event_name":"Match and Keep!","floor":3,"gold_loss":0,"cards_obtained":["Feed","Uppercut"]},{"damage_healed":0,"gold_gain":0,"player_choice":"Simplicity","damage_taken":0,"max_hp_gain":0,"max_hp_loss":0,"event_name":"Back to Basics","floor":20,"gold_loss":0,"cards_upgraded":["Strike_R","Strike_R","Strike_R","Strike_R","Defend_R","Defend_R","Defend_R","Defend_R"]},{"damage_healed":0,"gold_gain":99,"player_choice":"Stole From Cult","damage_taken":0,"max_hp_gain":0,"max_hp_loss":0,"event_name":"Nest","floor":21,"gold_loss":0},{"damage_healed":0,"gold_gain":0,"player_choice":"Ignored","damage_taken":0,"max_hp_gain":0,"max_hp_loss":0,"event_name":"Ghosts","floor":22,"gold_loss":0}],"is_beta":false,"boss_relics":[{"not_picked":["Runic Dome","Runic Cube"],"picked":"Snecko Eye"},{"not_picked":["Black Blood","Mark of Pain"],"picked":"Astrolabe"}],"items_purged_floors":[2,37,48],"is_endless":false,"potions_floor_spawned":[1,5,7,11,18,28,29,31,35,42,47],"ascension_level":10}}