{"host":"cfx7gfywkfguge4j","time":1613889742,"event":{"mods":["ATMod(°¢èªMod)","BaseMod","Minty Spire (QoL Compilation)","Replay The Spire","Shop Mod","StSLib","The Servant 0.9.4","[IsaacMod]ÒÔÈö¼âËþ"],"gold_per_floor":[109,123,123,123,148,191,214,253,335,134,154,104,138,153,153,277,277,290,389,389,403,52,90,108,142,142,178,203,223,254,254,254,377,394,409,7,27,50,521,521,557,557,630,648,683,696,729,1062,1062,1062,1062,1062,513,548,548,548],"floor_reached":55,"language":"ZHS","playtime":2999,"items_purged":["Strike_R","Massacre","Defend_R","Defend_R","Defend_R"],"score":1728,"play_id":"82e0eb7a-a566-4591-b7ef-4f3857271d75","local_time":"20210221144222","is_ascension_mode":true,"campfire_choices":[{"data":"AT_KingSlayer","floor":15.0,"key":"SMITH"},{"data":"Battle Trance","floor":32.0,"key":"SMITH"},{"floor":40.0,"key":"REST"},{"floor":42.0,"key":"RECALL"},{"data":"Uppercut","floor":49.0,"key":"SMITH"},{"data":"Demon Form","floor":52.0,"key":"SMITH"}],"circlet_count":0,"master_deck":["Bash","AT_KingSlayer+1","Clash","Sever Soul","Cleave","Battle Trance+1","Uppercut+1","Disarm","Reaper","Armaments+1","Headbutt+1","Reaper+1","Demon Form+1","AT_KingSlayer+1","AT_TearsDenial","Second Wind+1"],"relics":["Burning Blood","HushsDoor","AT_ATBox","GuppysTail","Nunchaku","Red Skull","Akabeko","Kunai","MerchantsRug","GnawedLeaf","Astrolabe","Paper Frog","Potion Belt","Ancient Tea Set","Turnip","Happy Flower","Gambling Chip","Charon\u0027s Ashes","Mark of Pain","DollysMirror","TungstenRod","InkBottle","AT_ArchangelStaff","AT_RedTearstoneRing","Bag of Marbles","Art of War","BFFS","AT_GuinsooRageblade","PillsDrop"],"acts_visited":["Exordium","TheCity","TheBeyond","TheEnding"],"potions_floor_usage":[55,55,55,55,55,55,55,55,55],"damage_taken":[{"damage":0.0,"enemies":"Small Slimes","floor":1.0,"turns":5.0},{"damage":12.0,"enemies":"Jaw Worm","floor":2.0,"turns":2.0},{"damage":0.0,"enemies":"2 Louse","floor":5.0,"turns":3.0},{"damage":25.0,"enemies":"Replay:BlueRogue","floor":6.0,"turns":4.0},{"damage":17.0,"enemies":"Looter","floor":7.0,"turns":3.0},{"damage":16.0,"enemies":"Gremlin Nob","floor":8.0,"turns":3.0},{"damage":2.0,"enemies":"3 Louse","floor":11.0,"turns":3.0},{"damage":29.0,"enemies":"Lagavulin","floor":13.0,"turns":5.0},{"damage":1.0,"enemies":"Exordium Wildlife","floor":14.0,"turns":3.0},{"damage":4.0,"enemies":"Hexaghost","floor":16.0,"turns":6.0},{"damage":0.0,"enemies":"Spheric Guardian","floor":18.0,"turns":1.0},{"damage":0.0,"enemies":"Shell Parasite","floor":21.0,"turns":1.0},{"damage":12.0,"enemies":"Gremlin Leader","floor":23.0,"turns":3.0},{"damage":14.0,"enemies":"Cultist and Chosen","floor":24.0,"turns":4.0},{"damage":19.0,"enemies":"Slavers","floor":25.0,"turns":4.0},{"damage":0.0,"enemies":"Replay:Snechameleon","floor":27.0,"turns":1.0},{"damage":0.0,"enemies":"Snecko","floor":28.0,"turns":1.0},{"damage":0.0,"enemies":"Snake Plant","floor":29.0,"turns":1.0},{"damage":40.0,"enemies":"Slavers","floor":30.0,"turns":4.0},{"damage":0.0,"enemies":"Pondfish","floor":33.0,"turns":3.0},{"damage":1.0,"enemies":"3 Shapes","floor":35.0,"turns":2.0},{"damage":0.0,"enemies":"Orb Walker","floor":37.0,"turns":1.0},{"damage":10.0,"enemies":"3 Darklings","floor":38.0,"turns":2.0},{"damage":9.9999999E7,"enemies":"Mind Bloom Boss Battle","floor":39.0,"turns":1.0},{"damage":0.0,"enemies":"Reptomancer","floor":41.0,"turns":1.0},{"damage":10.0,"enemies":"Jaw Worm Horde","floor":44.0,"turns":2.0},{"damage":0.0,"enemies":"R_Hoarder","floor":45.0,"turns":1.0},{"damage":0.0,"enemies":"Writhing Mass","floor":46.0,"turns":1.0},{"damage":0.0,"enemies":"Giant Head","floor":47.0,"turns":1.0},{"damage":0.0,"enemies":"Awakened One","floor":50.0,"turns":2.0},{"damage":0.0,"enemies":"Shield and Spear","floor":54.0,"turns":1.0},{"damage":124,"enemies":"Delirium","floor":55,"turns":56}],"seed_played":"8767218977666577495","potions_obtained":[{"floor":5.0,"key":"EssenceOfSteel"},{"floor":6.0,"key":"SkillPotion"},{"floor":7.0,"key":"Cursed Concoction"},{"floor":11.0,"key":"SpeedPotion"},{"floor":16.0,"key":"Explosive Potion"},{"floor":21.0,"key":"Adrenaline Potion"},{"floor":23.0,"key":"Fire Potion"},{"floor":25.0,"key":"Block Potion"},{"floor":27.0,"key":"GamblersBrew"},{"floor":28.0,"key":"BloodPotion"},{"floor":30.0,"key":"DistilledChaos"},{"floor":38.0,"key":"Ancient Potion"},{"floor":39.0,"key":"ElixirPotion"},{"floor":39.0,"key":"Flashbang"}],"is_trial":false,"path_per_floor":["M","M","?","?","M","E","M","E","T","$","M","?","E","M","R","B",null,"M","?","?","M","$","E","M","E","T","E","M","M","E","T","R","B",null,"M","$","M","M","?","R","E","R","T","M","E","M","E","?","R","B",null,"R","$","E","B"],"character_chosen":"IRONCLAD","items_purchased":["MerchantsRug","Paper Frog","EntropicBrew","Demon Form","DollysMirror","AT_TearsDenial","BFFS","AT_GuinsooRageblade"],"campfire_rested":1,"item_purchase_floors":[10,22,34,34,36,36,53,53],"current_hp_per_floor":[80,74,71,71,74,55,44,34,34,34,38,38,15,20,20,22,74,74,74,74,74,74,68,65,54,54,60,66,72,52,52,52,59,61,61,61,61,57,15,33,39,39,39,38,44,50,56,56,56,61,61,61,61,61,0,0],"gold":548,"neow_bonus":"TRANSFORM_CARD","is_daily":false,"chose_seed":false,"campfire_upgraded":4,"win_rate":0.0,"timestamp":1613889742,"path_taken":["M","M","?","?","M","E","M","E","T","$","M","?","E","M","R","BOSS","M","?","?","M","$","E","M","E","T","E","M","?","E","?","R","BOSS","M","$","?","M","?","R","E","R","T","M","E","M","E","?","R","BOSS","R","$","E","BOSS"],"items_purchased_type":["Relic","Relic","Potion","Card","Relic","Card","Relic","Relic"],"build_version":"2020-12-22","purchased_purges":5,"victory":false,"max_hp_per_floor":[80,80,80,74,74,74,74,74,74,74,74,74,74,74,74,74,74,74,74,74,74,74,74,74,74,74,74,74,74,74,74,74,74,61,61,61,61,61,61,61,61,61,61,61,61,61,61,61,61,61,61,61,61,61,61,61],"card_choices":[{"not_picked":[],"picked":"SuicideKing","floor":0.0},{"not_picked":["Clash","ReplayTheSpireMod:Strike From Hell","Body Slam"],"picked":"SKIP","floor":1.0},{"not_picked":["ReplayTheSpireMod:Strike From Hell","Body Slam"],"picked":"Clash","floor":1.0},{"not_picked":["Combust","Brutality","AT_IchimonjiDouble"],"picked":"SKIP","floor":2.0},{"not_picked":["Clash","Combust"],"picked":"Sever Soul","floor":5.0},{"not_picked":["AT_IchimonjiDouble","Rupture"],"picked":"Cleave","floor":6.0},{"not_picked":["Replay:Undeath\u0027s Touch","AT_CaressingTears","Armaments"],"picked":"SKIP","floor":7.0},{"not_picked":["Wild Strike","Immolate"],"picked":"Battle Trance","floor":8.0},{"not_picked":["Body Slam","Searing Blow"],"picked":"Uppercut","floor":11.0},{"not_picked":["Twin Strike","Havoc"],"picked":"Disarm","floor":13.0},{"not_picked":["Twin Strike","Run Through","Anger"],"picked":"SKIP","floor":14.0},{"not_picked":["Berserk","Demon Form"],"picked":"Reaper","floor":16.0},{"not_picked":["Abandon","Twin Strike+1","Anger"],"picked":"SKIP","floor":18.0},{"not_picked":["Perfected Strike+1","Warcry","Replay:Undeath\u0027s Touch"],"picked":"SKIP","floor":21.0},{"not_picked":["AT_BodySlamDance","Heavy Blade","Perfected Strike"],"picked":"SKIP","floor":23.0},{"not_picked":["Replay:Undeath\u0027s Touch+1","Barricade","Sword Boomerang+1"],"picked":"SKIP","floor":24.0},{"not_picked":["Fire Breathing","Warcry","Body Slam"],"picked":"SKIP","floor":25.0},{"not_picked":["Pommel Strike+1","Dual Wield+1","Heavy Blade+1"],"picked":"SKIP","floor":27.0},{"not_picked":["Warcry","Body Slam+1","AT_BodySlamDance"],"picked":"SKIP","floor":28.0},{"not_picked":["AT_Dispersion","Intimidate","AT_IchimonjiDouble+1"],"picked":"SKIP","floor":29.0},{"not_picked":["Reckless Charge","Abandon","Warcry"],"picked":"SKIP","floor":30.0},{"not_picked":["Perfected Strike","Rupture","Replay:Undeath\u0027s Touch+1"],"picked":"SKIP","floor":35.0},{"not_picked":["Clothesline+1","Cleave+1"],"picked":"Second Wind+1","floor":37.0},{"not_picked":["Spot Weakness","Headbutt","Body Slam+1"],"picked":"SKIP","floor":38.0},{"not_picked":["Run Through+1","AT_ManFootWork+1","Havoc+1"],"picked":"SKIP","floor":41.0},{"not_picked":["Havoc","Fire Breathing","Inflame"],"picked":"SKIP","floor":44.0},{"not_picked":["Feel No Pain+1","True Grit","Demonic Infusion"],"picked":"SKIP","floor":45.0},{"not_picked":["Power Through+1","AT_BodySlamDance+1","Defy Death+1"],"picked":"SKIP","floor":46.0},{"not_picked":["Body Slam","Thunderclap","Armaments"],"picked":"SKIP","floor":47.0},{"not_picked":["Body Slam","Thunderclap","Armaments"],"picked":"SKIP","floor":47.0},{"not_picked":["AT_IchimonjiDouble+1","Wild Strike","Flex"],"picked":"SKIP","floor":54.0}],"player_experience":108652,"relics_obtained":[{"floor":6.0,"key":"Red Skull"},{"floor":8.0,"key":"Akabeko"},{"floor":9.0,"key":"Kunai"},{"floor":13.0,"key":"GnawedLeaf"},{"floor":23.0,"key":"Potion Belt"},{"floor":25.0,"key":"Ancient Tea Set"},{"floor":26.0,"key":"Turnip"},{"floor":27.0,"key":"Happy Flower"},{"floor":30.0,"key":"Gambling Chip"},{"floor":31.0,"key":"Charon\u0027s Ashes"},{"floor":39.0,"key":"TungstenRod"},{"floor":39.0,"key":"InkBottle"},{"floor":39.0,"key":"AT_ArchangelStaff"},{"floor":41.0,"key":"AT_RedTearstoneRing"},{"floor":45.0,"key":"Bag of Marbles"},{"floor":47.0,"key":"Art of War"},{"floor":54.0,"key":"PillsDrop"}],"event_choices":[{"damage_healed":0.0,"max_hp_gain":0.0,"max_hp_loss":0.0,"gold_gain":0.0,"event_name":"Scrap Ooze","player_choice":"Success","floor":3.0,"gold_loss":0.0,"damage_taken":3.0,"relics_obtained":["Nunchaku"]},{"damage_healed":0.0,"max_hp_gain":0.0,"max_hp_loss":6.0,"gold_gain":0.0,"event_name":"Golden Idol","player_choice":"Lose Max HP","floor":4.0,"gold_loss":0.0,"damage_taken":0.0,"relics_obtained":["Golden Idol"]},{"cards_removed":["Strike_R"],"damage_healed":0.0,"max_hp_gain":0.0,"max_hp_loss":0.0,"gold_gain":0.0,"event_name":"The Cleric","player_choice":"Card Removal","floor":12.0,"gold_loss":50.0,"damage_taken":0.0},{"damage_healed":0.0,"max_hp_gain":0.0,"max_hp_loss":0.0,"gold_gain":99.0,"event_name":"Nest","player_choice":"Stole From Cult","floor":19.0,"gold_loss":0.0,"damage_taken":0.0},{"damage_healed":0.0,"max_hp_gain":0.0,"max_hp_loss":0.0,"gold_gain":0.0,"event_name":"Ghosts","player_choice":"Ignored","floor":20.0,"gold_loss":0.0,"damage_taken":0.0},{"damage_healed":0.0,"max_hp_gain":0.0,"max_hp_loss":0.0,"gold_gain":0.0,"event_name":"MindBloom","player_choice":"Fight","floor":39.0,"gold_loss":0.0,"damage_taken":0.0},{"damage_healed":0.0,"max_hp_gain":0.0,"max_hp_loss":0.0,"gold_gain":333.0,"event_name":"The Moai Head","player_choice":"Gave Idol","floor":48.0,"relics_lost":["Golden Idol"],"gold_loss":0.0,"damage_taken":0.0}],"is_beta":false,"boss_relics":[{"not_picked":["Replay:Drink Me","Snecko Eye"],"picked":"Astrolabe"},{"not_picked":[]},{"not_picked":["Replay:Grab Bag","Velvet Choker"],"picked":"Mark of Pain"},{"not_picked":[]}],"items_purged_floors":[10,22,34,36,53],"is_endless":false,"potions_floor_spawned":[5,6,7,11,16,21,23,25,27,28,30,38,41,44,45,46],"killed_by":"Delirium","ascension_level":4}}