{"host":"5n1fl7z5i1vf7jan","time":1613906307,"event":{"mods":["BaseMod","Minty Spire (QoL Compilation)","Quick Restart","Relic Stats"],"gold_per_floor":[210,222,233,508,8,40,40,66,92,123,123,156,166,91,91,162,162,182,132,152,164,24,59,76,76,76,109,109,109,11,30,30,106,106,117,117,137,137,150,185,201,201,201,226,226,245,245,23,23,23,23],"floor_reached":50,"language":"ENG","playtime":2213,"items_purged":["Regret","Strike_B","Pain"],"score":1251,"play_id":"ed6625c4-1e44-4d55-a431-644c572938c7","local_time":"20210221031827","is_ascension_mode":true,"campfire_choices":[{"floor":11.0,"key":"REST"},{"data":"Beam Cell","floor":15.0,"key":"SMITH"},{"data":"Sunder","floor":25.0,"key":"SMITH"},{"floor":28.0,"key":"REST"},{"data":"Defragment","floor":32.0,"key":"SMITH"},{"floor":42.0,"key":"REST"},{"data":"1","floor":45.0,"key":"LIFT"},{"floor":47,"key":"REST"},{"floor":49,"key":"RECALL"}],"circlet_count":0,"master_deck":["AscendersBane","Strike_B","Defend_B","Defend_B","Defend_B","Defend_B","Zap","Dualcast","Go for the Eyes+1","Beam Cell+1","FTL","All For One","Streamline","Conserve Battery","Chill","BootSequence","Reinforced Body+1","Consume+1","Sunder+1","All For One","Doom and Gloom","Defragment+1","Reboot","CurseOfTheBell","Go for the Eyes+1","Cold Snap","Rebound+1","Cold Snap","Steam","Reinforced Body"],"relics":["Cracked Core","Bag of Preparation","HandDrill","Potion Belt","Bag of Marbles","Vajra","MealTicket","InkBottle","Cursed Key","Bird Faced Urn","Tiny Chest","Calling Bell","Nunchaku","Question Card","Turnip","Bronze Scales","Girya"],"acts_visited":["Exordium","TheCity","TheBeyond"],"potions_floor_usage":[50],"damage_taken":[{"damage":1.0,"enemies":"2 Louse","floor":1.0,"turns":2.0},{"damage":1.0,"enemies":"Cultist","floor":2.0,"turns":3.0},{"damage":8.0,"enemies":"Small Slimes","floor":3.0,"turns":3.0},{"damage":15.0,"enemies":"Lagavulin","floor":6.0,"turns":5.0},{"damage":8.0,"enemies":"Gremlin Nob","floor":8.0,"turns":3.0},{"damage":10.0,"enemies":"Lagavulin","floor":10.0,"turns":3.0},{"damage":6.0,"enemies":"Gremlin Nob","floor":12.0,"turns":3.0},{"damage":0.0,"enemies":"Gremlin Gang","floor":13.0,"turns":3.0},{"damage":0.0,"enemies":"Slime Boss","floor":16.0,"turns":4.0},{"damage":9.0,"enemies":"Spheric Guardian","floor":18.0,"turns":4.0},{"damage":10.0,"enemies":"3 Byrds","floor":20.0,"turns":4.0},{"damage":0.0,"enemies":"3 Cultists","floor":21.0,"turns":5.0},{"damage":8.0,"enemies":"Book of Stabbing","floor":23.0,"turns":4.0},{"damage":11.0,"enemies":"Snake Plant","floor":24.0,"turns":3.0},{"damage":19.0,"enemies":"Gremlin Leader","floor":27.0,"turns":4.0},{"damage":5.0,"enemies":"Cultist and Chosen","floor":31.0,"turns":7.0},{"damage":32.0,"enemies":"Champ","floor":33.0,"turns":17.0},{"damage":0.0,"enemies":"Orb Walker","floor":35.0,"turns":2.0},{"damage":10.0,"enemies":"3 Darklings","floor":37.0,"turns":3.0},{"damage":26.0,"enemies":"Jaw Worm Horde","floor":39.0,"turns":4.0},{"damage":8.0,"enemies":"Reptomancer","floor":40.0,"turns":9.0},{"damage":15.0,"enemies":"Maw","floor":41.0,"turns":9.0},{"damage":5.0,"enemies":"Mind Bloom Boss Battle","floor":44.0,"turns":7.0},{"damage":6,"enemies":"3 Darklings","floor":46,"turns":3},{"damage":59,"enemies":"Donu and Deca","floor":50,"turns":9}],"seed_played":"-4447309512568173408","potions_obtained":[{"floor":8.0,"key":"SneckoOil"},{"floor":12.0,"key":"SteroidPotion"},{"floor":13.0,"key":"Energy Potion"},{"floor":16.0,"key":"Explosive Potion"},{"floor":23.0,"key":"Weak Potion"},{"floor":24.0,"key":"AttackPotion"},{"floor":27.0,"key":"Swift Potion"},{"floor":33.0,"key":"SneckoOil"},{"floor":37.0,"key":"EssenceOfSteel"},{"floor":39.0,"key":"SteroidPotion"},{"floor":41.0,"key":"Strength Potion"}],"is_trial":false,"path_per_floor":["M","M","M","?","$","E","$","E","T","E","R","E","M","?","R","B",null,"M","?","M","M","$","E","M","R","T","E","R","?","$","M","R","B",null,"M","?","M","T","M","E","M","R","T","?","R","M","R","$","R","B"],"character_chosen":"DEFECT","items_purchased":["Bag of Preparation","HandDrill","FTL","Sunder","Doom and Gloom","Swift Potion","PowerPotion","Reinforced Body"],"campfire_rested":4,"item_purchase_floors":[5,5,5,22,30,30,48,48],"current_hp_per_floor":[63,62,54,54,54,39,39,31,31,21,42,36,36,36,36,36,62,53,53,43,43,58,50,39,39,39,20,41,41,56,51,51,21,59,59,59,51,51,27,21,8,29,29,24,24,18,39,54,54,0,0],"gold":23,"neow_bonus":"HUNDRED_GOLD","is_daily":false,"chose_seed":false,"campfire_upgraded":3,"win_rate":0.0,"timestamp":1613906307,"path_taken":["M","M","M","?","$","E","?","E","T","E","R","E","M","?","R","BOSS","M","?","M","?","$","E","M","R","T","E","R","?","?","M","R","BOSS","M","?","M","?","M","E","?","R","T","?","R","M","R","$","R","BOSS"],"items_purchased_type":["Relic","Relic","Card","Card","Card","Potion","Potion","Card"],"build_version":"2020-12-22","purchased_purges":3,"victory":false,"max_hp_per_floor":[71,71,71,71,71,71,71,71,71,71,71,71,71,71,71,71,71,71,71,71,71,71,71,71,71,71,71,71,71,71,71,71,71,71,71,71,71,71,71,71,71,71,71,71,71,71,71,71,71,71,71],"relic_stats":{"counters":[25,123],"Bag of Preparation":[44],"Cursed Key":1,"Question Card":7,"Nunchaku":[14],"Bird Faced Urn":[14],"Bronze Scales":[57],"MealTicket":45,"Tiny Chest":1,"Turnip":[9],"HandDrill":[54],"obtain_stats":[{"Potion Belt":6,"Girya":44,"Vajra":9,"Bag of Preparation":5,"Cursed Key":17,"Question Card":34,"Calling Bell":34,"Nunchaku":34,"Bird Faced Urn":23,"Bronze Scales":40,"MealTicket":10,"Tiny Chest":27,"Turnip":34,"HandDrill":5,"Bag of Marbles":8,"Cracked Core":0,"InkBottle":12},{"Potion Belt":4,"Girya":23,"Vajra":5,"Bag of Preparation":3,"Cursed Key":9,"Question Card":17,"Calling Bell":17,"Nunchaku":17,"Bird Faced Urn":13,"Bronze Scales":21,"MealTicket":6,"Tiny Chest":15,"Turnip":17,"HandDrill":3,"Bag of Marbles":5,"Cracked Core":0,"InkBottle":7},{"Potion Belt":13,"Girya":111,"Vajra":16,"Bag of Preparation":8,"Cursed Key":29,"Question Card":77,"Calling Bell":77,"Nunchaku":77,"Bird Faced Urn":46,"Bronze Scales":95,"MealTicket":19,"Tiny Chest":53,"Turnip":77,"HandDrill":8,"Bag of Marbles":16,"Cracked Core":0,"InkBottle":22}],"InkBottle":[41]},"card_choices":[{"not_picked":["Hologram","BootSequence"],"picked":"Ball Lightning","floor":1.0},{"not_picked":["Conserve Battery","Double Energy"],"picked":"Go for the Eyes","floor":2.0},{"not_picked":["Static Discharge","Go for the Eyes"],"picked":"Beam Cell","floor":3.0},{"not_picked":["Force Field","Stack"],"picked":"All For One","floor":6.0},{"not_picked":["Force Field","Loop"],"picked":"Streamline","floor":8.0},{"not_picked":["Stack","Ball Lightning"],"picked":"Conserve Battery","floor":10.0},{"not_picked":["Beam Cell","Blizzard","Hologram"],"picked":"SKIP","floor":12.0},{"not_picked":["Streamline","Compile Driver"],"picked":"Chill","floor":13.0},{"not_picked":["Rebound","Sweeping Beam"],"picked":"BootSequence","floor":18.0},{"not_picked":["Conserve Battery","Sweeping Beam"],"picked":"Reinforced Body+1","floor":20.0},{"not_picked":["Reinforced Body","Coolheaded"],"picked":"Consume+1","floor":21.0},{"not_picked":["Leap","Steam"],"picked":"All For One","floor":23.0},{"not_picked":["Heatsinks","Chaos","Hello World"],"picked":"SKIP","floor":24.0},{"not_picked":["Force Field","Chill","Multi-Cast"],"picked":"SKIP","floor":27.0},{"not_picked":["Stack","Steam Power"],"picked":"Defragment","floor":31.0},{"not_picked":["Buffer","Multi-Cast"],"picked":"Reboot","floor":33.0},{"not_picked":["Beam Cell","Stack","Ball Lightning","Conserve Battery"],"picked":"SKIP","floor":35.0},{"not_picked":["Rainbow","Loop","Barrage+1"],"picked":"Go for the Eyes+1","floor":37.0},{"not_picked":["Hologram","Rebound","Go for the Eyes"],"picked":"Cold Snap","floor":39.0},{"not_picked":["Redo+1","Scrape+1","Sweeping Beam"],"picked":"Rebound+1","floor":40.0},{"not_picked":["Rebound+1","Multi-Cast","Cold Snap","Ball Lightning"],"picked":"SKIP","floor":41.0},{"not_picked":["Rebound+1","Multi-Cast","Ball Lightning"],"picked":"Cold Snap","floor":41.0},{"not_picked":["Rip and Tear","Coolheaded","Double Energy"],"picked":"Steam","floor":44.0},{"not_picked":["Storm+1","Genetic Algorithm","Sweeping Beam","Redo+1"],"picked":"SKIP","floor":46}],"player_experience":374001,"relics_obtained":[{"floor":6.0,"key":"Potion Belt"},{"floor":8.0,"key":"Bag of Marbles"},{"floor":9.0,"key":"Vajra"},{"floor":10.0,"key":"MealTicket"},{"floor":12.0,"key":"InkBottle"},{"floor":23.0,"key":"Bird Faced Urn"},{"floor":27.0,"key":"Tiny Chest"},{"floor":34.0,"key":"Nunchaku"},{"floor":34.0,"key":"Question Card"},{"floor":34.0,"key":"Turnip"},{"floor":40.0,"key":"Bronze Scales"},{"floor":44.0,"key":"Girya"}],"event_choices":[{"damage_healed":0.0,"max_hp_gain":0.0,"max_hp_loss":0.0,"gold_gain":275.0,"event_name":"Golden Shrine","player_choice":"Desecrate","floor":4.0,"gold_loss":0.0,"damage_taken":0.0,"cards_obtained":["Regret"]},{"cards_removed":["Strike_B"],"damage_healed":0.0,"max_hp_gain":0.0,"max_hp_loss":0.0,"gold_gain":0.0,"event_name":"The Cleric","player_choice":"Card Removal","floor":14.0,"gold_loss":75.0,"damage_taken":0.0},{"damage_healed":0.0,"max_hp_gain":0.0,"max_hp_loss":0.0,"gold_gain":0.0,"event_name":"Designer","player_choice":"Upgrade","floor":19.0,"gold_loss":50.0,"damage_taken":0.0,"cards_upgraded":["Go for the Eyes"]},{"cards_removed":["Strike_B"],"damage_healed":0.0,"max_hp_gain":0.0,"max_hp_loss":0.0,"gold_gain":0.0,"event_name":"Back to Basics","player_choice":"Elegance","floor":29.0,"gold_loss":0.0,"damage_taken":0.0},{"cards_removed":["Ball Lightning"],"damage_healed":0.0,"max_hp_gain":0.0,"max_hp_loss":0.0,"gold_gain":0.0,"event_name":"Falling","player_choice":"Removed Attack","floor":36.0,"gold_loss":0.0,"damage_taken":0.0},{"damage_healed":0.0,"max_hp_gain":0.0,"max_hp_loss":0.0,"gold_gain":0.0,"event_name":"MindBloom","player_choice":"Fight","floor":44.0,"gold_loss":0.0,"damage_taken":0.0}],"is_beta":false,"boss_relics":[{"not_picked":["Velvet Choker","Runic Pyramid"],"picked":"Cursed Key"},{"not_picked":["Tiny House","SlaversCollar"],"picked":"Calling Bell"}],"items_purged_floors":[5,22,48],"is_endless":false,"potions_floor_spawned":[8,12,13,16,23,24,27,33,37,39,41],"killed_by":"Donu and Deca","ascension_level":20}}