{"host":"l15sdf2mmi0nobpi","time":1613886297,"event":{"mods":["BaseMod","Highlight Path","Minty Spire (QoL Compilation)","MostiFishMod","Quick Restart","StSLib","¡¾¹¦ÄÜMod¡¿Neow½±Àø"],"gold_per_floor":[363,75,88,88,106,139,154,187,212,230,230,257,157,177,177,251,251,264,264,264,264,264,299,299,332,378,378,412,429,461,475,475,549,549,565,565,277,277,326,357,357,386,421,453,498,524,114,142,142,142,142,142,142,64,97,97],"floor_reached":57,"language":"ZHS","playtime":1590,"items_purged":["Clumsy","Strike_R","Bash","Strike_R+1"],"score":3803,"play_id":"5d0ee7b0-c103-4b3d-b626-ecccb87f74e0","local_time":"20210221134457","is_ascension_mode":true,"campfire_choices":[{"data":"Sword Boomerang","floor":11.0,"key":"SMITH"},{"data":"Bloodletting","floor":15.0,"key":"SMITH"},{"data":"Corruption","floor":24,"key":"SMITH"},{"data":"MostiFishMod:RacingGame","floor":32,"key":"SMITH"},{"floor":41,"key":"RECALL"},{"data":"Entrench","floor":49,"key":"SMITH"},{"data":"Dark Embrace","floor":53,"key":"SMITH"}],"circlet_count":0,"master_deck":["AscendersBane","Defend_R","Defend_R+1","Defend_R+1","Defend_R","Carnage+1","Sword Boomerang+1","Burning Pact","Feel No Pain","Power Through","Bloodletting+1","Second Wind","Shockwave","Corruption+1","Disarm+1","Shrug It Off+1","Dark Embrace+1","Sword Boomerang","MostiFishMod:RacingGame+1","Battle Trance","MostiFishMod:CullingBlade","Pommel Strike","Barricade","Entrench+1","Evolve","Brutality+1","Feel No Pain+1"],"relics":["Burning Blood","DaveBox","PatriotShield","SynthV:TestCard","Civilization","Juzu Bracelet","Potion Belt","War Paint","Cursed Key","Nilry\u0027s Codex","Pen Nib","Whetstone","Omamori","Centennial Puzzle","Pantograph","FeatherPendant","Dodecahedron","Pocketwatch","Prayer Wheel","MawBank","Nunchaku","Toy Ornithopter","Frozen Egg 2","Toxic Egg 2","Bronze Scales"],"acts_visited":["Exordium","TheCity","TheBeyond","TheEnding"],"potions_floor_usage":[56,56,56],"damage_taken":[{"damage":0.0,"enemies":"2 Louse","floor":1.0,"turns":2.0},{"damage":0.0,"enemies":"Jaw Worm","floor":3.0,"turns":1.0},{"damage":0.0,"enemies":"Small Slimes","floor":5.0,"turns":1.0},{"damage":0.0,"enemies":"Gremlin Nob","floor":6.0,"turns":2.0},{"damage":0.0,"enemies":"Looter","floor":7.0,"turns":1.0},{"damage":0.0,"enemies":"3 Sentries","floor":8.0,"turns":3.0},{"damage":0.0,"enemies":"2 Fungi Beasts","floor":10.0,"turns":2.0},{"damage":0.0,"enemies":"Gremlin Nob","floor":12.0,"turns":1.0},{"damage":0.0,"enemies":"Large Slime","floor":14.0,"turns":1.0},{"damage":3.0,"enemies":"Slime Boss","floor":16.0,"turns":2.0},{"damage":0.0,"enemies":"Spheric Guardian","floor":18.0,"turns":1.0},{"damage":0,"enemies":"Book of Stabbing","floor":23,"turns":2},{"damage":0,"enemies":"Gremlin Leader","floor":25,"turns":3},{"damage":3,"enemies":"Book of Stabbing","floor":28,"turns":3},{"damage":3,"enemies":"3 Byrds","floor":29,"turns":3},{"damage":0,"enemies":"Gremlin Leader","floor":30,"turns":1},{"damage":3,"enemies":"Sentry and Sphere","floor":31,"turns":2},{"damage":3,"enemies":"Automaton","floor":33,"turns":3},{"damage":6,"enemies":"3 Shapes","floor":35,"turns":1},{"damage":0,"enemies":"2 Orb Walkers","floor":39,"turns":1},{"damage":6,"enemies":"Reptomancer","floor":40,"turns":1},{"damage":0,"enemies":"Nemesis","floor":42,"turns":3},{"damage":0,"enemies":"Orb Walker","floor":44,"turns":1},{"damage":0,"enemies":"Giant Head","floor":45,"turns":3},{"damage":0,"enemies":"Spire Growth","floor":46,"turns":2},{"damage":5,"enemies":"Nemesis","floor":48,"turns":3},{"damage":25,"enemies":"Time Eater","floor":50,"turns":5},{"damage":59,"enemies":"Awakened One","floor":51,"turns":4},{"damage":6,"enemies":"Shield and Spear","floor":55,"turns":3},{"damage":36,"enemies":"The Heart","floor":56,"turns":5}],"seed_played":"4441627488360831667","potions_obtained":[{"floor":3.0,"key":"PowerPotion"},{"floor":5.0,"key":"ColorlessPotion"},{"floor":8.0,"key":"Fire Potion"},{"floor":12.0,"key":"AttackPotion"},{"floor":45,"key":"Swift Potion"}],"is_trial":false,"path_per_floor":["M","$","M","?","M","E","M","E","T","M","R","E","$","M","R","B",null,"M","?","?","?","?","E","R","E","T","?","E","M","E","M","R","B",null,"M","?","$","?","?","E","R","E","T","M","E","M","$","E","R","B","B",null,"R","$","E","B",null],"character_chosen":"IRONCLAD","items_purchased":["Civilization","Sword Boomerang","Dodecahedron","Frozen Egg 2","Feel No Pain+1"],"campfire_rested":0,"item_purchase_floors":[2,2,37,47,54],"current_hp_per_floor":[74,74,76,76,79,83,88,93,93,98,98,103,103,108,108,113,113,118,97,97,97,97,108,108,119,119,119,127,135,143,148,148,153,153,158,150,150,150,155,160,160,165,165,170,175,180,180,185,185,171,142,182,182,182,187,175],"gold":97,"neow_bonus":"TWO_FIFTY_GOLD","is_daily":false,"chose_seed":false,"campfire_upgraded":6,"win_rate":0.0,"timestamp":1613886297,"path_taken":["M","$","M","?","M","E","M","E","T","M","R","E","$","M","R","BOSS","M","?","?","?","?","E","R","E","T","?","E","M","E","M","R","BOSS","M","?","$","?","?","E","R","E","T","M","E","M","$","E","R","BOSS","BOSS","R","$","E","BOSS"],"items_purchased_type":["Relic","Card","Relic","Relic","Card"],"build_version":"2020-12-22","purchased_purges":4,"victory":true,"max_hp_per_floor":[75,75,76,76,79,83,88,93,93,98,98,103,103,108,108,113,113,118,118,118,118,118,123,123,128,128,128,133,138,143,148,148,153,153,158,150,150,150,155,160,160,165,165,170,175,180,180,185,185,190,195,195,195,195,200,205],"card_choices":[{"not_picked":["Clothesline","Headbutt"],"picked":"Carnage","floor":1.0},{"not_picked":["Metallicize","True Grit","Sword Boomerang","Shrug It Off"],"picked":"Burning Pact","floor":3.0},{"not_picked":["Rampage","MostiFishMod:#F4004","Sword Boomerang","Sentinel","Reckless Charge"],"picked":"SKIP","floor":5.0},{"not_picked":["Burning Pact","Headbutt","Dark Embrace","Iron Wave","Havoc"],"picked":"SKIP","floor":6.0},{"not_picked":["Body Slam","Flame Barrier","Rupture","Perfected Strike"],"picked":"Feel No Pain","floor":7.0},{"not_picked":["Body Slam","Twin Strike","Thunderclap","Headbutt"],"picked":"Power Through","floor":8.0},{"not_picked":["MostiFishMod:BrandingRite","Hemokinesis","Rage","Barricade"],"picked":"Bloodletting","floor":10.0},{"not_picked":["Pummel","Carnage","Heavy Blade","Anger"],"picked":"Second Wind","floor":12.0},{"not_picked":["True Grit","Metallicize","Flex","Sword Boomerang"],"picked":"Shockwave","floor":14.0},{"not_picked":["Bludgeon","MostiFishMod:NewArrival","MostiFishMod:DarkDeal","MostiFishMod:KnuckleDown"],"picked":"Corruption","floor":16.0},{"not_picked":["Clothesline","Sword Boomerang","Fire Breathing","Shrug It Off"],"picked":"Disarm+1","floor":18.0},{"not_picked":["Thunderclap","Body Slam","Infernal Blade+1","Cleave+1"],"picked":"Shrug It Off+1","floor":23},{"not_picked":["Shrug It Off","Bloodletting","Metallicize","Hemokinesis"],"picked":"Dark Embrace","floor":25},{"not_picked":["Clash","Rage","Searing Blow","Rampage"],"picked":"MostiFishMod:RacingGame","floor":28},{"not_picked":["Flex","Flame Barrier","Anger","Headbutt","Sword Boomerang+1"],"picked":"SKIP","floor":29},{"not_picked":["Sever Soul","Hemokinesis","Entrench","MostiFishMod:BrandingRite"],"picked":"Battle Trance","floor":30},{"not_picked":["Shrug It Off+1","Sword Boomerang","Burning Pact","Armaments","Heavy Blade"],"picked":"SKIP","floor":31},{"not_picked":["MostiFishMod:FireWorks","Juggernaut","MostiFishMod:PerfectStrikeMKII","Double Tap"],"picked":"MostiFishMod:CullingBlade","floor":33},{"not_picked":["Dropkick+1","Cleave+1","Power Through","Body Slam"],"picked":"Pommel Strike","floor":35},{"not_picked":["Rampage","Warcry","Headbutt","Sword Boomerang","Flame Barrier+1"],"picked":"SKIP","floor":40},{"not_picked":["Heavy Blade","Carnage","Second Wind","Headbutt","Shockwave"],"picked":"SKIP","floor":42},{"not_picked":["Entrench","Searing Blow","Pommel Strike","Feel No Pain"],"picked":"Barricade","floor":44},{"not_picked":["Infernal Blade","Perfected Strike","Twin Strike","Wild Strike"],"picked":"Entrench","floor":44},{"not_picked":["Power Through","Pommel Strike","Headbutt","Iron Wave+1","Sword Boomerang+1"],"picked":"SKIP","floor":45},{"not_picked":["Anger","Cleave","Clash+1","Headbutt","Armaments"],"picked":"SKIP","floor":46},{"not_picked":["Bloodletting","Havoc","Intimidate+1","Evolve","Shrug It Off"],"picked":"SKIP","floor":46},{"not_picked":["Bloodletting","Havoc","Intimidate+1","Shrug It Off"],"picked":"Evolve","floor":46},{"not_picked":["Anger","Cleave","Clash+1","Headbutt","Armaments"],"picked":"SKIP","floor":46},{"not_picked":["Thunderclap","Rupture+1","Pummel+1","Clothesline+1"],"picked":"Brutality+1","floor":48},{"not_picked":["Dark Embrace+1","Rampage","Pummel+1","Wild Strike","Barricade+1"],"picked":"SKIP","floor":55}],"player_experience":563524,"relics_obtained":[{"floor":1.0,"key":"SynthV:TestCard"},{"floor":6.0,"key":"Juzu Bracelet"},{"floor":8.0,"key":"Potion Belt"},{"floor":12.0,"key":"War Paint"},{"floor":19.0,"key":"Nilry\u0027s Codex"},{"floor":23,"key":"Pen Nib"},{"floor":25,"key":"Whetstone"},{"floor":26,"key":"Omamori"},{"floor":28,"key":"Centennial Puzzle"},{"floor":30,"key":"Pantograph"},{"floor":39,"key":"Pocketwatch"},{"floor":40,"key":"Prayer Wheel"},{"floor":42,"key":"MawBank"},{"floor":43,"key":"Nunchaku"},{"floor":45,"key":"Toy Ornithopter"},{"floor":48,"key":"Toxic Egg 2"},{"floor":55,"key":"Bronze Scales"}],"event_choices":[{"cards_removed":["Strike_R"],"damage_healed":0.0,"max_hp_gain":0.0,"max_hp_loss":0.0,"gold_gain":0.0,"event_name":"Living Wall","player_choice":"Forget","floor":4.0,"gold_loss":0.0,"damage_taken":0.0},{"damage_healed":0.0,"max_hp_gain":0.0,"max_hp_loss":0.0,"gold_gain":0.0,"event_name":"Cursed Tome","player_choice":"Obtained Book","floor":19.0,"gold_loss":0.0,"damage_taken":21.0},{"cards_removed":["Strike_R"],"damage_healed":0.0,"max_hp_gain":0.0,"max_hp_loss":0.0,"gold_gain":0.0,"event_name":"Purifier","player_choice":"Purged","floor":20.0,"gold_loss":0.0,"damage_taken":0.0},{"damage_healed":0.0,"max_hp_gain":0.0,"max_hp_loss":0.0,"gold_gain":0.0,"event_name":"The Library","player_choice":"Read","floor":21.0,"gold_loss":0.0,"damage_taken":0.0,"cards_obtained":["Rage"]},{"damage_healed":0,"gold_gain":0,"player_choice":"Ignored","damage_taken":0,"max_hp_gain":0,"max_hp_loss":0,"event_name":"The Mausoleum","floor":22,"gold_loss":0},{"damage_healed":0,"gold_gain":0,"cards_transformed":["Strike_R","Normality"],"player_choice":"Became Test Subject","damage_taken":0,"max_hp_gain":0,"max_hp_loss":0,"event_name":"Drug Dealer","floor":27,"gold_loss":0,"cards_obtained":["Sword Boomerang","Pain"]},{"damage_healed":0,"gold_gain":0,"player_choice":"Max HP","damage_taken":0,"max_hp_gain":0,"max_hp_loss":8,"event_name":"Winding Halls","floor":36,"gold_loss":0},{"cards_removed":["Rage"],"damage_healed":0,"gold_gain":0,"player_choice":"Removed Skill","damage_taken":0,"max_hp_gain":0,"max_hp_loss":0,"event_name":"Falling","floor":38,"gold_loss":0},{"damage_healed":0,"gold_gain":0,"player_choice":"Fight","damage_taken":0,"max_hp_gain":0,"max_hp_loss":0,"event_name":"Mysterious Sphere","floor":39,"gold_loss":0}],"is_beta":false,"boss_relics":[{"not_picked":["Astrolabe","Busted Crown"],"picked":"Cursed Key"},{"not_picked":["Pandora\u0027s Box","RhineSuit"],"picked":"FeatherPendant"}],"items_purged_floors":[2,13,37,47],"is_endless":false,"potions_floor_spawned":[3,5,8,12,14,18,28,30,33,39,44,45,55],"ascension_level":20}}