{"host":"d54lcqy5t45er8jx","time":1613924836,"event":{"mods":["2.2 Compatiblity","AchievementEnabler","BaseMod","CapriCore","Colored Powertips","DeckTracker","Defuse TimeMaze Blight","Hermit","Highlight Path","Hubris","Infinite Spire","Marisa£¨Ùöéë¡¡Øª×âÞÞ£©","Minty Spire (QoL Compilation)","Permanent Neow","Quick Restart","Rare Cards Sparkle","Relic Stats","Remilia£¨?Ú·×é?£©","StSLib","The Animator","The Cursed","The Immortal","The Servant 0.9.4","WarShipGirlsR/??á´Ò³R mod","Yakumo Yukari mod"],"gold_per_floor":[15,27,27,27,127,152,163,174,174,199,215,215,250,425,425,530,530,568,582,492,98,111,111,137,157,228,260,280,297,331,346,346,441,441,453,466,0,15,30,64,64,98,98,98,98,98,124,144,144,144],"floor_reached":51,"language":"ENG","playtime":3958,"items_purged":["Defend_RM","Strike_RM"],"score":1239,"play_id":"902372a1-2f86-4c62-a7a0-5a1508161556","local_time":"20210222012716","is_ascension_mode":true,"campfire_choices":[{"data":"ScarletCoffin","floor":15.0,"key":"SMITH"},{"data":"BloodyHallows","floor":23,"key":"SMITH"},{"data":"EternalNight","floor":32,"key":"SMITH"},{"data":"BloodHunter","floor":44,"key":"SMITH"},{"data":"CeilingFear","floor":46,"key":"SMITH"},{"data":"NightDance","floor":49,"key":"SMITH"}],"circlet_count":0,"master_deck":["Strike_RM","Strike_RM+1","Defend_RM+1","Defend_RM+1","RedMoon+1","ScarletShoot","ScarletSymphony","ScarletCoffin+1","NightLord","DiffusionOfMisfortune","NightDance","BombardNight","BloodyHallows+1","Ultimatum+1","ReincarnationDial+1","Discovery","NightDance+1","VampireKiss+1","EternalNight+1","NightDance+1","BloodHunter+1","EquivalentExchange+1","NightDance","CeilingFear+1","EmergencyRegeneration+1"],"relics":["ScarletHat","Gambling Chip","Frozen Egg 2","RedBat","Darkstone Periapt","CaptainsWheel","Anchor","Ornamental Fan","Coffee Dripper","Membership Card","FairyMaid","hubris:SphereOfDissonance","Omamori","White Beast Statue","ScarletDevilRocket","Blood Vial","infinitespire:FocusingShard","hubris:HollowSoul","Red Mask","hubris:BundleOfHerbs","hubris:MobiusCoin","hubris:Towel","infinitespire:Beetle Shell","infinitespire:EmpoweringShard","Singing Bowl","Empty Cage","hubris:CuriousFeather","CeramicFish"],"acts_visited":["Exordium","TheCity","TheBeyond"],"potions_floor_usage":[29,31,31,39,50,50],"damage_taken":[{"damage":0.0,"enemies":"Cultist","floor":1.0,"turns":3.0},{"damage":0.0,"enemies":"2 Louse","floor":2.0,"turns":1.0},{"damage":6.0,"enemies":"3 Sentries","floor":6.0,"turns":5.0},{"damage":6.0,"enemies":"Small Slimes","floor":7.0,"turns":2.0},{"damage":4.0,"enemies":"Blue Slaver","floor":8.0,"turns":5.0},{"damage":13.0,"enemies":"Lagavulin","floor":10.0,"turns":8.0},{"damage":0.0,"enemies":"3 Louse","floor":11.0,"turns":4.0},{"damage":0.0,"enemies":"3 Sentries","floor":13.0,"turns":4.0},{"damage":0.0,"enemies":"Slime Boss","floor":16.0,"turns":8.0},{"damage":18.0,"enemies":"Shell Parasite","floor":18.0,"turns":1.0},{"damage":8.0,"enemies":"Spheric Guardian","floor":19.0,"turns":1.0},{"damage":0,"enemies":"Snecko","floor":22,"turns":3},{"damage":62,"enemies":"Book of Stabbing","floor":24,"turns":5},{"damage":12,"enemies":"Shelled Parasite and Fungi","floor":25,"turns":3},{"damage":8,"enemies":"Slavers","floor":27,"turns":2},{"damage":47,"enemies":"Centurion and Healer","floor":28,"turns":2},{"damage":33,"enemies":"Snake Plant","floor":29,"turns":6},{"damage":8,"enemies":"Book of Stabbing","floor":30,"turns":2},{"damage":8,"enemies":"Cultist and Chosen","floor":31,"turns":2},{"damage":9,"enemies":"Collector","floor":33,"turns":4},{"damage":29,"enemies":"3 Darklings","floor":35,"turns":4},{"damage":0,"enemies":"3 Shapes","floor":36,"turns":1},{"damage":40,"enemies":"Sphere and 2 Shapes","floor":38,"turns":4},{"damage":0,"enemies":"Writhing Mass","floor":39,"turns":2},{"damage":16,"enemies":"Giant Head","floor":40,"turns":4},{"damage":8,"enemies":"Reptomancer","floor":42,"turns":2},{"damage":8,"enemies":"Giant Head","floor":47,"turns":4},{"damage":19,"enemies":"4 Shapes","floor":48,"turns":2},{"damage":48,"enemies":"Awakened One","floor":50,"turns":4}],"seed_played":"3508607152111980139","potions_obtained":[{"floor":6.0,"key":"Ancient Potion"},{"floor":7.0,"key":"Ancient Potion"},{"floor":8.0,"key":"Block Potion"},{"floor":10.0,"key":"Weak Potion"},{"floor":10.0,"key":"BlessingOfTheForge"},{"floor":16.0,"key":"GamblersBrew"},{"floor":16.0,"key":"CultistPotion"},{"floor":28,"key":"Energy Potion"},{"floor":29,"key":"Fruit Juice"},{"floor":30,"key":"Swift Potion"},{"floor":31,"key":"Block Potion"},{"floor":33,"key":"Weak Potion"},{"floor":38,"key":"LiquidMemories"},{"floor":39,"key":"AttackPotion"},{"floor":48,"key":"AttackPotion"}],"is_trial":false,"path_per_floor":["M","M","?","$","?","E","M","M","T","E","M","?","E","?","R","B",null,"M","M","?","$","M","R","E","M","T","E","M","M","E","M","R","B",null,"M","M","?","M","M","E","?","E","T","R","AVR","R","E","M","R","B",null],"character_chosen":"REMILIA","items_purchased":["Membership Card","FairyMaid","Discovery"],"campfire_rested":0,"item_purchase_floors":[21,21,21],"current_hp_per_floor":[75,75,63,63,63,57,52,55,55,50,53,53,53,59,59,68,81,63,55,55,55,60,60,53,58,58,61,54,29,35,43,43,81,86,79,84,84,55,75,89,89,89,89,89,89,89,91,85,85,93],"gold":144,"neow_bonus":"ONE_RARE_RELIC","is_daily":false,"chose_seed":false,"campfire_upgraded":6,"win_rate":0.0,"timestamp":1613924836,"path_taken":["M","M","?","$","?","E","M","?","T","E","M","?","E","?","R","BOSS","M","M","?","$","M","R","E","?","T","E","M","?","E","M","R","BOSS","M","M","?","M","M","E","?","E","T","R","AVR","R","E","M","R","BOSS"],"items_purchased_type":["Relic","Relic","Card"],"build_version":"2020-12-22","purchased_purges":2,"victory":true,"max_hp_per_floor":[75,75,75,75,75,75,75,75,75,75,75,75,75,81,81,81,81,81,81,81,81,81,81,81,81,81,81,81,86,86,86,86,86,86,86,86,86,86,86,89,89,89,89,89,89,89,91,93,93,93],"relic_stats":{"Darkstone Periapt":6,"Blood Vial":14,"Singing Bowl":4,"counters":[29,98],"Ornamental Fan":[152],"Gambling Chip":[92],"CeramicFish":0,"obtain_stats":[{"Darkstone Periapt":9,"ScarletDevilRocket":27,"Singing Bowl":45,"CeramicFish":48,"FairyMaid":21,"Empty Cage":45,"ScarletHat":0,"RedBat":6,"Blood Vial":30,"Gambling Chip":0,"hubris:CuriousFeather":47,"Red Mask":37,"hubris:MobiusCoin":40,"hubris:SphereOfDissonance":24,"infinitespire:FocusingShard":31,"hubris:HollowSoul":34,"infinitespire:Beetle Shell":42,"Omamori":24,"Frozen Egg 2":3,"hubris:Towel":41,"White Beast Statue":26,"CaptainsWheel":10,"Anchor":11,"Ornamental Fan":13,"hubris:BundleOfHerbs":38,"Coffee Dripper":17,"infinitespire:EmpoweringShard":43,"Membership Card":21},{"Darkstone Periapt":5,"ScarletDevilRocket":15,"Singing Bowl":26,"CeramicFish":28,"FairyMaid":11,"Empty Cage":26,"ScarletHat":0,"RedBat":3,"Blood Vial":18,"Gambling Chip":0,"hubris:CuriousFeather":27,"Red Mask":22,"hubris:MobiusCoin":25,"hubris:SphereOfDissonance":13,"infinitespire:FocusingShard":19,"hubris:HollowSoul":20,"infinitespire:Beetle Shell":26,"Omamori":13,"Frozen Egg 2":2,"hubris:Towel":25,"White Beast Statue":14,"CaptainsWheel":6,"Anchor":7,"Ornamental Fan":8,"hubris:BundleOfHerbs":23,"Coffee Dripper":9,"infinitespire:EmpoweringShard":26,"Membership Card":11},{"Darkstone Periapt":16,"ScarletDevilRocket":55,"Singing Bowl":88,"CeramicFish":94,"FairyMaid":42,"Empty Cage":88,"ScarletHat":0,"RedBat":9,"Blood Vial":65,"Gambling Chip":0,"hubris:CuriousFeather":92,"Red Mask":76,"hubris:MobiusCoin":86,"hubris:SphereOfDissonance":50,"infinitespire:FocusingShard":67,"hubris:HollowSoul":71,"infinitespire:Beetle Shell":88,"Omamori":50,"Frozen Egg 2":4,"hubris:Towel":86,"White Beast Statue":53,"CaptainsWheel":24,"Anchor":28,"Ornamental Fan":32,"hubris:BundleOfHerbs":80,"Coffee Dripper":40,"infinitespire:EmpoweringShard":88,"Membership Card":42}]},"card_choices":[{"not_picked":["FavorOfDestiny","UnderTheZenith"],"picked":"ChainGang","floor":1.0},{"not_picked":["ScarletDevil","StarOfDavid"],"picked":"ScarletSymphony","floor":2.0},{"not_picked":["ScarletDevil","ScarletGensokyo"],"picked":"ScarletCoffin","floor":6.0},{"not_picked":["VampireFantasy","ScarletDevil"],"picked":"NightLord","floor":7.0},{"not_picked":["TwelveNightmare+1","RedMagic"],"picked":"DiffusionOfMisfortune","floor":8.0},{"not_picked":["AfternoonTea","BlasphemousPunishment"],"picked":"NightDance","floor":10.0},{"not_picked":["HunterOfTheNight","FavorOfDestiny","ScarletDevil"],"picked":"SKIP","floor":11.0},{"not_picked":["NightLord","GlobalNightmare"],"picked":"BombardNight","floor":13.0},{"not_picked":["BloodyCatastrophe","HellCatastrophe"],"picked":"BloodyHallows","floor":16.0},{"not_picked":["MiserableFate","BlasphemousPunishment+1"],"picked":"Ultimatum+1","floor":18.0},{"not_picked":["RedRainbow","DiffusionOfMisfortune"],"picked":"ReincarnationDial+1","floor":19.0},{"not_picked":["BombardNight+1","BadLadyScramble","ChaoticDestiny"],"picked":"SKIP","floor":22},{"not_picked":["NightLord+1","RedRainbow","ScarletDevilSign"],"picked":"SKIP","floor":22},{"not_picked":["Ultimatum","DiffusionOfMisfortune+1"],"picked":"NightDance","floor":24},{"not_picked":["ScarletDevilSign","ChainGang","ScarletNetherworld+1"],"picked":"SKIP","floor":25},{"not_picked":["ScarletDream","DiffusionOfMisfortune"],"picked":"VampireKiss+1","floor":27},{"not_picked":["ScarletDevil","UnstableMagic","ScarletImprint"],"picked":"SKIP","floor":27},{"not_picked":["SuperhumanBloodyKnife+1","BlasphemousPunishment"],"picked":"EternalNight","floor":28},{"not_picked":["Septette+1","Stigmanizer","ScarletImprint+1"],"picked":"SKIP","floor":29},{"not_picked":["EndlessAdversity","CharismaGuard+1"],"picked":"NightDance+1","floor":30},{"not_picked":["FavorOfDestiny","ScarletImprint"],"picked":"BloodHunter","floor":31},{"not_picked":["CeilingFear","ChaoticDestiny"],"picked":"EquivalentExchange+1","floor":33},{"not_picked":["Stigmanizer+1","ForbiddenFruit+1","BloodyTrap+1"],"picked":"SKIP","floor":35},{"not_picked":["UnstableMagic","FavorOfDestiny"],"picked":"NightDance","floor":36},{"not_picked":["RedRainbow+1","Stigmanizer+1","VampireKiss+1"],"picked":"SKIP","floor":38},{"not_picked":["FavorOfDestiny+1","ScarletDevilSign+1"],"picked":"CeilingFear","floor":39},{"not_picked":["BlasphemousPunishment+1","VampireKiss","StarOfDavid+1"],"picked":"SKIP","floor":39},{"not_picked":["RedRainbow+1","HunterOfTheNight"],"picked":"EmergencyRegeneration+1","floor":40},{"not_picked":["StarOfDavid","UnderTheZenith+1","ScarletDevilSign"],"picked":"SKIP","floor":42},{"not_picked":["RedRainbow+1","FavorOfDestiny","TwelveNightmare+1"],"picked":"Singing Bowl","floor":47},{"not_picked":["MastersStateliness+1","VampireKiss","ScarletDevil"],"picked":"Singing Bowl","floor":48}],"player_experience":1066120,"relics_obtained":[{"floor":6.0,"key":"RedBat"},{"floor":9.0,"key":"Darkstone Periapt"},{"floor":10.0,"key":"CaptainsWheel"},{"floor":11.0,"key":"Anchor"},{"floor":13.0,"key":"Ornamental Fan"},{"floor":24,"key":"hubris:SphereOfDissonance"},{"floor":24,"key":"Omamori"},{"floor":26,"key":"White Beast Statue"},{"floor":27,"key":"ScarletDevilRocket"},{"floor":30,"key":"Blood Vial"},{"floor":31,"key":"infinitespire:FocusingShard"},{"floor":38,"key":"hubris:BundleOfHerbs"},{"floor":40,"key":"hubris:MobiusCoin"},{"floor":42,"key":"infinitespire:Beetle Shell"},{"floor":43,"key":"infinitespire:EmpoweringShard"},{"floor":47,"key":"hubris:CuriousFeather"},{"floor":48,"key":"CeramicFish"}],"event_choices":[{"damage_healed":0.0,"max_hp_gain":0.0,"max_hp_loss":0.0,"gold_gain":0.0,"event_name":"Scrap Ooze","player_choice":"Success","floor":3.0,"gold_loss":0.0,"damage_taken":12.0,"relics_obtained":["Frozen Egg 2"]},{"damage_healed":0.0,"max_hp_gain":0.0,"max_hp_loss":0.0,"gold_gain":100.0,"event_name":"Golden Shrine","player_choice":"Pray","floor":5.0,"gold_loss":0.0,"damage_taken":0.0},{"cards_removed":["Defend_RM"],"damage_healed":0.0,"max_hp_gain":0.0,"max_hp_loss":0.0,"gold_gain":0.0,"event_name":"Living Wall","player_choice":"Forget","floor":12.0,"gold_loss":0.0,"damage_taken":0.0},{"damage_healed":0.0,"max_hp_gain":0.0,"max_hp_loss":0.0,"gold_gain":175.0,"event_name":"Liars Game","player_choice":"AGREE","floor":14.0,"gold_loss":0.0,"damage_taken":0.0,"cards_obtained":["Doubt"]},{"cards_removed":["Doubt"],"damage_healed":0,"gold_gain":0,"player_choice":"Upgrade and Remove","damage_taken":0,"max_hp_gain":0,"max_hp_loss":0,"event_name":"Designer","floor":20,"gold_loss":90,"cards_upgraded":["Defend_RM"]},{"damage_healed":0,"gold_gain":0,"player_choice":"Paid","damage_taken":0,"relics_obtained":["Red Mask"],"max_hp_gain":0,"max_hp_loss":0,"event_name":"Tomb of Lord Red Mask","floor":37,"gold_loss":466}],"is_beta":false,"boss_relics":[{"not_picked":["Calling Bell","SacredBark"],"picked":"Coffee Dripper"},{"not_picked":["Busted Crown","Snecko Eye"],"picked":"hubris:HollowSoul"}],"items_purged_floors":[21,45],"is_endless":false,"potions_floor_spawned":[6,7,8,10,16,22,25,27,28,29,30,31,33,35,36,38,39,40,42,47,48],"ascension_level":3}}