{"host":"pfy6u49v5s5r680p","time":1613886307,"event":{"mods":["BaseMod","Colored Map","DeckTracker","Highlight Path","Keyboard Shortcuts","Minty Spire (QoL Compilation)","Permanent Neow","Quick Restart","StSLib","SuperFastMode","everything is the same but u backflip on backflip"],"gold_per_floor":[14,14,14,34,48,48,64,64,64,64,82,82,101,101,101,101,101],"floor_reached":16,"language":"KOR","playtime":240,"items_purged":[],"score":149,"play_id":"975fe7d4-e2b7-486a-9e86-4b79d209a933","local_time":"20210221144507","is_ascension_mode":true,"campfire_choices":[{"floor":6,"key":"DIG"},{"data":"Sunder","floor":8,"key":"SMITH"},{"floor":10,"key":"DIG"},{"floor":15,"key":"DIG"}],"circlet_count":0,"master_deck":["Strike_B","Strike_B","Strike_B","Strike_B","Defend_B","Defend_B","Defend_B","Defend_B","Zap","Dualcast","Redo","Compile Driver","Sunder+1"],"relics":["Cracked Core","Shovel","Golden Idol","Gremlin Horn","Singing Bowl","Unceasing Top","Ornamental Fan"],"acts_visited":["Exordium"],"potions_floor_usage":[16,16],"damage_taken":[{"damage":0.0,"enemies":"Cultist","floor":1.0,"turns":3.0},{"damage":1.0,"enemies":"2 Louse","floor":4.0,"turns":2.0},{"damage":1.0,"enemies":"Jaw Worm","floor":5.0,"turns":3.0},{"damage":9,"enemies":"2 Fungi Beasts","floor":7,"turns":4},{"damage":9,"enemies":"Blue Slaver","floor":11,"turns":3},{"damage":10,"enemies":"Looter","floor":13,"turns":2}],"seed_played":"-7497711896227290013","potions_obtained":[{"floor":4.0,"key":"FearPotion"},{"floor":11,"key":"LiquidBronze"},{"floor":13,"key":"FocusPotion"}],"is_trial":false,"path_per_floor":["M","$","?","M","M","R","M","R","T","R","M","?","M","?","R","B"],"character_chosen":"DEFECT","items_purchased":[],"campfire_rested":0,"item_purchase_floors":[],"current_hp_per_floor":[75,75,69,68,67,67,58,58,58,58,51,56,48,48,48,0,0],"gold":101,"neow_bonus":"ONE_RARE_RELIC","is_daily":false,"chose_seed":false,"campfire_upgraded":1,"win_rate":0.0,"timestamp":1613886307,"path_taken":["M","$","?","M","M","R","M","R","T","R","M","?","M","?","R","BOSS"],"items_purchased_type":[],"build_version":"2020-12-22","purchased_purges":0,"victory":false,"max_hp_per_floor":[75,75,69,69,69,69,69,69,69,69,71,76,78,78,78,78,78],"card_choices":[{"not_picked":["Streamline","Beam Cell","Barrage"],"picked":"SKIP","floor":1.0},{"not_picked":["Sweeping Beam","Leap"],"picked":"Redo","floor":4.0},{"not_picked":["Reprogram","Doom and Gloom"],"picked":"Compile Driver","floor":5.0},{"not_picked":["Double Energy","Consume"],"picked":"Sunder","floor":7},{"not_picked":["Rip and Tear","Streamline","Gash"],"picked":"Singing Bowl","floor":11},{"not_picked":["Double Energy","Ball Lightning","Storm"],"picked":"Singing Bowl","floor":13}],"player_experience":177236,"relics_obtained":[{"floor":6,"key":"Gremlin Horn"},{"floor":9,"key":"Singing Bowl"},{"floor":10,"key":"Unceasing Top"},{"floor":15,"key":"Ornamental Fan"}],"event_choices":[{"damage_healed":0.0,"max_hp_gain":0.0,"max_hp_loss":6.0,"gold_gain":0.0,"event_name":"Golden Idol","player_choice":"Lose Max HP","floor":3.0,"gold_loss":0.0,"damage_taken":0.0,"relics_obtained":["Golden Idol"]},{"damage_healed":0,"gold_gain":0,"player_choice":"Donut","damage_taken":0,"max_hp_gain":5,"max_hp_loss":0,"event_name":"Big Fish","floor":12,"gold_loss":0},{"damage_healed":0,"gold_gain":0,"player_choice":"Ignored","damage_taken":0,"max_hp_gain":0,"max_hp_loss":0,"event_name":"Shining Light","floor":14,"gold_loss":0}],"is_beta":false,"boss_relics":[],"items_purged_floors":[],"is_endless":false,"potions_floor_spawned":[4,11,13],"killed_by":"The Guardian","ascension_level":1}}