{"host":"ztzf20fs6w35ztzf","time":1613915712,"event":{"mods":["AchievementEnabler","AlwaysNeverKeys","BaseMod","BetterRewards","Colored Powertips","DeckTracker","Downfall","Grow up Mod","Lobotomy","Minty Spire (QoL Compilation)","Rare Cards Sparkle","Remove Card Discount Mod","Replay The Spire","StSLib","SuperFastMode"],"gold_per_floor":[99,118,133,133,133,144,144,144,179,179,179,211,225,300,314,412,412,412,423,442,457,472,572,653,473,573,589,609,644,644,644,661,760,760,760,780,797,815,830,861,861,861,961,990,517,535,885,903,916,916],"floor_reached":51,"language":"ENG","playtime":2281,"items_purged":["Slimebound:Strike_Slimebound","Slimebound:Defend_Slimebound","Slimebound:Defend_Slimebound","Slimebound:Defend_Slimebound","Slimebound:Strike_Slimebound","Slimebound:Strike_Slimebound","Injury","downfall:Malfunctioning"],"score":929,"play_id":"73b3578f-178e-4766-ad19-125d290da1df","local_time":"20210221215512","is_ascension_mode":true,"campfire_choices":[{"data":"Slimebound:CorrosiveSpit","floor":1,"key":"SMITH"},{"data":"Slimebound:Split","floor":8,"key":"SMITH"},{"data":"Slimebound:PressTheAttack","floor":11,"key":"SMITH"},{"data":"Slimebound:AcidTongue","floor":30,"key":"SMITH"},{"floor":35,"key":"RECALL"}],"circlet_count":0,"master_deck":["Slimebound:Split+1","Slimebound:CorrosiveSpit+1","Slimebound:ComboTackle+1","Slimebound:SplitLeeching","Slimebound:Schlurp","Slimebound:PressTheAttack+1","Slimebound:AcidTongue+1","Slimebound:OneTwoCombo+1","Slimebound:SplitAcid+1","Slimebound:RainOfGoop","Slimebound:GoopSpray","Slimebound:Schlurp","Slimebound:ViciousTackle+1","Slimebound:HauntingLick+1","Slimebound:Schlurp","Slimebound:LeechEnergy","J.A.X.","Slimebound:SlimeSpikes","Slimebound:SamplingLick","Slimebound:SlimeSpikes+1","Slimebound:Schlurp","Slimebound:RainOfGoop+1","Slimebound:PrepareCrush","Slimebound:ComboTackle+1","Slimebound:Chomp+1","Slimebound:PressTheAttack+1","Slimebound:Schlurp","Slimebound:SamplingLick","Replay:Hysterical Blindness","Slimebound:Darklings","Slimebound:LevelUp+1","Slimebound:RejuvenatingLick","The Bomb","Madness","Slimebound:Equalize+1","Slimebound:SplitLeeching+1","Slimebound:LivingWall","Slimebound:RollThrough+1","Slimebound:LeadByExample+1"],"relics":["Slimebound:AbsorbEndCombat","downfall:ShatteredFragment","Prayer Wheel","Simple Rune","Strawberry","Busted Crown","Garlic","Ancient Tea Set","MutagenicStrength","Mercury Hourglass","downfall:ExtraCursedKey","Replay:Grab Bag","Sozu","Fusion Hammer","Runic Pyramid","StoneCalendar","Replay:WaspNest","Snack Pack","Whetstone","Boot","ReplayTheSpireMod:ShopPack","Old Coin"],"acts_visited":["Exordium","TheCity","TheBeyond"],"potions_floor_usage":[33],"damage_taken":[{"damage":10,"enemies":"2 Louse","floor":2,"turns":2},{"damage":12,"enemies":"Jaw Worm","floor":3,"turns":2},{"damage":6,"enemies":"Cultist","floor":6,"turns":2},{"damage":19,"enemies":"Lagavulin","floor":9,"turns":5},{"damage":25,"enemies":"3 Sentries","floor":12,"turns":5},{"damage":5,"enemies":"Large Slime","floor":13,"turns":4},{"damage":0,"enemies":"3 Louse","floor":15,"turns":3},{"damage":45,"enemies":"DF_ARCHETYPE_STREAMLINE","floor":16,"turns":9},{"damage":14,"enemies":"Chosen","floor":19,"turns":4},{"damage":11,"enemies":"Shell Parasite","floor":20,"turns":4},{"damage":20,"enemies":"Snake Plant","floor":21,"turns":4},{"damage":4,"enemies":"Cultist and Chosen","floor":22,"turns":4},{"damage":0,"enemies":"downfall:FleeingMerchant","floor":25,"turns":4},{"damage":35,"enemies":"downfall:Augmenter","floor":26,"turns":5},{"damage":10,"enemies":"Shelled Parasite and Fungi","floor":27,"turns":4},{"damage":8,"enemies":"Snake Plant","floor":28,"turns":3},{"damage":17,"enemies":"Slavers","floor":29,"turns":4},{"damage":3,"enemies":"Snecko","floor":32,"turns":2},{"damage":12,"enemies":"WA_ARCHETYPE_CALM","floor":33,"turns":5},{"damage":3,"enemies":"Orb Walker","floor":36,"turns":2},{"damage":15,"enemies":"3 Darklings","floor":37,"turns":3},{"damage":3,"enemies":"Maw","floor":38,"turns":4},{"damage":52,"enemies":"Transient","floor":39,"turns":5},{"damage":26,"enemies":"Giant Head","floor":40,"turns":6},{"damage":12,"enemies":"Nemesis","floor":44,"turns":4},{"damage":3,"enemies":"downfall:FleeingMerchant","floor":45,"turns":4},{"damage":24,"enemies":"Writhing Mass","floor":46,"turns":3},{"damage":3,"enemies":"Writhing Mass","floor":47,"turns":5},{"damage":3,"enemies":"Maw","floor":48,"turns":4},{"damage":8,"enemies":"Sphere and 2 Shapes","floor":49,"turns":3},{"damage":49,"enemies":"SI_POISON_ARCHETYPE","floor":50,"turns":6}],"seed_played":"333387889199252888","potions_obtained":[{"floor":6,"key":"AttackPotion"},{"floor":9,"key":"champ:CounterPotion"},{"floor":15,"key":"Reflective Coating"},{"floor":32,"key":"Slimebound:SlimyTonguePotion"},{"floor":33,"key":"PowerPotion"}],"is_trial":false,"path_per_floor":["R","M","M","?","?","M","T","R","E","T","R","E","M","?","M","B",null,"R","M","M","M","M","?","T","$","?","M","M","E","R","?","M","B",null,"R","M","M","M","M","E","T","?","?","E","$","M","?","M","M","B",null],"character_chosen":"SLIMEBOUND","items_purchased":["Ancient Tea Set","Whetstone","Boot","ReplayTheSpireMod:ShopPack","Slimebound:RejuvenatingLick"],"campfire_rested":0,"item_purchase_floors":[25,45,45,45,45],"current_hp_per_floor":[91,91,93,85,95,101,111,121,120,130,140,134,145,155,169,142,258,268,268,271,267,281,291,301,319,302,310,316,317,327,337,350,356,428,438,447,448,463,429,421,431,441,451,453,470,464,495,526,530,517],"gold":916,"neow_bonus":"TEN_PERCENT_HP_BONUS","is_daily":false,"chose_seed":false,"campfire_upgraded":4,"win_rate":0.0,"timestamp":1613915712,"path_taken":["R","M","M","?","?","M","T","R","E","?","R","E","M","?","M","BOSS","R","M","M","M","M","?","T","?","?","M","M","E","R","?","M","BOSS","R","M","M","M","M","E","T","?","?","E","$","?","?","M","M","BOSS"],"items_purchased_type":["Relic","Relic","Relic","Relic","Card"],"build_version":"2020-12-22","purchased_purges":8,"victory":true,"max_hp_per_floor":[91,101,111,121,131,141,151,161,171,181,191,208,218,228,238,248,258,268,278,288,298,308,318,328,338,348,358,368,378,388,398,408,418,428,438,448,458,468,478,488,498,508,518,528,538,548,558,568,578,588],"card_choices":[{"not_picked":["Slimebound:SlimeSpikes","Slimebound:SplitMire"],"picked":"Slimebound:ComboTackle","floor":2},{"not_picked":["Slimebound:FlameTackle","Slimebound:Grow"],"picked":"Slimebound:SplitLeeching","floor":3},{"not_picked":["Slimebound:SamplingLick","Slimebound:SpikyOuterGoop"],"picked":"Slimebound:Schlurp","floor":6},{"not_picked":["Slimebound:SlimeSpikes","Slimebound:Gluttony"],"picked":"Slimebound:PressTheAttack","floor":9},{"not_picked":["Slimebound:Schlurp","Slimebound:SplitAcid","Slimebound:SplitLeeching"],"picked":"SKIP","floor":12},{"not_picked":["Slimebound:TongueLash","Slimebound:FinishingTackle"],"picked":"Slimebound:AcidTongue","floor":13},{"not_picked":["Slimebound:ProtectTheBoss","Slimebound:TongueLash","Slimebound:FlameTackle"],"picked":"SKIP","floor":13},{"not_picked":["Slimebound:TongueLash","Slimebound:GoopSpray","Slimebound:Equalize"],"picked":"SKIP","floor":15},{"not_picked":["Slimebound:GrowthPunch","Slimebound:Dissolve","Slimebound:FinishingTackle"],"picked":"SKIP","floor":15},{"not_picked":["Slimebound:LeechLife","Slimebound:PrepareCrush"],"picked":"Slimebound:RallyTheTroops","floor":16},{"not_picked":[],"picked":"Slimebound:SamplingLick","floor":19},{"not_picked":[],"picked":"Slimebound:SplitAcid+1","floor":19},{"not_picked":[],"picked":"Slimebound:RainOfGoop","floor":20},{"not_picked":[],"picked":"Slimebound:GoopSpray","floor":20},{"not_picked":["Slimebound:FormOfPuddle"],"picked":"SKIP","floor":21},{"not_picked":["Slimebound:GoopTackle+1"],"picked":"SKIP","floor":21},{"not_picked":[],"picked":"Slimebound:Schlurp","floor":22},{"not_picked":[],"picked":"Slimebound:ViciousTackle+1","floor":22},{"not_picked":[],"picked":"Slimebound:HauntingLick+1","floor":25},{"not_picked":[],"picked":"J.A.X.","floor":26},{"not_picked":[],"picked":"Slimebound:SlimeSpikes","floor":26},{"not_picked":[],"picked":"Slimebound:SamplingLick","floor":27},{"not_picked":[],"picked":"Slimebound:SlimeSpikes+1","floor":27},{"not_picked":["Slimebound:Grow+1"],"picked":"SKIP","floor":28},{"not_picked":["Slimebound:ForwardTackle"],"picked":"SKIP","floor":28},{"not_picked":[],"picked":"Slimebound:Schlurp","floor":29},{"not_picked":[],"picked":"Slimebound:RainOfGoop+1","floor":32},{"not_picked":["Slimebound:GoopTackle"],"picked":"SKIP","floor":32},{"not_picked":[],"picked":"Slimebound:PrepareCrush","floor":33},{"not_picked":[],"picked":"Slimebound:ComboTackle+1","floor":36},{"not_picked":["Slimebound:FormOfPuddle+1"],"picked":"SKIP","floor":36},{"not_picked":[],"picked":"Slimebound:Chomp+1","floor":37},{"not_picked":["Slimebound:LeechingTouch"],"picked":"SKIP","floor":37},{"not_picked":[],"picked":"Slimebound:PressTheAttack+1","floor":38},{"not_picked":[],"picked":"Slimebound:Schlurp","floor":38},{"not_picked":[],"picked":"Slimebound:SamplingLick","floor":39},{"not_picked":["Slimebound:ComboTackle"],"picked":"SKIP","floor":39},{"not_picked":["Slimebound:GoopTackle+1"],"picked":"SKIP","floor":40},{"not_picked":["Slimebound:Dissolve+1"],"picked":"SKIP","floor":44},{"not_picked":[],"picked":"Slimebound:LevelUp+1","floor":45},{"not_picked":[],"picked":"The Bomb","floor":45},{"not_picked":[],"picked":"Madness","floor":45},{"not_picked":[],"picked":"Slimebound:Equalize+1","floor":46},{"not_picked":[],"picked":"Slimebound:SplitLeeching+1","floor":46},{"not_picked":[],"picked":"Slimebound:LivingWall","floor":47},{"not_picked":["Slimebound:FirmFortitude"],"picked":"SKIP","floor":48},{"not_picked":["Slimebound:Grow+1"],"picked":"SKIP","floor":48},{"not_picked":[],"picked":"Slimebound:RollThrough+1","floor":49},{"not_picked":[],"picked":"Slimebound:LeadByExample+1","floor":49}],"player_experience":144239,"relics_obtained":[{"floor":7,"key":"Prayer Wheel"},{"floor":9,"key":"Simple Rune"},{"floor":12,"key":"Strawberry"},{"floor":24,"key":"Garlic"},{"floor":26,"key":"MutagenicStrength"},{"floor":29,"key":"Mercury Hourglass"},{"floor":40,"key":"StoneCalendar"},{"floor":41,"key":"Replay:WaspNest"},{"floor":44,"key":"Snack Pack"},{"floor":47,"key":"Old Coin"}],"event_choices":[],"is_beta":false,"boss_relics":[{"not_picked":["Empty Cage","bronze:MakeshiftBattery"],"picked":"Busted Crown"},{"not_picked":["Astrolabe","Replay:Ancient Bell"],"picked":"Replay:Grab Bag"},{"not_picked":["ReplayTheSpireMod:Onyx Gauntlets","Philosopher\u0027s Stone"],"picked":"Sozu"},{"not_picked":["Painkiller Herb","Velvet Choker"],"picked":"Fusion Hammer"},{"not_picked":["Replay:Drink Me","Snecko Eye"],"picked":"Runic Pyramid"}],"items_purged_floors":[25,25,25,25,25,25,45,45],"is_endless":false,"potions_floor_spawned":[6,9,15,21,22,26,32,33,36,38,40,44,46,47],"ascension_level":1}}