{"host":"rm0ctv8qd8mnbkg1","time":1613916450,"event":{"mods":["Aspiration","BaseMod","Beaked The Cultist","BetterRewards","Colored Map","DNKmod","Dark Map","Defuse TimeMaze Blight","Downfall","Friendly Minions","Hubris","Marisa????????","Minty Spire (QoL Compilation)","MostiFishMod","Permanent Neow","Rare Cards Sparkle","Relic Sorter","Reliquary","Replay The Spire","RumiaBox-????????","Shade Mod","Shop Mod","Spicy Shops","Spire Arcade","StSLib","The Construct","The Servant 0.9.4","TheVacant","Wandering Minibosses","[IsaacMod]????","??????REMEMod"],"gold_per_floor":[10015,10031,9569,9589,9589,9589,9614,9614,9614,9644,9664,9664,9697,9528,9528,9644,9644,9667,9717,9782,9000,9033,9073,9107,9156,9207,9222,9252,9252,8796,8805,8805,8948,8948,8948],"floor_reached":34,"language":"ENG","playtime":777,"items_purged":[],"score":790,"play_id":"9d50c8f4-0b95-45e9-a6f6-d97c29a0e053","local_time":"20210221140730","is_ascension_mode":true,"campfire_choices":[{"data":"DoctorFetus","floor":6,"key":"SMITH"},{"data":"Exchange","floor":8,"key":"SMITH"},{"data":"TrueSight","floor":12,"key":"SMITH"},{"data":"Luminosity","floor":15,"key":"SMITH"},{"data":"Luminosity","floor":32,"key":"SMITH"}],"circlet_count":0,"master_deck":["sneckomod:RainOfDice+1","Strike_S","Strike_S","Strike_S","Strike_S","Defend_S","Defend_S","Defend_S","Defend_S","KidneyShot+1","Exchange+1","DoctorFetus+1","Revamp+1","Revamp+1","TheWorld+1","Spin","Spin","Barrier","RealityMarble","TrueSight+1","Luminosity","Luminosity+1","Rearm+1","Dramatic Entrance","Initiator","KillingDoll","SilverBlades","Read","Luminosity+1","InstantArmor+1","StarChef","SurpressingFire","Rearm","Languid","LightFlow"],"relics":["Uniform","REME_ComplimentaryCards","DaveBox","HushsDoor","MoneyPower","RhineSuit","Blue Doll","champ:Barbells","BookOfRevelations","REME_PuzzleBoxRelic","Dead Branch","Matryoshka","wanderingMiniBosses:Inkheart","hubris:TinFlute","BargainBundle","Replay:Bandana","Onion Ring","reliquary:WritOfMandamus","Gremlin Horn","reliquary:WeakTea","HandDrill","Dodecahedron","StoneCalendar","FossilizedHelix","REME_HandOfSuture","reliquary:BallBearing","SSSystem","Simple Rune","CeramicFish","Ring of Hypnosis","Ring of Misfortune"],"acts_visited":["Exordium","TheCity","TheBeyond"],"potions_floor_usage":[],"damage_taken":[{"damage":0,"enemies":"Cultist","floor":1,"turns":1},{"damage":0,"enemies":"Jaw Worm","floor":2,"turns":1},{"damage":0,"enemies":"2 Louse","floor":4,"turns":1},{"damage":0,"enemies":"Gremlin Nob","floor":7,"turns":1},{"damage":0,"enemies":"Lagavulin","floor":10,"turns":1},{"damage":0,"enemies":"Lots of Slimes","floor":11,"turns":3},{"damage":0,"enemies":"Gremlin Nob","floor":13,"turns":1},{"damage":0,"enemies":"The Guardian","floor":16,"turns":2},{"damage":0,"enemies":"Shell Parasite","floor":18,"turns":1},{"damage":0,"enemies":"Hiden Room Battle","floor":20,"turns":1},{"damage":0,"enemies":"3 Byrds","floor":22,"turns":1},{"damage":0,"enemies":"Book of Stabbing","floor":23,"turns":1},{"damage":0,"enemies":"3 Cultists","floor":24,"turns":1},{"damage":0,"enemies":"REME_1_Revenger","floor":25,"turns":1},{"damage":0,"enemies":"Snake Plant","floor":27,"turns":1},{"damage":0,"enemies":"Sentry and Sphere","floor":28,"turns":1},{"damage":0,"enemies":"Pondfish","floor":33,"turns":1}],"seed_played":"3681575394037319196","potions_obtained":[{"floor":11,"key":"hexamod:SoulburnPotion"},{"floor":18,"key":"AttackPotion"},{"floor":27,"key":"SkillPotion"}],"is_trial":false,"path_per_floor":["M","M","$","M","?","R","E","R","T","E","M","R","E","$","R","B",null,"M","?","?","$","M","E","M","E","T","M","M","?","$","?","R","B",null],"character_chosen":"THE_SERVANT","items_purchased":["champ:Barbells","TheWorld","Spin","BookOfRevelations","Luminosity","BargainBundle","Replay:Bandana","Onion Ring","Rearm+1","Dramatic Entrance","KillingDoll","HandDrill","Dodecahedron","Luminosity","StoneCalendar","FairyPotion","Simple Rune","Rearm","CeramicFish","FairyPotion"],"campfire_rested":0,"item_purchase_floors":[3,3,3,3,14,14,14,14,14,14,17,21,21,21,21,21,30,30,30,30],"current_hp_per_floor":[1000,1000,1000,1000,1000,1000,1000,1000,1000,1000,1000,1000,1000,1000,1000,1000,996,996,996,996,996,996,996,996,996,996,996,996,996,996,996,996,996,996,996],"gold":8948,"neow_bonus":"RANDOM_COMMON_RELIC","is_daily":false,"chose_seed":false,"campfire_upgraded":5,"win_rate":0.0,"timestamp":1613916450,"path_taken":["M","?","$","M","?","R","E","R","T","E","?","R","E","$","R","BOSS","M","?","?","$","M","E","M","E","T","M","M","?","$","?","R","BOSS"],"items_purchased_type":["Relic","Card","Card","Relic","Card","Relic","Relic","Relic","Card","Card","Card","Relic","Relic","Card","Relic","Potion","Relic","Card","Relic","Potion"],"build_version":"2020-12-22","purchased_purges":0,"victory":false,"max_hp_per_floor":[1000,1000,1000,1000,1000,1000,1000,1000,1000,1000,1000,1000,1000,1000,1000,1000,996,996,996,996,996,996,996,996,996,996,996,996,996,996,996,996,996,996,996],"card_choices":[{"not_picked":[],"picked":"DoctorFetus","floor":0},{"not_picked":["Alleviate","Comet"],"picked":"Revamp","floor":1},{"not_picked":["FastForward","Reset"],"picked":"Revamp","floor":2},{"not_picked":["Rewind","SpecialFormula"],"picked":"Barrier","floor":4},{"not_picked":["Spin","ShatteredReality"],"picked":"RealityMarble","floor":7},{"not_picked":["Collapse","Read"],"picked":"TrueSight","floor":10},{"not_picked":["Comet","Reset"],"picked":"Bomb","floor":11},{"not_picked":["Bomb","Potential","Replace"],"picked":"SKIP","floor":13},{"not_picked":["FloweringNight","Solidify"],"picked":"Initiator","floor":16},{"not_picked":["Potential","Advance+1"],"picked":"SilverBlades","floor":18},{"not_picked":["DoubleEdge","Rewind+1"],"picked":"Read","floor":20},{"not_picked":["Spin","DoubleEdge","Potential"],"picked":"SKIP","floor":22},{"not_picked":["Ricochet+1","Unruled"],"picked":"InstantArmor+1","floor":23},{"not_picked":["ReturningBlade+1","Alleviate+1","Dilation"],"picked":"SKIP","floor":24},{"not_picked":["Starlight","DoubleEdge"],"picked":"StarChef","floor":25},{"not_picked":["Alleviate","FastForward"],"picked":"SurpressingFire","floor":27},{"not_picked":["RealityMarble","Read","TimeTheft"],"picked":"SKIP","floor":28},{"not_picked":["PendulumOfEternity","FlawlessForm"],"picked":"LightFlow","floor":33}],"player_experience":390637,"relics_obtained":[{"floor":7,"key":"REME_PuzzleBoxRelic"},{"floor":9,"key":"Dead Branch"},{"floor":10,"key":"Matryoshka"},{"floor":11,"key":"wanderingMiniBosses:Inkheart"},{"floor":13,"key":"hubris:TinFlute"},{"floor":20,"key":"Gremlin Horn"},{"floor":20,"key":"reliquary:WeakTea"},{"floor":23,"key":"FossilizedHelix"},{"floor":25,"key":"REME_HandOfSuture"},{"floor":26,"key":"reliquary:BallBearing"},{"floor":26,"key":"SSSystem"},{"floor":31,"key":"Ring of Hypnosis"},{"floor":31,"key":"Ring of Misfortune"}],"event_choices":[{"damage_healed":0,"gold_gain":100,"player_choice":"Bet on Murderer","damage_taken":0,"max_hp_gain":0,"max_hp_loss":0,"event_name":"The Joust","floor":19,"gold_loss":50},{"damage_healed":0,"gold_gain":0,"player_choice":"Fight","damage_taken":0,"max_hp_gain":0,"max_hp_loss":0,"event_name":"HidenRoomEvent","floor":20,"gold_loss":0},{"damage_healed":0,"gold_gain":0,"player_choice":"Ignored","damage_taken":0,"max_hp_gain":0,"max_hp_loss":0,"event_name":"Cursed Tome","floor":29,"gold_loss":0}],"is_beta":false,"boss_relics":[{"not_picked":["REME_DuelDisc","MoonlightInvasionPlan"],"picked":"reliquary:WritOfMandamus"},{"not_picked":[]},{"not_picked":["Abe\u0027s Treasure","SoulBox","AddBug"]}],"items_purged_floors":[],"is_endless":false,"potions_floor_spawned":[2,7,11,18,20,27,33],"ascension_level":1}}