{"host":"5wilga4482d891pp","time":1613871723,"event":{"mods":["100% Spire Juice","2.2 Compatiblity","AchievementEnabler","Act Like it!","Arknights","BaseMod","Better Note","Better Third Choice","CapriCore","Chen","Conspire","Downfall","Elementarium","Energized Spire","Gensokyo","GungeonMod","Hallownest","Hermit","Hubris","Jorbs\u0027s Wanderer Trilogy","KinomotoSakuraMod(木之本?)","Koishi","Lobotomy","LobotomyExtend","Luminous","Marisa（霧雨　魔理沙）","Marked Mod","Minty Spire (QoL Compilation)","Pale of the Ancients","Railgun Mod","Reimu（博??梦）","Reliquary","Ruina","RumiaBox-露米?的神秘盒子","Shade Mod","Shapeshifter Mod","StSLib","The Administrix","The Alterego","The Animator","The Construct","The Cursed","The Gatherer","The Immortal","The Wild Card","TheBandit","TheFirefly","TheSwordswoman","TheVacant","Uncapped","UnlockEverythingMod","WarShipGirlsR/??少女R mod","Yakumo Yukari mod","Yuyuko"],"gold_per_floor":[129,31,31,51,68,68,102,102,149,215,247,360,390,406,406,505,530,549,624,674,110,165,243,295,330,355,355,371,431,476,109,109,207,232,232,246,315,390,446,446,509,559,640,715,770,820,876,13,13,88,98,98,148,41,41,41,41],"floor_reached":56,"language":"ENG","playtime":7045,"items_purged":["hubris:Gluttony"],"score":1044,"play_id":"22a2ff19-e3d4-4f90-ae13-951dc19618af","local_time":"20210220194203","is_ascension_mode":false,"campfire_choices":[{"data":"animator:Aqua","floor":6,"key":"SMITH"},{"data":"animator:EmiyaShirou","floor":8,"key":"SMITH"},{"data":"animator:MamiTomoe","floor":15,"key":"SMITH"},{"data":"animator:Millim","floor":27,"key":"SMITH"},{"floor":32,"key":"RECALL"},{"data":"animator:Sora","floor":40,"key":"SMITH"},{"floor":49,"key":"REST"},{"data":"animator:Lelouch","floor":55,"key":"SMITH"}],"circlet_count":0,"master_deck":["animator:Strike_Konosuba","animator:Defend_Konosuba","animator:Kazuma","animator:Aqua+1","animator:YunYun","animator:Strike_GoblinSlayer","animator:Strike_OwariNoSeraph","animator:Strike_Fate","animator:Defend_AccelWorld","animator:Defend_HitsugiNoChaika","animator:Defend_NoGameNoLife+1","animator:MamiTomoe+1","animator:KrulTepes","animator:EmiyaShirou+1","animator:GazelDwargon","animator:LeleiLaLalena","animator:TukaLunaMarceau","animator:YachiyoNanami+1","animator:CrowleyEusford","animator:Gilgamesh+17","animator:Kaijin+1","ruina:CobaltScar+1","ruina:Smile","ruina:SwordSharpened","animator:GazelDwargon+1","animator:Jibril+1","animator:MamiTomoe","animator:PinaCoLada+1","animator:Millim+1","animator:Saber","animator:CrowleyEusford+1","animator:Darkness+1","animator:Saber","animator:ChaikaTrabant","ruina:Harvest","animator:Sora+1","animator:NarberalGamma+1","animator:Shalltear","animator:DolaSchwi+1","animator:Shion","Pride","downfall:Malfunctioning","Doubt","animator:Nanami+1","animator:Patchouli","animator:Megumin+3","animator:ChlammyZell","animator:YachiyoNanami+1","animator:Lelouch+1","animator:Arpeggio+1"],"relics":["animator:TheMissingPiece","animator:PurgingStone","energizedSpire:NeverEndingSparkler","LetterFromLob","SsserpentHead","Tea:ReiMu","Anchor","reliquary:Stiletto","Frozen Egg 2","Blood Vial","Cursed Key","Blue Candle","animator:CerealBox","hubris:PeanutButter","RedMistMask","reliquary:PrincelyHelmet","hubris:VirtuousBlindfold","hubris:Icosahedron","conspire:BottledYoYo","reliquary:Sideboard","Smiling Mask","Membership Card","Letter Opener","Pocketwatch","paleoftheancients:Timepiece","paleoftheancients:KeyRelic","CultistMask"],"acts_visited":["Exordium","ruina:Briah","Hallownest:KingdomsEdge","paleoftheancients:PaleOfTheAncients"],"potions_floor_usage":[12,12,12,16,22,33,33,33,36,45,45,50,50,52],"damage_taken":[{"damage":5,"enemies":"Jaw Worm","floor":1,"turns":4},{"damage":0,"enemies":"Small Slimes","floor":4,"turns":3},{"damage":0,"enemies":"Cultist","floor":5,"turns":3},{"damage":20,"enemies":"Lagavulin","floor":7,"turns":4},{"damage":0,"enemies":"Blue Slaver","floor":10,"turns":2},{"damage":0,"enemies":"2 Fungi Beasts","floor":11,"turns":2},{"damage":17,"enemies":"Lagavulin Event","floor":12,"turns":5},{"damage":0,"enemies":"3 Sentries","floor":13,"turns":7},{"damage":0,"enemies":"3 Louse","floor":14,"turns":1},{"damage":12,"enemies":"Slime Boss","floor":16,"turns":10},{"damage":14,"enemies":"ruina:3_Bats","floor":18,"turns":6},{"damage":6,"enemies":"ruina:BadWolf","floor":22,"turns":5},{"damage":23,"enemies":"ruina:ServantOfWrath","floor":23,"turns":4},{"damage":0,"enemies":"ruina:QueenOfHate","floor":25,"turns":6},{"damage":0,"enemies":"ruina:Nos_and_Bat","floor":28,"turns":3},{"damage":3,"enemies":"ruina:Woodsman","floor":29,"turns":5},{"damage":0,"enemies":"ruina:KingOfGreed","floor":30,"turns":5},{"damage":59,"enemies":"ruina:Red_and_Wolf","floor":33,"turns":10},{"damage":0,"enemies":"Hallownest:2_Littles","floor":36,"turns":5},{"damage":0,"enemies":"Hallownest:3_Siblings","floor":37,"turns":4},{"damage":0,"enemies":"Hallownest:2_Wandering_and_1_Horned","floor":39,"turns":4},{"damage":0,"enemies":"Hallownest:monsterPrimalAspid","floor":41,"turns":3},{"damage":34,"enemies":"Hallownest:StalkingDevout","floor":45,"turns":6},{"damage":6,"enemies":"Hallownest:eliteHiveKnight","floor":47,"turns":7},{"damage":0,"enemies":"Hallownest:BossGreyPrinceZote","floor":50,"turns":10},{"damage":20,"enemies":"Hallownest:BossGreyPrinceZote","floor":51,"turns":14},{"damage":92,"enemies":"Hallownest:BossGreyPrinceZote","floor":52,"turns":6},{"damage":74,"enemies":"Hallownest:BossGreyPrinceZote","floor":56,"turns":10}],"seed_played":"8579223521752229644","potions_obtained":[{"floor":1,"key":"DuplicationPotion"},{"floor":4,"key":"Regen Potion"},{"floor":11,"key":"DuplicationPotion"},{"floor":13,"key":"Guardian:BlockOnCardUsePotion"},{"floor":14,"key":"SkillPotion"},{"floor":18,"key":"hexamod:SoulburnPotion"},{"floor":22,"key":"Regen Potion"},{"floor":25,"key":"animator:GrowthPotion"},{"floor":33,"key":"PowerPotion"},{"floor":36,"key":"animator:FalseLifePotion"},{"floor":37,"key":"EssenceOfSteel"},{"floor":39,"key":"Energy Potion"},{"floor":47,"key":"DistilledChaos"},{"floor":51,"key":"Explosive Potion"}],"is_trial":false,"path_per_floor":["M","?","?","M","M","R","E","R","T","M","M","?","E","M","R","B",null,"M","?","?","$","M","E","?","M","T","R","M","M","M","$","R","B",null,"M","M","M","?","M","R","M","?","T","T","E","?","E","$","R","B","M","M","?","$","R","M"],"character_chosen":"THE_ANIMATOR","items_purchased":["animator:CerealBox","ruina:Smile","ruina:SwordSharpened","animator:GazelDwargon+1","animator:Saber","animator:ChaikaTrabant","ruina:Harvest","animator:Patchouli","animator:Megumin","animator:ChlammyZell","Membership Card","animator:YachiyoNanami+1","Letter Opener","Pocketwatch","SmokeBomb","animator:Lelouch","animator:Arpeggio+1"],"campfire_rested":1,"item_purchase_floors":[21,21,21,21,31,31,31,48,48,48,48,48,48,48,48,54,54],"current_hp_per_floor":[62,62,62,64,66,66,46,46,46,46,49,50,53,53,53,44,67,56,51,51,51,62,42,50,55,55,55,57,56,59,59,59,18,64,14,19,27,27,29,29,31,31,31,31,2,2,11,11,49,65,55,65,65,65,65,0,0],"gold":41,"neow_bonus":"BOSS_RELIC","is_daily":false,"chose_seed":false,"campfire_upgraded":6,"win_rate":0.0,"timestamp":1613871723,"path_taken":["M","?","?","M","M","R","E","R","T","?","M","?","E","M","R","BOSS","M","?","?","$","M","E","?","M","T","R","M","?","M","?","R","BOSS","M","M","?","?","M","R","?","?","T","?","E","?","E","$","R","BOSS","M","M","?","$","R","M"],"items_purchased_type":["Relic","Card","Card","Card","Card","Card","Card","Card","Card","Card","Relic","Card","Relic","Relic","Potion","Card","Card"],"build_version":"2020-12-22","purchased_purges":1,"victory":false,"max_hp_per_floor":[66,66,66,66,66,66,66,66,66,66,66,67,67,67,67,67,67,67,67,62,62,62,62,62,62,62,62,62,62,63,63,63,64,64,64,64,64,64,64,64,64,64,64,64,64,64,65,65,65,65,65,65,65,65,65,65,65],"card_choices":[{"not_picked":["animator:NagisaMomoe","animator:Lu"],"picked":"animator:YunYun","floor":1},{"not_picked":["animator:Berserker","animator:RinTohsaka"],"picked":"animator:MamiTomoe","floor":4},{"not_picked":["animator:Geryuganshoop","animator:Genos"],"picked":"animator:KrulTepes","floor":5},{"not_picked":["animator:RinTohsaka","animator:Lancer"],"picked":"animator:EmiyaShirou","floor":7},{"not_picked":["animator:Lu","animator:DolaStephanie"],"picked":"animator:GazelDwargon","floor":10},{"not_picked":["animator:ElricEdward","animator:Scar"],"picked":"animator:LeleiLaLalena","floor":11},{"not_picked":["animator:DwarfShaman","animator:Konayuki"],"picked":"animator:TukaLunaMarceau","floor":12},{"not_picked":["animator:OrikoMikuni","animator:IrohaTamaki"],"picked":"animator:YachiyoNanami+1","floor":13},{"not_picked":["animator:Demiurge","animator:Mikaela"],"picked":"animator:CrowleyEusford","floor":14},{"not_picked":["animator:FeridBathory+1","animator:Shizu"],"picked":"animator:Gilgamesh","floor":16},{"not_picked":["animator:Sloth","animator:Aisha"],"picked":"animator:Kaijin+1","floor":18},{"not_picked":["ruina:Nihil","ruina:Smile"],"picked":"ruina:CobaltScar+1","floor":20},{"not_picked":["animator:MumenRider","animator:Konayuki"],"picked":"animator:Jibril+1","floor":22},{"not_picked":["animator:OrikoMikuni","animator:KyokoSakura"],"picked":"animator:MamiTomoe","floor":23},{"not_picked":[],"picked":"animator:PinaCoLada","floor":24},{"not_picked":["animator:Pride","animator:HighElfArcher"],"picked":"animator:Millim","floor":25},{"not_picked":["animator:Archer+1","animator:NarberalGamma+1"],"picked":"animator:Saber","floor":28},{"not_picked":["animator:Kazuma","animator:Alexander"],"picked":"animator:CrowleyEusford+1","floor":29},{"not_picked":["animator:Mitsurugi","animator:Kazuma"],"picked":"animator:Darkness+1","floor":30},{"not_picked":["animator:Gilgamesh","animator:Saitama"],"picked":"animator:Sora","floor":33},{"not_picked":["animator:DolaSchwi","animator:Jibril"],"picked":"animator:NarberalGamma+1","floor":36},{"not_picked":["animator:RoyMustang","animator:EmiyaShirou"],"picked":"animator:Shalltear","floor":37},{"not_picked":["animator:Vanir+1","animator:PandorasActor"],"picked":"animator:DolaSchwi+1","floor":39},{"not_picked":["animator:Hakurou","animator:Kaijin+1"],"picked":"animator:Shion","floor":41},{"not_picked":["animator:Mitsuba","animator:Shuna"],"picked":"animator:Nanami","floor":45},{"not_picked":["animator:Shion","animator:Berserker"],"picked":"animator:ItamiYouji","floor":47},{"not_picked":["animator:Entoma","animator:DolaSchwi"],"picked":"animator:RoyMustang","floor":51}],"player_experience":27522,"relics_obtained":[{"floor":1,"key":"LetterFromLob"},{"floor":7,"key":"Tea:ReiMu"},{"floor":9,"key":"Anchor"},{"floor":12,"key":"reliquary:Stiletto"},{"floor":13,"key":"Frozen Egg 2"},{"floor":16,"key":"Blood Vial"},{"floor":23,"key":"hubris:PeanutButter"},{"floor":25,"key":"RedMistMask"},{"floor":26,"key":"reliquary:PrincelyHelmet"},{"floor":44,"key":"conspire:BottledYoYo"},{"floor":45,"key":"reliquary:Sideboard"},{"floor":47,"key":"Smiling Mask"}],"event_choices":[{"damage_healed":0,"gold_gain":0,"player_choice":"Trade","damage_taken":0,"relics_obtained":["SsserpentHead"],"max_hp_gain":0,"max_hp_loss":0,"event_name":"FaceTrader","floor":3,"gold_loss":0},{"damage_healed":0,"gold_gain":0,"player_choice":"Searched \u00271\u0027 times","damage_taken":0,"max_hp_gain":0,"max_hp_loss":0,"event_name":"Dead Adventurer","floor":12,"gold_loss":0},{"damage_healed":0,"gold_gain":0,"player_choice":"Leave","damage_taken":0,"max_hp_gain":0,"max_hp_loss":0,"event_name":"conspire:Investor","floor":53,"gold_loss":0}],"is_beta":false,"boss_relics":[{"not_picked":["energizedSpire:SpiderWeb","hubris:Stopwatch"],"picked":"Cursed Key"},{"not_picked":["conspire:SlowCooker","conspire:SeveredTorchhead"],"picked":"hubris:VirtuousBlindfold"}],"items_purged_floors":[48],"is_endless":false,"potions_floor_spawned":[1,4,11,13,14,18,22,25,33,36,37,39,47,51],"killed_by":"Hallownest:BossGreyPrinceZote","ascension_level":0}}