{"host":"d73an99q9oevilk5","time":1613897528,"event":{"mods":["2.2 Compatiblity","AchievementEnabler","Act Like it!","Aspiration","BaseMod","Beaked The Cultist","Better Third Choice","BetterRewards","Colored Map","Colored Powertips","Conspire","Downfall","GifTheSpireLib","Halation","Hubris","Infinite Spire","Marisa????????","Mimic Mod","Minty Spire (QoL Compilation)","MostiFishMod","Quick Restart","Relic Sorter","Reliquary","Replay The Spire","Shop Mod","Spikes Relics","StSLib","Stuff the Spire","The Cursed","The Jungle","The Necromancer","The Saiyan","Waifu the Spire","egg","slay the spire mod where everything is the same but ironclad has a cowboy hat"],"gold_per_floor":[124,124,157,157,183,223,223,263,263,275,265,299,299,367,367,484,484,497,457,14,150,191,191,189,269,295,295,310,310,338,383,383,436,436,449,524,539,539,234,209,209,245,245,245,245,282,267,285,285,285],"floor_reached":51,"language":"ENG","playtime":1984,"items_purged":[],"score":1208,"play_id":"e5b82fdd-ff95-447e-b40f-55671a6c6f5f","local_time":"20210221015208","is_ascension_mode":false,"campfire_choices":[{"data":"NonDirectionalLaser","floor":7.0,"key":"SMITH"},{"data":"AsteroidBelt","floor":15.0,"key":"SMITH"},{"data":"ChargingUp","floor":23,"key":"SMITH"},{"floor":32,"key":"REST"},{"data":"EnergyFlow","floor":45,"key":"SMITH"},{"data":"GasGiant","floor":49,"key":"SMITH"}],"circlet_count":0,"master_deck":["Strike_MRS+1","Strike_MRS+1","Strike_MRS+1","Strike_MRS+1","Defend_MRS+1","Defend_MRS+1","Defend_MRS+1","Defend_MRS+1","MasterSpark+1","UpSweep+1","WitchOfGreed+1","AsteroidBelt+1","infinitespire:Execution+1","EnergyFlow+1","MeteoricShower+1","NonDirectionalLaser+1","6A+1","MagicChant+1","PulseMagic+1","AsteroidBelt+1","ChargeUpSpray+1","TreasureHunter+1","MysteriousBeam+1","ChargingUp+1","WitchLeyline+1","MachineGunSpark+1","WitchLeyline+1","BlessedFruit+1","BlessedFruit+1","UltimateShortwave+1","OortCloud+1","ManaRampage+1","PowerUp+1","EnergyFlow+1","MagicAbsorber+1","EnergyFlow+1","GalacticHalo+1","GasGiant+1","DragonMeteor+1"],"relics":["MiniHakkero","hubris:Icosahedron","DaveBox","DSteel32","Pondfish Scales","hubris:Potato","SynthV:TestCard","Durian","halation:PromiseList","Replay:Rubber Ducky","reliquary:Boomerang","Black Star","Replay:Bottled Flurry","ReplayTheSpireMod:TigerMarble","AmplifyWand","reliquary:FeatherDuster","Gremlin Food","Regal Pillow","ReplayFunnel","HeavenlyBonsai","conspire:TopHat","halation:EternalFortune","hubris:EmptyBottle","StuffTheSpire:SapphireSignet","ImprovedEquipment","halation:PapillonHeart","hubris:TenFootPole"],"acts_visited":["Exordium","TheCity","TheBeyond"],"potions_floor_usage":[18,18,25,28,33,50,50,50,50,50,50,50,50,50,50,50,50,50,50,50,50,50],"damage_taken":[{"damage":0.0,"enemies":"Small Slimes","floor":1.0,"turns":4.0},{"damage":0.0,"enemies":"2 Louse","floor":3.0,"turns":3.0},{"damage":1.0,"enemies":"Cultist","floor":5.0,"turns":4.0},{"damage":8.0,"enemies":"Lagavulin","floor":6.0,"turns":5.0},{"damage":5.0,"enemies":"3 Sentries","floor":8.0,"turns":5.0},{"damage":0.0,"enemies":"Blue Slaver","floor":10.0,"turns":3.0},{"damage":15.0,"enemies":"Exordium Thugs","floor":11.0,"turns":4.0},{"damage":0.0,"enemies":"Exordium Wildlife","floor":12.0,"turns":2.0},{"damage":0,"enemies":"Hexaghost","floor":16,"turns":8},{"damage":3,"enemies":"2 Thieves","floor":18,"turns":2},{"damage":0,"enemies":"Spheric Guardian","floor":21,"turns":5},{"damage":14,"enemies":"Snake Plant","floor":22,"turns":4},{"damage":0,"enemies":"Snecko","floor":24,"turns":4},{"damage":15,"enemies":"conspire:SneckoGhost","floor":25,"turns":6},{"damage":0,"enemies":"3 Cultists","floor":28,"turns":1},{"damage":5,"enemies":"Gremlin Leader","floor":30,"turns":6},{"damage":0,"enemies":"Cultist and Chosen","floor":31,"turns":3},{"damage":15,"enemies":"conspire:MysteriousRune","floor":33,"turns":6},{"damage":0,"enemies":"3 Darklings","floor":35,"turns":4},{"damage":0,"enemies":"3 Shapes","floor":36,"turns":4},{"damage":0,"enemies":"Spire Growth","floor":37,"turns":2},{"damage":0,"enemies":"Giant Head","floor":40,"turns":5},{"damage":0,"enemies":"3 Darklings","floor":42,"turns":4},{"damage":13,"enemies":"Maw","floor":46,"turns":6},{"damage":4,"enemies":"Writhing Mass","floor":47,"turns":3},{"damage":0,"enemies":"Spire Growth","floor":48,"turns":2},{"damage":0,"enemies":"hubris:GrandSnecko","floor":50,"turns":4}],"seed_played":"5127066932722654523","potions_obtained":[{"floor":1.0,"key":"Slimebound:ThreeZeroPotion"},{"floor":1.0,"key":"AttackPotion"},{"floor":3.0,"key":"AttackPotion"},{"floor":3.0,"key":"Dexterity Potion"},{"floor":6.0,"key":"StarNLove"},{"floor":8.0,"key":"Reflective Coating"},{"floor":10.0,"key":"StarNLove"},{"floor":12.0,"key":"Death Potion"},{"floor":21,"key":"Swift Potion"},{"floor":22,"key":"Fire Potion"},{"floor":25,"key":"BottledSpark"},{"floor":30,"key":"EntropicBrew"},{"floor":35,"key":"SpeedPotion"},{"floor":36,"key":"Regen Potion"},{"floor":40,"key":"Strength Potion"}],"is_trial":false,"path_per_floor":["M","?","M","?","M","E","R","E","T","M","M","M","?","?","R","B",null,"M","?","$","M","M","R","M","E","T","?","M","?","E","M","R","B",null,"M","M","M","?","$","E","?","M","T","?","R","M","M","M","R","B",null],"character_chosen":"MARISA","items_purchased":["WitchOfGreed","Replay:Bottled Flurry","ReplayTheSpireMod:TigerMarble","PowerPotion","EnergyFlow","MagicAbsorber","hubris:EmptyBottle"],"campfire_rested":1,"item_purchase_floors":[0,20,20,20,39,39,39],"current_hp_per_floor":[75,57,57,57,56,53,53,48,48,48,33,33,33,33,33,33,80,77,77,77,77,63,63,63,48,48,48,48,48,43,44,81,68,83,85,85,87,90,90,94,89,91,91,91,91,82,78,82,82,101],"gold":285,"neow_bonus":"","is_daily":false,"chose_seed":false,"campfire_upgraded":5,"win_rate":0.0,"timestamp":1613897528,"path_taken":["M","?","M","?","M","E","R","E","T","M","M","M","?","?","R","BOSS","M","?","$","M","?","R","M","E","T","?","M","?","E","?","R","BOSS","M","M","M","?","$","E","?","M","T","?","R","M","M","?","R","BOSS"],"items_purchased_type":["Card","Relic","Relic","Potion","Card","Card","Relic"],"build_version":"2020-12-22","purchased_purges":0,"victory":true,"max_hp_per_floor":[75,75,75,75,75,80,80,80,80,80,80,80,80,80,80,80,80,80,80,80,80,80,80,80,80,80,80,80,80,80,81,81,83,83,85,85,87,90,90,94,89,91,91,91,91,95,95,99,99,101],"card_choices":[{"not_picked":["WitchLeyline","ManaConvection"],"picked":"AsteroidBelt","floor":1.0},{"not_picked":["hubris:Rewind","ReplayTheSpireMod:Black Plague"],"picked":"infinitespire:Execution","floor":2.0},{"not_picked":["WitchOfGreed","ShootTheMoon","LuminesStrike","ChargeUpSpray"],"picked":"EnergyFlow","floor":3.0},{"not_picked":["GravityBeat","ManaConvection","ShootingEcho","BigCrunch"],"picked":"MeteoricShower","floor":5.0},{"not_picked":["SporeBomb","IllusionStar","PropBag","Singularity"],"picked":"NonDirectionalLaser","floor":6.0},{"not_picked":["MysteriousBeam","BlazeAway","Singularity","DoubleSpark"],"picked":"6A","floor":8.0},{"not_picked":["AsteroidBelt","DeepEcoloBomb","UnstableBomb","IllusionStar"],"picked":"MagicChant","floor":10.0},{"not_picked":["NonDirectionalLaser","LuminesStrike","WitchOfGreed","DoubleSpark"],"picked":"PulseMagic","floor":11.0},{"not_picked":["WitchOfGreed","ManaConvection","StarlightTyphoon","DragonMeteor","DoubleSpark"],"picked":"SKIP","floor":12.0},{"not_picked":["MagicChant","SatelliteIllusion","6A","ShootingEcho"],"picked":"AsteroidBelt","floor":14.0},{"not_picked":["LuminesStrike","DoubleSpark","GravityBeat","ShootingEcho"],"picked":"ChargeUpSpray","floor":14.0},{"not_picked":["JA","CollectingQuirk","UltimateShortwave","SuperNova"],"picked":"TreasureHunter","floor":16},{"not_picked":["Acceleration","EarthLightRay","PowerUp","AsteroidBelt"],"picked":"Robbery+1","floor":18},{"not_picked":["EarthLightRay","MilkyWay","DarkSpark","Robbery"],"picked":"MysteriousBeam","floor":21},{"not_picked":["OneTimeOff","PulseMagic","ManaConvection","DC"],"picked":"ChargingUp","floor":22},{"not_picked":["ShootingEcho+1","WitchOfGreed","MysteriousBeam","GrandCross+1"],"picked":"WitchLeyline","floor":24},{"not_picked":["EnergyRecoil","GasGiant","GrandCross+1","MaximisePower"],"picked":"MachineGunSpark","floor":25},{"not_picked":["RefractionSpark","MysteriousBeam+1","Orbital","Acceleration"],"picked":"WitchLeyline+1","floor":28},{"not_picked":["MilkyWay+1","OpenUniverse","EnergyRecoil","PowerUp"],"picked":"UltimateShortwave","floor":30},{"not_picked":["NonDirectionalLaser","6A+1","MilkyWay+1","DoubleSpark"],"picked":"OortCloud+1","floor":31},{"not_picked":["JA","UltimateShortwave","BigCrunch","BinaryStars"],"picked":"ManaRampage","floor":33},{"not_picked":["DC","PulseMagic","OneTimeOff","WitchOfGreed+1"],"picked":"PowerUp+1","floor":35},{"not_picked":["GrandCross","Acceleration+1","UnstableBomb+1","ShootingEcho","6A"],"picked":"SKIP","floor":36},{"not_picked":["GrandCross","Acceleration+1","UnstableBomb+1","ShootingEcho","6A"],"picked":"SKIP","floor":36},{"not_picked":["SporeBomb+1","EarthLightRay","GrandCross+1","GravityBeat+1","MagicChant"],"picked":"SKIP","floor":37},{"not_picked":["WitchOfGreed+1","DarkMatter+1","RefractionSpark+1","GrandCross"],"picked":"EnergyFlow","floor":40},{"not_picked":["GrandCross+1","EventHorizon+1","Robbery","WitchLeyline","MysteriousBeam+1"],"picked":"SKIP","floor":42},{"not_picked":["Acceleration+1","PowerUp+1","MilkyWay+1","WitchOfGreed"],"picked":"GalacticHalo","floor":46},{"not_picked":["ChargingUp","OneTimeOff+1","JA","WitchLeyline"],"picked":"GasGiant","floor":47},{"not_picked":["DoubleSpark","MilkyWay","WitchOfGreed","MysteriousBeam"],"picked":"DragonMeteor+1","floor":48}],"player_experience":1952278,"relics_obtained":[{"floor":1.0,"key":"SynthV:TestCard"},{"floor":6.0,"key":"Durian"},{"floor":8.0,"key":"halation:PromiseList"},{"floor":9.0,"key":"Replay:Rubber Ducky"},{"floor":14.0,"key":"reliquary:Boomerang"},{"floor":25,"key":"AmplifyWand"},{"floor":25,"key":"reliquary:FeatherDuster"},{"floor":25,"key":"Gremlin Food"},{"floor":26,"key":"Regal Pillow"},{"floor":30,"key":"ReplayFunnel"},{"floor":30,"key":"HeavenlyBonsai"},{"floor":30,"key":"conspire:TopHat"},{"floor":40,"key":"StuffTheSpire:SapphireSignet"},{"floor":40,"key":"ImprovedEquipment"},{"floor":43,"key":"hubris:TenFootPole"}],"event_choices":[{"damage_healed":0.0,"max_hp_gain":0.0,"max_hp_loss":0.0,"gold_gain":0.0,"event_name":"Living Wall","player_choice":"Grow","floor":4.0,"gold_loss":0.0,"damage_taken":0.0,"cards_upgraded":["EnergyFlow"]},{"damage_healed":0,"gold_gain":0,"player_choice":"Upgraded Two","damage_taken":0,"max_hp_gain":0,"max_hp_loss":0,"event_name":"Designer","floor":19,"gold_loss":40,"cards_upgraded":["Strike_MRS","WitchOfGreed"]},{"damage_healed":0,"gold_gain":0,"player_choice":"Simplicity","damage_taken":0,"max_hp_gain":0,"max_hp_loss":0,"event_name":"betterThird:BetterWriting","floor":29,"gold_loss":0},{"cards_removed":["Robbery"],"damage_healed":0,"gold_gain":0,"player_choice":"Offered Uncommon","damage_taken":0,"max_hp_gain":0,"max_hp_loss":0,"event_name":"Bonfire Elementals","floor":44,"gold_loss":0}],"is_beta":false,"boss_relics":[{"not_picked":["aspiration:FutureDiary","Painkiller Herb"],"picked":"Black Star"},{"not_picked":["Kintsugi","conspire:RoyalGoblet","OneHitWonderSystem"]}],"items_purged_floors":[],"is_endless":false,"potions_floor_spawned":[1,3,10,12,24,25,30,35,36,40,47],"ascension_level":0}}