{"host":"cr9rpoy6dx9riis3","time":1613932406,"event":{"mods":["AchievementEnabler","BaseMod","Better Altar","Better Note","Better Sensory Stone","Better Skull","Better Third Choice","Better-Laid Plans","BetterRewards","Block Reminder","Curses Come First","Displayed Cursed Tome","Emptier Cage","Marked Mod","Minty Spire (QoL Compilation)","Permanent Neow","Relic Sorter","StSLib","The Blue Laboratory","Transform Curses"],"gold_per_floor":[118,68,122,138,313,313,56,75,102,102,102,2,2,19,19,118,118,129,143,18,29,49,81,81,81,129,129,141,141,158,189,189,189,189],"floor_reached":33,"language":"ENG","playtime":1135,"items_purged":["Doubt","Defend_G","Strike_G"],"score":344,"play_id":"dfd459cc-0f22-4fe2-ae2c-005056b14f60","local_time":"20210221193326","is_ascension_mode":true,"campfire_choices":[{"data":"Glass Knife","floor":6,"key":"SMITH"},{"data":"Sadistic Nature","floor":11,"key":"SMITH"},{"data":"Survivor","floor":13,"key":"SMITH"},{"floor":15,"key":"REST"},{"data":"Glass Knife","floor":24,"key":"SMITH"},{"data":"Sucker Punch","floor":27,"key":"SMITH"},{"data":"Sucker Punch","floor":29,"key":"SMITH"},{"data":"Tools of the Trade","floor":32,"key":"SMITH"}],"circlet_count":0,"master_deck":["Strike_G","Strike_G","Strike_G","Defend_G","Defend_G","Defend_G","Survivor+1","Neutralize","Glass Knife+1","Eviscerate","Sadistic Nature+1","Sucker Punch+1","Glass Knife+1","Sucker Punch+1","Backflip","Die Die Die+1","Tools of the Trade+1","Glass Knife"],"relics":["Ring of the Snake","Coffee Dripper","Regal Pillow"],"acts_visited":["Exordium","TheCity"],"potions_floor_usage":[16,22,23,33,33,33],"damage_taken":[{"damage":2,"enemies":"Jaw Worm","floor":1,"turns":4},{"damage":0,"enemies":"2 Louse","floor":4,"turns":3},{"damage":0,"enemies":"Small Slimes","floor":8,"turns":2},{"damage":9,"enemies":"Blue Slaver","floor":14,"turns":3},{"damage":35,"enemies":"Hexaghost","floor":16,"turns":10},{"damage":0,"enemies":"Shell Parasite","floor":18,"turns":3},{"damage":0,"enemies":"Spheric Guardian","floor":19,"turns":3},{"damage":12,"enemies":"3 Cultists","floor":21,"turns":4},{"damage":0,"enemies":"Shelled Parasite and Fungi","floor":22,"turns":5},{"damage":15,"enemies":"Book of Stabbing","floor":23,"turns":5},{"damage":0,"enemies":"Sentry and Sphere","floor":28,"turns":3},{"damage":15,"enemies":"Snake Plant","floor":30,"turns":3},{"damage":14,"enemies":"Gremlin Leader","floor":31,"turns":5},{"damage":35,"enemies":"Champ","floor":33,"turns":10}],"seed_played":"-2628643339849765663","potions_obtained":[{"floor":1,"key":"EssenceOfSteel"},{"floor":8,"key":"blueLaboratory:FruitPreserves"},{"floor":21,"key":"blueLaboratory:StoneskinPotion"},{"floor":22,"key":"blueLaboratory:StoneskinPotion"},{"floor":30,"key":"Block Potion"},{"floor":31,"key":"blueLaboratory:BottleOfVodka"}],"is_trial":false,"path_per_floor":["M","?","T","M","?","R","$","M","T","?","R","$","R","M","R","B",null,"M","M","$","M","M","E","R","?","T","R","M","R","M","E","R","B"],"character_chosen":"THE_SILENT","items_purchased":["Sadistic Nature"],"campfire_rested":1,"item_purchase_floors":[7],"current_hp_per_floor":[47,47,47,47,47,47,47,47,47,47,47,47,47,38,59,24,59,59,59,59,47,47,32,32,32,32,32,32,32,17,3,3,0,0],"gold":189,"neow_bonus":"THREE_RARE_CARDS","is_daily":false,"chose_seed":false,"campfire_upgraded":7,"win_rate":0.0,"timestamp":1613932406,"path_taken":["M","?","?","M","?","R","$","M","T","?","R","$","R","M","R","BOSS","M","M","$","M","M","E","R","?","T","R","M","R","M","E","R","BOSS"],"items_purchased_type":["Card"],"build_version":"2020-12-22","purchased_purges":3,"victory":false,"max_hp_per_floor":[70,70,70,70,70,70,70,70,70,70,70,70,70,70,70,70,70,70,70,70,70,70,70,70,70,70,70,70,70,70,70,70,70,70],"card_choices":[{"not_picked":["Phantasmal Killer","Storm of Steel"],"picked":"Glass Knife","floor":0},{"not_picked":["Catalyst","Backflip"],"picked":"Eviscerate","floor":1},{"not_picked":["Calculated Gamble","Blade Dance","Cloak And Dagger"],"picked":"SKIP","floor":4},{"not_picked":["Blade Dance","Backflip"],"picked":"Sucker Punch","floor":8},{"not_picked":["Cloak And Dagger","Bane","Reflex"],"picked":"SKIP","floor":14},{"not_picked":["Bullet Time","Envenom"],"picked":"Glass Knife","floor":16},{"not_picked":["Bane","Riddle With Holes"],"picked":"Sucker Punch","floor":18},{"not_picked":["Acrobatics","Bouncing Flask+1","Caltrops+1"],"picked":"SKIP","floor":19},{"not_picked":["Deadly Poison","Quick Slash+1","Flying Knee"],"picked":"SKIP","floor":21},{"not_picked":["Slice","Footwork","Dagger Spray"],"picked":"SKIP","floor":22},{"not_picked":["Acrobatics","Blade Dance"],"picked":"Backflip","floor":23},{"not_picked":["Dagger Spray","Dodge and Roll+1","Bane"],"picked":"SKIP","floor":28},{"not_picked":["Acrobatics+1","Dagger Throw"],"picked":"Tools of the Trade","floor":30},{"not_picked":["Die Die Die","Infinite Blades"],"picked":"Glass Knife","floor":31}],"player_experience":764952,"relics_obtained":[{"floor":23,"key":"Regal Pillow"},{"floor":26,"key":"Dream Catcher"}],"event_choices":[{"cards_removed":["Defend_G"],"damage_healed":0,"gold_gain":0,"player_choice":"Card Removal","damage_taken":0,"max_hp_gain":0,"max_hp_loss":0,"event_name":"The Cleric","floor":2,"gold_loss":50},{"damage_healed":0,"gold_gain":175,"player_choice":"AGREE","damage_taken":138,"max_hp_gain":0,"max_hp_loss":0,"event_name":"betterThird:BetterSerpent","floor":5,"gold_loss":0},{"cards_removed":["Strike_G"],"damage_healed":0,"gold_gain":0,"player_choice":"Forget","damage_taken":0,"max_hp_gain":0,"max_hp_loss":0,"event_name":"Living Wall","floor":10,"gold_loss":0},{"cards_removed":["Sadistic Nature"],"damage_healed":0,"gold_gain":0,"player_choice":"Take \u0026 Give","damage_taken":0,"max_hp_gain":0,"max_hp_loss":0,"event_name":"betterNote:BetterNote","floor":25,"gold_loss":0,"cards_obtained":["Die Die Die"]}],"is_beta":false,"boss_relics":[{"not_picked":["Busted Crown","Runic Dome"],"picked":"Coffee Dripper"}],"items_purged_floors":[7,12,20],"is_endless":false,"potions_floor_spawned":[1,8,21,22,30,31],"killed_by":"Champ","ascension_level":5}}