{"host":"sw6p9u0oh417cx03","time":1613912969,"event":{"mods":["AchievementEnabler","Act Like it!","BaseMod","CapriCore","DeckTracker","Highlight Path","Minty Spire (QoL Compilation)","Quick Restart","StSLib"],"gold_per_floor":[113,113,113,113,124,124,156,156,205,222,222,248,267,277,277,372,372,384,404,404,404,415,415,340,354,380,380,380,397,427,444,444,548,548,562,562,580,283,233,233,268,318,342,378,378,404,76,91,91,91,91,91,41,85,85],"floor_reached":56,"language":"ZHS","playtime":1322,"items_purged":["Strike_G","Defend_G","Defend_G","Defend_G","Defend_G"],"score":1663,"play_id":"eedf4de5-ec77-4a57-879c-af4c4d6ecf2d","local_time":"20210221210929","is_ascension_mode":false,"campfire_choices":[{"data":"Defend_G","floor":6.0,"key":"SMITH"},{"data":"Wraith Form v2","floor":8.0,"key":"SMITH"},{"data":"Tactician","floor":15.0,"key":"SMITH"},{"data":"Adrenaline","floor":23,"key":"SMITH"},{"data":"Footwork","floor":27,"key":"SMITH"},{"data":"Prepared","floor":32,"key":"SMITH"},{"data":"Reflex","floor":40,"key":"SMITH"},{"floor":49,"key":"RECALL"},{"data":"Eviscerate","floor":52,"key":"SMITH"}],"circlet_count":0,"master_deck":["Defend_G+1","Survivor","Neutralize+1","After Image","Caltrops","Footwork+1","Wraith Form v2+1","Tactician+1","Adrenaline+1","Prepared+1","Eviscerate+1","Reflex+1","Eviscerate+1","Acrobatics+1"],"relics":["Ring of the Snake","Matryoshka","Nunchaku","Whetstone","White Beast Statue","Black Star","Turnip","Smiling Mask","Potion Belt","MealTicket","Gambling Chip","Runic Pyramid","Shuriken","Darkstone Periapt","Dream Catcher","The Specimen","CeramicFish","Centennial Puzzle","Toxic Egg 2","MawBank","Orichalcum","TungstenRod","Boot","Art of War"],"acts_visited":["TheCity","TheBeyond","TheEnding"],"potions_floor_usage":[42,42,50,55,55,55],"damage_taken":[{"damage":0.0,"enemies":"Cultist","floor":1.0,"turns":1.0},{"damage":0.0,"enemies":"2 Louse","floor":5.0,"turns":1.0},{"damage":0.0,"enemies":"Gremlin Nob","floor":7.0,"turns":1.0},{"damage":0.0,"enemies":"Small Slimes","floor":10.0,"turns":1.0},{"damage":0.0,"enemies":"Lagavulin","floor":12.0,"turns":1.0},{"damage":0.0,"enemies":"Exordium Thugs","floor":13.0,"turns":1.0},{"damage":0.0,"enemies":"Looter","floor":14.0,"turns":1.0},{"damage":0.0,"enemies":"The Guardian","floor":16.0,"turns":1.0},{"damage":0,"enemies":"Spheric Guardian","floor":18,"turns":1},{"damage":0,"enemies":"2 Thieves","floor":19,"turns":1},{"damage":0,"enemies":"Snake Plant","floor":22,"turns":1},{"damage":0,"enemies":"Centurion and Healer","floor":25,"turns":1},{"damage":0,"enemies":"Snecko","floor":29,"turns":1},{"damage":0,"enemies":"Book of Stabbing","floor":30,"turns":1},{"damage":0,"enemies":"Cultist and Chosen","floor":31,"turns":1},{"damage":0,"enemies":"Collector","floor":33,"turns":1},{"damage":0,"enemies":"3 Darklings","floor":35,"turns":5},{"damage":0,"enemies":"3 Shapes","floor":37,"turns":4},{"damage":0,"enemies":"Reptomancer","floor":41,"turns":1},{"damage":0,"enemies":"Mind Bloom Boss Battle","floor":42,"turns":1},{"damage":0,"enemies":"Giant Head","floor":44,"turns":1},{"damage":0,"enemies":"Reptomancer","floor":46,"turns":2},{"damage":0,"enemies":"Sphere and 2 Shapes","floor":48,"turns":3},{"damage":0,"enemies":"Awakened One","floor":50,"turns":3},{"damage":0,"enemies":"Shield and Spear","floor":54,"turns":2},{"damage":0,"enemies":"The Heart","floor":55,"turns":4}],"seed_played":"546929008985299247","potions_obtained":[{"floor":1.0,"key":"SteroidPotion"},{"floor":4.0,"key":"Block Potion"},{"floor":4.0,"key":"FearPotion"},{"floor":18,"key":"CunningPotion"},{"floor":19,"key":"Weak Potion"},{"floor":29,"key":"Explosive Potion"},{"floor":30,"key":"DistilledChaos"},{"floor":33,"key":"GhostInAJar"},{"floor":35,"key":"AttackPotion"},{"floor":37,"key":"GamblersBrew"},{"floor":42,"key":"Explosive Potion"},{"floor":44,"key":"SpeedPotion"},{"floor":46,"key":"SpeedPotion"},{"floor":48,"key":"SteroidPotion"},{"floor":54,"key":"ColorlessPotion"}],"is_trial":false,"path_per_floor":["M","$","T","?","M","R","E","R","T","M","?","E","M","M","R","B",null,"M","M","?","?","M","R","$","M","T","R","?","M","E","M","R","B",null,"M","?","M","$","$","R","E","?","T","E","?","E","$","M","R","B",null,"R","$","E","B",null],"character_chosen":"THE_SILENT","items_purchased":["Shuriken","TungstenRod"],"campfire_rested":0,"item_purchase_floors":[38,47],"current_hp_per_floor":[70,70,70,70,70,70,70,70,70,70,70,70,70,70,70,70,70,70,70,70,67,67,67,67,67,67,67,55,55,55,55,55,55,72,72,72,72,72,72,72,72,72,72,72,68,68,68,68,68,68,68,68,68,68,68],"gold":85,"neow_bonus":"TRANSFORM_TWO_CARDS","is_daily":false,"chose_seed":false,"campfire_upgraded":8,"win_rate":0.0,"timestamp":1613912969,"path_taken":["M","$","?","?","M","R","E","R","T","?","?","E","M","M","R","BOSS","M","M","?","?","?","R","$","M","T","R","?","M","E","M","R","BOSS","M","?","M","?","$","R","E","?","T","E","?","E","$","M","R","BOSS","R","$","E","BOSS"],"items_purchased_type":["Relic","Relic"],"build_version":"2020-12-22","purchased_purges":5,"victory":true,"max_hp_per_floor":[70,70,70,70,70,70,70,70,70,70,70,70,70,70,70,70,70,70,70,70,67,67,67,67,67,67,67,72,72,72,72,72,72,72,72,72,72,72,72,72,72,72,72,72,68,68,68,68,68,68,68,68,68,68,68],"card_choices":[{"not_picked":["Prepared","PiercingWail"],"picked":"Footwork","floor":1.0},{"not_picked":["Deadly Poison","Dagger Throw","Quick Slash"],"picked":"SKIP","floor":5.0},{"not_picked":["Flechettes","Predator"],"picked":"Wraith Form v2","floor":7.0},{"not_picked":["Masterful Stab","PiercingWail","Cloak And Dagger"],"picked":"SKIP","floor":10.0},{"not_picked":["Predator","Blade Dance","Catalyst"],"picked":"SKIP","floor":12.0},{"not_picked":["Underhanded Strike","Riddle With Holes"],"picked":"Tactician","floor":13.0},{"not_picked":["Blade Dance","Bane","Outmaneuver"],"picked":"SKIP","floor":14.0},{"not_picked":["A Thousand Cuts","Corpse Explosion"],"picked":"Adrenaline","floor":16.0},{"not_picked":["PiercingWail+1","Masterful Stab","Sucker Punch"],"picked":"SKIP","floor":18},{"not_picked":["Caltrops","Riddle With Holes+1"],"picked":"Prepared","floor":19},{"not_picked":["Deflect+1","Endless Agony+1","Dodge and Roll+1"],"picked":"SKIP","floor":22},{"not_picked":["Deadly Poison","Masterful Stab+1","PiercingWail"],"picked":"SKIP","floor":25},{"not_picked":["Deflect+1","Slice"],"picked":"Eviscerate","floor":29},{"not_picked":["Sucker Punch","Venomology"],"picked":"Reflex","floor":30},{"not_picked":["Riddle With Holes","Deflect","Quick Slash"],"picked":"SKIP","floor":31},{"not_picked":["Dash","Flying Knee","Blade Dance+1"],"picked":"SKIP","floor":35},{"not_picked":["Eviscerate+1","PiercingWail","Flying Knee+1"],"picked":"SKIP","floor":37},{"not_picked":["Quick Slash+1","Calculated Gamble","Outmaneuver+1"],"picked":"SKIP","floor":41},{"not_picked":["Masterful Stab","Noxious Fumes"],"picked":"Eviscerate+1","floor":44},{"not_picked":["Flying Knee","Dagger Throw+1","Skewer"],"picked":"SKIP","floor":46},{"not_picked":["All Out Attack+1","Eviscerate","Outmaneuver+1"],"picked":"SKIP","floor":48},{"not_picked":["Flying Knee+1","Wraith Form v2"],"picked":"Acrobatics+1","floor":54}],"player_experience":302994,"relics_obtained":[{"floor":7.0,"key":"Matryoshka"},{"floor":9.0,"key":"Nunchaku"},{"floor":9.0,"key":"Whetstone"},{"floor":12.0,"key":"White Beast Statue"},{"floor":26,"key":"Smiling Mask"},{"floor":26,"key":"Potion Belt"},{"floor":30,"key":"MealTicket"},{"floor":30,"key":"Gambling Chip"},{"floor":41,"key":"Darkstone Periapt"},{"floor":41,"key":"Dream Catcher"},{"floor":42,"key":"The Specimen"},{"floor":43,"key":"CeramicFish"},{"floor":44,"key":"Centennial Puzzle"},{"floor":44,"key":"Toxic Egg 2"},{"floor":46,"key":"MawBank"},{"floor":46,"key":"Orichalcum"},{"floor":54,"key":"Boot"},{"floor":54,"key":"Art of War"}],"event_choices":[{"damage_healed":0.0,"max_hp_gain":0.0,"max_hp_loss":0.0,"gold_gain":0.0,"event_name":"Lab","player_choice":"Got Potions","floor":4.0,"gold_loss":0.0,"damage_taken":0.0},{"cards_removed":["Strike_G"],"damage_healed":0.0,"max_hp_gain":0.0,"max_hp_loss":0.0,"gold_gain":0.0,"event_name":"Purifier","player_choice":"Purged","floor":11.0,"gold_loss":0.0,"damage_taken":0.0},{"damage_healed":0,"gold_gain":0,"player_choice":"Opened","damage_taken":0,"relics_obtained":["Turnip"],"max_hp_gain":0,"max_hp_loss":0,"event_name":"The Mausoleum","floor":20,"gold_loss":0},{"cards_removed":["Parasite"],"damage_healed":0,"gold_gain":0,"player_choice":"Card Removal","damage_taken":0,"max_hp_gain":0,"max_hp_loss":0,"event_name":"Wheel of Change","floor":21,"gold_loss":0},{"damage_healed":0,"gold_gain":0,"player_choice":"Shed Blood","damage_taken":17,"max_hp_gain":5,"max_hp_loss":0,"event_name":"Forgotten Altar","floor":28,"gold_loss":0},{"cards_removed":["Strike_G"],"damage_healed":0,"gold_gain":0,"player_choice":"Removed Attack","damage_taken":0,"max_hp_gain":0,"max_hp_loss":0,"event_name":"Falling","floor":36,"gold_loss":0},{"damage_healed":0,"gold_gain":0,"player_choice":"Fight","damage_taken":0,"max_hp_gain":0,"max_hp_loss":0,"event_name":"MindBloom","floor":42,"gold_loss":0},{"damage_healed":0,"gold_gain":0,"player_choice":"Max HP","damage_taken":0,"max_hp_gain":0,"max_hp_loss":4,"event_name":"Winding Halls","floor":45,"gold_loss":0}],"is_beta":false,"boss_relics":[{"not_picked":["Astrolabe","Fusion Hammer"],"picked":"Black Star"},{"not_picked":["SlaversCollar","Busted Crown"],"picked":"Runic Pyramid"}],"items_purged_floors":[24,38,39,47,53],"is_endless":false,"potions_floor_spawned":[1,7,12,13,14,16,18,19,22,25,29,30,31,33,35,37,41,42,44,46,48,54],"ascension_level":0}}