{"host":"qheym18ww6mhskxf","time":1613950363,"event":{"mods":["100% Spire Juice","BaseMod","CapriCore","Friendly Minions","GungeonMod","KOR Keyword Fix","Kiyohime£¨?ýï£©","Minty Spire (QoL Compilation)","Prisma Mod","Quick Restart","Rare Cards Sparkle","Shop Mod","Spicy Shops","StSLib","Td1madao Mod","The Dragon Tamer","Username Fix"],"gold_per_floor":[111,161,178,192,15,15,44,44,67,81,116,116,69,94,94,166,166,176,46,46,55,77,108,108,108],"floor_reached":24,"language":"KOR","playtime":714,"items_purged":["Strike_G"],"score":764,"play_id":"e7c72f30-3665-4ed2-8700-4d9ad4336ce4","local_time":"20210222083243","daily_mods":["Heirloom","Time Dilation","DeadlyEvents","Elite Swarm"],"is_ascension_mode":true,"campfire_choices":[{"data":"PrismaMod:ChloeCaladbolg","floor":6.0,"key":"SMITH"},{"data":"PrismaMod:ChloeCheapAttack","floor":8.0,"key":"SMITH"},{"floor":12.0,"key":"REST"},{"floor":15.0,"key":"REST"}],"circlet_count":0,"master_deck":["AscendersBane","Strike_G","Strike_G","Strike_G","Defend_G","Defend_G","Defend_G","Defend_G","Defend_G","Neutralize","Dagger Throw","PrismaMod:ChloeCheapAttack+1","PrismaMod:ChloeCaladbolg+1","After Image","PrismaMod:ChloeGaeBolg","Neutralize","Backstab"],"relics":["Ring of the Snake","MerchantsRug","PreservedInsect","Medical Kit","CeramicFish","Bag of Preparation"],"acts_visited":["Exordium","TheCity"],"potions_floor_usage":[24],"damage_taken":[{"damage":1.0,"enemies":"Small Slimes","floor":1.0,"turns":5.0},{"damage":3.0,"enemies":"Cultist","floor":3.0,"turns":5.0},{"damage":0.0,"enemies":"Jaw Worm","floor":4.0,"turns":5.0},{"damage":27.0,"enemies":"Gremlin Nob","floor":7.0,"turns":4.0},{"damage":21.0,"enemies":"Large Slime","floor":10.0,"turns":6.0},{"damage":6.0,"enemies":"Lagavulin","floor":11.0,"turns":6.0},{"damage":0.0,"enemies":"Gremlin Nob","floor":14.0,"turns":2.0},{"damage":46.0,"enemies":"Slime Boss","floor":16.0,"turns":9.0},{"damage":27.0,"enemies":"3 Byrds","floor":18.0,"turns":4.0},{"damage":0.0,"enemies":"Chosen","floor":22.0,"turns":3.0},{"damage":0.0,"enemies":"Gremlin Leader","floor":23.0,"turns":4.0},{"damage":0,"enemies":"Snake Plant","floor":24,"turns":2}],"seed_played":"-4601661053772048683","potions_obtained":[{"floor":1.0,"key":"PowerPotion"},{"floor":4.0,"key":"Block Potion"},{"floor":10.0,"key":"Regen Potion"},{"floor":23.0,"key":"Explosive Potion"}],"is_trial":true,"path_per_floor":["M","?","M","M","$","R","E","R","T","M","E","R","$","E","R","B",null,"M","$","?","?","M","E","M"],"character_chosen":"THE_SILENT","items_purchased":["MerchantsRug","PrismaMod:ChloeCaladbolg","Medical Kit","PrismaMod:ChloeGaeBolg","CeramicFish"],"campfire_rested":2,"item_purchase_floors":[5,5,13,13,19],"current_hp_per_floor":[58,52,49,49,49,49,22,22,22,1,10,29,29,29,48,2,50,23,23,5,5,5,5,5,5],"gold":108,"neow_bonus":"","is_daily":false,"chose_seed":false,"campfire_upgraded":2,"win_rate":0.0,"timestamp":1613950363,"path_taken":["M","?","M","M","$","R","?","R","T","?","E","R","$","E","R","BOSS","M","$","?","?","M","E","M"],"items_purchased_type":["Relic","Card","Relic","Card","Relic"],"build_version":"2020-12-22","purchased_purges":1,"victory":false,"max_hp_per_floor":[66,66,66,66,66,66,66,66,66,66,66,66,66,66,66,66,66,66,66,71,71,71,71,71,71],"card_choices":[{"not_picked":["Prepared","Catalyst"],"picked":"Dagger Throw","floor":1.0},{"not_picked":["Prepared","PrismaMod:ChloeDiscardRecovery","PrismaMod:ChloeCommonAOEAttack"],"picked":"SKIP","floor":3.0},{"not_picked":["Choke","Deadly Poison"],"picked":"PrismaMod:ChloeCheapAttack","floor":4.0},{"not_picked":["PrismaMod:ChloeReshuffleDiscard","Grand Finale"],"picked":"After Image","floor":7.0},{"not_picked":["Dodge and Roll","Endless Agony","Slice"],"picked":"SKIP","floor":10.0},{"not_picked":["PrismaMod:ChloeAnyAttackTrace","Corpse Explosion","PrismaMod:ChloeUnlimitedBladeWorks"],"picked":"SKIP","floor":11.0},{"not_picked":["Wraith Form v2","PrismaMod:ChloeDevil","PrismaMod:ChloeReshuffleDiscard"],"picked":"SKIP","floor":14.0},{"not_picked":["Prepared","Poisoned Stab","Slice"],"picked":"SKIP","floor":18.0},{"not_picked":["PrismaMod:ChloeDiscardRecovery+1","Heel Hook"],"picked":"Backstab","floor":22.0},{"not_picked":["Bullet Time","PrismaMod:ChloeDevil","A Thousand Cuts"],"picked":"SKIP","floor":23.0}],"player_experience":511005,"relics_obtained":[{"floor":7.0,"key":"Dream Catcher"},{"floor":9.0,"key":"Happy Flower"},{"floor":11.0,"key":"PreservedInsect"},{"floor":14.0,"key":"Tough Bandages"},{"floor":23.0,"key":"DemoMod:WeirdEgg"}],"event_choices":[{"damage_healed":0.0,"max_hp_gain":0.0,"max_hp_loss":0.0,"gold_gain":50.0,"event_name":"FaceTrader","player_choice":"Touch","floor":2.0,"gold_loss":0.0,"damage_taken":6.0},{"damage_healed":0.0,"max_hp_gain":5.0,"max_hp_loss":0.0,"gold_gain":0.0,"event_name":"Forgotten Altar","player_choice":"Shed Blood","floor":20.0,"gold_loss":0.0,"damage_taken":23.0},{"damage_healed":0.0,"max_hp_gain":0.0,"max_hp_loss":0.0,"gold_gain":0.0,"event_name":"Match and Keep!","player_choice":"1 cards matched","floor":21.0,"gold_loss":0.0,"damage_taken":0.0,"cards_obtained":["Neutralize"]}],"is_beta":false,"boss_relics":[{"not_picked":["Pandora\u0027s Box","Ectoplasm"],"picked":"Empty Cage"}],"items_purged_floors":[19],"is_endless":true,"potions_floor_spawned":[1,4,10,23],"killed_by":"Snake Plant","ascension_level":20}}