{"host":"oigynbtg272c19pw","time":1613909706,"event":{"mods":["BaseMod","Colored Map","Minty Spire (QoL Compilation)","Relic Stats","Slay the Relics Exporter","StSLib"],"gold_per_floor":[110,122,71,83,97,122,122,138,138,152,152,152,152],"floor_reached":12,"playtime":503,"items_purged":[],"score":164,"play_id":"d648aab7-1675-4fd6-ad35-53afd5d1f796","local_time":"20210221131506","is_ascension_mode":true,"campfire_choices":[{"data":"Conserve Battery","floor":7.0,"key":"SMITH"},{"data":"Self Repair","floor":11.0,"key":"SMITH"}],"circlet_count":0,"master_deck":["AscendersBane","Strike_B","Strike_B","Strike_B","Defend_B","Defend_B","Defend_B","Zap","Dualcast","Self Repair+1","Skim","Conserve Battery+1","Gash","Gash","Ball Lightning","BootSequence","Go for the Eyes","Consume","Beam Cell"],"relics":["Cracked Core","White Beast Statue","Pantograph"],"acts_visited":["Exordium"],"potions_floor_usage":[12],"damage_taken":[{"damage":2.0,"enemies":"Cultist","floor":1.0,"turns":4.0},{"damage":1.0,"enemies":"2 Louse","floor":2.0,"turns":3.0},{"damage":7.0,"enemies":"Jaw Worm","floor":4.0,"turns":4.0},{"damage":9.0,"enemies":"3 Louse","floor":5.0,"turns":4.0},{"damage":28.0,"enemies":"3 Sentries","floor":6.0,"turns":7.0},{"damage":7.0,"enemies":"Exordium Wildlife","floor":8.0,"turns":3.0},{"damage":14.0,"enemies":"Lots of Slimes","floor":10.0,"turns":5.0},{"damage":34,"enemies":"Gremlin Nob","floor":12,"turns":3}],"seed_played":"-7987449722321986258","potions_obtained":[{"floor":2.0,"key":"PotionOfCapacity"},{"floor":5.0,"key":"Swift Potion"},{"floor":6.0,"key":"BlessingOfTheForge"}],"is_trial":false,"path_per_floor":["M","M","$","M","M","E","R","M","T","M","R","E"],"character_chosen":"DEFECT","items_purchased":["Gash"],"campfire_rested":0,"item_purchase_floors":[3],"current_hp_per_floor":[51,57,57,57,55,34,34,34,34,27,27,0,0],"gold":152,"neow_bonus":"TRANSFORM_TWO_CARDS","is_daily":false,"chose_seed":false,"campfire_upgraded":2,"win_rate":0.0,"timestamp":1613909706,"path_taken":["M","M","$","M","M","E","R","?","T","M","R","E"],"items_purchased_type":["Card"],"build_version":"2020-12-13","purchased_purges":0,"victory":false,"max_hp_per_floor":[71,71,71,71,71,71,71,71,71,71,71,71,71],"relic_stats":{"counters":[8,33],"Pantograph":0,"obtain_stats":[{"Pantograph":9,"Cracked Core":0,"White Beast Statue":6},{"Pantograph":6,"Cracked Core":0,"White Beast Statue":5},{"Pantograph":25,"Cracked Core":0,"White Beast Statue":22}]},"card_choices":[{"not_picked":["Leap","Stack"],"picked":"Conserve Battery","floor":1.0},{"not_picked":["Stack","Steam"],"picked":"Gash","floor":2.0},{"not_picked":["Recycle","Barrage"],"picked":"Ball Lightning","floor":4.0},{"not_picked":["FTL","Reboot"],"picked":"BootSequence","floor":5.0},{"not_picked":["Turbo","Auto Shields"],"picked":"Go for the Eyes","floor":6.0},{"not_picked":["Doom and Gloom","Steam Power"],"picked":"Consume","floor":8.0},{"not_picked":["BootSequence","Stack"],"picked":"Beam Cell","floor":10.0}],"player_experience":1638834,"relics_obtained":[{"floor":6.0,"key":"White Beast Statue"},{"floor":9.0,"key":"Pantograph"}],"event_choices":[],"is_beta":false,"boss_relics":[],"items_purged_floors":[],"is_endless":false,"potions_floor_spawned":[2,5,6,8,10],"killed_by":"Gremlin Nob","ascension_level":20}}