{"host":"4jj9j1v1tx707ann","time":1613905940,"event":{"mods":["AchievementEnabler","BaseMod","Colored Map","Keyboard Shortcuts","Minty Spire (QoL Compilation)","Permanent Neow","Quick Restart","Rare Cards Sparkle","StSLib","SuperFastMode","everything is the same but u backflip on backflip"],"gold_per_floor":[116,116,126,76,76,117,142,142,142,173,173,173,173,173,173,298,298,314,314,328,29,29,29,49,90,115,129,129,145,189,30,30,160,160,174,188,36,36,36,36,57,95,95,95,108,108,108,108,108,108],"floor_reached":51,"language":"KOR","playtime":1736,"items_purged":[],"score":913,"play_id":"57569ad9-6a96-4ea3-ac72-6e100470972d","local_time":"20210221201220","is_ascension_mode":true,"campfire_choices":[{"floor":8.0,"key":"REST"},{"data":"Predator","floor":11.0,"key":"SMITH"},{"data":"Predator","floor":13.0,"key":"SMITH"},{"data":"Underhanded Strike","floor":15.0,"key":"SMITH"},{"data":"Neutralize","floor":23.0,"key":"SMITH"},{"data":"Corpse Explosion","floor":28.0,"key":"SMITH"},{"data":"Eviscerate","floor":32.0,"key":"SMITH"},{"data":"Tactician","floor":40.0,"key":"SMITH"},{"data":"Underhanded Strike","floor":49,"key":"SMITH"}],"circlet_count":0,"master_deck":["Strike_G+1","Strike_G+1","Strike_G+1","Strike_G+1","Defend_G+1","Defend_G+1","Defend_G+1","Defend_G+1","Defend_G+1","Survivor","Neutralize+1","Predator+1","Predator+1","Underhanded Strike+1","Wraith Form v2+1","Footwork+1","Backflip","Underhanded Strike+1","Corpse Explosion+1","Tactician+1","Acrobatics","Adrenaline+1","Eviscerate+1","Bouncing Flask","Wraith Form v2+1","CurseOfTheBell","Noxious Fumes+1","Bullet Time","Deflect","Blur","Secret Technique","Mind Blast","Wraith Form v2+1","Writhe"],"relics":["Snecko Eye","Frozen Egg 2","Golden Idol","Snake Skull","Eternal Feather","Juzu Bracelet","Ornamental Fan","Smiling Mask","Bag of Marbles","Centennial Puzzle","Calling Bell","Tiny Chest","Sundial","Girya","Molten Egg 2","Mummified Hand","Ninja Scroll"],"acts_visited":["Exordium","TheCity","TheBeyond"],"potions_floor_usage":[50,50],"damage_taken":[{"damage":7.0,"enemies":"Small Slimes","floor":1.0,"turns":5.0},{"damage":0.0,"enemies":"2 Louse","floor":3.0,"turns":2.0},{"damage":36.0,"enemies":"3 Sentries","floor":6.0,"turns":13.0},{"damage":0.0,"enemies":"Jaw Worm","floor":7.0,"turns":3.0},{"damage":13.0,"enemies":"Gremlin Nob","floor":10.0,"turns":4.0},{"damage":18.0,"enemies":"The Guardian","floor":16.0,"turns":10.0},{"damage":3.0,"enemies":"2 Thieves","floor":18.0,"turns":4.0},{"damage":17.0,"enemies":"3 Byrds","floor":20.0,"turns":7.0},{"damage":0.0,"enemies":"Snake Plant","floor":24.0,"turns":4.0},{"damage":0.0,"enemies":"Book of Stabbing","floor":25.0,"turns":5.0},{"damage":16.0,"enemies":"Shelled Parasite and Fungi","floor":27.0,"turns":5.0},{"damage":4.0,"enemies":"Cultist and Chosen","floor":29.0,"turns":5.0},{"damage":14.0,"enemies":"Gremlin Leader","floor":30.0,"turns":5.0},{"damage":43.0,"enemies":"Champ","floor":33.0,"turns":8.0},{"damage":0.0,"enemies":"3 Shapes","floor":35.0,"turns":3.0},{"damage":0.0,"enemies":"Orb Walker","floor":36.0,"turns":2.0},{"damage":8.0,"enemies":"Writhing Mass","floor":41.0,"turns":5.0},{"damage":0.0,"enemies":"Reptomancer","floor":42.0,"turns":6.0},{"damage":18,"enemies":"Sphere and 2 Shapes","floor":45,"turns":5},{"damage":45,"enemies":"Time Eater","floor":50,"turns":12}],"seed_played":"2931899694450799994","potions_obtained":[{"floor":3.0,"key":"Block Potion"},{"floor":7.0,"key":"SpeedPotion"},{"floor":16.0,"key":"Block Potion"},{"floor":18.0,"key":"Fire Potion"},{"floor":41.0,"key":"DuplicationPotion"}],"is_trial":false,"path_per_floor":["M","?","M","?","?","E","M","R","T","E","R","?","R","?","R","B",null,"M","?","M","$","?","R","M","E","T","M","R","M","E","$","R","B",null,"M","M","$","?","?","R","M","E","T","?","M","T","?","?","R","B",null],"character_chosen":"THE_SILENT","items_purchased":["Ornamental Fan","Backflip","Eviscerate","Bouncing Flask","Bullet Time"],"campfire_rested":1,"item_purchase_floors":[21,21,31,31,37],"current_hp_per_floor":[63,45,45,45,45,9,9,30,30,17,26,26,32,18,24,6,70,67,67,50,50,50,59,59,59,59,43,55,51,37,37,49,6,70,70,70,70,70,60,70,62,62,62,62,44,44,44,62,70,25],"gold":108,"neow_bonus":"BOSS_RELIC","is_daily":false,"chose_seed":false,"campfire_upgraded":8,"win_rate":0.0,"timestamp":1613905940,"path_taken":["M","?","M","?","?","E","M","R","T","E","R","?","R","?","R","BOSS","M","?","M","$","?","R","M","E","T","M","R","M","E","$","R","BOSS","M","M","$","?","?","R","M","E","T","?","M","?","?","?","R","BOSS"],"items_purchased_type":["Relic","Card","Card","Card","Card"],"build_version":"2020-12-22","purchased_purges":0,"victory":true,"max_hp_per_floor":[70,70,70,70,70,70,70,70,70,70,70,70,70,70,70,70,70,70,70,70,70,70,70,70,70,70,70,70,70,70,70,70,70,70,70,70,70,70,70,70,70,70,70,70,70,70,70,70,70,70],"card_choices":[{"not_picked":["Slice","Prepared"],"picked":"Predator","floor":1.0},{"not_picked":["Deadly Poison","Slice","Deflect"],"picked":"SKIP","floor":3.0},{"not_picked":["Choke","Flechettes","Slice"],"picked":"SKIP","floor":6.0},{"not_picked":["Acrobatics","Leg Sweep"],"picked":"Predator","floor":7.0},{"not_picked":["Blade Dance","Burst"],"picked":"Underhanded Strike","floor":10.0},{"not_picked":["Phantasmal Killer","Malaise"],"picked":"Wraith Form v2+1","floor":16.0},{"not_picked":["Expertise","Dagger Spray+1"],"picked":"Footwork+1","floor":18.0},{"not_picked":["Slice","Dagger Throw","Setup"],"picked":"SKIP","floor":20.0},{"not_picked":["PiercingWail","Deflect+1","Underhanded Strike"],"picked":"SKIP","floor":24.0},{"not_picked":["PiercingWail","Deflect+1"],"picked":"Underhanded Strike","floor":24.0},{"not_picked":["Quick Slash","Accuracy+1"],"picked":"Corpse Explosion","floor":25.0},{"not_picked":["Infinite Blades+1","Backflip"],"picked":"Tactician","floor":27.0},{"not_picked":["Skewer","Sucker Punch+1"],"picked":"Acrobatics","floor":29.0},{"not_picked":["Backflip","Tools of the Trade+1"],"picked":"Adrenaline","floor":30.0},{"not_picked":["Unload","Grand Finale"],"picked":"Wraith Form v2+1","floor":33.0},{"not_picked":["Blade Dance","Dagger Throw","All Out Attack"],"picked":"SKIP","floor":35.0},{"not_picked":["Leg Sweep","Sucker Punch+1"],"picked":"Noxious Fumes+1","floor":36.0},{"not_picked":["Enlightenment","Good Instincts"],"picked":"Secret Technique","floor":39.0},{"not_picked":["Bandage Up","Deep Breath"],"picked":"Mind Blast","floor":39.0},{"not_picked":["Deflect+1","Dagger Spray+1","Dodge and Roll"],"picked":"SKIP","floor":41.0},{"not_picked":["Bane+1","Tools of the Trade+1","Skewer+1"],"picked":"SKIP","floor":42.0},{"not_picked":["Acrobatics+1","Sucker Punch+1","Outmaneuver+1"],"picked":"SKIP","floor":45}],"player_experience":186552,"relics_obtained":[{"floor":6.0,"key":"Snake Skull"},{"floor":9.0,"key":"Eternal Feather"},{"floor":10.0,"key":"Juzu Bracelet"},{"floor":25.0,"key":"Smiling Mask"},{"floor":26.0,"key":"Bag of Marbles"},{"floor":30.0,"key":"Centennial Puzzle"},{"floor":34.0,"key":"Tiny Chest"},{"floor":34.0,"key":"Sundial"},{"floor":34.0,"key":"Girya"},{"floor":42.0,"key":"Molten Egg 2"},{"floor":43.0,"key":"Mummified Hand"},{"floor":46,"key":"Ninja Scroll"}],"event_choices":[{"damage_healed":0.0,"max_hp_gain":0.0,"max_hp_loss":0.0,"gold_gain":0.0,"event_name":"Scrap Ooze","player_choice":"Success","floor":2.0,"gold_loss":0.0,"damage_taken":18.0,"relics_obtained":["Frozen Egg 2"]},{"cards_removed":["Strike_G"],"damage_healed":0.0,"max_hp_gain":0.0,"max_hp_loss":0.0,"gold_gain":0.0,"event_name":"The Cleric","player_choice":"Card Removal","floor":4.0,"gold_loss":50.0,"damage_taken":0.0},{"damage_healed":0.0,"max_hp_gain":0.0,"max_hp_loss":0.0,"gold_gain":0.0,"event_name":"Golden Idol","player_choice":"Take Wound","floor":5.0,"gold_loss":0.0,"damage_taken":0.0,"relics_obtained":["Golden Idol"],"cards_obtained":["Injury"]},{"cards_removed":["Injury"],"damage_healed":0.0,"max_hp_gain":0.0,"max_hp_loss":0.0,"gold_gain":0.0,"event_name":"Living Wall","player_choice":"Forget","floor":12.0,"gold_loss":0.0,"damage_taken":0.0},{"damage_healed":0.0,"max_hp_gain":0.0,"max_hp_loss":0.0,"gold_gain":0.0,"event_name":"Shining Light","player_choice":"Entered Light","floor":14.0,"gold_loss":0.0,"damage_taken":14.0,"cards_upgraded":["Defend_G","Defend_G"]},{"damage_healed":0.0,"max_hp_gain":0.0,"max_hp_loss":0.0,"gold_gain":0.0,"event_name":"The Woman in Blue","player_choice":"Bought 0 Potions","floor":19.0,"gold_loss":0.0,"damage_taken":0.0},{"damage_healed":0.0,"max_hp_gain":0.0,"max_hp_loss":0.0,"gold_gain":0.0,"event_name":"Back to Basics","player_choice":"Simplicity","floor":22.0,"gold_loss":0.0,"damage_taken":0.0,"cards_upgraded":["Strike_G","Strike_G","Strike_G","Strike_G","Defend_G","Defend_G","Defend_G"]},{"damage_healed":0.0,"max_hp_gain":0.0,"max_hp_loss":0.0,"gold_gain":0.0,"event_name":"Match and Keep!","player_choice":"2 cards matched","floor":38.0,"gold_loss":0.0,"damage_taken":0.0,"cards_obtained":["Deflect","Blur"]},{"damage_healed":0.0,"max_hp_gain":0.0,"max_hp_loss":0.0,"gold_gain":0.0,"event_name":"SensoryStone","player_choice":"Memory 3","floor":39.0,"gold_loss":0.0,"damage_taken":10.0},{"damage_healed":0.0,"max_hp_gain":0.0,"max_hp_loss":0.0,"gold_gain":0.0,"event_name":"Accursed Blacksmith","player_choice":"Forge","floor":44.0,"gold_loss":0.0,"damage_taken":0.0,"cards_upgraded":["Adrenaline"]},{"damage_healed":0,"gold_gain":0,"player_choice":"Copied","damage_taken":0,"max_hp_gain":0,"max_hp_loss":0,"event_name":"Duplicator","floor":47,"gold_loss":0,"cards_obtained":["Wraith Form v2"]},{"damage_healed":18,"gold_gain":0,"player_choice":"Writhe","damage_taken":0,"max_hp_gain":0,"max_hp_loss":0,"event_name":"Winding Halls","floor":48,"gold_loss":0,"cards_obtained":["Writhe"]}],"is_beta":false,"boss_relics":[{"not_picked":["Busted Crown","Runic Pyramid","Fusion Hammer"]},{"not_picked":["Empty Cage","Black Star"],"picked":"Calling Bell"}],"items_purged_floors":[],"is_endless":false,"potions_floor_spawned":[3,7,16,18,27,41],"ascension_level":4}}