{"host":"egwexuw5uvnxf11j","time":1613888383,"event":{"mods":["2.2 Compatiblity","Aspiration","BaseMod","Better Note","Better Sensory Stone","Better Third Choice","Displayed Cursed Tome","Downfall","Hermit","Key Reminder","Koishi","Marisa????????","Minty Spire (QoL Compilation)","Quick Restart","Shade Mod","Spicy Shops","StSLib","The Construct","The Cursed","The Runesmith","The Senshi","The Servant 0.9.4","Transform Curses"],"gold_per_floor":[212,226,32,48,60,89,104,167,167,167,227,194,224,251,251,352,352,333,350,350,146,174,204,204,204,230,230,230,248,248,276,276,374,374,389,439,138,138,138,138,171,200,223,223,0,25,25,25,25,25,25,25,25,92,92,92],"floor_reached":55,"language":"ENG","playtime":2325,"items_purged":[],"score":840,"play_id":"9f73e9b3-fe68-4278-b1fb-f74e2683cae2","local_time":"20210221011943","is_ascension_mode":true,"campfire_choices":[{"floor":10.0,"key":"REST"},{"floor":15.0,"key":"REST"},{"floor":24,"key":"REST"},{"floor":28,"key":"REST"},{"floor":32,"key":"REST"},{"floor":40,"key":"DIG"},{"floor":44,"key":"REST"},{"floor":49,"key":"RECALL"},{"floor":52,"key":"DIG"}],"circlet_count":0,"master_deck":["hermit:Strike_Hermit+1","hermit:Strike_Hermit+1","hermit:Strike_Hermit+1","hermit:Defend_Hermit+1","hermit:Defend_Hermit+1","hermit:Defend_Hermit+1","hermit:Defend_Hermit+1","hermit:Snapshot","hermit:Covet","hermit:Desperado","hermit:PistolWhip","hermit:GhostlyPresence","hermit:Shortfuse","hermit:Feint","hermit:DeadOrAlive","hermit:Horror","hermit:NoHoldsBarred","hermit:CalledShot","hermit:HighNoon","Anger+1","hermit:Manifest","hermit:FlashPowder","Clash","Metallicize","hermit:Maintenance+1","Juggernaut","hermit:HighCaliber+1","Thunderclap","Immolate","CurseOfTheBell","hermit:Brawl+1","Body Slam+1","hermit:HeroicBravado","hermit:TrackingShot+1","hermit:Snipe","Writhe","Secret Weapon","Flash of Steel","Clothesline"],"relics":["hermit:Momento","TheAbacus","White Beast Statue","Oddly Smooth Stone","Bottled Flame","aspiration:HummingbirdHeart","aspiration:IroncladSkillbook","Strawberry","MealTicket","aspiration:Lifesprig","aspiration:RitualStick","construct:BoolHorns","Calling Bell","Juzu Bracelet","Gremlin Horn","Shovel","Ice Cream","Torii","Pen Nib","Lantern","Red Mask","Bronze Scales","Pear","Ornamental Fan"],"acts_visited":["Exordium","TheCity","TheBeyond","TheEnding"],"potions_floor_usage":[22,23,23,23,33,33,42,42,50,50],"damage_taken":[{"damage":1.0,"enemies":"Jaw Worm","floor":1.0,"turns":3.0},{"damage":0.0,"enemies":"2 Louse","floor":2.0,"turns":2.0},{"damage":0.0,"enemies":"Small Slimes","floor":4.0,"turns":2.0},{"damage":5.0,"enemies":"Looter","floor":5.0,"turns":3.0},{"damage":39.0,"enemies":"Gremlin Nob","floor":6.0,"turns":5.0},{"damage":1.0,"enemies":"Blue Slaver","floor":7.0,"turns":4.0},{"damage":22.0,"enemies":"Lagavulin","floor":8.0,"turns":5.0},{"damage":16.0,"enemies":"Gremlin Nob","floor":13.0,"turns":3.0},{"damage":0.0,"enemies":"3 Louse","floor":14.0,"turns":2.0},{"damage":38.0,"enemies":"Hexaghost","floor":16.0,"turns":10.0},{"damage":10.0,"enemies":"2 Thieves","floor":18.0,"turns":4.0},{"damage":20.0,"enemies":"Spheric Guardian","floor":19.0,"turns":4.0},{"damage":0,"enemies":"Snake Plant","floor":22,"turns":4},{"damage":27,"enemies":"Slavers","floor":23,"turns":8},{"damage":20,"enemies":"Shelled Parasite and Fungi","floor":29,"turns":6},{"damage":34,"enemies":"Book of Stabbing","floor":31,"turns":6},{"damage":46,"enemies":"Collector","floor":33,"turns":8},{"damage":6,"enemies":"3 Shapes","floor":35,"turns":3},{"damage":12,"enemies":"Mind Bloom Boss Battle","floor":36,"turns":9},{"damage":1,"enemies":"3 Darklings","floor":41,"turns":4},{"damage":52,"enemies":"Nemesis","floor":42,"turns":7},{"damage":14,"enemies":"Reptomancer","floor":46,"turns":6},{"damage":74,"enemies":"Time Eater","floor":50,"turns":10},{"damage":74,"enemies":"Shield and Spear","floor":54,"turns":9},{"damage":61,"enemies":"The Heart","floor":55,"turns":3}],"seed_played":"7969778489158053954","potions_obtained":[{"floor":5.0,"key":"DuplicationPotion"},{"floor":6.0,"key":"hermit:Tonic"},{"floor":7.0,"key":"construct:ShiftPotion"},{"floor":8.0,"key":"PowerPotion"},{"floor":13.0,"key":"FairyPotion"},{"floor":14.0,"key":"ColorlessPotion"},{"floor":18.0,"key":"Strength Potion"},{"floor":19.0,"key":"Explosive Potion"},{"floor":22,"key":"Energy Potion"},{"floor":23,"key":"Fruit Juice"},{"floor":29,"key":"construct:ShiftPotion"},{"floor":31,"key":"Explosive Potion"},{"floor":33,"key":"Fruit Juice"},{"floor":35,"key":"bronze:BurnAndBuffPotion"},{"floor":36,"key":"Dexterity Potion"},{"floor":41,"key":"hermit:BlackBile"},{"floor":42,"key":"Weak Potion"},{"floor":46,"key":"SteroidPotion"},{"floor":54,"key":"Explosive Potion"}],"is_trial":false,"path_per_floor":["M","M","$","M","M","E","M","E","T","R","?","?","E","M","R","B",null,"M","M","?","$","M","E","R","?","T","?","R","M","?","E","R","B",null,"M","?","$","?","?","R","M","E","T","R","?","E","?","?","R","B",null,"R","$","E","B"],"character_chosen":"HERMIT","items_purchased":["TheAbacus","hermit:GhostlyPresence","Metallicize","Strawberry","Torii"],"campfire_rested":6,"item_purchase_floors":[3,3,21,21,37],"current_hp_per_floor":[74,74,74,74,69,30,29,7,7,29,29,29,13,13,35,22,75,69,53,53,60,64,46,72,72,72,55,81,65,65,35,61,24,92,90,82,92,92,92,92,92,44,44,71,71,61,84,84,84,14,92,102,102,32,0,0],"gold":92,"neow_bonus":"HUNDRED_GOLD","is_daily":false,"chose_seed":false,"campfire_upgraded":0,"win_rate":0.0,"timestamp":1613888383,"path_taken":["M","M","$","M","M","E","M","E","T","R","?","?","E","M","R","BOSS","M","M","?","$","M","E","R","?","T","?","R","M","?","E","R","BOSS","M","?","$","?","?","R","M","E","T","R","?","E","?","?","R","BOSS","R","$","E","BOSS"],"items_purchased_type":["Relic","Card","Card","Relic","Relic"],"build_version":"2020-12-22","purchased_purges":0,"victory":false,"max_hp_per_floor":[75,75,75,75,75,75,75,75,75,75,75,75,75,75,75,75,75,75,75,75,82,82,87,87,87,87,87,87,87,87,87,87,92,92,92,92,92,92,92,92,92,92,92,92,92,92,92,92,92,92,92,102,102,102,102,102],"card_choices":[{"not_picked":["hermit:TakeCover","hermit:LuckOfTheDraw"],"picked":"hermit:Desperado","floor":1.0},{"not_picked":["hermit:Feint","hermit:GoldenBullet"],"picked":"hermit:PistolWhip","floor":2.0},{"not_picked":["hermit:CalledShot","hermit:TrackingShot"],"picked":"hermit:Shortfuse","floor":4.0},{"not_picked":["hermit:Coalescence","hermit:Horror"],"picked":"hermit:Feint","floor":5.0},{"not_picked":["hermit:TrackingShot","hermit:FlashPowder"],"picked":"hermit:DeadOrAlive","floor":6.0},{"not_picked":["hermit:Vantage","hermit:Dive"],"picked":"hermit:Horror","floor":7.0},{"not_picked":["hermit:BodyArmor","hermit:Dive"],"picked":"hermit:Grudge","floor":8.0},{"not_picked":["hermit:Grudge","hermit:FromBeyond"],"picked":"hermit:NoHoldsBarred","floor":13.0},{"not_picked":["hermit:LowProfile","hermit:Feint"],"picked":"hermit:CalledShot","floor":14.0},{"not_picked":["hermit:Adapt","hermit:Gambit"],"picked":"hermit:HighNoon","floor":16.0},{"not_picked":["hermit:Deadeye","hermit:NoHoldsBarred+1","Dropkick"],"picked":"Anger+1","floor":18.0},{"not_picked":["Iron Wave","hermit:BodyArmor","hermit:GhostlyPresence+1"],"picked":"hermit:Manifest","floor":19.0},{"not_picked":["Sword Boomerang","Warcry","hermit:HeroicBravado"],"picked":"hermit:Maintenance+1","floor":22},{"not_picked":["hermit:TrackingShot+1","hermit:SprayPray","hermit:OverwhelmingPower"],"picked":"Juggernaut","floor":23},{"not_picked":["Thunderclap","hermit:SprayPray","hermit:CalledShot"],"picked":"hermit:HighCaliber+1","floor":29},{"not_picked":["Evolve","hermit:Gambit","hermit:Spite"],"picked":"Thunderclap","floor":31},{"not_picked":["Offering","Impervious","Exhume"],"picked":"Immolate","floor":33},{"not_picked":["Warcry+1","hermit:ItchyTrigger","hermit:Manifest"],"picked":"hermit:Brawl+1","floor":35},{"not_picked":["hermit:Ricochet","Sever Soul+1","True Grit+1"],"picked":"Body Slam+1","floor":36},{"not_picked":["Pommel Strike","hermit:CursedWeapon+1","hermit:Roulette+1"],"picked":"hermit:HeroicBravado","floor":41},{"not_picked":["hermit:Cheat","hermit:Roughhouse","hermit:LowProfile"],"picked":"hermit:TrackingShot+1","floor":42},{"not_picked":["hermit:TakeAim+1","Havoc","hermit:LuckOfTheDraw"],"picked":"hermit:Snipe","floor":46},{"not_picked":["Thinking Ahead","Violence","Impatience"],"picked":"Secret Weapon","floor":48},{"not_picked":["Deep Breath","Chrysalis","Impatience"],"picked":"Flash of Steel","floor":48},{"not_picked":["hermit:Manifest","Fiend Fire","hermit:TrackingShot+1"],"picked":"Clothesline","floor":54}],"player_experience":2112117,"relics_obtained":[{"floor":6.0,"key":"White Beast Statue"},{"floor":8.0,"key":"Oddly Smooth Stone"},{"floor":9.0,"key":"Bottled Flame"},{"floor":13.0,"key":"aspiration:HummingbirdHeart"},{"floor":23,"key":"MealTicket"},{"floor":26,"key":"aspiration:Lifesprig"},{"floor":31,"key":"construct:BoolHorns"},{"floor":34,"key":"Juzu Bracelet"},{"floor":34,"key":"Gremlin Horn"},{"floor":34,"key":"Shovel"},{"floor":36,"key":"Ice Cream"},{"floor":40,"key":"Pen Nib"},{"floor":42,"key":"Lantern"},{"floor":46,"key":"Bronze Scales"},{"floor":52,"key":"Pear"},{"floor":54,"key":"Ornamental Fan"}],"event_choices":[{"damage_healed":0.0,"max_hp_gain":0.0,"max_hp_loss":0.0,"gold_gain":60.0,"event_name":"Golden Wing","player_choice":"Gained Gold","floor":11.0,"gold_loss":0.0,"damage_taken":0.0},{"damage_healed":0.0,"max_hp_gain":0.0,"max_hp_loss":0.0,"gold_gain":0.0,"event_name":"betterThird:BetterGoop","player_choice":"Left","floor":12.0,"gold_loss":33.0,"damage_taken":0.0},{"damage_healed":0.0,"max_hp_gain":0.0,"max_hp_loss":0.0,"gold_gain":0.0,"cards_transformed":["hermit:Grudge","hermit:Strike_Hermit"],"event_name":"Drug Dealer","player_choice":"Became Test Subject","floor":20.0,"gold_loss":0.0,"damage_taken":0.0,"cards_obtained":["hermit:FlashPowder","Clash"]},{"damage_healed":0,"gold_gain":0,"player_choice":"Simplicity","damage_taken":0,"max_hp_gain":0,"max_hp_loss":7,"event_name":"betterThird:BetterWriting","floor":30,"gold_loss":0},{"damage_healed":0,"gold_gain":0,"player_choice":"Fight","damage_taken":0,"max_hp_gain":0,"max_hp_loss":0,"event_name":"MindBloom","floor":36,"gold_loss":0},{"damage_healed":0,"gold_gain":0,"player_choice":"Ignored","damage_taken":0,"max_hp_gain":0,"max_hp_loss":0,"event_name":"OrinTheCat","floor":38,"gold_loss":0},{"cards_removed":["Wraith"],"damage_healed":0,"gold_gain":0,"player_choice":"Removed Curses","damage_taken":0,"max_hp_gain":0,"max_hp_loss":0,"event_name":"Fountain of Cleansing","floor":39,"gold_loss":0},{"damage_healed":0,"gold_gain":0,"player_choice":"Paid","damage_taken":0,"relics_obtained":["Red Mask"],"max_hp_gain":0,"max_hp_loss":0,"event_name":"Tomb of Lord Red Mask","floor":45,"gold_loss":223},{"damage_healed":23,"gold_gain":0,"player_choice":"Writhe","damage_taken":0,"max_hp_gain":0,"max_hp_loss":0,"event_name":"Winding Halls","floor":47,"gold_loss":0,"cards_obtained":["Writhe"]},{"damage_healed":0,"gold_gain":3,"player_choice":"1","damage_taken":0,"max_hp_gain":0,"max_hp_loss":0,"event_name":"betterStone:BetterStone","floor":48,"gold_loss":0}],"is_beta":false,"boss_relics":[{"not_picked":["Snecko Eye","Sozu"],"picked":"aspiration:IroncladSkillbook"},{"not_picked":["Velvet Choker","aspiration:RunicSpoon"],"picked":"Calling Bell"}],"items_purged_floors":[],"is_endless":false,"potions_floor_spawned":[5,6,7,8,13,14,16,18,19,22,23,29,31,33,35,36,41,42,46,54],"killed_by":"The Heart","ascension_level":1}}