{"host":"l2lylj0omvglf5x0","time":1613895683,"event":{"mods":["2.2 Compatiblity","BaseMod","Bestiary","Block Reminder","Colored Map","Colored Powertips","Curses Come First","Highlight Path","Keyboard Shortcuts","Minty Spire (QoL Compilation)","Relic Sorter","Relic Stats","Slay the Relics Exporter","StSLib","SuperFastMode"],"gold_per_floor":[119,119,119,130,76,101,112,112,112,37,67,78,105,117,117,222,222,232,232,153,153,68,68,68],"floor_reached":23,"language":"ENG","playtime":523,"items_purged":["Strike_R"],"score":396,"play_id":"961f80cc-2759-456c-965b-2f1ef854384e","local_time":"20210221092123","is_ascension_mode":true,"campfire_choices":[{"data":"Bash","floor":8,"key":"SMITH"},{"data":"Spot Weakness","floor":15,"key":"SMITH"}],"circlet_count":0,"master_deck":["AscendersBane","Defend_R","Defend_R","Defend_R","Defend_R","Bash+1","Carnage+1","Thunderclap","Shrug It Off","Rampage+1","Spot Weakness+1","Bloodletting","Dual Wield","Combust","Cleave","Brutality","Shrug It Off","Bite","Bite","Bite","Bite","Bite","Inflame"],"relics":["Burning Blood","NeowsBlessing","Bottled Flame","Whetstone","Omamori","Oddly Smooth Stone","Runic Cube","Paper Frog"],"acts_visited":["Exordium","TheCity"],"potions_floor_usage":[12,14,16,16,23],"damage_taken":[{"damage":0,"enemies":"Jaw Worm","floor":1,"turns":1},{"damage":0,"enemies":"2 Louse","floor":4,"turns":1},{"damage":0,"enemies":"Lagavulin","floor":6,"turns":1},{"damage":0,"enemies":"Cultist","floor":7,"turns":2},{"damage":27,"enemies":"3 Sentries","floor":11,"turns":6},{"damage":4,"enemies":"2 Fungi Beasts","floor":12,"turns":3},{"damage":36,"enemies":"Gremlin Nob","floor":13,"turns":4},{"damage":18,"enemies":"Large Slime","floor":14,"turns":4},{"damage":31,"enemies":"Hexaghost","floor":16,"turns":8},{"damage":30,"enemies":"2 Thieves","floor":18,"turns":3},{"damage":40,"enemies":"Slavers","floor":23,"turns":2}],"seed_played":"-4692040534494079839","potions_obtained":[{"floor":1,"key":"BloodPotion"},{"floor":6,"key":"BloodPotion"},{"floor":12,"key":"LiquidBronze"},{"floor":14,"key":"Block Potion"},{"floor":18,"key":"ColorlessPotion"}],"is_trial":false,"path_per_floor":["M","?","?","M","$","E","M","R","T","$","E","M","E","M","R","B",null,"M","?","$","?","?","E"],"character_chosen":"IRONCLAD","items_purchased":["Shrug It Off","Inflame"],"campfire_rested":0,"item_purchase_floors":[5,20],"current_hp_per_floor":[78,83,83,85,85,85,85,85,85,85,64,83,53,58,58,33,72,48,48,48,38,38,0,0],"gold":68,"neow_bonus":"THREE_ENEMY_KILL","is_daily":false,"chose_seed":false,"campfire_upgraded":2,"win_rate":0.0,"timestamp":1613895683,"path_taken":["M","?","?","?","$","E","M","R","T","$","E","M","E","M","R","BOSS","M","?","$","?","?","E"],"items_purchased_type":["Card","Card"],"build_version":"2020-12-22","purchased_purges":1,"victory":false,"max_hp_per_floor":[80,85,85,85,85,85,85,85,85,85,85,85,85,85,85,85,85,85,59,59,64,64,64,64],"relic_stats":{"counters":[11,35],"Whetstone":["Rampage","Strike_R"],"obtain_stats":[{"Bottled Flame":6,"NeowsBlessing":0,"Oddly Smooth Stone":13,"Omamori":11,"Whetstone":9,"Burning Blood":0,"Runic Cube":17,"Paper Frog":22},{"Bottled Flame":3,"NeowsBlessing":0,"Oddly Smooth Stone":7,"Omamori":5,"Whetstone":4,"Burning Blood":0,"Runic Cube":9,"Paper Frog":10},{"Bottled Flame":3,"NeowsBlessing":0,"Oddly Smooth Stone":18,"Omamori":11,"Whetstone":5,"Burning Blood":0,"Runic Cube":30,"Paper Frog":33}],"Burning Blood":44,"Runic Cube":[8]},"card_choices":[{"not_picked":["Shockwave","Sword Boomerang"],"picked":"Carnage","floor":1},{"not_picked":["Rage","Clash"],"picked":"Thunderclap","floor":4},{"not_picked":["Body Slam","Warcry"],"picked":"Rampage","floor":6},{"not_picked":["Havoc","Wild Strike"],"picked":"Spot Weakness","floor":7},{"not_picked":["Clash","Rampage"],"picked":"Bloodletting","floor":11},{"not_picked":["Intimidate","Sentinel"],"picked":"Dual Wield","floor":12},{"not_picked":["Bloodletting","Sever Soul"],"picked":"Combust","floor":13},{"not_picked":["Heavy Blade","Combust"],"picked":"Cleave","floor":14},{"not_picked":["Offering","Bludgeon"],"picked":"Brutality","floor":16},{"not_picked":["Twin Strike","Heavy Blade"],"picked":"Shrug It Off","floor":18}],"player_experience":1020596,"relics_obtained":[{"floor":6,"key":"Bottled Flame"},{"floor":9,"key":"Whetstone"},{"floor":11,"key":"Omamori"},{"floor":13,"key":"Oddly Smooth Stone"}],"event_choices":[{"damage_healed":0,"gold_gain":0,"player_choice":"Donut","damage_taken":0,"max_hp_gain":5,"max_hp_loss":0,"event_name":"Big Fish","floor":2,"gold_loss":0},{"damage_healed":0,"gold_gain":0,"player_choice":"Forge","damage_taken":0,"max_hp_gain":0,"max_hp_loss":0,"event_name":"Accursed Blacksmith","floor":3,"gold_loss":0,"cards_upgraded":["Carnage"]},{"damage_healed":0,"gold_gain":0,"player_choice":"Became a vampire","damage_taken":0,"max_hp_gain":0,"max_hp_loss":26,"event_name":"Vampires","floor":19,"gold_loss":0,"cards_obtained":["Bite","Bite","Bite","Bite","Bite"]},{"damage_healed":0,"gold_gain":0,"player_choice":"Shed Blood","damage_taken":15,"max_hp_gain":5,"max_hp_loss":0,"event_name":"Forgotten Altar","floor":21,"gold_loss":0},{"damage_healed":0,"gold_gain":0,"player_choice":"Obtained Relic","damage_taken":0,"relics_obtained":["Paper Frog"],"max_hp_gain":0,"max_hp_loss":0,"event_name":"Addict","floor":22,"gold_loss":85}],"is_beta":false,"boss_relics":[{"not_picked":["Pandora\u0027s Box","Runic Pyramid"],"picked":"Runic Cube"}],"items_purged_floors":[10],"is_endless":false,"potions_floor_spawned":[1,6,11,12,14,18],"killed_by":"Slavers","ascension_level":12}}