{"host":"p7cjtxxrilhp4dw7","time":1613946450,"event":{"mods":["BaseMod","Block Reminder","Colored Map","Curses Come First","Downfall","Highlight Path","Minty Spire (QoL Compilation)","StSLib"],"gold_per_floor":[99,114,127,147,24,124,147,175,175,75,90,90,90,90,100,177,177,77,91,91,105,118,118,118,137,137,156,172,172,192,192,204,204,204,204],"floor_reached":33,"language":"ENG","playtime":2210,"items_purged":[],"score":439,"play_id":"9883f6f8-bd8b-4efd-b179-8ed45113c2ed","local_time":"20210221152730","is_ascension_mode":true,"campfire_choices":[{"data":"Slimebound:Split","floor":1,"key":"SMITH"},{"floor":10,"key":"RECALL"},{"data":"Slimebound:CheckThePlaybook","floor":13,"key":"PURGE"},{"data":"Slimebound:ForwardTackle","floor":18,"key":"SMITH"},{"floor":23,"key":"REST"},{"data":"Slimebound:Repurpose","floor":26,"key":"SMITH"},{"floor":29,"key":"REST"}],"circlet_count":0,"master_deck":["AscendersBane","Slimebound:Strike_Slimebound","Slimebound:Strike_Slimebound","Slimebound:Strike_Slimebound","Slimebound:Tackle","Slimebound:Defend_Slimebound","Slimebound:Defend_Slimebound","Slimebound:Defend_Slimebound","Slimebound:Defend_Slimebound","Slimebound:Split+1","Slimebound:CorrosiveSpit","Slimebound:Repurpose+1","Slimebound:ForwardTackle+1","Slimebound:LevelUp","Slimebound:MassFeed","Slimebound:SlimeSpikes","Slimebound:LeadByExample","Slimebound:SlimeBarrage+1","Slimebound:LivingWall","Slimebound:SelfFormingGoo"],"relics":["Slimebound:AbsorbEndCombatUpgraded","Regal Pillow","Slimebound:ScrapOozeRelic","downfall:HeartBlessingBlue","downfall:HeartBlessingRed","White Beast Statue"],"acts_visited":["Exordium","TheCity"],"potions_floor_usage":[11,16,19,27,28,30,33],"damage_taken":[{"damage":0,"enemies":"Small Slimes","floor":2,"turns":3},{"damage":0,"enemies":"2 Louse","floor":3,"turns":3},{"damage":12,"enemies":"Jaw Worm","floor":4,"turns":4},{"damage":3,"enemies":"downfall:FleeingMerchant","floor":5,"turns":4},{"damage":4,"enemies":"Lagavulin","floor":8,"turns":5},{"damage":10,"enemies":"Lots of Slimes","floor":11,"turns":3},{"damage":3,"enemies":"Blue Slaver","floor":15,"turns":3},{"damage":54,"enemies":"WA_ARCHETYPE_RETAIN","floor":16,"turns":6},{"damage":4,"enemies":"Shell Parasite","floor":19,"turns":4},{"damage":41,"enemies":"downfall:LooterAlt2","floor":21,"turns":4},{"damage":0,"enemies":"Chosen and Byrds","floor":22,"turns":2},{"damage":17,"enemies":"Cultist and Chosen","floor":25,"turns":5},{"damage":19,"enemies":"Snake Plant","floor":27,"turns":4},{"damage":44,"enemies":"Shelled Parasite and Fungi","floor":28,"turns":6},{"damage":20,"enemies":"Centurion and Healer","floor":30,"turns":7},{"damage":2,"enemies":"Cultist and Chosen","floor":32,"turns":5},{"damage":45,"enemies":"DF_ARCHETYPE_CLAW","floor":33,"turns":6}],"seed_played":"-5556046895241100130","potions_obtained":[{"floor":2,"key":"Swift Potion"},{"floor":4,"key":"Fire Potion"},{"floor":11,"key":"Strength Potion"},{"floor":21,"key":"Dexterity Potion"},{"floor":25,"key":"Strength Potion"},{"floor":27,"key":"Swift Potion"},{"floor":28,"key":"Slimebound:SpawnSlimePotion"},{"floor":30,"key":"Swift Potion"}],"is_trial":false,"path_per_floor":["R","M","M","M","$","?","T","E","?","R","M","?","R","?","M","B",null,"R","M","?","M","M","R","T","M","R","M","M","R","M","?","M","B"],"character_chosen":"SLIMEBOUND","items_purchased":["Slimebound:ForwardTackle","Slimebound:LevelUp"],"campfire_rested":2,"item_purchase_floors":[5,5],"current_hp_per_floor":[59,61,65,57,58,58,58,56,56,66,56,61,61,61,60,14,64,64,66,66,34,34,74,74,57,57,44,12,53,45,45,46,1,1,1],"gold":204,"neow_bonus":"RANDOM_COMMON_RELIC","is_daily":false,"chose_seed":false,"campfire_upgraded":3,"win_rate":0.0,"timestamp":1613946450,"path_taken":["R","M","M","M","$","?","T","E","?","R","M","?","R","?","M","BOSS","R","M","?","M","M","R","T","M","R","M","M","R","?","?","M","BOSS"],"items_purchased_type":["Card","Card"],"build_version":"2020-12-22","purchased_purges":0,"victory":false,"max_hp_per_floor":[65,65,65,65,65,65,65,65,65,75,75,80,80,80,80,80,80,80,83,83,86,86,86,86,86,86,86,89,89,89,89,89,89,89,89],"card_choices":[{"not_picked":["Slimebound:SplitAcid","Slimebound:ForwardTackle"],"picked":"Slimebound:Repurpose","floor":2},{"not_picked":["Slimebound:SplitMire","Slimebound:Grow","Slimebound:ViciousTackle"],"picked":"SKIP","floor":3},{"not_picked":["Slimebound:Grow","Slimebound:ViciousTackle","Slimebound:LeechingTouch"],"picked":"SKIP","floor":4},{"not_picked":["Slimebound:TongueLash","Slimebound:SplitBruiser","Slimebound:Prepare"],"picked":"SKIP","floor":5},{"not_picked":["Slimebound:ViciousTackle","Slimebound:FinishingTackle","Slimebound:SplitMire"],"picked":"SKIP","floor":8},{"not_picked":["Slimebound:Repurpose","Slimebound:SplitBruiser"],"picked":"Slimebound:CheckThePlaybook","floor":11},{"not_picked":["Slimebound:AcidTongue","Slimebound:FinishingTackle","Slimebound:GoopTackle"],"picked":"SKIP","floor":15},{"not_picked":["Slimebound:Darklings","Slimebound:SlimeSlap"],"picked":"Slimebound:MassFeed","floor":16},{"not_picked":["Slimebound:Prepare+1","Slimebound:SplitAcid"],"picked":"Slimebound:SlimeSpikes","floor":19},{"not_picked":["Slimebound:LevelUp+1","Slimebound:SlimeTap"],"picked":"Slimebound:LeadByExample","floor":21},{"not_picked":["Slimebound:RejuvenatingLick","Slimebound:AcidTongue"],"picked":"Slimebound:SlimeBarrage+1","floor":22},{"not_picked":["Slimebound:LeechingTouch","Slimebound:SpikyOuterGoop","Slimebound:RainOfGoop"],"picked":"SKIP","floor":25},{"not_picked":["Slimebound:LeadByExample","Slimebound:SplitBruiser"],"picked":"Slimebound:LivingWall","floor":27},{"not_picked":["Slimebound:Grow","Slimebound:AcidTongue"],"picked":"Slimebound:SelfFormingGoo","floor":28},{"not_picked":["Slimebound:Replication","Slimebound:Recollect","Slimebound:ItLooksTasty"],"picked":"SKIP","floor":30},{"not_picked":["Slimebound:GoopTackle","Slimebound:SamplingLick","Slimebound:SplitMire+1"],"picked":"SKIP","floor":32}],"player_experience":855203,"relics_obtained":[{"floor":8,"key":"Bag of Preparation"},{"floor":24,"key":"White Beast Statue"}],"event_choices":[{"damage_healed":0,"gold_gain":0,"player_choice":"Donut","damage_taken":0,"max_hp_gain":5,"max_hp_loss":0,"event_name":"Big Fish","floor":12,"gold_loss":0},{"damage_healed":0,"gold_gain":0,"player_choice":"Ignored","damage_taken":0,"max_hp_gain":0,"max_hp_loss":0,"event_name":"Ghosts","floor":31,"gold_loss":0}],"is_beta":false,"boss_relics":[{"not_picked":["Runic Dome","Runic Pyramid"],"picked":"Slimebound:AbsorbEndCombatUpgraded"}],"items_purged_floors":[],"is_endless":false,"potions_floor_spawned":[2,4,8,11,21,25,27,28,30,32],"killed_by":"DF_ARCHETYPE_CLAW","ascension_level":13}}