{"host":"0xnlke9dn7m72v1t","time":1613918115,"event":{"mods":["AchievementEnabler","BaseMod","BetterRewards","Colored Map","Colored Powertips","Minty Spire (QoL Compilation)","Quick Restart","StSLib","SuperFastMode","Together in Spire"],"gold_per_floor":[114,114,189,204,54,84,84,84,84,84,84,159,159,178,178,178,178],"floor_reached":16,"language":"DEU","playtime":366,"items_purged":[],"score":121,"play_id":"d45dd3b7-64f4-4caf-92ee-9c84d63fd8dd","local_time":"20210221153515","daily_mods":["SealedDeck","Flight","Elite Swarm"],"is_ascension_mode":false,"campfire_choices":[{"floor":13,"key":"REST"},{"data":"Anger","floor":15,"key":"SMITH"}],"circlet_count":0,"master_deck":["Entrench","Dual Wield","Rupture","Shrug It Off","Heavy Blade","Anger","Anger+1","Intimidate","Anger","Anger+1","Anger+1","Cleave","Exhume","Intimidate"],"relics":["Burning Blood","Tiny Chest","FossilizedHelix","White Beast Statue","Golden Idol","Letter Opener"],"acts_visited":["Exordium"],"potions_floor_usage":[],"damage_taken":[{"damage":7.0,"enemies":"Small Slimes","floor":1.0,"turns":3.0},{"damage":0,"enemies":"2 Louse","floor":4,"turns":1},{"damage":25,"enemies":"Gremlin Nob","floor":6,"turns":4},{"damage":0,"enemies":"Cultist","floor":14,"turns":3},{"damage":75,"enemies":"The Guardian","floor":16,"turns":8}],"seed_played":"-7397021786818157212","potions_obtained":[{"floor":14,"key":"ElixirPotion"}],"is_trial":false,"path_per_floor":["M","?","?","M","$","E","?","?","T","?","$","T","R","M","R","B"],"character_chosen":"IRONCLAD","items_purchased":["Tiny Chest"],"campfire_rested":1,"item_purchase_floors":[5],"current_hp_per_floor":[79,79,68,74,74,55,80,64,64,44,44,44,68,74,74,0,0],"gold":178,"neow_bonus":"","is_daily":true,"chose_seed":false,"campfire_upgraded":1,"win_rate":0.0,"timestamp":1613918115,"path_taken":["M","?","?","M","$","E","?","?","T","?","$","?","R","M","R","BOSS"],"items_purchased_type":["Relic"],"build_version":"2020-12-22","purchased_purges":0,"victory":false,"max_hp_per_floor":[80,80,80,80,80,80,80,80,80,80,80,80,80,80,80,80,80],"card_choices":[{"not_picked":["Rampage","True Grit"],"picked":"Anger","floor":1},{"not_picked":["Infernal Blade","Iron Wave"],"picked":"Cleave","floor":4},{"not_picked":["Fiend Fire","Bludgeon"],"picked":"Exhume","floor":6},{"not_picked":["Combust","Pommel Strike"],"picked":"Intimidate","floor":14}],"player_experience":45012,"relics_obtained":[{"floor":6,"key":"FossilizedHelix"},{"floor":9,"key":"White Beast Statue"},{"floor":12,"key":"Letter Opener"}],"event_choices":[{"damage_healed":0,"gold_gain":0,"player_choice":"Ignored","damage_taken":0,"max_hp_gain":0,"max_hp_loss":0,"event_name":"Liars Game","floor":2,"gold_loss":0},{"damage_healed":0,"gold_gain":75,"player_choice":"Gather Gold","damage_taken":11,"max_hp_gain":0,"max_hp_loss":0,"event_name":"World of Goop","floor":3,"gold_loss":0},{"damage_healed":26,"gold_gain":0,"player_choice":"Banana","damage_taken":0,"max_hp_gain":0,"max_hp_loss":0,"event_name":"Big Fish","floor":7,"gold_loss":0},{"damage_healed":0,"gold_gain":0,"player_choice":"Entered Light","damage_taken":16,"max_hp_gain":0,"max_hp_loss":0,"event_name":"Shining Light","floor":8,"gold_loss":0,"cards_upgraded":["Anger","Anger"]},{"damage_healed":0,"gold_gain":0,"player_choice":"Take Damage","damage_taken":20,"relics_obtained":["Golden Idol"],"max_hp_gain":0,"max_hp_loss":0,"event_name":"Golden Idol","floor":10,"gold_loss":0}],"is_beta":false,"boss_relics":[],"items_purged_floors":[],"is_endless":false,"potions_floor_spawned":[14],"killed_by":"The Guardian","ascension_level":0}}