{"host":"jyt72nbfoih0mxuq","time":1613944570,"event":{"mods":["BaseMod","Minty Spire (QoL Compilation)","Relic Stats"],"gold_per_floor":[117,117,67,67,80,112,112,124,124,124,150,168,168,93,93,93,93],"floor_reached":16,"language":"ENG","playtime":688,"items_purged":["Defend_G"],"score":193,"play_id":"e791fd81-d2e6-4423-b14e-c15ecffbdd2f","local_time":"20210221225610","is_ascension_mode":true,"campfire_choices":[{"data":"Cloak And Dagger","floor":7,"key":"SMITH"},{"data":"Blade Dance","floor":10,"key":"SMITH"},{"data":"Blade Dance","floor":15,"key":"SMITH"}],"circlet_count":0,"master_deck":["Strike_G","Strike_G","Strike_G","Strike_G","Defend_G","Defend_G","Defend_G","Defend_G","Survivor","Neutralize","Blade Dance+1","Reflex","Cloak And Dagger+1","Infinite Blades","Backflip","Blade Dance+1","Backflip"],"relics":["Ring of the Snake","NeowsBlessing","Unceasing Top","Sundial","Gambling Chip"],"acts_visited":["Exordium"],"potions_floor_usage":[11,12],"damage_taken":[{"damage":0,"enemies":"Small Slimes","floor":1,"turns":1},{"damage":0,"enemies":"Cultist","floor":5,"turns":1},{"damage":0,"enemies":"3 Sentries","floor":6,"turns":1},{"damage":0,"enemies":"2 Louse","floor":8,"turns":4},{"damage":39,"enemies":"Lagavulin","floor":11,"turns":7},{"damage":13,"enemies":"Large Slime","floor":12,"turns":7},{"damage":31,"enemies":"The Guardian","floor":16,"turns":11}],"seed_played":"2428796694927382500","potions_obtained":[{"floor":1,"key":"SkillPotion"},{"floor":5,"key":"Weak Potion"},{"floor":12,"key":"LiquidBronze"}],"is_trial":false,"path_per_floor":["M","?","$","?","M","E","R","M","T","R","E","M","?","$","R","B"],"character_chosen":"THE_SILENT","items_purchased":["Cloak And Dagger"],"campfire_rested":0,"item_purchase_floors":[3],"current_hp_per_floor":[63,63,63,63,63,63,63,63,63,63,24,11,34,34,34,3,3],"gold":93,"neow_bonus":"THREE_ENEMY_KILL","is_daily":false,"chose_seed":false,"campfire_upgraded":3,"win_rate":0.0,"timestamp":1613944570,"path_taken":["M","?","?","?","M","E","R","M","T","R","E","M","?","$","R","BOSS"],"items_purchased_type":["Card"],"build_version":"2020-12-22","purchased_purges":1,"victory":false,"max_hp_per_floor":[70,70,70,70,70,70,70,70,70,70,70,70,70,70,70,70,70],"relic_stats":{"counters":[7,32],"Sundial":[6],"Gambling Chip":[3],"obtain_stats":[{"NeowsBlessing":0,"Sundial":9,"Gambling Chip":11,"Unceasing Top":6,"Ring of the Snake":0},{"NeowsBlessing":0,"Sundial":4,"Gambling Chip":5,"Unceasing Top":3,"Ring of the Snake":0},{"NeowsBlessing":0,"Sundial":7,"Gambling Chip":14,"Unceasing Top":3,"Ring of the Snake":0}],"Unceasing Top":[2],"Ring of the Snake":[14]},"card_choices":[{"not_picked":["Tactician","Prepared"],"picked":"Blade Dance","floor":1},{"not_picked":["Poisoned Stab","Outmaneuver","Deflect"],"picked":"SKIP","floor":5},{"not_picked":["Flying Knee","Grand Finale"],"picked":"Infinite Blades","floor":6},{"not_picked":["Dagger Spray","Quick Slash"],"picked":"Backflip","floor":8},{"not_picked":["Prepared","Deadly Poison"],"picked":"Blade Dance","floor":11},{"not_picked":["Quick Slash","Deadly Poison"],"picked":"Backflip","floor":12}],"player_experience":223385,"relics_obtained":[{"floor":6,"key":"Unceasing Top"},{"floor":9,"key":"Sundial"},{"floor":11,"key":"Gambling Chip"}],"event_choices":[{"damage_healed":0,"gold_gain":0,"cards_transformed":["Strike_G"],"player_choice":"Transformed","damage_taken":0,"max_hp_gain":0,"max_hp_loss":0,"event_name":"Transmorgrifier","floor":2,"gold_loss":0,"cards_obtained":["Reflex"]},{"damage_healed":0,"gold_gain":0,"player_choice":"Ignored","damage_taken":0,"max_hp_gain":0,"max_hp_loss":0,"event_name":"Liars Game","floor":4,"gold_loss":0},{"damage_healed":23,"gold_gain":0,"player_choice":"Banana","damage_taken":0,"max_hp_gain":0,"max_hp_loss":0,"event_name":"Big Fish","floor":13,"gold_loss":0}],"is_beta":false,"boss_relics":[],"items_purged_floors":[14],"is_endless":false,"potions_floor_spawned":[1,5,12],"killed_by":"The Guardian","ascension_level":9}}