{"host":"y0i0tbisecj7yjyn","time":1613880261,"event":{"mods":["2.2 Compatiblity","AchievementEnabler","AlwaysNeverKeys","BaseMod","Better Third Choice","BetterRewards","Colored Map","Colored Powertips","Curses Come First","Disable Question Mark Monsters","Displayed Cursed Tome","Highlight Path","Keyboard Shortcuts","Minty Spire (QoL Compilation)","Quick Restart","Random Character Button","Rare Cards Sparkle","Relic Stats","Reliquary","Smile Girya","StSLib","SuperFastMode","The Marked","Transform Curses","Weighted Paths"],"gold_per_floor":[109,109,124,142,17,49,61,93,93,150,177,177,207,222,222,325,325,336,133,153,153,153,153,182,182,182,182,209,134,49,84,84,188,188,205,224,224,237,248,248,279,329,329,329,342,94,126,126,126],"floor_reached":48,"language":"ENG","playtime":3120,"items_purged":["Pain"],"score":681,"play_id":"a7e38c54-1911-4cd2-92e9-ef8ef340c188","local_time":"20210220220421","is_ascension_mode":true,"campfire_choices":[{"data":"Armaments","floor":15.0,"key":"SMITH"},{"data":"Armaments+1","floor":23.0,"key":"SMITH"},{"floor":25.0,"key":"REST"},{"data":"Armaments+1","floor":27.0,"key":"SMITH"},{"floor":32.0,"key":"REST"},{"data":"Metallicize","floor":40,"key":"SMITH"},{"data":"Metallicize+1","floor":44,"key":"SMITH"}],"circlet_count":0,"master_deck":["Strike_R","Strike_R","Strike_R","Strike_R","Strike_R","Defend_R+1","Defend_R","Defend_R","Defend_R","Metallicize+2","Armaments+2","Dual Wield","Clothesline","Perfected Strike","Flex+1","Feed","Flame Barrier","Armaments+2","Immolate","Blood for Blood","Metallicize","Spot Weakness","Whirlwind","Shockwave+1","Inflame+1","Immolate","Whirlwind+1","Inflame"],"relics":["Black Blood","WarpedTongs","Anchor","Ancient Tea Set","reliquary:PartyBalloon","reliquary:QuartzCube","Gremlin Horn","Bottled Tornado","reliquary:BigHammer","Potion Belt","Bronze Scales","Singing Bowl","WingedGreaves","Blood Vial","Sundial","reliquary:IridiumChain","Mango","The Courier","Vajra","War Paint","reliquary:Vitrine"],"acts_visited":["Exordium","TheCity","TheBeyond"],"potions_floor_usage":[39,39,41],"damage_taken":[{"damage":0.0,"enemies":"2 Louse","floor":1.0,"turns":3.0},{"damage":6.0,"enemies":"Cultist","floor":3.0,"turns":3.0},{"damage":22.0,"enemies":"Jaw Worm","floor":4.0,"turns":4.0},{"damage":19.0,"enemies":"3 Sentries","floor":6.0,"turns":13.0},{"damage":6.0,"enemies":"3 Louse","floor":7.0,"turns":4.0},{"damage":14.0,"enemies":"Gremlin Nob","floor":8.0,"turns":4.0},{"damage":12.0,"enemies":"Gremlin Nob","floor":10.0,"turns":3.0},{"damage":15.0,"enemies":"3 Sentries","floor":11.0,"turns":9.0},{"damage":10.0,"enemies":"Lagavulin","floor":13.0,"turns":7.0},{"damage":0.0,"enemies":"Large Slime","floor":14.0,"turns":4.0},{"damage":11.0,"enemies":"Hexaghost","floor":16.0,"turns":11.0},{"damage":26.0,"enemies":"Shell Parasite","floor":18.0,"turns":7.0},{"damage":32.0,"enemies":"2 Thieves","floor":20.0,"turns":5.0},{"damage":39.0,"enemies":"Gremlin Leader","floor":24.0,"turns":6.0},{"damage":11.0,"enemies":"Slavers","floor":28.0,"turns":5.0},{"damage":15.0,"enemies":"Book of Stabbing","floor":31.0,"turns":6.0},{"damage":55.0,"enemies":"Collector","floor":33.0,"turns":9.0},{"damage":29,"enemies":"3 Shapes","floor":35,"turns":3},{"damage":3,"enemies":"3 Darklings","floor":36,"turns":3},{"damage":41,"enemies":"Writhing Mass","floor":38,"turns":8},{"damage":80,"enemies":"Transient","floor":39,"turns":5},{"damage":42,"enemies":"Reptomancer","floor":41,"turns":5},{"damage":6,"enemies":"Mind Bloom Boss Battle","floor":42,"turns":7},{"damage":21,"enemies":"Sphere and 2 Shapes","floor":45,"turns":4},{"damage":52,"enemies":"Giant Head","floor":47,"turns":8},{"damage":29,"enemies":"Spire Growth","floor":48,"turns":6}],"seed_played":"-546984032614878905","potions_obtained":[{"floor":0.0,"key":"GamblersBrew"},{"floor":0.0,"key":"Energy Potion"},{"floor":0.0,"key":"FairyPotion"},{"floor":6.0,"key":"PowerPotion"},{"floor":8.0,"key":"PowerPotion"},{"floor":10.0,"key":"BloodPotion"},{"floor":13.0,"key":"BloodPotion"},{"floor":24.0,"key":"DistilledChaos"},{"floor":31.0,"key":"SneckoOil"},{"floor":33.0,"key":"CultistPotion"},{"floor":36,"key":"ElixirPotion"},{"floor":38,"key":"LiquidMemories"},{"floor":41,"key":"FearPotion"},{"floor":45,"key":"EntropicBrew"}],"is_trial":false,"path_per_floor":["M","?","M","M","$","E","M","E","T","?","E","?","E","M","R","B",null,"M","$","M","?","?","R","E","R","T","R","E","?","?","E","R","B",null,"M","M","?","M","M","R","E","?","T","R","M","$","E","M"],"character_chosen":"IRONCLAD","items_purchased":["Clothesline","Metallicize","Spot Weakness","BloodPotion","Vajra","War Paint"],"campfire_rested":2,"item_purchase_floors":[5,19,19,19,46,46],"current_hp_per_floor":[80,80,80,64,64,51,51,43,43,37,28,28,24,30,30,25,80,60,76,50,50,50,50,17,41,41,41,36,36,36,31,55,8,82,72,85,85,60,41,41,35,59,59,59,55,55,24,0,0],"gold":126,"neow_bonus":"THREE_SMALL_POTIONS","is_daily":false,"chose_seed":false,"campfire_upgraded":5,"win_rate":0.0,"timestamp":1613880261,"path_taken":["M","?","M","?","$","E","M","E","T","?","E","?","E","M","R","BOSS","M","$","M","?","?","R","E","R","T","R","E","?","?","E","R","BOSS","M","M","?","M","M","R","E","?","T","R","M","$","E","M"],"items_purchased_type":["Card","Card","Card","Potion","Relic","Relic"],"build_version":"2020-12-22","purchased_purges":1,"victory":false,"max_hp_per_floor":[80,80,80,80,80,80,80,80,80,80,80,80,80,80,80,80,80,80,80,80,80,80,80,80,80,80,80,80,80,80,82,82,82,82,89,91,91,93,95,95,98,114,114,114,117,117,124,124,124],"relic_stats":{"Blood Vial":20,"Gremlin Horn":[22,22],"Singing Bowl":14,"counters":[43,206],"Sundial":[4],"Bronze Scales":[242],"Black Blood":276,"War Paint":["Defend_R","Flex"],"obtain_stats":[{"Lantern":29,"Gremlin Horn":11,"Singing Bowl":26,"reliquary:PartyBalloon":9,"Black Blood":34,"Vajra":46,"reliquary:BigHammer":17,"Mango":42,"reliquary:RedCape":17,"Bottled Tornado":13,"Ancient Tea Set":8,"reliquary:QuartzCube":10,"Burning Blood":0,"Blood Vial":30,"Sundial":31,"WingedGreaves":28,"reliquary:Vitrine":47,"InkBottle":26,"Potion Belt":21,"Girya":7,"NeowsBlessing":0,"Golden Idol":5,"The Courier":43,"War Paint":46,"reliquary:IridiumChain":41,"WarpedTongs":2,"Bottled Flame":22,"Anchor":6,"Bloody Idol":19,"Bronze Scales":24,"Toy Ornithopter":24},{"Lantern":15,"Gremlin Horn":25,"Singing Bowl":31,"reliquary:PartyBalloon":3,"Black Blood":34,"Vajra":41,"reliquary:BigHammer":28,"Mango":40,"reliquary:RedCape":7,"Bottled Tornado":26,"Ancient Tea Set":23,"reliquary:QuartzCube":23,"Burning Blood":0,"Blood Vial":32,"Sundial":33,"WingedGreaves":32,"reliquary:Vitrine":42,"InkBottle":12,"Potion Belt":30,"Girya":3,"NeowsBlessing":0,"Golden Idol":2,"The Courier":40,"War Paint":41,"reliquary:IridiumChain":39,"WarpedTongs":18,"Bottled Flame":10,"Anchor":21,"Bloody Idol":8,"Bronze Scales":31,"Toy Ornithopter":11},{"Lantern":43,"Gremlin Horn":97,"Singing Bowl":137,"reliquary:PartyBalloon":3,"Black Blood":157,"Vajra":192,"reliquary:BigHammer":119,"Mango":188,"reliquary:RedCape":15,"Bottled Tornado":104,"Ancient Tea Set":85,"reliquary:QuartzCube":85,"Burning Blood":0,"Blood Vial":142,"Sundial":148,"WingedGreaves":142,"reliquary:Vitrine":200,"InkBottle":32,"Potion Belt":131,"Girya":3,"NeowsBlessing":0,"Golden Idol":2,"The Courier":188,"War Paint":192,"reliquary:IridiumChain":181,"WarpedTongs":57,"Bottled Flame":25,"Anchor":77,"Bloody Idol":18,"Bronze Scales":137,"Toy Ornithopter":30}],"WarpedTongs":[144]},"card_choices":[{"not_picked":["Iron Wave","Cleave"],"picked":"Metallicize","floor":1.0},{"not_picked":["Cleave","Clothesline"],"picked":"Armaments","floor":3.0},{"not_picked":["Thunderclap","Shrug It Off"],"picked":"Dual Wield","floor":4.0},{"not_picked":["Clash","Fiend Fire"],"picked":"Carnage","floor":6.0},{"not_picked":["True Grit","Clash","Rampage"],"picked":"SKIP","floor":7.0},{"not_picked":["Headbutt","Fire Breathing"],"picked":"Perfected Strike","floor":8.0},{"not_picked":["Havoc","Clash"],"picked":"Flex","floor":10.0},{"not_picked":["Clothesline","Headbutt"],"picked":"Feed","floor":11.0},{"not_picked":["Body Slam","Clash"],"picked":"Flame Barrier","floor":13.0},{"not_picked":["Power Through","Havoc"],"picked":"Armaments","floor":14.0},{"not_picked":["Brutality","Juggernaut"],"picked":"Immolate","floor":16.0},{"not_picked":["Reckless Charge","Armaments"],"picked":"Blood for Blood","floor":18.0},{"not_picked":["Clothesline","True Grit+1"],"picked":"Whirlwind","floor":20.0},{"not_picked":["Shrug It Off","Dropkick"],"picked":"Shockwave+1","floor":24.0},{"not_picked":["Heavy Blade","Evolve"],"picked":"Inflame+1","floor":28.0},{"not_picked":["Body Slam","Entrench","Thunderclap"],"picked":"Singing Bowl","floor":31.0},{"not_picked":["Offering","Barricade"],"picked":"Immolate","floor":33.0},{"not_picked":["Havoc","Twin Strike+1","Thunderclap+1"],"picked":"Singing Bowl","floor":35},{"not_picked":["Clothesline","Cleave","Rupture"],"picked":"Singing Bowl","floor":36},{"not_picked":["Twin Strike","Armaments","Shrug It Off+1"],"picked":"Singing Bowl","floor":38},{"not_picked":["Wild Strike","Warcry","Perfected Strike"],"picked":"Singing Bowl","floor":39},{"not_picked":["Dark Embrace+1","Blood for Blood"],"picked":"Whirlwind+1","floor":41},{"not_picked":["Clothesline+1","True Grit","Twin Strike+1"],"picked":"Singing Bowl","floor":42},{"not_picked":["Seeing Red","Flex"],"picked":"Inflame","floor":45},{"not_picked":["Sword Boomerang+1","Uppercut","Body Slam+1"],"picked":"Singing Bowl","floor":47}],"player_experience":487512,"relics_obtained":[{"floor":6.0,"key":"Anchor"},{"floor":8.0,"key":"Ancient Tea Set"},{"floor":9.0,"key":"reliquary:PartyBalloon"},{"floor":11.0,"key":"Gremlin Horn"},{"floor":13.0,"key":"Bottled Tornado"},{"floor":24.0,"key":"Bronze Scales"},{"floor":26.0,"key":"Singing Bowl"},{"floor":28.0,"key":"WingedGreaves"},{"floor":31.0,"key":"Sundial"},{"floor":41,"key":"reliquary:IridiumChain"},{"floor":42,"key":"Mango"},{"floor":43,"key":"The Courier"},{"floor":47,"key":"reliquary:Vitrine"}],"event_choices":[{"damage_healed":0.0,"max_hp_gain":0.0,"max_hp_loss":0.0,"gold_gain":0.0,"event_name":"Accursed Blacksmith","player_choice":"Rummage","floor":2.0,"gold_loss":0.0,"damage_taken":0.0,"relics_obtained":["WarpedTongs"],"cards_obtained":["Pain"]},{"damage_healed":0.0,"max_hp_gain":0.0,"max_hp_loss":0.0,"gold_gain":0.0,"event_name":"Dead Adventurer","player_choice":"Searched \u00273\u0027 times","floor":10.0,"gold_loss":0.0,"damage_taken":0.0,"relics_obtained":["reliquary:QuartzCube"]},{"damage_healed":0.0,"max_hp_gain":0.0,"max_hp_loss":0.0,"gold_gain":0.0,"event_name":"Living Wall","player_choice":"Grow","floor":12.0,"gold_loss":0.0,"damage_taken":0.0,"cards_upgraded":["Armaments"]},{"damage_healed":0.0,"max_hp_gain":0.0,"max_hp_loss":0.0,"gold_gain":0.0,"event_name":"The Mausoleum","player_choice":"Opened","floor":21.0,"gold_loss":0.0,"damage_taken":0.0,"relics_obtained":["Potion Belt"],"cards_obtained":["Writhe"]},{"damage_healed":0.0,"max_hp_gain":0.0,"max_hp_loss":0.0,"gold_gain":0.0,"event_name":"Vampires","player_choice":"Ignored","floor":22.0,"gold_loss":0.0,"damage_taken":0.0},{"cards_removed":["Writhe"],"damage_healed":0.0,"max_hp_gain":0.0,"max_hp_loss":0.0,"gold_gain":0.0,"event_name":"Beggar","player_choice":"Gave Gold","floor":29.0,"gold_loss":75.0,"damage_taken":0.0},{"damage_healed":0.0,"max_hp_gain":0.0,"max_hp_loss":0.0,"gold_gain":0.0,"event_name":"Addict","player_choice":"Obtained Relic","floor":30.0,"gold_loss":85.0,"damage_taken":0.0,"relics_obtained":["Blood Vial"]},{"cards_removed":["Bash"],"damage_healed":0,"gold_gain":0,"player_choice":"Removed Attack","damage_taken":0,"max_hp_gain":0,"max_hp_loss":0,"event_name":"Falling","floor":37,"gold_loss":0},{"damage_healed":0,"gold_gain":0,"player_choice":"Fight","damage_taken":0,"max_hp_gain":0,"max_hp_loss":0,"event_name":"MindBloom","floor":42,"gold_loss":0}],"is_beta":false,"boss_relics":[{"not_picked":["Snecko Eye","SacredBark"],"picked":"reliquary:BigHammer"},{"not_picked":["Runic Cube","Velvet Choker"],"picked":"Black Blood"}],"items_purged_floors":[5],"is_endless":false,"potions_floor_spawned":[4,6,8,10,13,24,31,33,36,38,41,45],"killed_by":"Spire Growth","ascension_level":2}}