{"host":"gsp4qlltb0c3ynci","time":1613901110,"event":{"mods":["2.2 Compatiblity","Abigail Mod","Ascension Reborn","BaseMod","Friendly Minions","Minty Spire (QoL Compilation)","Prisma Mod","Replay The Spire","Say the Spire","StSLib"],"gold_per_floor":[99,99,132,183,216,318,396,474,497,587,686,245,317,39,39,39,39],"floor_reached":16,"language":"KOR","playtime":259,"items_purged":[],"score":211,"play_id":"13cbef14-1eca-44d1-80be-72bc11fe11ef","local_time":"20210221185150","daily_mods":["Vintage","Heirloom","Time Dilation","Flight","DeadlyEvents","Elite Swarm","Midas"],"is_ascension_mode":true,"campfire_choices":[],"circlet_count":0,"master_deck":["Strike_G+1","Strike_G+1","Strike_G+1","Strike_G+1","Defend_G+1","Defend_G+1","Defend_G+1","Defend_G+1","Defend_G+1","Leap+1","Beam Cell+1","Storm of Steel","Die Die Die","Cloak And Dagger+1"],"relics":["Ring of the Snake","Tough Bandages","Chameleon Ring","PreservedInsect","MealTicket","Turnip","Nunchaku","Whetstone","Happy Flower","Replay:Arrowhead","Ancient Tea Set","Calipers","ClockworkSouvenir","Replay:Bottled Flurry","Iron Hammer"],"acts_visited":["Exordium"],"potions_floor_usage":[16],"damage_taken":[{"damage":0.0,"enemies":"Small Slimes","floor":3.0,"turns":1.0},{"damage":0.0,"enemies":"2 Louse","floor":4.0,"turns":2.0},{"damage":0.0,"enemies":"Cultist","floor":5.0,"turns":2.0},{"damage":10.0,"enemies":"Lagavulin","floor":6.0,"turns":1.0},{"damage":4.0,"enemies":"Replay:BlueRogue","floor":7.0,"turns":5.0},{"damage":1.0,"enemies":"3 Sentries","floor":8.0,"turns":7.0},{"damage":0.0,"enemies":"Replay:BlueRogue","floor":10.0,"turns":1.0},{"damage":0.0,"enemies":"3 Sentries","floor":11.0,"turns":3.0},{"damage":0,"enemies":"Hexaghost","floor":16,"turns":2}],"seed_played":"3763800085623691589","potions_obtained":[{"floor":5.0,"key":"Death Potion"},{"floor":6.0,"key":"GamblersBrew"},{"floor":8.0,"key":"SkillPotion"},{"floor":10.0,"key":"PowerPotion"},{"floor":11.0,"key":"CunningPotion"}],"is_trial":true,"path_per_floor":["?","?","M","M","M","E","E","E","T","E","E","$","T","$","R","B"],"character_chosen":"THE_SILENT","items_purchased":["Calipers","ClockworkSouvenir","Iron Hammer","Cloak And Dagger+1"],"campfire_rested":0,"item_purchase_floors":[12,12,14,14],"current_hp_per_floor":[70,70,70,70,70,60,56,55,55,55,55,70,70,70,75,75,75],"gold":39,"neow_bonus":"","is_daily":false,"chose_seed":false,"campfire_upgraded":0,"win_rate":0.0,"timestamp":1613901110,"path_taken":["?","?","M","M","M","E","E","E","T","E","E","$","?","$","R","BOSS"],"items_purchased_type":["Relic","Relic","Relic","Card"],"build_version":"2020-12-22","purchased_purges":0,"victory":false,"max_hp_per_floor":[70,70,70,70,70,70,70,70,70,70,70,70,70,70,75,75,75],"card_choices":[{"not_picked":["Atom Bomb","Bullet Time"],"picked":"Storm of Steel","floor":6.0},{"not_picked":["Malaise","Doppelganger","Atom Bomb"],"picked":"SKIP","floor":7.0},{"not_picked":["Phantasmal Killer","Bullet Time"],"picked":"Die Die Die","floor":8.0},{"not_picked":["Unload","Replay:Bag of Tricks","Bullet Time"],"picked":"SKIP","floor":10.0},{"not_picked":["Atom Bomb","Malaise","Bullet Time"],"picked":"SKIP","floor":11.0}],"player_experience":505883,"relics_obtained":[{"floor":3.0,"key":"Chameleon Ring"},{"floor":4.0,"key":"PreservedInsect"},{"floor":5.0,"key":"MealTicket"},{"floor":6.0,"key":"Turnip"},{"floor":7.0,"key":"Nunchaku"},{"floor":8.0,"key":"Whetstone"},{"floor":9.0,"key":"Happy Flower"},{"floor":10.0,"key":"Replay:Arrowhead"},{"floor":11.0,"key":"Ancient Tea Set"},{"floor":13.0,"key":"Replay:Bottled Flurry"}],"event_choices":[{"cards_removed":["Strike_G"],"damage_healed":0.0,"max_hp_gain":0.0,"max_hp_loss":0.0,"gold_gain":0.0,"event_name":"Living Wall","player_choice":"Forget","floor":2.0,"gold_loss":0.0,"damage_taken":0.0},{"damage_healed":0.0,"max_hp_gain":5.0,"max_hp_loss":0.0,"gold_gain":0.0,"event_name":"Big Fish","player_choice":"Donut","floor":15.0,"gold_loss":0.0,"damage_taken":0.0}],"is_beta":false,"boss_relics":[],"items_purged_floors":[],"is_endless":false,"potions_floor_spawned":[5,6,8,10,11],"killed_by":"Hexaghost","ascension_level":0}}