{"host":"l2dnabsh5e0fsksb","time":1613909624,"event":{"mods":["2.2 Compatiblity","BaseMod","Downfall","Minty Spire (QoL Compilation)","Quick Restart","StSLib"],"gold_per_floor":[99,99,99,99,99,125,125,137,165,165,65,50,83,83,93,190,190,90,110,110,129,129,29,29,14,46,46,64,93,103,116,129,129,129,129],"floor_reached":33,"language":"ENG","playtime":1480,"items_purged":[],"score":492,"play_id":"4d77b397-72a4-48f7-aa6a-17d38ce7abb7","local_time":"20210221224344","is_ascension_mode":true,"campfire_choices":[{"floor":1.0,"key":"RECALL"},{"floor":11,"key":"REST"},{"floor":18,"key":"DIG"},{"floor":23,"key":"REST"},{"floor":27,"key":"DIG"}],"circlet_count":0,"master_deck":["AscendersBane","hexamod:Strike+1","hexamod:Strike+1","hexamod:Strike+1","hexamod:Strike+1","hexamod:Defend+1","hexamod:Defend+1","hexamod:Defend+1","hexamod:Defend+1","hexamod:Sear","hexamod:Float","hexamod:Firestarter","hexamod:ThermalTransfer","hexamod:FirstSeal","hexamod:NecessarySacrifice","hexamod:SwordOfDarkness+1","hexamod:SpectersWail","hexamod:RainOfEmbers","hexamod:HeatMetal","hexamod:EmpoweredFlame+1","Shame","hexamod:AdvancingGuard","hexamod:GiftsFromTheDead","hexamod:SpectersWail+1","hexamod:ThermalTransfer","hexamod:ThermalTransfer+1","hexamod:GhostOfSpirePast+1","hexamod:VolcanoVisage+1","hexamod:RadiantFlame+1","hexamod:RadiantFlame+1","hexamod:PhantomCloak+1","hexamod:PowerFromBeyond"],"relics":["hexamod:SpiritBrand","downfall:HeartsMalice","Shovel","Regal Pillow","downfall:HeartBlessingBlue","MealTicket","bronze:MakeshiftBattery","downfall:HeartBlessingRed","Blue Candle","Frozen Egg 2","downfall:HeartBlessingGreen","Bottled Lightning","PreservedInsect","Strawberry","Sundial"],"acts_visited":["Exordium","TheCity"],"potions_floor_usage":[13,26,29,32,33],"damage_taken":[{"damage":0.0,"enemies":"Jaw Worm","floor":2.0,"turns":1.0},{"damage":0.0,"enemies":"Cultist","floor":3.0,"turns":1.0},{"damage":0.0,"enemies":"2 Louse","floor":4.0,"turns":1.0},{"damage":25,"enemies":"3 Sentries","floor":6,"turns":6},{"damage":11,"enemies":"Lots of Slimes","floor":8,"turns":4},{"damage":21,"enemies":"Lagavulin","floor":9,"turns":7},{"damage":10,"enemies":"downfall:FleeingMerchant","floor":12,"turns":4},{"damage":18,"enemies":"3 Sentries","floor":13,"turns":8},{"damage":22,"enemies":"Exordium Thugs","floor":15,"turns":4},{"damage":63,"enemies":"WA_ARCHETYPE_RETAIN","floor":16,"turns":8},{"damage":14,"enemies":"downfall:LooterAlt2","floor":19,"turns":4},{"damage":23,"enemies":"Spheric Guardian","floor":21,"turns":4},{"damage":6,"enemies":"downfall:FleeingMerchant","floor":25,"turns":4},{"damage":13,"enemies":"Book of Stabbing","floor":26,"turns":4},{"damage":11,"enemies":"Snake Plant","floor":28,"turns":3},{"damage":34,"enemies":"Gremlin Leader","floor":29,"turns":6},{"damage":10,"enemies":"Chosen and Byrds","floor":30,"turns":4},{"damage":32,"enemies":"3 Cultists","floor":31,"turns":6},{"damage":0,"enemies":"Centurion and Healer","floor":32,"turns":6},{"damage":15,"enemies":"SI_MIRROR_ARCHETYPE","floor":33,"turns":4}],"seed_played":"1979479958132367079","potions_obtained":[{"floor":8,"key":"FairyPotion"},{"floor":9,"key":"Swift Potion"},{"floor":13,"key":"sneckomod:MuddlingPotion"},{"floor":16,"key":"BlessingOfTheForge"},{"floor":21,"key":"LiquidMemories"},{"floor":29,"key":"BlessingOfTheForge"},{"floor":31,"key":"Fire Potion"}],"is_trial":false,"path_per_floor":["R","M","M","M","?","E","T","M","E","?","R","$","E","?","M","B",null,"R","M","T","M","?","R","T","$","E","R","M","E","M","M","M","B"],"character_chosen":"THE_SPIRIT","items_purchased":[],"campfire_rested":2,"item_purchase_floors":[],"current_hp_per_floor":[63,63,63,63,63,45,45,41,27,27,76,73,62,62,47,15,64,64,57,57,41,41,80,80,80,67,74,70,43,33,8,15,0,0,0],"gold":129,"neow_bonus":"THREE_ENEMY_KILL","is_daily":false,"chose_seed":false,"campfire_upgraded":0,"win_rate":0.0,"timestamp":1613909624,"path_taken":["R","M","M","M","?","E","T","?","E","?","R","$","E","?","M","BOSS","R","?","?","?","?","R","T","$","E","R","M","E","M","M","M","BOSS"],"items_purchased_type":[],"build_version":"2020-12-22","purchased_purges":0,"victory":false,"max_hp_per_floor":[70,70,70,70,70,70,70,70,70,70,80,80,80,80,80,80,80,80,80,80,80,80,80,80,80,80,87,87,87,87,87,87,87,87,87],"card_choices":[{"not_picked":["hexamod:NightmareGuise","hexamod:ThirdSeal"],"picked":"hexamod:Firestarter","floor":2.0},{"not_picked":["hexamod:BacktrackSmack","hexamod:HauntingEcho"],"picked":"hexamod:ThermalTransfer","floor":3.0},{"not_picked":["hexamod:GhostShield","hexamod:RetreatToShadows"],"picked":"hexamod:FirstSeal","floor":4.0},{"not_picked":["hexamod:InspiringFlames","hexamod:CatchUp"],"picked":"hexamod:SwordOfDarkness","floor":6},{"not_picked":["hexamod:HauntingEcho","hexamod:BurningTouch"],"picked":"hexamod:SpectersWail","floor":8},{"not_picked":["hexamod:PhantomFireball","hexamod:SuperheatedStrike"],"picked":"hexamod:RainOfEmbers","floor":9},{"not_picked":["hexamod:Again","hexamod:InspiringFlames"],"picked":"hexamod:HeatMetal","floor":12},{"not_picked":["hexamod:RadiantFlame","hexamod:Firestarter"],"picked":"hexamod:EmpoweredFlame","floor":13},{"not_picked":["hexamod:NightmareStrike","hexamod:NightmareGuise"],"picked":"hexamod:AdvancingGuard","floor":15},{"not_picked":["hexamod:UnleashSpirits","hexamod:WildfireWeapon"],"picked":"hexamod:GiftsFromTheDead","floor":16},{"not_picked":["hexamod:SuperheatedStrike","hexamod:ThirdSeal"],"picked":"hexamod:SpectersWail+1","floor":19},{"not_picked":["hexamod:NightmareStrike","hexamod:GhostLash"],"picked":"hexamod:ThermalTransfer","floor":21},{"not_picked":["hexamod:NightmareGuise","hexamod:InspiringFlames+1"],"picked":"hexamod:ThermalTransfer+1","floor":25},{"not_picked":["hexamod:GhostShield","hexamod:FastForward"],"picked":"hexamod:GhostOfSpirePast+1","floor":26},{"not_picked":["hexamod:Rewind","hexamod:SpectersWail+1"],"picked":"hexamod:VolcanoVisage+1","floor":28},{"not_picked":["hexamod:BurningTouch","hexamod:PhantomFireball+1"],"picked":"hexamod:RadiantFlame+1","floor":29},{"not_picked":["hexamod:HeatMetal+1","hexamod:HauntingEcho"],"picked":"hexamod:RadiantFlame+1","floor":30},{"not_picked":["hexamod:Firestarter+1","hexamod:FlameSwitch"],"picked":"hexamod:PhantomCloak+1","floor":31},{"not_picked":["hexamod:SwordOfDarkness","hexamod:SkipABeat"],"picked":"hexamod:PowerFromBeyond","floor":32}],"player_experience":1961097,"relics_obtained":[{"floor":6,"key":"Shovel"},{"floor":9,"key":"Regal Pillow"},{"floor":13,"key":"MealTicket"},{"floor":18,"key":"Blue Candle"},{"floor":20,"key":"Frozen Egg 2"},{"floor":24,"key":"Bottled Lightning"},{"floor":26,"key":"PreservedInsect"},{"floor":27,"key":"Strawberry"},{"floor":29,"key":"Sundial"}],"event_choices":[],"is_beta":false,"boss_relics":[{"not_picked":["SacredBark","Tiny House"],"picked":"bronze:MakeshiftBattery"}],"items_purged_floors":[],"is_endless":false,"potions_floor_spawned":[8,9,13,16,21,29,31],"killed_by":"SI_MIRROR_ARCHETYPE","ascension_level":11}}