{"host":"6nqy62k7v1jh46lb","time":1613916616,"event":{"mods":["AchievementEnabler","BaseMod","Bestiary","Block Reminder","Colored Powertips","Highlight Path","Minty Spire (QoL Compilation)","Relic Stats"],"gold_per_floor":[117,28,28,28,28,62,80,80,80,80,90,121,121,150,150,247,247,258,270,280,299,299,311,343,343,343,353,7,7,7,32,32,129,129,139,198,227,236,262,262,274,274,274,285,314,314,344,344,344],"floor_reached":48,"language":"ENG","playtime":3918,"items_purged":["Strike_R"],"score":551,"play_id":"151ec3f4-1945-4e49-aeaf-2187e0d503c4","local_time":"20210221151016","is_ascension_mode":true,"campfire_choices":[{"floor":8.0,"key":"RECALL"},{"data":"Blood for Blood","floor":10.0,"key":"SMITH"},{"floor":15.0,"key":"REST"},{"floor":25,"key":"REST"},{"floor":29,"key":"REST"},{"data":"Demon Form","floor":32,"key":"SMITH"},{"floor":40,"key":"REST"},{"floor":42,"key":"REST"}],"circlet_count":0,"master_deck":["Strike_R","Strike_R","Defend_R","Defend_R","Defend_R+1","Bash+1","Heavy Blade","Blood for Blood+1","Shrug It Off","Evolve","Demon Form+1","Sever Soul","Juggernaut","Spot Weakness+1","Decay","Clash","Searing Blow","Carnage","Deep Breath","Iron Wave+1","Battle Trance","Feel No Pain","Secret Technique","Twin Strike+1"],"relics":["Burning Blood","NeowsBlessing","Self Forming Clay","Matryoshka","Juzu Bracelet","Boot","Busted Crown","Orichalcum","Pen Nib","CeramicFish","MutagenicStrength","Empty Cage","Turnip","Potion Belt","Oddly Smooth Stone","InkBottle","MealTicket"],"acts_visited":["Exordium","TheCity","TheBeyond"],"potions_floor_usage":[23,28,37,41,44,44,45,47,47,47],"damage_taken":[{"damage":0.0,"enemies":"Jaw Worm","floor":1.0,"turns":1.0},{"damage":0.0,"enemies":"3 Sentries","floor":6.0,"turns":1.0},{"damage":0.0,"enemies":"2 Louse","floor":7.0,"turns":1.0},{"damage":6.0,"enemies":"Small Slimes","floor":11.0,"turns":3.0},{"damage":10.0,"enemies":"Lagavulin","floor":12.0,"turns":7.0},{"damage":24.0,"enemies":"Gremlin Nob","floor":14.0,"turns":4.0},{"damage":47.0,"enemies":"The Guardian","floor":16.0,"turns":12.0},{"damage":2.0,"enemies":"Chosen","floor":18.0,"turns":4.0},{"damage":9,"enemies":"Shell Parasite","floor":19,"turns":4},{"damage":23,"enemies":"Snake Plant","floor":20,"turns":4},{"damage":28,"enemies":"Shelled Parasite and Fungi","floor":21,"turns":6},{"damage":34,"enemies":"Snecko","floor":23,"turns":6},{"damage":37,"enemies":"Gremlin Leader","floor":24,"turns":6},{"damage":23,"enemies":"Centurion and Healer","floor":27,"turns":5},{"damage":11,"enemies":"Chosen and Byrds","floor":31,"turns":5},{"damage":18,"enemies":"Champ","floor":33,"turns":6},{"damage":25,"enemies":"3 Shapes","floor":35,"turns":5},{"damage":19,"enemies":"Mind Bloom Boss Battle","floor":36,"turns":8},{"damage":35,"enemies":"3 Darklings","floor":37,"turns":5},{"damage":11,"enemies":"Jaw Worm Horde","floor":41,"turns":5},{"damage":22,"enemies":"Maw","floor":44,"turns":6},{"damage":27,"enemies":"Sphere and 2 Shapes","floor":45,"turns":5},{"damage":24,"enemies":"Nemesis","floor":47,"turns":7},{"damage":35,"enemies":"3 Darklings","floor":48,"turns":2}],"seed_played":"-2951862794139218192","potions_obtained":[{"floor":6.0,"key":"EntropicBrew"},{"floor":12.0,"key":"SteroidPotion"},{"floor":16.0,"key":"Energy Potion"},{"floor":27,"key":"Fire Potion"},{"floor":33,"key":"Block Potion"},{"floor":37,"key":"GamblersBrew"},{"floor":41,"key":"Fire Potion"},{"floor":44,"key":"Ancient Potion"},{"floor":46,"key":"Dexterity Potion"},{"floor":46,"key":"HeartOfIron"},{"floor":46,"key":"FairyPotion"}],"is_trial":false,"path_per_floor":["M","$","?","?","?","E","M","R","T","R","M","E","?","E","R","B",null,"M","M","M","M","?","M","E","R","T","M","$","R","?","M","R","B",null,"M","?","M","?","T","R","M","R","T","M","M","?","E","M"],"character_chosen":"IRONCLAD","items_purchased":["Blood for Blood","Shrug It Off","CeramicFish","Deep Breath","BloodPotion"],"campfire_rested":5,"item_purchase_floors":[2,2,28,28,28],"current_hp_per_floor":[80,80,80,80,64,70,76,76,76,76,76,72,65,47,71,30,80,80,77,60,38,38,26,20,44,44,27,43,67,67,62,62,50,80,61,48,19,19,19,43,38,62,62,46,25,25,7,0,0],"gold":344,"neow_bonus":"THREE_ENEMY_KILL","is_daily":false,"chose_seed":false,"campfire_upgraded":2,"win_rate":0.0,"timestamp":1613916616,"path_taken":["M","$","?","?","?","E","M","R","T","R","M","E","?","E","R","BOSS","M","M","M","M","?","M","E","R","T","M","$","R","?","M","R","BOSS","M","?","M","?","?","R","M","R","T","M","M","?","E","M"],"items_purchased_type":["Card","Card","Relic","Card","Potion"],"build_version":"2020-12-22","purchased_purges":1,"victory":false,"max_hp_per_floor":[80,80,80,80,80,80,80,80,80,80,80,80,80,80,80,80,80,80,80,80,80,80,80,80,80,80,80,80,80,80,80,80,80,80,80,80,80,80,80,80,80,80,80,80,80,80,80,80,80],"relic_stats":{"counters":[24,118],"Self Forming Clay":[213],"CeramicFish":54,"Pen Nib":[8],"Juzu Bracelet":1,"Orichalcum":[84],"Boot":[9],"Burning Blood":128,"Busted Crown":36,"MealTicket":0,"Turnip":[8],"obtain_stats":[{"Potion Belt":39,"NeowsBlessing":0,"Self Forming Clay":6,"CeramicFish":28,"Oddly Smooth Stone":39,"Pen Nib":26,"Juzu Bracelet":12,"Orichalcum":24,"Boot":14,"Empty Cage":34,"Burning Blood":0,"Matryoshka":9,"Busted Crown":17,"MutagenicStrength":30,"MealTicket":47,"Turnip":36,"InkBottle":43},{"Potion Belt":19,"NeowsBlessing":0,"Self Forming Clay":2,"CeramicFish":14,"Oddly Smooth Stone":19,"Pen Nib":13,"Juzu Bracelet":5,"Orichalcum":13,"Boot":6,"Empty Cage":16,"Burning Blood":0,"Matryoshka":3,"Busted Crown":7,"MutagenicStrength":14,"MealTicket":23,"Turnip":18,"InkBottle":20},{"Potion Belt":93,"NeowsBlessing":0,"Self Forming Clay":2,"CeramicFish":64,"Oddly Smooth Stone":93,"Pen Nib":59,"Juzu Bracelet":13,"Orichalcum":59,"Boot":17,"Empty Cage":75,"Burning Blood":0,"Matryoshka":3,"Busted Crown":29,"MutagenicStrength":64,"MealTicket":116,"Turnip":88,"InkBottle":98}],"InkBottle":[4]},"card_choices":[{"not_picked":["Thunderclap","Twin Strike"],"picked":"Heavy Blade","floor":1.0},{"not_picked":["Heavy Blade","Clash"],"picked":"Evolve","floor":6.0},{"not_picked":["Clothesline","Twin Strike","Heavy Blade"],"picked":"SKIP","floor":7.0},{"not_picked":["Inflame","Anger"],"picked":"Demon Form","floor":11.0},{"not_picked":["Twin Strike","Dark Embrace"],"picked":"Sever Soul","floor":12.0},{"not_picked":["Shockwave","True Grit","Twin Strike"],"picked":"SKIP","floor":14.0},{"not_picked":["Bludgeon","Demon Form"],"picked":"Juggernaut","floor":16.0},{"not_picked":["Wild Strike"],"picked":"SKIP","floor":18},{"not_picked":["Combust+1"],"picked":"SKIP","floor":19},{"not_picked":["Thunderclap"],"picked":"SKIP","floor":20},{"not_picked":[],"picked":"Spot Weakness+1","floor":21},{"not_picked":[],"picked":"Clash","floor":23},{"not_picked":[],"picked":"Searing Blow","floor":24},{"not_picked":[],"picked":"Carnage","floor":27},{"not_picked":[],"picked":"Iron Wave+1","floor":31},{"not_picked":["Infernal Blade+1"],"picked":"SKIP","floor":35},{"not_picked":[],"picked":"Battle Trance","floor":36},{"not_picked":[],"picked":"Feel No Pain","floor":37},{"not_picked":[],"picked":"Secret Technique","floor":38},{"not_picked":["Clash"],"picked":"SKIP","floor":41},{"not_picked":["Warcry"],"picked":"SKIP","floor":44},{"not_picked":[],"picked":"Twin Strike+1","floor":45},{"not_picked":["Clothesline"],"picked":"SKIP","floor":47}],"player_experience":231285,"relics_obtained":[{"floor":6.0,"key":"Self Forming Clay"},{"floor":9.0,"key":"Matryoshka"},{"floor":12.0,"key":"Juzu Bracelet"},{"floor":14.0,"key":"Boot"},{"floor":24,"key":"Orichalcum"},{"floor":26,"key":"Pen Nib"},{"floor":36,"key":"Turnip"},{"floor":39,"key":"Potion Belt"},{"floor":39,"key":"Oddly Smooth Stone"},{"floor":43,"key":"InkBottle"},{"floor":47,"key":"MealTicket"}],"event_choices":[{"damage_healed":0.0,"max_hp_gain":0.0,"max_hp_loss":0.0,"gold_gain":0.0,"event_name":"Golden Idol","player_choice":"Ignored","floor":3.0,"gold_loss":0.0,"damage_taken":0.0},{"damage_healed":0.0,"max_hp_gain":0.0,"max_hp_loss":0.0,"gold_gain":0.0,"event_name":"Liars Game","player_choice":"Ignored","floor":4.0,"gold_loss":0.0,"damage_taken":0.0},{"damage_healed":0.0,"max_hp_gain":0.0,"max_hp_loss":0.0,"gold_gain":0.0,"event_name":"Shining Light","player_choice":"Entered Light","floor":5.0,"gold_loss":0.0,"damage_taken":16.0,"cards_upgraded":["Defend_R","Bash"]},{"cards_removed":["Strike_R"],"damage_healed":0.0,"max_hp_gain":0.0,"max_hp_loss":0.0,"gold_gain":0.0,"event_name":"Golden Wing","player_choice":"Card Removal","floor":13.0,"gold_loss":0.0,"damage_taken":7.0},{"damage_healed":0,"gold_gain":0,"player_choice":"Smashed Altar","damage_taken":0,"max_hp_gain":0,"max_hp_loss":0,"event_name":"Forgotten Altar","floor":22,"gold_loss":0,"cards_obtained":["Decay"]},{"damage_healed":0,"gold_gain":0,"player_choice":"Inject Mutagens","damage_taken":0,"relics_obtained":["MutagenicStrength"],"max_hp_gain":0,"max_hp_loss":0,"event_name":"Drug Dealer","floor":30,"gold_loss":0},{"damage_healed":0,"gold_gain":0,"player_choice":"Fight","damage_taken":0,"max_hp_gain":0,"max_hp_loss":0,"event_name":"MindBloom","floor":36,"gold_loss":0},{"damage_healed":0,"gold_gain":0,"player_choice":"Memory 1","damage_taken":0,"max_hp_gain":0,"max_hp_loss":0,"event_name":"SensoryStone","floor":38,"gold_loss":0},{"damage_healed":0,"gold_gain":0,"player_choice":"Got Potions","damage_taken":0,"max_hp_gain":0,"max_hp_loss":0,"event_name":"Lab","floor":46,"gold_loss":0}],"is_beta":false,"boss_relics":[{"not_picked":["Sozu","Black Star"],"picked":"Busted Crown"},{"not_picked":["Black Blood","Coffee Dripper"],"picked":"Empty Cage"}],"items_purged_floors":[28],"is_endless":false,"potions_floor_spawned":[6,12,16,19,21,27,33,37,41,44],"killed_by":"3 Darklings","ascension_level":1}}