{"host":"v0dnu0zs4qo0v13s","time":1613875459,"event":{"mods":["BaseMod","Colored Map","Colored Powertips","Minty Spire (QoL Compilation)","Relic Stats","StSLib","SuperFastMode","everything is the same but u backflip on backflip"],"gold_per_floor":[111,127,127,127,150,150,186,186,212,212,19,37,112,112,112,112,112],"floor_reached":16,"language":"ENG","playtime":547,"items_purged":["Strike_R"],"score":172,"play_id":"8053ea5b-560e-4caf-a1d1-c91b0188dbd7","local_time":"20210220214419","is_ascension_mode":true,"campfire_choices":[{"data":"Bash","floor":6,"key":"SMITH"},{"floor":8,"key":"REST"},{"floor":15,"key":"REST"}],"circlet_count":0,"master_deck":["AscendersBane","Strike_R","Strike_R","Strike_R","Defend_R","Defend_R","Defend_R","Defend_R","Bash+1","Battle Trance","Cleave","Headbutt","Disarm"],"relics":["Sozu","Golden Idol","PreservedInsect","White Beast Statue","Happy Flower","Membership Card","Regal Pillow"],"acts_visited":["Exordium"],"potions_floor_usage":[],"damage_taken":[{"damage":1,"enemies":"Cultist","floor":1,"turns":3},{"damage":0,"enemies":"2 Louse","floor":2,"turns":2},{"damage":7,"enemies":"Small Slimes","floor":5,"turns":3},{"damage":20,"enemies":"Lagavulin","floor":7,"turns":4},{"damage":3,"enemies":"Blue Slaver","floor":12,"turns":2},{"damage":70,"enemies":"Hexaghost","floor":16,"turns":10}],"seed_played":"870634166976087504","potions_obtained":[],"is_trial":false,"path_per_floor":["M","M","?","?","M","R","E","R","T","?","$","M","?","?","R","B"],"character_chosen":"IRONCLAD","items_purchased":["Membership Card"],"campfire_rested":2,"item_purchase_floors":[11],"current_hp_per_floor":[67,67,67,62,55,55,35,55,55,48,48,45,34,34,68,0,0],"gold":112,"neow_bonus":"BOSS_RELIC","is_daily":false,"chose_seed":false,"campfire_upgraded":1,"win_rate":0.0,"timestamp":1613875459,"path_taken":["M","M","?","?","M","R","E","R","T","?","?","?","?","?","R","BOSS"],"items_purchased_type":["Relic"],"build_version":"2020-12-22","purchased_purges":1,"victory":false,"max_hp_per_floor":[75,75,68,68,68,68,68,68,68,68,68,68,68,68,68,68,68],"relic_stats":{"Sozu":2,"Regal Pillow":14,"Happy Flower":[4],"counters":[6,24],"Golden Idol":16,"PreservedInsect":28,"obtain_stats":[{"Sozu":0,"Regal Pillow":14,"Happy Flower":9,"Golden Idol":3,"PreservedInsect":4,"Membership Card":11,"Burning Blood":0,"White Beast Statue":7},{"Sozu":0,"Regal Pillow":5,"Happy Flower":4,"Golden Idol":2,"PreservedInsect":2,"Membership Card":4,"Burning Blood":0,"White Beast Statue":4},{"Sozu":0,"Regal Pillow":14,"Happy Flower":12,"Golden Idol":5,"PreservedInsect":5,"Membership Card":12,"Burning Blood":0,"White Beast Statue":12}]},"card_choices":[{"not_picked":["Twin Strike","Warcry"],"picked":"Reckless Charge","floor":1},{"not_picked":["Wild Strike","Havoc"],"picked":"Battle Trance","floor":2},{"not_picked":["Armaments","Power Through"],"picked":"Cleave","floor":5},{"not_picked":["Pummel","Bloodletting"],"picked":"Headbutt","floor":7},{"not_picked":["Warcry","Rampage"],"picked":"Disarm","floor":12}],"player_experience":761088,"relics_obtained":[{"floor":7,"key":"White Beast Statue"},{"floor":9,"key":"Happy Flower"}],"event_choices":[{"damage_healed":0,"gold_gain":0,"player_choice":"Lose Max HP","damage_taken":0,"relics_obtained":["Golden Idol"],"max_hp_gain":0,"max_hp_loss":7,"event_name":"Golden Idol","floor":3,"gold_loss":0},{"damage_healed":0,"gold_gain":0,"player_choice":"Success","damage_taken":5,"relics_obtained":["PreservedInsect"],"max_hp_gain":0,"max_hp_loss":0,"event_name":"Scrap Ooze","floor":4,"gold_loss":0},{"cards_removed":["Strike_R"],"damage_healed":0,"gold_gain":0,"player_choice":"Card Removal","damage_taken":7,"max_hp_gain":0,"max_hp_loss":0,"event_name":"Golden Wing","floor":10,"gold_loss":0},{"damage_healed":0,"gold_gain":75,"player_choice":"Gather Gold","damage_taken":11,"max_hp_gain":0,"max_hp_loss":0,"event_name":"World of Goop","floor":13,"gold_loss":0},{"cards_removed":["Reckless Charge"],"damage_healed":0,"gold_gain":0,"player_choice":"Gave Card","damage_taken":0,"relics_obtained":["Regal Pillow"],"max_hp_gain":0,"max_hp_loss":0,"event_name":"WeMeetAgain","floor":14,"gold_loss":0}],"is_beta":false,"boss_relics":[],"items_purged_floors":[11],"is_endless":false,"potions_floor_spawned":[2,12],"killed_by":"Hexaghost","ascension_level":15}}