{"host":"o5jvvi5yapo90aia","time":1613903463,"event":{"mods":["BaseMod","CapriCore","Minty Spire (QoL Compilation)","MostiFishMod","Prisma Mod","Spicy Shops","StSLib","TestMod","The Immortal","Yakumo Yukari mod","【人物mod】游戏王New YuGiOh mod","【功能Mod】Neow奖励"],"gold_per_floor":[110,510,521,521,151,151,151],"floor_reached":6,"language":"ZHS","playtime":173,"items_purged":["Defend_P"],"score":68,"play_id":"4fcd3ab2-ac60-43cd-848c-64f069eef15f","local_time":"20210221183103","is_ascension_mode":true,"campfire_choices":[],"circlet_count":0,"master_deck":["AscendersBane","Strike_P","Strike_P","Strike_P","Strike_P","Defend_P","Defend_P","Defend_P","Eruption","Vigilance","Tantrum"],"relics":["testmod-TestBox","testmod-EnergyCheck","DianDianMeat","testmod-NegativeEmotionEnhancer","SynthV:TestCard","Golden Idol","TimeFreeze","Juzu Bracelet"],"acts_visited":["Exordium"],"potions_floor_usage":[],"damage_taken":[{"damage":1,"enemies":"Jaw Worm","floor":1,"turns":4},{"damage":2,"enemies":"2 Louse","floor":3,"turns":3},{"damage":37,"enemies":"Lagavulin","floor":6,"turns":5}],"seed_played":"9008830074508225842","potions_obtained":[{"floor":1,"key":"Energy Potion"}],"is_trial":false,"path_per_floor":["M","?","M","?","$","E"],"character_chosen":"WATCHER","items_purchased":["TimeFreeze","Juzu Bracelet","Tantrum"],"campfire_rested":0,"item_purchase_floors":[5,5,5],"current_hp_per_floor":[63,63,65,41,42,6,6],"gold":151,"neow_bonus":"BOSS_RELIC","is_daily":false,"chose_seed":false,"campfire_upgraded":0,"win_rate":0.0,"timestamp":1613903463,"path_taken":["M","?","M","?","$","E"],"items_purchased_type":["Relic","Relic","Card"],"build_version":"2020-12-22","purchased_purges":1,"victory":false,"max_hp_per_floor":[69,69,70,70,71,71,71],"card_choices":[{"not_picked":["MostiFishMod:PathToVictory","ClearTheMind","Prostrate"],"picked":"SKIP","floor":1},{"not_picked":["Meditate","Crescendo","MostiFishMod:PathToVictory","MostiFishMod:Nomercy","EmptyFist"],"picked":"SKIP","floor":3}],"player_experience":1586801,"relics_obtained":[{"floor":1,"key":"SynthV:TestCard"}],"event_choices":[{"damage_healed":0,"gold_gain":400,"player_choice":"Sell","damage_taken":0,"max_hp_gain":0,"max_hp_loss":0,"event_name":"恩洛斯的盘子","floor":2,"relics_lost":["DaveBox"],"gold_loss":0},{"damage_healed":0,"gold_gain":0,"player_choice":"Take Damage","damage_taken":24,"relics_obtained":["Golden Idol"],"max_hp_gain":0,"max_hp_loss":0,"event_name":"Golden Idol","floor":4,"gold_loss":0}],"is_beta":false,"boss_relics":[],"items_purged_floors":[5],"is_endless":false,"potions_floor_spawned":[1],"killed_by":"Lagavulin","ascension_level":20}}