{"host":"prxrhpgaxnj4om9r","time":1613869333,"event":{"mods":["AchievementEnabler","BaseMod","Colored Map","DeckTracker","Minty Spire (QoL Compilation)"],"gold_per_floor":[118,118,132,142,317,317,317,343,343,378,33,46,66,76,76,174,174,184,184,184,204,217,217,229,144,168,55,55,74,74,106,106,106,106],"floor_reached":33,"language":"KOR","playtime":1345,"items_purged":["Doubt"],"score":327,"play_id":"b77d9884-0e1b-432c-a4c0-a5e10ea2ed2b","local_time":"20210221100213","is_ascension_mode":false,"campfire_choices":[{"data":"Eruption","floor":6,"key":"SMITH"},{"data":"SandsOfTime","floor":15,"key":"SMITH"},{"data":"RitualDagger","floor":23,"key":"SMITH"},{"floor":28,"key":"REST"},{"data":"LessonLearned","floor":30,"key":"SMITH"},{"floor":32,"key":"REST"}],"circlet_count":0,"master_deck":["Strike_P","Strike_P","Strike_P","Strike_P+1","Defend_P","Defend_P","Defend_P","Eruption+1","Vigilance","EmptyFist+1","Nirvana+1","BowlingBash","CutThroughFate","BattleHymn+1","Adaptation+1","Tantrum","SandsOfTime+1","FearNoEvil","LikeWater+1","CutThroughFate","LessonLearned+1","Protect","RitualDagger+1","Consecrate","ClearTheMind","ThirdEye+1","Sanctity","FlurryOfBlows+1","DevaForm+1"],"relics":["HolyWater","Frozen Egg 2","InkBottle","Pantograph","Lee\u0027s Waffle","Molten Egg 2","Matryoshka"],"acts_visited":["Exordium","TheCity"],"potions_floor_usage":[8,10,16,18,18,21,33],"damage_taken":[{"damage":14,"enemies":"2 Louse","floor":1,"turns":2},{"damage":0,"enemies":"Small Slimes","floor":3,"turns":2},{"damage":0,"enemies":"Cultist","floor":4,"turns":2},{"damage":14,"enemies":"Gremlin Nob","floor":8,"turns":3},{"damage":18,"enemies":"Lagavulin","floor":10,"turns":5},{"damage":6,"enemies":"Large Slime","floor":12,"turns":3},{"damage":6,"enemies":"3 Louse","floor":13,"turns":2},{"damage":0,"enemies":"Exordium Thugs","floor":14,"turns":2},{"damage":0,"enemies":"Slime Boss","floor":16,"turns":5},{"damage":0,"enemies":"Chosen","floor":18,"turns":4},{"damage":8,"enemies":"Shell Parasite","floor":21,"turns":2},{"damage":0,"enemies":"Chosen and Byrds","floor":22,"turns":4},{"damage":0,"enemies":"Cultist and Chosen","floor":24,"turns":4},{"damage":23,"enemies":"Centurion and Healer","floor":29,"turns":4},{"damage":29,"enemies":"Slavers","floor":31,"turns":5},{"damage":86,"enemies":"Collector","floor":33,"turns":9}],"seed_played":"-7403771098013443769","potions_obtained":[{"floor":1,"key":"BottledMiracle"},{"floor":3,"key":"PowerPotion"},{"floor":12,"key":"SteroidPotion"},{"floor":14,"key":"Swift Potion"},{"floor":16,"key":"Weak Potion"},{"floor":31,"key":"PowerPotion"}],"is_trial":false,"path_per_floor":["M","?","M","M","?","R","?","E","T","E","$","M","M","M","R","B",null,"M","?","?","M","M","R","M","?","T","$","R","M","R","E","R","B"],"character_chosen":"WATCHER","items_purchased":["Lee\u0027s Waffle","Adaptation+1","Tantrum","SandsOfTime","Sanctity"],"campfire_rested":2,"item_purchase_floors":[11,11,11,11,27],"current_hp_per_floor":[65,58,58,58,58,58,58,44,44,26,86,80,74,74,74,86,86,86,80,68,60,60,60,60,60,60,60,85,62,62,33,58,0,0],"gold":106,"neow_bonus":"TEN_PERCENT_HP_BONUS","is_daily":false,"chose_seed":false,"campfire_upgraded":4,"win_rate":0.0,"timestamp":1613869333,"path_taken":["M","?","M","M","?","R","?","E","T","E","$","?","M","M","R","BOSS","M","?","?","M","?","R","M","?","T","$","R","M","R","E","R","BOSS"],"items_purchased_type":["Relic","Card","Card","Card","Card"],"build_version":"2020-12-22","purchased_purges":1,"victory":false,"max_hp_per_floor":[79,79,79,79,79,79,79,79,79,79,86,86,86,86,86,86,86,86,86,86,86,86,86,86,86,86,86,86,86,86,86,86,86,86],"card_choices":[{"not_picked":["Fasting2","JustLucky"],"picked":"EmptyFist","floor":1},{"not_picked":["JustLucky","WaveOfTheHand"],"picked":"Nirvana","floor":3},{"not_picked":["WreathOfFlame","Prostrate"],"picked":"BowlingBash","floor":4},{"not_picked":["Protect","BowlingBash"],"picked":"CutThroughFate","floor":8},{"not_picked":["FearNoEvil","DeceiveReality"],"picked":"BattleHymn+1","floor":10},{"not_picked":["Evaluate","Crescendo"],"picked":"FearNoEvil","floor":12},{"not_picked":["Meditate","SandsOfTime"],"picked":"LikeWater+1","floor":13},{"not_picked":["Swivel","Crescendo"],"picked":"CutThroughFate","floor":14},{"not_picked":["Brilliance","ConjureBlade"],"picked":"LessonLearned","floor":16},{"not_picked":["CutThroughFate+1","FlyingSleeves"],"picked":"Protect","floor":18},{"not_picked":["FearNoEvil","Adaptation+1"],"picked":"Consecrate","floor":21},{"not_picked":["Wireheading+1","PathToVictory"],"picked":"ClearTheMind","floor":22},{"not_picked":["FollowUp","CrushJoints+1"],"picked":"ThirdEye+1","floor":24},{"not_picked":["PathToVictory","Tantrum+1"],"picked":"FlurryOfBlows+1","floor":29},{"not_picked":["FlurryOfBlows+1","JustLucky+1"],"picked":"DevaForm+1","floor":31}],"player_experience":561304,"relics_obtained":[{"floor":8,"key":"Frozen Egg 2"},{"floor":9,"key":"InkBottle"},{"floor":10,"key":"Pantograph"},{"floor":31,"key":"Matryoshka"}],"event_choices":[{"cards_removed":["Defend_P"],"damage_healed":0,"gold_gain":0,"player_choice":"Card Removal","damage_taken":7,"max_hp_gain":0,"max_hp_loss":0,"event_name":"Golden Wing","floor":2,"gold_loss":0},{"damage_healed":0,"gold_gain":175,"player_choice":"AGREE","damage_taken":0,"max_hp_gain":0,"max_hp_loss":0,"event_name":"Liars Game","floor":5,"gold_loss":0,"cards_obtained":["Doubt"]},{"damage_healed":0,"gold_gain":0,"player_choice":"Upgraded","damage_taken":0,"max_hp_gain":0,"max_hp_loss":0,"event_name":"Upgrade Shrine","floor":7,"gold_loss":0,"cards_upgraded":["EmptyFist"]},{"damage_healed":0,"gold_gain":0,"player_choice":"Joined the Cult","damage_taken":6,"max_hp_gain":0,"max_hp_loss":0,"event_name":"Nest","floor":19,"gold_loss":0,"cards_obtained":["RitualDagger"]},{"damage_healed":0,"gold_gain":0,"player_choice":"POTION ","damage_taken":12,"max_hp_gain":0,"max_hp_loss":0,"event_name":"Knowing Skull","floor":20,"potions_obtained":["Ambrosia"],"gold_loss":0,"cards_obtained":[]},{"damage_healed":0,"gold_gain":0,"player_choice":"Obtained Relic","damage_taken":0,"relics_obtained":["Molten Egg 2"],"max_hp_gain":0,"max_hp_loss":0,"event_name":"Addict","floor":25,"gold_loss":85}],"is_beta":false,"boss_relics":[{"not_picked":["Fusion Hammer","SlaversCollar"],"picked":"HolyWater"}],"items_purged_floors":[27],"is_endless":false,"potions_floor_spawned":[1,3,12,14,16,31],"killed_by":"Collector","ascension_level":0}}