{"host":"ju1b3c4x8n2jtjm7","time":1613911334,"event":{"mods":["AchievementEnabler","BaseMod","Colored Map","Colored Powertips","DeckTracker","Highlight Path","Minty Spire (QoL Compilation)","Quick Restart","Rare Cards Sparkle","Relic Stats"],"gold_per_floor":[216,291,303,314,10,10,10,10,33,33,33,67,67,79,79,180,180,193,213,229,244,256,281,294,294,294,384,384,79,97,116,116,215,215,231,74,124,135,153,188,188,214,214,243,254,254,154,167,167,167],"floor_reached":51,"language":"ENG","playtime":5130,"items_purged":["Quick Slash+1","Footwork"],"score":1470,"play_id":"41a67d6c-3cd9-468e-b6ad-c50bae9c57b9","local_time":"20210221134214","is_ascension_mode":true,"campfire_choices":[{"data":"Neutralize","floor":6.0,"key":"SMITH"},{"floor":8.0,"key":"REST"},{"data":"Tactician","floor":13.0,"key":"SMITH"},{"data":"Dagger Spray","floor":15.0,"key":"SMITH"},{"data":"Heel Hook","floor":25.0,"key":"SMITH"},{"floor":28.0,"key":"REST"},{"data":"Well Laid Plans","floor":32.0,"key":"SMITH"},{"floor":41,"key":"DIG"},{"data":"Unload","floor":49,"key":"PURGE"}],"circlet_count":0,"master_deck":["AscendersBane","Survivor","Neutralize+1","Tactician+1","Dagger Throw+1","Dagger Spray+1","After Image","Heel Hook+1","Reflex+1","Well Laid Plans+1","Calculated Gamble+1","Acrobatics"],"relics":["Ring of the Snake","Lantern","TheAbacus","Akabeko","Ornamental Fan","Pandora\u0027s Box","Shuriken","Whetstone","Art of War","HoveringKite","Medical Kit","Shovel","Bronze Scales","Blue Candle","Peace Pipe","Anchor"],"acts_visited":["Exordium","TheCity","TheBeyond"],"potions_floor_usage":[],"damage_taken":[{"damage":1.0,"enemies":"2 Louse","floor":1.0,"turns":3.0},{"damage":2.0,"enemies":"Small Slimes","floor":3.0,"turns":5.0},{"damage":0.0,"enemies":"Cultist","floor":4.0,"turns":4.0},{"damage":22.0,"enemies":"3 Sentries","floor":12.0,"turns":10.0},{"damage":0.0,"enemies":"Lots of Slimes","floor":14.0,"turns":4.0},{"damage":12.0,"enemies":"Slime Boss","floor":16.0,"turns":11.0},{"damage":0.0,"enemies":"3 Byrds","floor":18.0,"turns":3.0},{"damage":0.0,"enemies":"2 Thieves","floor":19.0,"turns":2.0},{"damage":5.0,"enemies":"Snecko","floor":20.0,"turns":4.0},{"damage":0.0,"enemies":"Shelled Parasite and Fungi","floor":21.0,"turns":2.0},{"damage":0.0,"enemies":"Chosen and Byrds","floor":22.0,"turns":4.0},{"damage":15.0,"enemies":"Slavers","floor":23.0,"turns":4.0},{"damage":0.0,"enemies":"Snecko","floor":24.0,"turns":4.0},{"damage":0.0,"enemies":"Snake Plant","floor":30.0,"turns":2.0},{"damage":0.0,"enemies":"Centurion and Healer","floor":31.0,"turns":2.0},{"damage":0.0,"enemies":"Champ","floor":33.0,"turns":3.0},{"damage":0.0,"enemies":"3 Darklings","floor":35.0,"turns":2.0},{"damage":0.0,"enemies":"Mind Bloom Boss Battle","floor":37.0,"turns":3.0},{"damage":0.0,"enemies":"3 Shapes","floor":38.0,"turns":3.0},{"damage":0.0,"enemies":"3 Darklings","floor":39.0,"turns":2.0},{"damage":4,"enemies":"Reptomancer","floor":40,"turns":3},{"damage":1,"enemies":"Nemesis","floor":42,"turns":3},{"damage":0,"enemies":"Giant Head","floor":44,"turns":3},{"damage":0,"enemies":"Jaw Worm Horde","floor":45,"turns":2},{"damage":0,"enemies":"Sphere and 2 Shapes","floor":48,"turns":1},{"damage":0,"enemies":"Awakened One","floor":50,"turns":2}],"seed_played":"-7888955013994553094","potions_obtained":[{"floor":1.0,"key":"PowerPotion"},{"floor":3.0,"key":"DuplicationPotion"},{"floor":21.0,"key":"Strength Potion"},{"floor":24.0,"key":"CunningPotion"},{"floor":30.0,"key":"Fruit Juice"},{"floor":31.0,"key":"GhostInAJar"}],"is_trial":false,"path_per_floor":["M","?","M","M","$","R","?","R","T","?","?","E","R","M","R","B",null,"M","M","M","M","M","E","M","R","T","?","R","$","M","M","R","B",null,"M","$","?","M","M","E","R","E","T","E","M","?","$","M","R","B",null],"character_chosen":"THE_SILENT","items_purchased":["Lantern","TheAbacus","Well Laid Plans","Art of War","Medical Kit"],"campfire_rested":2,"item_purchase_floors":[5,5,29,29,36],"current_hp_per_floor":[62,51,49,49,49,49,35,56,56,56,56,34,34,34,34,22,58,58,58,53,53,53,38,38,38,38,20,41,41,41,46,46,46,68,68,68,68,68,68,64,64,63,63,63,63,63,63,63,63,63],"gold":167,"neow_bonus":"HUNDRED_GOLD","is_daily":false,"chose_seed":false,"campfire_upgraded":5,"win_rate":0.0,"timestamp":1613911334,"path_taken":["M","?","M","M","$","R","?","R","T","?","?","E","R","M","R","BOSS","M","?","M","M","M","E","?","R","T","?","R","$","?","M","R","BOSS","M","$","?","M","M","E","R","E","T","E","M","?","$","M","R","BOSS"],"items_purchased_type":["Relic","Relic","Card","Relic","Relic"],"build_version":"2020-12-22","purchased_purges":2,"victory":true,"max_hp_per_floor":[70,70,70,70,70,70,70,70,70,70,70,70,70,70,70,70,70,70,70,70,70,70,70,70,70,70,70,70,70,70,75,75,75,75,75,75,75,75,75,75,75,75,75,75,75,75,75,75,75,75],"relic_stats":{"counters":[26,91],"Blue Candle":[1],"HoveringKite":[24],"Whetstone":["Quick Slash","Dagger Throw"],"Medical Kit":[5],"Peace Pipe":1,"TheAbacus":[1884],"Shovel":1,"Ornamental Fan":[388],"Shuriken":[70],"Bronze Scales":[7],"Pandora\u0027s Box":["Expertise","Choke","A Thousand Cuts","Doppelganger","Well Laid Plans","Predator","All Out Attack","Blur","Unload"],"Art of War":[1],"obtain_stats":[{"Lantern":5,"Blue Candle":41,"HoveringKite":34,"Whetstone":26,"Medical Kit":36,"Akabeko":9,"Peace Pipe":42,"Anchor":44,"TheAbacus":5,"Shovel":37,"Ornamental Fan":12,"Shuriken":23,"Bronze Scales":40,"Pandora\u0027s Box":17,"Art of War":29,"Ring of the Snake":0},{"Lantern":3,"Blue Candle":21,"HoveringKite":16,"Whetstone":13,"Medical Kit":17,"Akabeko":3,"Peace Pipe":22,"Anchor":23,"TheAbacus":3,"Shovel":18,"Ornamental Fan":4,"Shuriken":12,"Bronze Scales":21,"Pandora\u0027s Box":6,"Art of War":13,"Ring of the Snake":0},{"Lantern":12,"Blue Candle":80,"HoveringKite":67,"Whetstone":60,"Medical Kit":69,"Akabeko":12,"Peace Pipe":83,"Anchor":86,"TheAbacus":12,"Shovel":72,"Ornamental Fan":22,"Shuriken":56,"Bronze Scales":80,"Pandora\u0027s Box":37,"Art of War":60,"Ring of the Snake":0}],"Ring of the Snake":[52]},"card_choices":[{"not_picked":["Catalyst","Finisher"],"picked":"Tactician","floor":1.0},{"not_picked":["PiercingWail","Finisher"],"picked":"Dagger Throw","floor":3.0},{"not_picked":["Backflip","Outmaneuver","Quick Slash"],"picked":"SKIP","floor":4.0},{"not_picked":["Bane","Cloak And Dagger","Accuracy"],"picked":"SKIP","floor":12.0},{"not_picked":["Choke","Blade Dance"],"picked":"Dagger Spray","floor":14.0},{"not_picked":["Bullet Time","Corpse Explosion"],"picked":"After Image","floor":16.0},{"not_picked":["Tactician","Underhanded Strike"],"picked":"Quick Slash","floor":18.0},{"not_picked":["Blade Dance","Cloak And Dagger"],"picked":"Heel Hook","floor":19.0},{"not_picked":["Setup","Concentrate","Sucker Punch"],"picked":"SKIP","floor":20.0},{"not_picked":["PiercingWail","Poisoned Stab"],"picked":"Footwork","floor":21.0},{"not_picked":["Adrenaline","Leg Sweep+1"],"picked":"Reflex+1","floor":22.0},{"not_picked":["Bouncing Flask","Choke","Noxious Fumes"],"picked":"SKIP","floor":23.0},{"not_picked":["Bouncing Flask","Caltrops","Leg Sweep+1"],"picked":"SKIP","floor":24.0},{"not_picked":["Catalyst","PiercingWail","Backflip"],"picked":"SKIP","floor":30.0},{"not_picked":["All Out Attack","Dodge and Roll","Outmaneuver"],"picked":"SKIP","floor":31.0},{"not_picked":["Storm of Steel","Die Die Die"],"picked":"Unload","floor":33.0},{"not_picked":["Choke","Bane+1","Noxious Fumes"],"picked":"SKIP","floor":35.0},{"not_picked":["Dagger Spray","Accuracy+1"],"picked":"Calculated Gamble+1","floor":37.0},{"not_picked":["Outmaneuver+1","Quick Slash+1","Accuracy"],"picked":"SKIP","floor":38.0},{"not_picked":["Sucker Punch+1","Blade Dance","Night Terror"],"picked":"SKIP","floor":39.0},{"not_picked":["Masterful Stab","Dodge and Roll+1","Dagger Throw+1"],"picked":"SKIP","floor":40},{"not_picked":["Flying Knee+1","Slice+1","Backflip+1"],"picked":"SKIP","floor":42},{"not_picked":["Crippling Poison","Prepared+1"],"picked":"Acrobatics","floor":44},{"not_picked":["Poisoned Stab+1","Acrobatics+1","Choke"],"picked":"SKIP","floor":45},{"not_picked":["Well Laid Plans","Riddle With Holes","Dagger Throw+1"],"picked":"SKIP","floor":48}],"player_experience":449450,"relics_obtained":[{"floor":9.0,"key":"Akabeko"},{"floor":12.0,"key":"Ornamental Fan"},{"floor":23.0,"key":"Shuriken"},{"floor":26.0,"key":"Whetstone"},{"floor":37.0,"key":"Shovel"},{"floor":40,"key":"Bronze Scales"},{"floor":41,"key":"Blue Candle"},{"floor":42,"key":"Peace Pipe"},{"floor":44,"key":"Anchor"}],"event_choices":[{"damage_healed":0.0,"max_hp_gain":0.0,"max_hp_loss":0.0,"gold_gain":75.0,"event_name":"World of Goop","player_choice":"Gather Gold","floor":2.0,"gold_loss":0.0,"damage_taken":11.0},{"damage_healed":0.0,"max_hp_gain":0.0,"max_hp_loss":0.0,"gold_gain":0.0,"event_name":"Shining Light","player_choice":"Entered Light","floor":7.0,"gold_loss":0.0,"damage_taken":14.0,"cards_upgraded":["Strike_G","Defend_G"]},{"damage_healed":0.0,"max_hp_gain":0.0,"max_hp_loss":0.0,"gold_gain":0.0,"event_name":"Liars Game","player_choice":"Ignored","floor":10.0,"gold_loss":0.0,"damage_taken":0.0},{"cards_removed":["Defend_G"],"damage_healed":0.0,"max_hp_gain":0.0,"max_hp_loss":0.0,"gold_gain":0.0,"event_name":"Purifier","player_choice":"Purged","floor":11.0,"gold_loss":0.0,"damage_taken":0.0},{"damage_healed":0.0,"max_hp_gain":0.0,"max_hp_loss":0.0,"gold_gain":90.0,"event_name":"Knowing Skull","player_choice":"POTION GOLD ","floor":27.0,"potions_obtained":["CultistPotion"],"gold_loss":0.0,"damage_taken":18.0,"cards_obtained":[]},{"damage_healed":0.0,"max_hp_gain":0.0,"max_hp_loss":0.0,"gold_gain":0.0,"event_name":"MindBloom","player_choice":"Fight","floor":37.0,"gold_loss":0.0,"damage_taken":0.0},{"damage_healed":0,"gold_gain":0,"player_choice":"Ignored","damage_taken":0,"max_hp_gain":0,"max_hp_loss":0,"event_name":"Tomb of Lord Red Mask","floor":46,"gold_loss":0}],"is_beta":false,"boss_relics":[{"not_picked":["Empty Cage","Black Star"],"picked":"Pandora\u0027s Box"},{"not_picked":["Snecko Eye","Runic Dome"],"picked":"HoveringKite"}],"items_purged_floors":[29,47],"is_endless":false,"potions_floor_spawned":[1,3,12,21,24,30,31,35,37,40,45,48],"ascension_level":11}}