{"host":"xc18ixkpjvqrt8st","time":1613878243,"event":{"mods":["Act Like it!","BaseMod","Better Match","Better Third Choice","Conspire","Hallownest","Hermit","Hubris","Jorbs\u0027s Wanderer Trilogy","Minty Spire (QoL Compilation)","Reliquary","Robot Space Explorer","Shade Mod","Shop Mod","Spicy Shops","Spire Arcade","StSLib","The Animator","The Jungle","The Sage"],"gold_per_floor":[129,149,4,4,22,62,62,91,114,128,128,153,153,177,177,305,305,323,375,63,83,107,107,150,150,150,150,182,182,215,238,238,372,372,396,396,421,421,450,450,450,479,479,479,35,35,35,35,35,43,43],"floor_reached":50,"language":"ENG","playtime":8976,"items_purged":[],"score":599,"play_id":"46879c34-9ee3-4eba-8548-cbe16b66a04f","local_time":"20210220213043","is_ascension_mode":true,"campfire_choices":[{"floor":13.0,"key":"REST"},{"floor":15.0,"key":"REST"},{"floor":23,"key":"REST"},{"floor":29,"key":"REST"},{"floor":32,"key":"REST"},{"floor":40,"key":"REST"},{"floor":44,"key":"RECALL"},{"data":"animator:Zero","floor":47,"key":"SMITH"},{"data":"animator:Hibiki","floor":49,"key":"SMITH"}],"circlet_count":0,"master_deck":["animator:Strike_Overlord","animator:Defend_Overlord","animator:Strike","animator:Strike","animator:Strike","animator:Defend","animator:Defend","animator:Defend","animator:Cocytus","animator:Demiurge","animator:Ciel","animator:Viivi","animator:Shinoa","Adrenaline+1","animator:Elsword","animator:Raven","animator:PandorasActor","animator:YunYun","Injury","animator:Chris","animator:Aqua","animator:Hans","animator:Fredrika","animator:Aqua+1","animator:Hibiki+1","animator:Chung+1","animator:Mitsurugi","animator:Aqua","animator:LimeBell","animator:Viivi+1","animator:Yuuichirou","animator:Aqua","animator:SwordMaiden","animator:AcuraAkari+1","animator:Verdia+1","Parasite","animator:Ciel+1","animator:Chris","animator:Zero+1","animator:Shalltear","animator:Verdia","animator:GazelDwargon"],"relics":["animator:LivingPicture","animator:TheMissingPiece","NeowsBlessing","ClockworkSouvenir","PreservedInsect","reliquary:TuningFork","Red Skull","reliquary:Knoch","Golden Idol","hubris:ScarierMask","hubris:FunFungus","Vajra","Blue Candle","SlaversCollar","hubris:Towel","animator:HeavyHalberd","reliquary:TridentHead","reliquary:ExpiredCoupon","HandDrill"],"acts_visited":["Exordium","TheCity","TheBeyond"],"potions_floor_usage":[27,33,39,45,50],"damage_taken":[{"damage":0.0,"enemies":"Small Slimes","floor":1.0,"turns":1.0},{"damage":0.0,"enemies":"conspire:RoseBush","floor":2.0,"turns":1.0},{"damage":0.0,"enemies":"Cultist","floor":5.0,"turns":1.0},{"damage":34.0,"enemies":"3 Sentries","floor":6.0,"turns":11.0},{"damage":0.0,"enemies":"Lagavulin","floor":8.0,"turns":2.0},{"damage":0.0,"enemies":"Large Slime","floor":10.0,"turns":4.0},{"damage":0.0,"enemies":"Exordium Wildlife","floor":12.0,"turns":3.0},{"damage":0.0,"enemies":"3 Louse","floor":14.0,"turns":3.0},{"damage":35.0,"enemies":"Slime Boss","floor":16.0,"turns":6.0},{"damage":4,"enemies":"Chosen","floor":18,"turns":4},{"damage":44,"enemies":"conspire:MimicChest","floor":19,"turns":8},{"damage":0,"enemies":"3 Byrds","floor":21,"turns":3},{"damage":0,"enemies":"Sentry and Sphere","floor":22,"turns":2},{"damage":9,"enemies":"animator:HornedBat","floor":24,"turns":5},{"damage":0,"enemies":"Snake Plant","floor":27,"turns":1},{"damage":6,"enemies":"Snecko","floor":28,"turns":5},{"damage":9,"enemies":"Cultist and Chosen","floor":30,"turns":6},{"damage":6,"enemies":"Shelled Parasite and Fungi","floor":31,"turns":4},{"damage":65,"enemies":"hubris:MusketHawk","floor":33,"turns":10},{"damage":14,"enemies":"3 Shapes","floor":35,"turns":5},{"damage":8,"enemies":"Orb Walker","floor":37,"turns":4},{"damage":18,"enemies":"Writhing Mass","floor":39,"turns":4},{"damage":5,"enemies":"Jaw Worm Horde","floor":42,"turns":3},{"damage":84,"enemies":"Time Eater","floor":50,"turns":8}],"seed_played":"9038217325882333179","potions_obtained":[{"floor":5.0,"key":"SteroidPotion"},{"floor":6.0,"key":"DistilledChaos"},{"floor":12.0,"key":"Strength Potion"},{"floor":16.0,"key":"sagemod:Wine"},{"floor":21,"key":"sagemod:Wine"},{"floor":22,"key":"SmokeBomb"},{"floor":31,"key":"SneckoOil"},{"floor":37,"key":"AttackPotion"},{"floor":39,"key":"Block Potion"}],"is_trial":false,"path_per_floor":["M","M","$","?","M","E","?","E","T","M","?","M","R","M","R","B",null,"M","?","$","M","M","R","E","?","T","M","M","R","M","M","R","B",null,"M","?","M","?","M","R","?","M","T","R","$","?","R","$","R","B"],"character_chosen":"THE_ANIMATOR","items_purchased":["ClockworkSouvenir","animator:PandorasActor","animator:Shinoa","Vajra","animator:Hibiki","reliquary:ExpiredCoupon","HandDrill","animator:Zero","animator:Shalltear","animator:Verdia","animator:GazelDwargon"],"campfire_rested":6,"item_purchase_floors":[3,3,3,20,20,45,45,45,45,45,45],"current_hp_per_floor":[66,66,66,49,50,16,16,16,16,16,16,16,36,36,56,23,67,65,23,23,29,31,51,47,35,35,35,36,56,56,57,68,13,68,59,59,60,60,52,68,68,67,67,67,67,67,67,67,67,0,0],"gold":43,"neow_bonus":"THREE_ENEMY_KILL","is_daily":false,"chose_seed":false,"campfire_upgraded":2,"win_rate":0.0,"timestamp":1613878243,"path_taken":["M","M","$","?","M","E","?","E","T","?","?","M","R","M","R","BOSS","M","?","$","M","M","R","E","?","T","?","M","R","M","?","R","BOSS","M","?","M","?","?","R","?","M","T","R","$","?","R","$","R","BOSS"],"items_purchased_type":["Relic","Card","Card","Relic","Card","Relic","Relic","Card","Card","Card","Card"],"build_version":"2020-12-22","purchased_purges":0,"victory":false,"max_hp_per_floor":[66,66,66,66,67,67,67,67,67,67,67,67,67,67,67,67,67,67,67,67,68,68,68,68,68,68,68,68,68,68,68,68,68,68,68,68,68,68,68,68,68,68,68,68,68,68,68,68,68,68,68],"card_choices":[{"not_picked":["animator:Mitsurugi","animator:Megumin"],"picked":"animator:Ciel","floor":1.0},{"not_picked":["animator:Vanir","animator:Demiurge"],"picked":"animator:Viivi","floor":2.0},{"not_picked":["animator:Cocytus","animator:KrulTepes"],"picked":"animator:Elsword","floor":5.0},{"not_picked":["animator:Elsword","animator:Eve"],"picked":"animator:Raven","floor":6.0},{"not_picked":["animator:Verdia","animator:Raven"],"picked":"animator:PandorasActor","floor":8.0},{"not_picked":["animator:Kazuma","animator:Spearman"],"picked":"animator:YunYun","floor":10.0},{"not_picked":["animator:Add","animator:KrulTepes"],"picked":"animator:Chris","floor":12.0},{"not_picked":["animator:Kazuma","animator:Chomusuke"],"picked":"animator:Aqua","floor":14.0},{"not_picked":["animator:ChaikaTrabant","animator:Eris"],"picked":"animator:Hans","floor":16.0},{"not_picked":["animator:Guy+1","animator:LizardPriest"],"picked":"animator:Fredrika","floor":18},{"not_picked":["animator:AcuraTooru+1","animator:Viivi"],"picked":"animator:Aqua+1","floor":19},{"not_picked":["animator:Millim","animator:HighElfArcher"],"picked":"animator:Chung+1","floor":21},{"not_picked":["animator:GazelDwargon","animator:Sebas"],"picked":"animator:Mitsurugi","floor":22},{"not_picked":["animator:Verdia","animator:Chomusuke"],"picked":"animator:Aqua","floor":24},{"not_picked":["animator:LizardPriest+1","animator:HiiragiShinya+1"],"picked":"animator:Viivi+1","floor":28},{"not_picked":["animator:Darkness","animator:Laby"],"picked":"animator:Yuuichirou","floor":30},{"not_picked":["animator:Darkness","animator:Verdia"],"picked":"animator:Aqua","floor":31},{"not_picked":["animator:FeridBathory","animator:Eris"],"picked":"animator:SwordMaiden","floor":33},{"not_picked":["animator:Benimaru","animator:Vanir+1"],"picked":"animator:AcuraAkari+1","floor":35},{"not_picked":["animator:Spearman","animator:CowGirl"],"picked":"animator:Verdia+1","floor":37},{"not_picked":["animator:Shinoa","animator:Demiurge+1"],"picked":"animator:Ciel+1","floor":39},{"not_picked":["animator:Laby+1","animator:Hans"],"picked":"animator:Chris","floor":42}],"player_experience":667492,"relics_obtained":[{"floor":6.0,"key":"reliquary:TuningFork"},{"floor":8.0,"key":"Red Skull"},{"floor":9.0,"key":"reliquary:Knoch"},{"floor":19,"key":"hubris:FunFungus"},{"floor":24,"key":"Blue Candle"},{"floor":43,"key":"reliquary:TridentHead"}],"event_choices":[{"damage_healed":0.0,"max_hp_gain":0.0,"max_hp_loss":0.0,"gold_gain":0.0,"event_name":"Upgrade Shrine","player_choice":"Upgraded","floor":7.0,"gold_loss":0.0,"damage_taken":0.0,"cards_upgraded":["Adrenaline"]},{"damage_healed":0.0,"max_hp_gain":0.0,"max_hp_loss":0.0,"gold_gain":0.0,"event_name":"Golden Idol","player_choice":"Take Wound","floor":11.0,"gold_loss":0.0,"damage_taken":0.0,"relics_obtained":["Golden Idol"],"cards_obtained":["Injury"]},{"damage_healed":0,"gold_gain":0,"player_choice":"CARD ","damage_taken":12,"max_hp_gain":0,"max_hp_loss":0,"event_name":"Knowing Skull","floor":25,"potions_obtained":[],"gold_loss":0,"cards_obtained":["animator:LimeBell"]},{"damage_healed":0,"gold_gain":0,"player_choice":"Gave Potion","damage_taken":0,"relics_obtained":["animator:HeavyHalberd"],"max_hp_gain":0,"max_hp_loss":0,"event_name":"WeMeetAgain","floor":38,"gold_loss":0},{"cards_removed":["animator:PandorasActor"],"damage_healed":0,"gold_gain":0,"player_choice":"Removed Skill","damage_taken":0,"max_hp_gain":0,"max_hp_loss":0,"event_name":"Falling","floor":41,"gold_loss":0}],"is_beta":false,"boss_relics":[{"not_picked":["animator:CrumblingOrb","Busted Crown"],"picked":"hubris:ScarierMask"},{"not_picked":["Velvet Choker","reliquary:WritOfMandamus"],"picked":"SlaversCollar"}],"items_purged_floors":[],"is_endless":false,"potions_floor_spawned":[5,6,12,16,21,22,27,31,37,39],"killed_by":"Time Eater","ascension_level":2}}