{"host":"rkc66x5lvwcew90n","time":1613950931,"event":{"mods":["BaseMod","Hermit","Koishi","Marisa????????","Minty Spire (QoL Compilation)","StSLib","SuperFastMode","The Servant 0.9.4"],"gold_per_floor":[110,110,125,125,137,137,147,164,164,164,180,206,1,1,1,102,102,119,119,133,146,146,146,146],"floor_reached":23,"language":"ENG","playtime":1218,"items_purged":[],"score":218,"play_id":"f21d0c50-e7fe-4d62-af62-2c1385fe1580","local_time":"20210221154211","daily_mods":["Heirloom"],"is_ascension_mode":false,"campfire_choices":[{"data":"Eruption","floor":6,"key":"SMITH"},{"data":"BattleHymn","floor":10,"key":"SMITH"},{"floor":15,"key":"REST"}],"circlet_count":0,"master_deck":["Eruption+1","Vigilance","BattleHymn+1","EmptyBody","Halt","FlyingSleeves","Consecrate","FlyingSleeves","FlurryOfBlows","LessonLearned","Judgement","CrushJoints+1","Brilliance","Brilliance","Wireheading","Ragnarok+1","Omniscience+1","Vengeance","FlyingSleeves+1","FlurryOfBlows"],"relics":["PureWater","Gambling Chip","Nunchaku","CloakClasp","Sundial","Bottled Flame","Happy Flower","Pandora\u0027s Box"],"acts_visited":["Exordium","TheCity"],"potions_floor_usage":[23],"damage_taken":[{"damage":0,"enemies":"Small Slimes","floor":1,"turns":2},{"damage":6,"enemies":"Jaw Worm","floor":3,"turns":4},{"damage":0,"enemies":"Cultist","floor":5,"turns":2},{"damage":0,"enemies":"Red Slaver","floor":7,"turns":3},{"damage":15,"enemies":"Lots of Slimes","floor":8,"turns":5},{"damage":4,"enemies":"2 Fungi Beasts","floor":11,"turns":4},{"damage":0,"enemies":"Lagavulin","floor":12,"turns":4},{"damage":46,"enemies":"Hexaghost","floor":16,"turns":6},{"damage":6,"enemies":"3 Byrds","floor":18,"turns":3},{"damage":6,"enemies":"Chosen","floor":20,"turns":3},{"damage":6,"enemies":"Centurion and Healer","floor":21,"turns":3},{"damage":34,"enemies":"Slavers","floor":23,"turns":3}],"seed_played":"8287721423306264097","potions_obtained":[{"floor":1,"key":"GamblersBrew"},{"floor":5,"key":"EssenceOfSteel"},{"floor":7,"key":"BlessingOfTheForge"},{"floor":21,"key":"PowerPotion"}],"is_trial":true,"path_per_floor":["M","?","M","T","M","R","M","M","T","R","M","E","$","?","R","B",null,"M","?","M","M","$","E"],"character_chosen":"WATCHER","items_purchased":["FlurryOfBlows","Happy Flower"],"campfire_rested":1,"item_purchase_floors":[13,13],"current_hp_per_floor":[72,65,59,59,59,59,59,44,44,44,40,40,40,40,61,15,72,66,66,60,54,54,20,20],"gold":146,"neow_bonus":"","is_daily":false,"chose_seed":false,"campfire_upgraded":2,"win_rate":0.0,"timestamp":1613950931,"path_taken":["M","?","M","?","M","R","M","M","T","R","?","E","$","?","R","BOSS","M","?","M","?","?","E"],"items_purchased_type":["Card","Relic"],"build_version":"2020-12-22","purchased_purges":0,"victory":false,"max_hp_per_floor":[72,72,72,72,72,72,72,72,72,72,72,72,72,72,72,72,72,72,72,72,72,72,72,72],"card_choices":[{"not_picked":["Indignation","Evaluate"],"picked":"BattleHymn","floor":1},{"not_picked":["ForeignInfluence","Nirvana"],"picked":"EmptyBody","floor":3},{"not_picked":["FollowUp","Crescendo"],"picked":"Halt","floor":5},{"not_picked":["Evaluate","ThirdEye"],"picked":"FlyingSleeves","floor":7},{"not_picked":["Protect","ForeignInfluence"],"picked":"Consecrate","floor":8},{"not_picked":["Consecrate","BowlingBash"],"picked":"FlyingSleeves","floor":11},{"not_picked":["Scrawl","Study","Swivel"],"picked":"SKIP","floor":12},{"not_picked":["Alpha","Blasphemy"],"picked":"LessonLearned","floor":16},{"not_picked":["DeceiveReality","Worship"],"picked":"Vengeance","floor":18},{"not_picked":["TalkToTheHand","CutThroughFate"],"picked":"FlyingSleeves+1","floor":20},{"not_picked":["Consecrate+1","Crescendo"],"picked":"FlurryOfBlows","floor":21}],"player_experience":288978,"relics_obtained":[{"floor":4,"key":"CloakClasp"},{"floor":9,"key":"Sundial"},{"floor":12,"key":"Bottled Flame"}],"event_choices":[{"damage_healed":0,"gold_gain":0,"player_choice":"Success","damage_taken":7,"relics_obtained":["Nunchaku"],"max_hp_gain":0,"max_hp_loss":0,"event_name":"Scrap Ooze","floor":2,"gold_loss":0},{"cards_removed":["Defend_P"],"damage_healed":0,"gold_gain":0,"player_choice":"Purged","damage_taken":0,"max_hp_gain":0,"max_hp_loss":0,"event_name":"Purifier","floor":14,"gold_loss":0},{"damage_healed":0,"gold_gain":0,"player_choice":"Forge","damage_taken":0,"max_hp_gain":0,"max_hp_loss":0,"event_name":"Accursed Blacksmith","floor":19,"gold_loss":0,"cards_upgraded":["Omniscience"]}],"is_beta":false,"boss_relics":[{"not_picked":["Fusion Hammer","Philosopher\u0027s Stone"],"picked":"Pandora\u0027s Box"}],"items_purged_floors":[],"is_endless":false,"potions_floor_spawned":[1,5,7,11,21],"killed_by":"Slavers","ascension_level":0}}