{"host":"72n3jwtrlpjobydj","time":1613922252,"event":{"mods":["AchievementEnabler","Act Like it!","Arknights","BaseMod","CapriCore","DeckTracker","Hermit","Koishi","Lobotomy","Marisa£¨Ùöéë¡¡Øª×âÞÞ£©","Minty Spire (QoL Compilation)","Permanent Neow","Replay The Spire","StSLib","SuperFastMode","The Cursed","The Gatherer","The Hierophant","The Immortal"],"gold_per_floor":[117,192,192,35,210,210,243,243,243,253,253,253],"floor_reached":11,"language":"KOR","playtime":185,"items_purged":[],"score":94,"play_id":"f1efe1ab-8c57-4384-aff7-acd02c37343b","local_time":"20210222004412","is_ascension_mode":false,"campfire_choices":[{"floor":6,"key":"RECALL"}],"circlet_count":0,"master_deck":["ats:Strike C","ats:Strike G","ats:Strike S","ats:Strike V","ats:Armor Crushing Shot","ats:Defend","ats:Defend","ats:Defend","ats:Defend","ats:Emotion Absorption","ats:Curse Doll+1"],"relics":["ats:Sanity","NeowsBlessing","Omamori","ats:Originium","Nunchaku","Blue Candle"],"acts_visited":["Exordium"],"potions_floor_usage":[11,11,11],"damage_taken":[{"damage":0,"enemies":"Jaw Worm","floor":1,"turns":1},{"damage":0,"enemies":"Lagavulin","floor":7,"turns":2},{"damage":0,"enemies":"2 Louse","floor":10,"turns":1},{"damage":63,"enemies":"3 Sentries","floor":11,"turns":12}],"seed_played":"-443423610212278426","potions_obtained":[{"floor":1,"key":"ats:Emergency Sanity Potion"},{"floor":7,"key":"Swift Potion"},{"floor":10,"key":"Adrenaline Potion"}],"is_trial":false,"path_per_floor":["M","?","?","$","?","R","E","T","T","M","E"],"character_chosen":"DOCTOR_CLASS","items_purchased":["Omamori"],"campfire_rested":0,"item_purchase_floors":[4],"current_hp_per_floor":[72,61,61,61,61,61,61,61,61,61,0,0],"gold":253,"neow_bonus":"THREE_ENEMY_KILL","is_daily":false,"chose_seed":false,"campfire_upgraded":0,"win_rate":0.0,"timestamp":1613922252,"path_taken":["M","?","?","$","?","R","E","?","T","?","E"],"items_purchased_type":["Relic"],"build_version":"2020-12-22","purchased_purges":0,"victory":false,"max_hp_per_floor":[72,72,72,72,72,72,72,72,72,72,72,72],"card_choices":[{"not_picked":["ats:Chain Hook","ats:Ignite"],"picked":"ats:Curse Doll","floor":1},{"not_picked":["ats:Counter Healing Mode","ats:Poison Spread","ats:Magnetic Hammer"],"picked":"SKIP","floor":7},{"not_picked":["ats:Flexible Camouflage","ats:Guard Mode","ats:Assault Order"],"picked":"SKIP","floor":10}],"player_experience":111934,"relics_obtained":[{"floor":7,"key":"ats:Originium"},{"floor":7,"key":"Nunchaku"},{"floor":9,"key":"Blue Candle"}],"event_choices":[{"damage_healed":0,"gold_gain":75,"player_choice":"Gather Gold","damage_taken":11,"max_hp_gain":0,"max_hp_loss":0,"event_name":"World of Goop","floor":2,"gold_loss":0},{"damage_healed":0,"gold_gain":0,"player_choice":"Grow","damage_taken":0,"max_hp_gain":0,"max_hp_loss":0,"event_name":"Living Wall","floor":3,"gold_loss":0,"cards_upgraded":["ats:Curse Doll"]},{"damage_healed":0,"gold_gain":175,"player_choice":"AGREE","damage_taken":0,"max_hp_gain":0,"max_hp_loss":0,"event_name":"Liars Game","floor":5,"gold_loss":0,"cards_obtained":["Doubt"]}],"is_beta":false,"boss_relics":[],"items_purged_floors":[],"is_endless":false,"potions_floor_spawned":[1,7,10],"killed_by":"3 Sentries","ascension_level":0}}