{"host":"04hh9gplt9wkfmr1","time":1613932240,"event":{"mods":["AchievementEnabler","BaseMod","Colored Map","KOR Keyword Fix","Minty Spire (QoL Compilation)","Rare Cards Sparkle","SuperFastMode"],"gold_per_floor":[115,38,51,62,76,76,4,4,4,37,37,37,37,53,53,177,177,202,202,301,324,14,14,14],"floor_reached":23,"language":"KOR","playtime":567,"items_purged":[],"score":395,"play_id":"96891338-6440-44c6-913f-46d9a6f7e7a6","local_time":"20210222033040","is_ascension_mode":true,"campfire_choices":[{"data":"Buffer","floor":6,"key":"SMITH"},{"data":"Buffer","floor":8,"key":"SMITH"},{"data":"Chaos","floor":12,"key":"SMITH"},{"floor":15,"key":"REST"}],"circlet_count":0,"master_deck":["AscendersBane","Defend_B","Defend_B","Defend_B","Defend_B","Zap","Dualcast","Buffer+1","Cold Snap","Buffer+1","Chaos+1","Leap","Self Repair","Hologram","Capacitor","Biased Cognition","Consume","Bite","Bite","Bite","Bite","Bite","Chill","Defragment"],"relics":["Cracked Core","Sundial","Question Card","Golden Idol","Inserter","Symbiotic Virus"],"acts_visited":["Exordium","TheCity"],"potions_floor_usage":[18,23],"damage_taken":[{"damage":0.0,"enemies":"Cultist","floor":1.0,"turns":4.0},{"damage":2,"enemies":"Jaw Worm","floor":3,"turns":5},{"damage":1,"enemies":"Small Slimes","floor":4,"turns":4},{"damage":8,"enemies":"2 Fungi Beasts","floor":5,"turns":4},{"damage":25,"enemies":"3 Sentries","floor":10,"turns":12},{"damage":0,"enemies":"Large Slime","floor":14,"turns":8},{"damage":0,"enemies":"Slime Boss","floor":16,"turns":11},{"damage":7,"enemies":"2 Thieves","floor":18,"turns":3},{"damage":8,"enemies":"Chosen","floor":21,"turns":7},{"damage":65,"enemies":"Slavers","floor":23,"turns":5}],"seed_played":"973423595918282743","potions_obtained":[{"floor":1.0,"key":"Dexterity Potion"},{"floor":4,"key":"PowerPotion"}],"is_trial":false,"path_per_floor":["M","$","M","M","M","R","$","R","T","E","?","R","?","M","R","B",null,"M","?","?","M","$","E"],"character_chosen":"DEFECT","items_purchased":["Buffer","Self Repair","Defragment","Symbiotic Virus"],"campfire_rested":1,"item_purchase_floors":[2,7,22,22],"current_hp_per_floor":[68,68,66,65,57,57,57,57,57,39,32,32,14,21,43,50,69,62,52,52,52,52,0,0],"gold":14,"neow_bonus":"ONE_RANDOM_RARE_CARD","is_daily":false,"chose_seed":false,"campfire_upgraded":3,"win_rate":0.0,"timestamp":1613932240,"path_taken":["M","$","M","M","?","R","$","R","T","E","?","R","?","M","R","BOSS","M","?","?","?","$","E"],"items_purchased_type":["Card","Card","Card","Relic"],"build_version":"2020-12-22","purchased_purges":0,"victory":false,"max_hp_per_floor":[75,75,75,75,75,75,75,75,75,75,75,75,75,75,75,75,75,75,52,52,52,52,52,52],"card_choices":[{"not_picked":["Fusion","Steam"],"picked":"Cold Snap","floor":1.0},{"not_picked":["Reprogram","Streamline","Stack"],"picked":"SKIP","floor":3},{"not_picked":["Rebound","Hologram"],"picked":"Chaos","floor":4},{"not_picked":["Leap","Gash","Recycle"],"picked":"SKIP","floor":5},{"not_picked":["Gash","Recycle"],"picked":"Leap","floor":5},{"not_picked":["Sunder","Leap"],"picked":"Hologram","floor":10},{"not_picked":["Tempest","Cold Snap","Chill"],"picked":"Capacitor","floor":14},{"not_picked":["Seek","Multi-Cast","Thunder Strike"],"picked":"Biased Cognition","floor":16},{"not_picked":["Turbo","Cold Snap+1","Coolheaded"],"picked":"Consume","floor":18},{"not_picked":["Turbo","Coolheaded","Rebound+1"],"picked":"Chill","floor":21}],"player_experience":171076,"relics_obtained":[{"floor":9,"key":"Sundial"},{"floor":10,"key":"Question Card"}],"event_choices":[{"cards_removed":["Strike_B"],"damage_healed":0,"gold_gain":0,"player_choice":"Card Removal","damage_taken":7,"max_hp_gain":0,"max_hp_loss":0,"event_name":"Golden Wing","floor":11,"gold_loss":0},{"damage_healed":0,"gold_gain":0,"player_choice":"Take Damage","damage_taken":18,"relics_obtained":["Golden Idol"],"max_hp_gain":0,"max_hp_loss":0,"event_name":"Golden Idol","floor":13,"gold_loss":0},{"damage_healed":0,"gold_gain":0,"player_choice":"Became a vampire","damage_taken":0,"max_hp_gain":0,"max_hp_loss":23,"event_name":"Vampires","floor":19,"gold_loss":0,"cards_obtained":["Bite","Bite","Bite","Bite","Bite"]},{"damage_healed":0,"gold_gain":99,"player_choice":"Stole From Cult","damage_taken":0,"max_hp_gain":0,"max_hp_loss":0,"event_name":"Nest","floor":20,"gold_loss":0}],"is_beta":false,"boss_relics":[{"not_picked":["Tiny House","Cursed Key"],"picked":"Inserter"}],"items_purged_floors":[],"is_endless":false,"potions_floor_spawned":[1,4,16],"killed_by":"Slavers","ascension_level":11}}