{"host":"hf83sijwe64ts2lm","time":1613867980,"event":{"mods":["2.2 Compatiblity","BaseMod","Better Altar","Better Match","Better Note","Better Sensory Stone","Better Skull","Better Third Choice","Colored Map","Colored Powertips","Highlight Path","Hubris","Infinite Spire","Minty Spire (QoL Compilation)","Quick Restart","Rare Cards Sparkle","Relic Stats","Reliquary","Replay The Spire","Shop Mod","Spicy Shops","Spire Arcade","StSLib","Thieving Mod"],"gold_per_floor":[118,118,144,162,174,193,26,43,98,123,140,45,59,127,127,127,127],"floor_reached":16,"language":"ENG","playtime":358,"items_purged":[],"score":132,"play_id":"1dd7500a-69e8-4455-b1f4-61696ae8cde0","local_time":"20210220193940","is_ascension_mode":true,"campfire_choices":[{"floor":15,"key":"REST"}],"circlet_count":0,"master_deck":["Strike_B","Strike_B","Strike_B","Strike_B","Defend_B","Defend_B","Defend_B","Defend_B","Zap","Dualcast","Leap","Sweeping Beam","Genetic Algorithm","Ball Lightning","Doubt","Sunder","Defragment","Steam","Ball Lightning","Storm","Streamline"],"relics":["Cracked Core","NeowsBlessing","Raider\u0027s Mask","Omamori","Replay:Bottled Steam"],"acts_visited":["Exordium"],"potions_floor_usage":[6,8],"damage_taken":[{"damage":0,"enemies":"Jaw Worm","floor":1,"turns":1},{"damage":0,"enemies":"2 Louse","floor":4,"turns":1},{"damage":0,"enemies":"Small Slimes","floor":5,"turns":1},{"damage":5,"enemies":"Blue Slaver","floor":6,"turns":4},{"damage":15,"enemies":"Exordium Thugs","floor":8,"turns":4},{"damage":6,"enemies":"Gremlin Gang","floor":11,"turns":4},{"damage":6,"enemies":"Looter","floor":13,"turns":3},{"damage":60,"enemies":"The Guardian","floor":16,"turns":9}],"seed_played":"-4640681180830518531","potions_obtained":[{"floor":1,"key":"Weak Potion"},{"floor":5,"key":"SneckoOil"},{"floor":6,"key":"Explosive Potion"},{"floor":8,"key":"GamblersBrew"},{"floor":10,"key":"SmokeBomb"}],"is_trial":false,"path_per_floor":["M","?","T","M","M","M","$","M","T","?","M","$","M","T","R","B"],"character_chosen":"DEFECT","items_purchased":["Raider\u0027s Mask","Sunder","Ball Lightning","Storm"],"campfire_rested":1,"item_purchase_floors":[7,7,12,12],"current_hp_per_floor":[68,68,68,68,68,63,63,48,48,48,42,42,36,36,58,0,0],"gold":127,"neow_bonus":"THREE_ENEMY_KILL","is_daily":false,"chose_seed":false,"campfire_upgraded":0,"win_rate":0.0,"timestamp":1613867980,"path_taken":["M","?","?","M","M","M","?","M","T","?","M","$","?","?","R","BOSS"],"items_purchased_type":["Relic","Card","Card","Card"],"build_version":"2020-12-22","purchased_purges":0,"victory":false,"max_hp_per_floor":[75,75,75,75,75,75,75,75,75,75,75,75,75,75,75,75,75],"relic_stats":{"counters":[8,27],"obtain_stats":[{"NeowsBlessing":0,"Omamori":9,"Raider\u0027s Mask":7,"Cracked Core":0,"Replay:Bottled Steam":14},{"NeowsBlessing":0,"Omamori":5,"Raider\u0027s Mask":4,"Cracked Core":0,"Replay:Bottled Steam":7},{"NeowsBlessing":0,"Omamori":11,"Raider\u0027s Mask":7,"Cracked Core":0,"Replay:Bottled Steam":18}]},"card_choices":[{"not_picked":["Glacier","Compile Driver"],"picked":"Leap","floor":1},{"not_picked":["Leap","Stack"],"picked":"Sweeping Beam","floor":4},{"not_picked":["Stack","Glacier"],"picked":"Genetic Algorithm","floor":5},{"not_picked":["Heatsinks","Sweeping Beam"],"picked":"Ball Lightning","floor":6},{"not_picked":["ReplayTheSpireMod:Reroute Power","Barrage"],"picked":"Defragment","floor":8},{"not_picked":["ReplayTheSpireMod:Reroute Power","Rainbow"],"picked":"Steam","floor":11},{"not_picked":["Hello World","Stack"],"picked":"Streamline","floor":13}],"player_experience":187666,"relics_obtained":[{"floor":9,"key":"Omamori"},{"floor":14,"key":"Replay:Bottled Steam"}],"event_choices":[{"damage_healed":0,"gold_gain":0,"player_choice":"Leave","damage_taken":0,"max_hp_gain":0,"max_hp_loss":0,"event_name":"The Cleric","floor":2,"gold_loss":0}],"is_beta":false,"boss_relics":[],"items_purged_floors":[],"is_endless":false,"potions_floor_spawned":[1,5,6,8],"killed_by":"The Guardian","ascension_level":8}}