{"host":"n2sr453jcjz6vvl4","time":1613919844,"event":{"mods":["BaseMod","Colored Map","Minty Spire (QoL Compilation)","Permanent Neow","Relic Stats","StSLib"],"gold_per_floor":[118,8,21,0,10,37,37,62,117,152,152,169,94,94,94,193,193,212,212,212,137,156,156,190,190,217,217,233,30,0,0,0,0,0],"floor_reached":33,"language":"ENG","playtime":1532,"items_purged":["Strike_B","Reinforced Body"],"score":321,"play_id":"2cded622-0314-457f-bb39-e5e76096f886","local_time":"20210221110404","is_ascension_mode":true,"campfire_choices":[{"floor":7,"key":"REST"},{"data":"Defragment","floor":11,"key":"SMITH"},{"floor":15,"key":"REST"},{"data":"Buffer","floor":23,"key":"SMITH"},{"floor":27,"key":"REST"},{"floor":32,"key":"REST"}],"circlet_count":0,"master_deck":["Zap","Dualcast","Coolheaded","White Noise","Streamline","Buffer+1","Sweeping Beam","Cold Snap","Defragment+1","Rebound","Static Discharge","Amplify","Seek","Reinforced Body","Leap","Recycle","Double Energy","Blizzard+1","Reprogram","Reboot","Seek","Loop"],"relics":["Cracked Core","Turnip","Bottled Flame","Happy Flower","Strawberry","Du-Vu Doll","Pandora\u0027s Box","Smiling Mask","Potion Belt","Nunchaku"],"acts_visited":["Exordium","TheCity"],"potions_floor_usage":[10],"damage_taken":[{"damage":2,"enemies":"Jaw Worm","floor":1,"turns":3},{"damage":1,"enemies":"Cultist","floor":3,"turns":3},{"damage":1,"enemies":"2 Louse","floor":5,"turns":2},{"damage":28,"enemies":"Lagavulin","floor":6,"turns":7},{"damage":8,"enemies":"Gremlin Nob","floor":8,"turns":4},{"damage":8,"enemies":"3 Sentries","floor":10,"turns":6},{"damage":18,"enemies":"Large Slime","floor":12,"turns":5},{"damage":17,"enemies":"Hexaghost","floor":16,"turns":9},{"damage":7,"enemies":"Shell Parasite","floor":18,"turns":7},{"damage":17,"enemies":"Spheric Guardian","floor":22,"turns":4},{"damage":41,"enemies":"Gremlin Leader","floor":24,"turns":8},{"damage":34,"enemies":"Centurion and Healer","floor":28,"turns":8},{"damage":37,"enemies":"Automaton","floor":33,"turns":12}],"seed_played":"5813675949112847028","potions_obtained":[{"floor":5,"key":"Swift Potion"},{"floor":6,"key":"BlessingOfTheForge"},{"floor":8,"key":"LiquidMemories"},{"floor":10,"key":"SpeedPotion"},{"floor":24,"key":"LiquidBronze"},{"floor":28,"key":"AttackPotion"}],"is_trial":false,"path_per_floor":["M","$","M","?","M","E","R","E","T","E","R","M","$","?","R","B",null,"M","?","?","?","M","R","E","?","T","R","M","$","?","$","R","B"],"character_chosen":"DEFECT","items_purchased":["White Noise","Static Discharge","Seek","Loop"],"campfire_rested":4,"item_purchase_floors":[2,13,29,29],"current_hp_per_floor":[52,52,51,51,50,22,44,36,43,35,35,17,17,17,41,24,82,75,75,75,75,58,58,17,17,17,41,7,7,7,7,31,0,0],"gold":0,"neow_bonus":"ONE_RARE_RELIC","is_daily":false,"chose_seed":false,"campfire_upgraded":2,"win_rate":0.0,"timestamp":1613919844,"path_taken":["M","$","M","?","M","E","R","E","T","E","R","M","$","?","R","BOSS","M","?","?","?","M","R","E","?","T","R","M","$","?","$","R","BOSS"],"items_purchased_type":["Card","Card","Card","Card"],"build_version":"2020-12-22","purchased_purges":2,"victory":false,"max_hp_per_floor":[75,75,75,75,75,75,75,75,82,82,82,82,82,82,82,82,82,82,82,82,82,82,82,82,82,82,82,82,82,82,82,82,82,82],"relic_stats":{"Nunchaku":[2],"Happy Flower":[19],"counters":[13,78],"Pandora\u0027s Box":["Seek","Reinforced Body","Reinforced Body","Leap","Recycle","Double Energy"],"Turnip":[11],"Smiling Mask":50,"obtain_stats":[{"Du-Vu Doll":10,"Potion Belt":24,"Bottled Flame":6,"Nunchaku":26,"Happy Flower":8,"Strawberry":9,"Pandora\u0027s Box":17,"Turnip":0,"Cracked Core":0,"Smiling Mask":20},{"Du-Vu Doll":6,"Potion Belt":11,"Bottled Flame":4,"Nunchaku":11,"Happy Flower":5,"Strawberry":5,"Pandora\u0027s Box":8,"Turnip":0,"Cracked Core":0,"Smiling Mask":9},{"Du-Vu Doll":25,"Potion Belt":58,"Bottled Flame":15,"Nunchaku":58,"Happy Flower":19,"Strawberry":19,"Pandora\u0027s Box":39,"Turnip":0,"Cracked Core":0,"Smiling Mask":46}]},"card_choices":[{"not_picked":["Barrage","Redo"],"picked":"Coolheaded","floor":1},{"not_picked":["Steam","Leap"],"picked":"Streamline","floor":3},{"not_picked":["Rip and Tear","Static Discharge"],"picked":"Buffer","floor":5},{"not_picked":["Coolheaded","Go for the Eyes"],"picked":"Sweeping Beam","floor":6},{"not_picked":["Rebound","Stack"],"picked":"Cold Snap","floor":8},{"not_picked":["Turbo","BootSequence"],"picked":"Defragment","floor":10},{"not_picked":["Melter","Sweeping Beam"],"picked":"Rebound","floor":12},{"not_picked":["Machine Learning","Biased Cognition"],"picked":"Amplify","floor":16},{"not_picked":["Rebound","Barrage"],"picked":"Blizzard+1","floor":18},{"not_picked":["Steam","Reinforced Body"],"picked":"Reprogram","floor":22},{"not_picked":["Compile Driver","Scrape"],"picked":"Reboot","floor":24},{"not_picked":["Go for the Eyes+1","Barrage","Hello World"],"picked":"SKIP","floor":28}],"player_experience":217410,"relics_obtained":[{"floor":6,"key":"Bottled Flame"},{"floor":8,"key":"Happy Flower"},{"floor":9,"key":"Strawberry"},{"floor":10,"key":"Du-Vu Doll"},{"floor":24,"key":"Potion Belt"},{"floor":26,"key":"Nunchaku"}],"event_choices":[{"damage_healed":0,"gold_gain":0,"player_choice":"Left Gold","damage_taken":0,"max_hp_gain":0,"max_hp_loss":0,"event_name":"World of Goop","floor":4,"gold_loss":21},{"cards_removed":["Strike_B"],"damage_healed":0,"gold_gain":0,"player_choice":"Purged","damage_taken":0,"max_hp_gain":0,"max_hp_loss":0,"event_name":"Purifier","floor":14,"gold_loss":0},{"damage_healed":0,"gold_gain":0,"player_choice":"Ignored","damage_taken":0,"max_hp_gain":0,"max_hp_loss":0,"event_name":"Vampires","floor":19,"gold_loss":0},{"damage_healed":0,"gold_gain":0,"player_choice":"Opened","damage_taken":0,"relics_obtained":["Smiling Mask"],"max_hp_gain":0,"max_hp_loss":0,"event_name":"The Mausoleum","floor":20,"gold_loss":0,"cards_obtained":["Writhe"]},{"cards_removed":["Writhe"],"damage_healed":0,"gold_gain":0,"player_choice":"Gave Gold","damage_taken":0,"max_hp_gain":0,"max_hp_loss":0,"event_name":"Beggar","floor":21,"gold_loss":75},{"damage_healed":0,"gold_gain":0,"player_choice":"Ignored","damage_taken":0,"max_hp_gain":0,"max_hp_loss":0,"event_name":"Ghosts","floor":25,"gold_loss":0},{"damage_healed":0,"gold_gain":0,"player_choice":"Paid Fearfully","damage_taken":0,"max_hp_gain":0,"max_hp_loss":0,"event_name":"Masked Bandits","floor":30,"gold_loss":30}],"is_beta":false,"boss_relics":[{"not_picked":["Black Star","Sozu"],"picked":"Pandora\u0027s Box"}],"items_purged_floors":[2,29],"is_endless":false,"potions_floor_spawned":[5,6,8,10,24,28],"killed_by":"Automaton","ascension_level":3}}