{"host":"ow66nzv2xecjoor3","time":1613873035,"event":{"mods":["BaseMod","Bestiary","Block Reminder","Colored Powertips","Curses Come First","Highlight Path","Keyboard Shortcuts","Minty Spire (QoL Compilation)","Permanent Neow","Relic Stats","StSLib","UnlockEverythingMod"],"gold_per_floor":[19,29,48,63,75,75,75],"floor_reached":6,"language":"ENG","playtime":277,"items_purged":[],"score":80,"play_id":"24103a7b-6311-4d10-bc15-01ba69a98e2b","local_time":"20210220200355","is_ascension_mode":true,"campfire_choices":[],"circlet_count":0,"master_deck":["AscendersBane","Strike_P","Strike_P","Strike_P","Strike_P","Defend_P","Defend_P","Defend_P","Defend_P","Eruption","Vigilance","Blasphemy","FlyingSleeves","ThirdEye","Meditate","FollowUp","DeusExMachina"],"relics":["PureWater"],"acts_visited":["Exordium"],"potions_floor_usage":[6],"damage_taken":[{"damage":0.0,"enemies":"Small Slimes","floor":1.0,"turns":3.0},{"damage":0.0,"enemies":"Jaw Worm","floor":2.0,"turns":2.0},{"damage":2.0,"enemies":"2 Louse","floor":3.0,"turns":4.0},{"damage":9,"enemies":"Exordium Wildlife","floor":4,"turns":5},{"damage":4,"enemies":"Exordium Thugs","floor":5,"turns":5},{"damage":50,"enemies":"Lagavulin","floor":6,"turns":5}],"seed_played":"6847908941526592372","potions_obtained":[{"floor":2.0,"key":"BottledMiracle"},{"floor":3.0,"key":"LiquidMemories"},{"floor":5,"key":"Swift Potion"}],"is_trial":false,"path_per_floor":["M","M","M","M","M","E"],"character_chosen":"WATCHER","items_purchased":[],"campfire_rested":0,"item_purchase_floors":[],"current_hp_per_floor":[61,61,59,50,46,0,0],"gold":75,"neow_bonus":"THREE_RARE_CARDS","is_daily":false,"chose_seed":false,"campfire_upgraded":0,"win_rate":0.0,"timestamp":1613873035,"path_taken":["M","M","M","M","M","E"],"items_purchased_type":[],"build_version":"2020-12-22","purchased_purges":0,"victory":false,"max_hp_per_floor":[68,68,68,68,68,68,68],"relic_stats":{"counters":[6,24],"obtain_stats":[{"PureWater":0},{"PureWater":0},{"PureWater":0}]},"card_choices":[{"not_picked":["Devotion","Vault"],"picked":"Blasphemy","floor":0.0},{"not_picked":["JustLucky","ClearTheMind"],"picked":"FlyingSleeves","floor":1.0},{"not_picked":["EmptyBody","Adaptation"],"picked":"ThirdEye","floor":2.0},{"not_picked":["Vengeance","EmptyBody"],"picked":"Meditate","floor":3.0},{"not_picked":["JustLucky","Crescendo"],"picked":"FollowUp","floor":4},{"not_picked":["Sanctity","Indignation"],"picked":"DeusExMachina","floor":5}],"player_experience":2920156,"relics_obtained":[],"event_choices":[],"is_beta":false,"boss_relics":[],"items_purged_floors":[],"is_endless":false,"potions_floor_spawned":[2,3,5],"killed_by":"Lagavulin","ascension_level":20}}