{"host":"lx933ja015x1ub68","time":1613886617,"event":{"mods":["AchievementEnabler","BaseMod","Better Match","Better Third Choice","BetterRewards","Bossed Relics","Colored Map","Exacting","FTL Soundtrack","Minty Spire (QoL Compilation)","RNG Fix","Relic Filter Mod","Shop Mod","StSLib","Transform Curses"],"gold_per_floor":[111,111,111,137,149,149,149,201,201,232,232,232],"floor_reached":11,"language":"ENG","playtime":711,"items_purged":[],"score":84,"play_id":"413a5ba0-d255-4803-8700-185977d92666","local_time":"20210221165017","is_ascension_mode":true,"campfire_choices":[{"floor":6.0,"key":"REST"}],"circlet_count":0,"master_deck":["Strike_B","Strike_B","Strike_B","Strike_B","Defend_B","Defend_B","Defend_B","Defend_B","Zap","Dualcast","Capacitor","Loop","Regret","Self Repair","Aggregate","Conserve Battery"],"relics":["Cracked Core","Blood Vial","MerchantsRug","Oddly Smooth Stone","Bird Faced Urn","Regal Pillow","Vajra","Lantern","Juzu Bracelet","Frozen Egg 2"],"acts_visited":["Exordium"],"potions_floor_usage":[10],"damage_taken":[{"damage":7.0,"enemies":"2 Louse","floor":1.0,"turns":3.0},{"damage":0.0,"enemies":"Small Slimes","floor":4.0,"turns":3.0},{"damage":8.0,"enemies":"Cultist","floor":5.0,"turns":4.0},{"damage":72.0,"enemies":"Gremlin Nob","floor":8.0,"turns":5.0},{"damage":19,"enemies":"Gremlin Gang","floor":10,"turns":6},{"damage":56,"enemies":"3 Sentries","floor":11,"turns":7}],"seed_played":"-1556550452535769055","potions_obtained":[{"floor":5.0,"key":"Strength Potion"},{"floor":7.0,"key":"Regen Potion"},{"floor":7.0,"key":"LiquidBronze"},{"floor":8.0,"key":"GamblersBrew"}],"is_trial":false,"path_per_floor":["M","?","?","M","M","R","?","E","T","M","E"],"character_chosen":"DEFECT","items_purchased":["Blood Vial","FairyPotion","Capacitor","MerchantsRug","Oddly Smooth Stone","Bird Faced Urn","Regal Pillow"],"campfire_rested":1,"item_purchase_floors":[0,0,0,0,0,0,0],"current_hp_per_floor":[29,29,17,23,30,67,67,21,21,15,0,0],"gold":232,"neow_bonus":"","is_daily":false,"chose_seed":false,"campfire_upgraded":0,"win_rate":0.0,"timestamp":1613886617,"path_taken":["M","?","?","M","M","R","?","E","T","M","E"],"items_purchased_type":["Relic","Potion","Card","Relic","Relic","Relic","Relic"],"build_version":"2020-12-22","purchased_purges":0,"victory":false,"max_hp_per_floor":[75,75,75,75,75,75,75,75,75,75,75,75],"card_choices":[{"not_picked":["Ball Lightning","Tempest"],"picked":"Loop","floor":1.0},{"not_picked":["Sweeping Beam","Glacier"],"picked":"Self Repair","floor":4.0},{"not_picked":["Blizzard","FTL"],"picked":"Aggregate","floor":5.0},{"not_picked":["Hologram","Barrage"],"picked":"Conserve Battery","floor":8.0},{"not_picked":["Go for the Eyes","Redo","Streamline"],"picked":"SKIP","floor":10}],"player_experience":130919,"relics_obtained":[{"floor":8.0,"key":"Juzu Bracelet"},{"floor":9.0,"key":"Frozen Egg 2"}],"event_choices":[{"damage_healed":0.0,"max_hp_gain":0.0,"max_hp_loss":0.0,"gold_gain":0.0,"event_name":"Big Fish","player_choice":"Box","floor":2.0,"gold_loss":0.0,"damage_taken":0.0,"relics_obtained":["Vajra"],"cards_obtained":["Regret"]},{"damage_healed":0.0,"max_hp_gain":0.0,"max_hp_loss":0.0,"gold_gain":0.0,"event_name":"betterThird:BetterScrap","player_choice":"Relic ","floor":3.0,"gold_loss":0.0,"damage_taken":12.0,"cards_obtained":["BattleHymn"]},{"damage_healed":0.0,"max_hp_gain":0.0,"max_hp_loss":0.0,"gold_gain":0.0,"event_name":"Lab","player_choice":"Got Potions","floor":7.0,"gold_loss":0.0,"damage_taken":0.0}],"is_beta":false,"boss_relics":[],"items_purged_floors":[],"is_endless":false,"potions_floor_spawned":[5,8],"killed_by":"3 Sentries","ascension_level":3}}