{"host":"jm9833yuloeli2yd","time":1613871886,"event":{"mods":["BaseMod","Better Altar","Better Match","Better Note","Better Sensory Stone","Better Skull","Better Third Choice","Better Vampires","BetterRewards","Colored Map","Colored Powertips","DeckTracker","Minty Spire (QoL Compilation)","Permanent Neow","Quick Restart","StSLib","SuperFastMode"],"gold_per_floor":[119,119,130,130,147,147,179,190,190,190,219,219,231,249,249,323,323,342,67,87,137,4,4,4,4,29,29,46,76,76,76],"floor_reached":30,"language":"ENG","playtime":2816,"items_purged":[],"score":516,"play_id":"701e33e1-c613-4fdf-a592-1e984c6fb011","local_time":"20210220204446","is_ascension_mode":true,"campfire_choices":[{"data":"Doom and Gloom","floor":6,"key":"SMITH"},{"data":"Dualcast","floor":12,"key":"SMITH"},{"data":"Zap","floor":15,"key":"SMITH"},{"data":"Defragment","floor":23,"key":"SMITH"}],"circlet_count":0,"master_deck":["AscendersBane","Zap+1","Dualcast+1","Lockon","Thunder Strike","Doom and Gloom+1","Glacier","Finesse","Darkness","Ball Lightning","Recycle","Steam","Genetic Algorithm","Double Energy","Undo","Rainbow","Biased Cognition","Melter","Undo","Ball Lightning","Chill","Rebound+1","Core Surge","Static Discharge","Self Repair","Defragment+1","Capacitor","Writhe","Stack+1","Force Field"],"relics":["Cracked Core","TungstenRod","The Courier","Pandora\u0027s Box","Cables","Pen Nib","WingedGreaves"],"acts_visited":["Exordium","TheCity"],"potions_floor_usage":[16,16],"damage_taken":[{"damage":3,"enemies":"Small Slimes","floor":1,"turns":3},{"damage":9,"enemies":"2 Louse","floor":3,"turns":2},{"damage":1,"enemies":"Jaw Worm","floor":5,"turns":4},{"damage":8,"enemies":"Gremlin Nob","floor":7,"turns":3},{"damage":6,"enemies":"3 Louse","floor":8,"turns":2},{"damage":21,"enemies":"3 Sentries","floor":11,"turns":6},{"damage":0,"enemies":"2 Fungi Beasts","floor":13,"turns":4},{"damage":5,"enemies":"Red Slaver","floor":14,"turns":4},{"damage":2,"enemies":"Hexaghost","floor":16,"turns":9},{"damage":11,"enemies":"Spheric Guardian","floor":18,"turns":4},{"damage":9,"enemies":"Shell Parasite","floor":20,"turns":5},{"damage":0,"enemies":"Cultist and Chosen","floor":28,"turns":8},{"damage":48,"enemies":"Slavers","floor":29,"turns":4},{"damage":8,"enemies":"Snake Plant","floor":30,"turns":2}],"seed_played":"-1775162816352674926","potions_obtained":[{"floor":5,"key":"SteroidPotion"},{"floor":13,"key":"SteroidPotion"},{"floor":14,"key":"SkillPotion"},{"floor":28,"key":"SteroidPotion"},{"floor":29,"key":"BlessingOfTheForge"}],"is_trial":false,"path_per_floor":["M","?","M","?","M","R","E","M","T","?","E","R","M","M","R","B",null,"M","$","M","?","$","R","?","$","T","$","M","E","M"],"character_chosen":"DEFECT","items_purchased":["Core Surge","Static Discharge","Self Repair","Defragment","Capacitor"],"campfire_rested":0,"item_purchase_floors":[19,19,19,22,22],"current_hp_per_floor":[61,66,57,57,56,56,48,42,42,42,21,21,21,16,16,14,55,44,44,42,42,42,42,42,42,42,42,49,8,0,0],"gold":76,"neow_bonus":"TRANSFORM_TWO_CARDS","is_daily":false,"chose_seed":false,"campfire_upgraded":4,"win_rate":0.0,"timestamp":1613871886,"path_taken":["M","?","M","?","M","R","E","M","T","?","E","R","M","M","R","BOSS","M","?","M","?","$","R","?","?","T","$","M","E","?"],"items_purchased_type":["Card","Card","Card","Card","Card"],"build_version":"2020-12-22","purchased_purges":0,"victory":false,"max_hp_per_floor":[64,69,69,69,69,69,69,69,69,69,69,69,69,69,69,69,69,69,69,69,69,69,69,69,69,69,69,69,69,69,69],"card_choices":[{"not_picked":["Barrage","Rip and Tear"],"picked":"Doom and Gloom","floor":1},{"not_picked":["Go for the Eyes","Sunder"],"picked":"Glacier","floor":3},{"not_picked":["Transmutation","Good Instincts"],"picked":"Finesse","floor":4},{"not_picked":["Leap","Lockon"],"picked":"Darkness","floor":5},{"not_picked":["Leap","Steam"],"picked":"Ball Lightning","floor":7},{"not_picked":["Hello World","Leap"],"picked":"Recycle","floor":8},{"not_picked":["Leap","Reboot"],"picked":"Genetic Algorithm","floor":11},{"not_picked":["Turbo","Undo"],"picked":"Double Energy","floor":13},{"not_picked":["White Noise","Chaos"],"picked":"Undo","floor":14},{"not_picked":["Machine Learning","Amplify"],"picked":"Rainbow","floor":16},{"not_picked":["Sweeping Beam","Coolheaded"],"picked":"Rebound+1","floor":18},{"not_picked":["Ball Lightning+1","Coolheaded","Sweeping Beam"],"picked":"SKIP","floor":20},{"not_picked":["Leap","Cold Snap"],"picked":"Stack+1","floor":28},{"not_picked":["Gash","Rebound"],"picked":"Force Field","floor":29}],"player_experience":1379671,"relics_obtained":[{"floor":7,"key":"TungstenRod"},{"floor":11,"key":"The Courier"},{"floor":26,"key":"Pen Nib"},{"floor":29,"key":"WingedGreaves"}],"event_choices":[{"damage_healed":0,"gold_gain":0,"player_choice":"Donut","damage_taken":0,"max_hp_gain":5,"max_hp_loss":0,"event_name":"Big Fish","floor":2,"gold_loss":0},{"damage_healed":0,"gold_gain":1,"player_choice":"1","damage_taken":0,"max_hp_gain":0,"max_hp_loss":0,"event_name":"betterStone:BetterStone","floor":4,"gold_loss":0},{"damage_healed":0,"gold_gain":0,"cards_transformed":["Strike_B"],"player_choice":"Transformed","damage_taken":0,"max_hp_gain":0,"max_hp_loss":0,"event_name":"Transmorgrifier","floor":10,"gold_loss":0,"cards_obtained":["Steam"]},{"damage_healed":0,"gold_gain":50,"player_choice":"Steal","damage_taken":0,"max_hp_gain":0,"max_hp_loss":0,"event_name":"betterThird:BetterNest","floor":21,"gold_loss":0},{"damage_healed":0,"gold_gain":0,"player_choice":"Opened","damage_taken":0,"relics_obtained":["Cables"],"max_hp_gain":0,"max_hp_loss":0,"event_name":"The Mausoleum","floor":24,"gold_loss":0,"cards_obtained":["Writhe"]}],"is_beta":false,"boss_relics":[{"not_picked":["Black Star","Sozu"],"picked":"Pandora\u0027s Box"}],"items_purged_floors":[],"is_endless":false,"potions_floor_spawned":[5,13,14,28,29],"killed_by":"Snake Plant","ascension_level":20}}