{"host":"aapp7ew3jk5k1bvd","time":1613893201,"event":{"mods":["AchievementEnabler","BaseMod","Colored Map","Custom Start","Keyboard Shortcuts","Minty Spire (QoL Compilation)","Permanent Neow","Quick Restart","StSLib","SuperFastMode"],"gold_per_floor":[114,189,189,35,49,49,49,80,80,80,80,110,110,10,10,108,108,120,120,133,48,48,48,48,79,79,92,110,145,155,0,0,103,103,118,131,63,63,81,81,93,93,93,93,22,34,48,67,67,67],"floor_reached":51,"language":"KOR","playtime":1130,"items_purged":["Strike_G","Strike_G"],"score":1029,"play_id":"2d417466-41b0-4e40-a0ca-07efa96d598e","local_time":"20210221164001","is_ascension_mode":true,"campfire_choices":[{"data":"Storm of Steel","floor":6.0,"key":"SMITH"},{"data":"A Thousand Cuts","floor":10.0,"key":"SMITH"},{"data":"Blade Dance","floor":13.0,"key":"SMITH"},{"floor":15.0,"key":"REST"},{"data":"Adrenaline","floor":23.0,"key":"SMITH"},{"floor":32.0,"key":"DIG"},{"data":"Adrenaline","floor":40,"key":"SMITH"},{"floor":42,"key":"REST"},{"floor":49,"key":"REST"}],"circlet_count":0,"master_deck":["Strike_G","Strike_G","Defend_G","Defend_G","Defend_G","Defend_G","Survivor","Neutralize","Storm of Steel+1","Dagger Spray","Outmaneuver","Blade Dance+1","Cloak And Dagger","PiercingWail","A Thousand Cuts+1","Adrenaline+1","Footwork+1","Cloak And Dagger+1","Accuracy","Dodge and Roll+1","Adrenaline+1","Accuracy","Burst","Infinite Blades+1","Cloak And Dagger"],"relics":["Ring of the Snake","Regal Pillow","Boot","Shuriken","Ornamental Fan","WristBlade","Ninja Scroll","Mercury Hourglass","Blue Candle","Shovel","Bronze Scales","Tiny Chest","Black Star","Frozen Egg 2","Incense Burner"],"acts_visited":["Exordium","TheCity","TheBeyond"],"potions_floor_usage":[48],"damage_taken":[{"damage":0.0,"enemies":"2 Louse","floor":1.0,"turns":2.0},{"damage":0.0,"enemies":"Small Slimes","floor":5.0,"turns":2.0},{"damage":8.0,"enemies":"3 Sentries","floor":8.0,"turns":6.0},{"damage":51.0,"enemies":"Slime Boss","floor":16.0,"turns":12.0},{"damage":1.0,"enemies":"3 Byrds","floor":18.0,"turns":2.0},{"damage":2.0,"enemies":"2 Thieves","floor":20.0,"turns":3.0},{"damage":0.0,"enemies":"Gremlin Leader","floor":25.0,"turns":6.0},{"damage":0.0,"enemies":"Centurion and Healer","floor":27.0,"turns":2.0},{"damage":0.0,"enemies":"Snake Plant","floor":28.0,"turns":2.0},{"damage":4.0,"enemies":"Slavers","floor":29.0,"turns":4.0},{"damage":0.0,"enemies":"Snecko","floor":30.0,"turns":3.0},{"damage":14.0,"enemies":"Collector","floor":33.0,"turns":6.0},{"damage":0.0,"enemies":"Orb Walker","floor":35.0,"turns":1.0},{"damage":13.0,"enemies":"3 Darklings","floor":36.0,"turns":3.0},{"damage":0.0,"enemies":"Spire Growth","floor":39.0,"turns":3.0},{"damage":24,"enemies":"Maw","floor":41,"turns":7},{"damage":9,"enemies":"3 Darklings","floor":46,"turns":3},{"damage":0,"enemies":"Writhing Mass","floor":47,"turns":4},{"damage":11,"enemies":"Spire Growth","floor":48,"turns":3},{"damage":26,"enemies":"Donu and Deca","floor":50,"turns":6}],"seed_played":"-4320891462261267024","potions_obtained":[{"floor":1.0,"key":"Swift Potion"},{"floor":8.0,"key":"Poison Potion"},{"floor":20.0,"key":"Swift Potion"},{"floor":39.0,"key":"DuplicationPotion"}],"is_trial":false,"path_per_floor":["M","?","?","$","M","R","?","E","T","R","?","?","R","$","R","B",null,"M","?","M","?","$","R","?","E","T","M","M","E","M","$","R","B",null,"M","M","$","?","M","R","M","R","T","T","$","M","M","M","R","B",null],"character_chosen":"THE_SILENT","items_purchased":["Blade Dance","Cloak And Dagger","Bronze Scales","Accuracy","Infinite Blades+1"],"campfire_rested":3,"item_purchase_floors":[4,4,31,37,45],"current_hp_per_floor":[63,52,52,52,52,52,52,44,44,44,37,37,37,37,70,19,57,56,50,48,48,48,48,48,48,48,48,48,44,44,44,44,30,60,60,47,47,47,47,47,23,59,59,59,59,50,50,39,70,44],"gold":67,"neow_bonus":"ONE_RANDOM_RARE_CARD","is_daily":false,"chose_seed":false,"campfire_upgraded":5,"win_rate":0.0,"timestamp":1613893201,"path_taken":["M","?","?","$","M","R","?","E","T","R","?","?","R","?","R","BOSS","M","?","?","?","?","R","?","E","T","?","M","E","M","$","R","BOSS","M","M","$","?","M","R","M","R","T","?","$","?","M","M","R","BOSS"],"items_purchased_type":["Card","Card","Relic","Card","Card"],"build_version":"2020-12-22","purchased_purges":2,"victory":true,"max_hp_per_floor":[70,70,70,70,70,70,70,70,70,70,70,70,70,70,70,70,70,70,70,70,70,70,70,70,70,70,70,70,70,70,70,70,70,70,70,70,70,70,70,70,70,70,70,70,70,70,70,70,70,70],"card_choices":[{"not_picked":["Well Laid Plans","Outmaneuver"],"picked":"Dagger Spray","floor":1.0},{"not_picked":["Sucker Punch","Prepared"],"picked":"PiercingWail","floor":5.0},{"not_picked":["PiercingWail","Poisoned Stab"],"picked":"A Thousand Cuts","floor":8.0},{"not_picked":["Wraith Form v2","Grand Finale"],"picked":"Adrenaline","floor":16.0},{"not_picked":["Backstab","Quick Slash"],"picked":"Footwork+1","floor":18.0},{"not_picked":["Backflip","Escape Plan"],"picked":"Cloak And Dagger+1","floor":20.0},{"not_picked":["Dash+1","Wraith Form v2","Choke+1"],"picked":"SKIP","floor":25.0},{"not_picked":["Finisher+1","Backflip","Prepared"],"picked":"SKIP","floor":27.0},{"not_picked":["Poisoned Stab","Bouncing Flask"],"picked":"Dodge and Roll+1","floor":28.0},{"not_picked":["Distraction","Reflex","Expertise"],"picked":"SKIP","floor":29.0},{"not_picked":["Dagger Spray","Tactician","Distraction"],"picked":"SKIP","floor":30.0},{"not_picked":["Corpse Explosion","Venomology"],"picked":"Adrenaline","floor":33.0},{"not_picked":["Endless Agony","Eviscerate+1","Dodge and Roll"],"picked":"SKIP","floor":35.0},{"not_picked":["Bane","Prepared","Backstab"],"picked":"SKIP","floor":36.0},{"not_picked":["Calculated Gamble+1","Deadly Poison+1","Poisoned Stab"],"picked":"SKIP","floor":39.0},{"not_picked":["Slice+1","Deflect+1"],"picked":"Burst","floor":41},{"not_picked":["Terror+1","Skewer","Quick Slash"],"picked":"SKIP","floor":46},{"not_picked":["Dodge and Roll","Catalyst","Underhanded Strike"],"picked":"SKIP","floor":47},{"not_picked":["Dagger Throw","Flying Knee"],"picked":"Cloak And Dagger","floor":48}],"player_experience":1038848,"relics_obtained":[{"floor":8.0,"key":"Regal Pillow"},{"floor":9.0,"key":"Boot"},{"floor":25.0,"key":"Mercury Hourglass"},{"floor":26.0,"key":"Blue Candle"},{"floor":29.0,"key":"Shovel"},{"floor":32.0,"key":"Tiny Chest"},{"floor":43,"key":"Frozen Egg 2"},{"floor":44,"key":"Incense Burner"}],"event_choices":[{"damage_healed":0.0,"max_hp_gain":0.0,"max_hp_loss":0.0,"gold_gain":75.0,"event_name":"World of Goop","player_choice":"Gather Gold","floor":2.0,"gold_loss":0.0,"damage_taken":11.0},{"damage_healed":0.0,"max_hp_gain":0.0,"max_hp_loss":0.0,"gold_gain":0.0,"cards_transformed":["Strike_G"],"event_name":"Living Wall","player_choice":"Change","floor":3.0,"gold_loss":0.0,"damage_taken":0.0,"cards_obtained":["Outmaneuver"]},{"damage_healed":0.0,"max_hp_gain":0.0,"max_hp_loss":0.0,"gold_gain":0.0,"event_name":"Liars Game","player_choice":"Ignored","floor":7.0,"gold_loss":0.0,"damage_taken":0.0},{"damage_healed":0.0,"max_hp_gain":0.0,"max_hp_loss":0.0,"gold_gain":0.0,"event_name":"Scrap Ooze","player_choice":"Success","floor":11.0,"gold_loss":0.0,"damage_taken":7.0,"relics_obtained":["Shuriken"]},{"damage_healed":0.0,"max_hp_gain":0.0,"max_hp_loss":0.0,"gold_gain":30.0,"event_name":"Dead Adventurer","player_choice":"Searched \u00272\u0027 times","floor":12.0,"gold_loss":0.0,"damage_taken":0.0,"relics_obtained":["Ornamental Fan"]},{"damage_healed":0.0,"max_hp_gain":0.0,"max_hp_loss":0.0,"gold_gain":0.0,"event_name":"Knowing Skull","player_choice":"","floor":19.0,"potions_obtained":[],"gold_loss":0.0,"damage_taken":6.0,"cards_obtained":[]},{"damage_healed":0.0,"max_hp_gain":0.0,"max_hp_loss":0.0,"gold_gain":0.0,"event_name":"Addict","player_choice":"Obtained Relic","floor":21.0,"gold_loss":85.0,"damage_taken":0.0,"relics_obtained":["Ninja Scroll"]},{"damage_healed":0.0,"max_hp_gain":0.0,"max_hp_loss":0.0,"gold_gain":0.0,"event_name":"The Library","player_choice":"Read","floor":24.0,"gold_loss":0.0,"damage_taken":0.0,"cards_obtained":["Accuracy"]},{"cards_removed":["Defend_G"],"damage_healed":0.0,"max_hp_gain":0.0,"max_hp_loss":0.0,"gold_gain":0.0,"event_name":"Falling","player_choice":"Removed Skill","floor":38.0,"gold_loss":0.0,"damage_taken":0.0}],"is_beta":false,"boss_relics":[{"not_picked":["Runic Pyramid","SacredBark"],"picked":"WristBlade"},{"not_picked":["Snecko Eye","Philosopher\u0027s Stone"],"picked":"Black Star"}],"items_purged_floors":[4,14],"is_endless":false,"potions_floor_spawned":[1,8,20,28,33,35,39],"ascension_level":9}}