{"host":"38abhf7uonnoqlzr","time":1613949068,"event":{"mods":["Act Like it!","Aspiration","BaseMod","Better Note","Better Third Choice","Block Reminder","CapriCore","Colored Map","Conspire","Displayed Cursed Tome","Dota2Spire","Energized Spire","Friendly Minions","Hallownest","Hubris","Minty Spire (QoL Compilation)","Pale of the Ancients","Rare Cards Sparkle","Reimu??????","Relic Stats","Reliquary","Replay The Spire","Ruina","Spicy Shops","StSLib","Waifu the Spire"],"gold_per_floor":[109,109,184,194,204,230,230,245,270,298,298,298,298],"floor_reached":12,"language":"ENG","playtime":1140,"items_purged":[],"score":88,"play_id":"eddd8bcc-de3c-4509-bf24-f26a21649ec4","local_time":"20210222001108","is_ascension_mode":false,"campfire_choices":[{"floor":7,"key":"REST"},{"floor":11,"key":"REST"}],"circlet_count":0,"master_deck":["Strike_Lin:ReiMu","Strike_Lin:ReiMu","Strike_Lin:ReiMu","Strike_Lin:ReiMu","Defend_Lin:ReiMu","Defend_Lin:ReiMu","Defend_Lin:ReiMu","Defend_Lin:ReiMu","NB:ReiMu","Stagnation:ReiMu","TightArray:ReiMu","Regret","Pot Of Greed","Pot Of Greed","UpKicking:ReiMu","Revelation:ReiMu","Mountainwind:ReiMu","YinYangSign:ReiMu","Meditation:ReiMu"],"relics":["FlyPower:ReiMu","Grinning Jar","reliquary:Spinner","Replay:Wax Seal","Lantern"],"acts_visited":["Exordium"],"potions_floor_usage":[],"damage_taken":[{"damage":0.0,"enemies":"conspire:RoseBush","floor":1.0,"turns":5.0},{"damage":8,"enemies":"Jaw Worm","floor":4,"turns":5},{"damage":3,"enemies":"Cultist","floor":5,"turns":3},{"damage":29,"enemies":"Lagavulin","floor":6,"turns":8},{"damage":3,"enemies":"Looter","floor":8,"turns":4},{"damage":26,"enemies":"Replay:BlueRogue","floor":10,"turns":6},{"damage":38,"enemies":"3 Sentries","floor":12,"turns":12}],"seed_played":"5543676995155251043","potions_obtained":[{"floor":8,"key":"Energy Potion"}],"is_trial":false,"path_per_floor":["M","?","?","M","M","E","R","M","T","E","R","E"],"character_chosen":"REIMU","items_purchased":[],"campfire_rested":2,"item_purchase_floors":[],"current_hp_per_floor":[71,71,64,56,53,24,45,42,42,16,37,0,0],"gold":298,"neow_bonus":"TEN_PERCENT_HP_BONUS","is_daily":false,"chose_seed":false,"campfire_upgraded":0,"win_rate":0.0,"timestamp":1613949068,"path_taken":["M","?","?","M","?","E","R","M","T","E","R","E"],"items_purchased_type":[],"build_version":"2020-12-22","purchased_purges":0,"victory":false,"max_hp_per_floor":[71,71,71,71,71,71,71,71,71,71,71,71,71],"relic_stats":{"counters":[7,41],"obtain_stats":[{"Lantern":10,"reliquary:Spinner":6,"Grinning Jar":2,"Replay:Wax Seal":9,"FlyPower:ReiMu":0},{"Lantern":6,"reliquary:Spinner":4,"Grinning Jar":1,"Replay:Wax Seal":5,"FlyPower:ReiMu":0},{"Lantern":29,"reliquary:Spinner":19,"Grinning Jar":5,"Replay:Wax Seal":23,"FlyPower:ReiMu":0}]},"card_choices":[{"not_picked":["Intuition:ReiMu","TakeOff:ReiMu"],"picked":"TightArray:ReiMu","floor":1.0},{"not_picked":["Dreaming2:ReiMu","AlertArray:ReiMu"],"picked":"UpKicking:ReiMu","floor":4},{"not_picked":["SubcavityInstant:ReiMu","UpKicking:ReiMu"],"picked":"Revelation:ReiMu","floor":5},{"not_picked":["DoubleButterfly:ReiMu","Amulet:ReiMu"],"picked":"Mountainwind:ReiMu","floor":6},{"not_picked":["WonderfulDomain:ReiMu","SafetyPray:ReiMu"],"picked":"YinYangSign:ReiMu","floor":8},{"not_picked":["AlertArray:ReiMu","SpringWay:ReiMu"],"picked":"Meditation:ReiMu","floor":10}],"player_experience":206265,"relics_obtained":[{"floor":6,"key":"reliquary:Spinner"},{"floor":9,"key":"Replay:Wax Seal"},{"floor":10,"key":"Lantern"}],"event_choices":[{"damage_healed":0.0,"max_hp_gain":0.0,"max_hp_loss":0.0,"gold_gain":0.0,"event_name":"Big Fish","player_choice":"Box","floor":2.0,"gold_loss":0.0,"damage_taken":0.0,"relics_obtained":["Grinning Jar"],"cards_obtained":["Regret"]},{"damage_healed":0,"gold_gain":75,"player_choice":"Touch","damage_taken":7,"max_hp_gain":0,"max_hp_loss":0,"event_name":"FaceTrader","floor":3,"gold_loss":0}],"is_beta":false,"boss_relics":[],"items_purged_floors":[],"is_endless":false,"potions_floor_spawned":[8],"killed_by":"3 Sentries","ascension_level":0}}