{"host":"cmyud3of70k6t1eo","time":1613868224,"event":{"mods":["BaseMod","Conspire","Downfall","Infinite Spire","Minty Spire (QoL Compilation)","Morshu Shopkeeper","Morshu Shopkeeper - ENHANCED","Quick Restart","StSLib","The Blue Laboratory","UnlockEverythingMod","Wide Potions"],"gold_per_floor":[99,99,99,99,99,99,99,99,128,142,142,42,27,46,64,64,64,64],"floor_reached":16,"language":"ENG","playtime":894,"items_purged":[],"score":96,"play_id":"2c8b6cf0-342b-4d63-9393-913bbd4e1fb9","local_time":"20210220194344","is_ascension_mode":false,"campfire_choices":[{"floor":1,"key":"RECALL"},{"data":"Slimebound:Split","floor":8,"key":"SMITH"},{"floor":12,"key":"REST"}],"circlet_count":0,"master_deck":["Slimebound:Strike_Slimebound","Slimebound:Strike_Slimebound","Slimebound:Tackle","Slimebound:Defend_Slimebound","Slimebound:Defend_Slimebound","Slimebound:Defend_Slimebound","Slimebound:Defend_Slimebound","Slimebound:Split+1","Slimebound:CorrosiveSpit","Slimebound:AcidTongue","Slimebound:ForwardTackle","Slimebound:PressTheAttack","Slimebound:SplitBruiser","Slimebound:ProtectTheBoss+1","Slimebound:Overexert+1","Slimebound:ProtectTheBoss+1","Slimebound:SlimeBarrage","Slimebound:GoopSpray"],"relics":["Slimebound:AbsorbEndCombat","downfall:HeartsMalice","Frozen Egg 2","Thread and Needle","downfall:HeartBlessingRed"],"acts_visited":["Exordium"],"potions_floor_usage":[16],"damage_taken":[{"damage":0,"enemies":"downfall:FleeingMerchant","floor":3,"turns":1},{"damage":0,"enemies":"conspire:RoseBush","floor":4,"turns":1},{"damage":0,"enemies":"Jaw Worm","floor":5,"turns":1},{"damage":26,"enemies":"3 Sentries","floor":9,"turns":8},{"damage":0,"enemies":"Cultist","floor":10,"turns":3},{"damage":0,"enemies":"downfall:FleeingMerchant","floor":13,"turns":4},{"damage":0,"enemies":"conspire:2 RoseBushes","floor":14,"turns":4},{"damage":0,"enemies":"2 Fungi Beasts","floor":15,"turns":3},{"damage":84,"enemies":"WA_ARCHETYPE_RETAIN","floor":16,"turns":10}],"seed_played":"1138527212873035360","potions_obtained":[{"floor":10,"key":"PowerPotion"},{"floor":14,"key":"Slimebound:SlimyTonguePotion"}],"is_trial":false,"path_per_floor":["R","?","$","M","M","?","T","R","E","M","?","R","$","M","M","B"],"character_chosen":"SLIMEBOUND","items_purchased":[],"campfire_rested":1,"item_purchase_floors":[],"current_hp_per_floor":[65,65,65,65,65,65,65,65,43,47,47,65,65,65,65,0,0,0],"gold":64,"neow_bonus":"THREE_ENEMY_KILL","is_daily":false,"chose_seed":false,"campfire_upgraded":1,"win_rate":0.0,"timestamp":1613868224,"path_taken":["R","?","?","M","?","?","T","R","E","M","?","R","$","M","M","BOSS"],"items_purchased_type":[],"build_version":"2020-12-22","purchased_purges":0,"victory":false,"max_hp_per_floor":[65,65,65,65,65,65,65,65,65,65,65,65,65,65,65,65,65,65],"card_choices":[{"not_picked":["Slimebound:FlameTackle","Slimebound:RollThrough"],"picked":"Slimebound:ForwardTackle","floor":3},{"not_picked":["Slimebound:ForwardTackle","Slimebound:ItLooksTasty"],"picked":"Slimebound:PressTheAttack","floor":4},{"not_picked":["Slimebound:SlimeBarrage","Slimebound:FormOfPuddle"],"picked":"Slimebound:SplitBruiser","floor":5},{"not_picked":["Slimebound:BestDefense+1","Slimebound:LeadByExample+1"],"picked":"Slimebound:ProtectTheBoss+1","floor":9},{"not_picked":["Slimebound:FormOfPuddle","Slimebound:TongueLash"],"picked":"Slimebound:Overexert+1","floor":10},{"not_picked":["Slimebound:HauntingLick","Slimebound:AcidTongue+1"],"picked":"Slimebound:ProtectTheBoss+1","floor":13},{"not_picked":["Slimebound:TongueLash","Slimebound:Nibble"],"picked":"Slimebound:SlimeBarrage","floor":14},{"not_picked":["Slimebound:Grow+1","Slimebound:PressTheAttack"],"picked":"Slimebound:GoopSpray","floor":15}],"player_experience":128253,"relics_obtained":[{"floor":7,"key":"Frozen Egg 2"},{"floor":9,"key":"Thread and Needle"}],"event_choices":[],"is_beta":false,"boss_relics":[],"items_purged_floors":[],"is_endless":false,"potions_floor_spawned":[10,14],"killed_by":"WA_ARCHETYPE_RETAIN","ascension_level":0}}