{"host":"6r762osam2bvfm66","time":1613868219,"event":{"mods":["BaseMod","Bestiary","Colored Map","Highlight Path","Minty Spire (QoL Compilation)","Relic Stats"],"gold_per_floor":[110,70,88,102,27,27,54,4,85,112,126,126,138,138,138,238,238,251,263,15,42,42,54,96,108,120,164,176,98,123,161,173,282,294,325,351,363,386,413,425,453,82,154,182,182,212,229,242,242,242,242],"floor_reached":50,"language":"ENG","playtime":3991,"items_purged":["Strike_G","Strike_G"],"score":799,"play_id":"10a2e0e4-c14d-439b-87cf-35d18b88a48b","local_time":"20210220184339","is_ascension_mode":true,"campfire_choices":[{"data":"Neutralize","floor":6,"key":"SMITH"},{"data":"Sadistic Nature","floor":12,"key":"SMITH"},{"data":"Venomology","floor":15,"key":"SMITH"},{"data":"Noxious Fumes","floor":23,"key":"SMITH"},{"data":"Footwork","floor":25,"key":"SMITH"},{"data":"Well Laid Plans","floor":28,"key":"SMITH"},{"data":"Adrenaline","floor":32,"key":"SMITH"},{"data":"Envenom","floor":40,"key":"SMITH"},{"floor":49,"key":"RECALL"}],"circlet_count":0,"master_deck":["Strike_G","Strike_G","Defend_G","Defend_G","Defend_G+1","Defend_G","Defend_G","Survivor","Neutralize+1","Sadistic Nature+1","Heel Hook","Leg Sweep+1","Deadly Poison+1","Deadly Poison","Venomology+1","Poisoned Stab","Adrenaline+1","Noxious Fumes+1","Crippling Poison+1","Well Laid Plans+1","Footwork+1","Envenom+1","Infinite Blades+1","Escape Plan+1","Riddle With Holes","PiercingWail+1","PiercingWail+1","Blade Dance+1"],"relics":["Ring of the Snake","Bag of Preparation","Meat on the Bone","Snake Skull","SacredBark","ClockworkSouvenir","Red Mask","MawBank","Boot","Ancient Tea Set","Juzu Bracelet","Torii","Busted Crown","Orichalcum","War Paint","MealTicket","PreservedInsect"],"acts_visited":["Exordium","TheCity","TheBeyond"],"potions_floor_usage":[10,18,19,21,24,27,30,31,31,31,31,33,33,36,39,44,46,46,47,48,50,50,50],"damage_taken":[{"damage":0,"enemies":"Jaw Worm","floor":1,"turns":5},{"damage":1,"enemies":"Cultist","floor":3,"turns":4},{"damage":0,"enemies":"2 Louse","floor":4,"turns":3},{"damage":22,"enemies":"3 Sentries","floor":7,"turns":12},{"damage":22,"enemies":"Lagavulin","floor":10,"turns":9},{"damage":0,"enemies":"Looter","floor":11,"turns":3},{"damage":0,"enemies":"2 Fungi Beasts","floor":13,"turns":2},{"damage":7,"enemies":"Hexaghost","floor":16,"turns":6},{"damage":2,"enemies":"2 Thieves","floor":18,"turns":5},{"damage":0,"enemies":"Chosen","floor":19,"turns":3},{"damage":0,"enemies":"Masked Bandits","floor":21,"turns":3},{"damage":7,"enemies":"Book of Stabbing","floor":24,"turns":6},{"damage":0,"enemies":"Gremlin Leader","floor":27,"turns":5},{"damage":0,"enemies":"3 Cultists","floor":30,"turns":4},{"damage":6,"enemies":"Book of Stabbing","floor":31,"turns":4},{"damage":24,"enemies":"Collector","floor":33,"turns":7},{"damage":0,"enemies":"Orb Walker","floor":35,"turns":3},{"damage":1,"enemies":"3 Darklings","floor":36,"turns":2},{"damage":7,"enemies":"Writhing Mass","floor":38,"turns":5},{"damage":0,"enemies":"Spire Growth","floor":39,"turns":5},{"damage":0,"enemies":"3 Darklings","floor":41,"turns":3},{"damage":1,"enemies":"Giant Head","floor":44,"turns":5},{"damage":2,"enemies":"Reptomancer","floor":46,"turns":5},{"damage":8,"enemies":"Maw","floor":47,"turns":6},{"damage":7,"enemies":"Spire Growth","floor":48,"turns":4},{"damage":48,"enemies":"Awakened One","floor":50,"turns":5}],"seed_played":"-6139210219693526204","potions_obtained":[{"floor":2,"key":"Regen Potion"},{"floor":2,"key":"LiquidMemories"},{"floor":2,"key":"GhostInAJar"},{"floor":10,"key":"SpeedPotion"},{"floor":27,"key":"SteroidPotion"},{"floor":35,"key":"CultistPotion"},{"floor":44,"key":"Weak Potion"},{"floor":46,"key":"BlessingOfTheForge"}],"is_trial":false,"path_per_floor":["M","?","M","M","$","R","E","?","T","E","M","R","M","?","R","B",null,"M","M","$","?","?","R","E","R","T","E","R","?","M","E","R","B",null,"M","M","?","M","M","R","M","$","T","E","?","E","M","M","R","B"],"character_chosen":"THE_SILENT","items_purchased":["Crippling Poison","Well Laid Plans","ClockworkSouvenir","Riddle With Holes","PiercingWail","War Paint"],"campfire_rested":0,"item_purchase_floors":[20,20,20,42,42,42],"current_hp_per_floor":[45,45,44,44,44,44,22,22,22,27,39,39,39,25,25,30,60,58,58,58,58,58,58,51,51,51,51,51,51,51,45,45,33,61,61,60,60,53,53,53,53,53,53,52,52,50,42,47,47,0,0],"gold":242,"neow_bonus":"RANDOM_COLORLESS_2","is_daily":false,"chose_seed":false,"campfire_upgraded":8,"win_rate":0.0,"timestamp":1613868219,"path_taken":["M","?","M","?","$","R","E","?","T","E","M","R","M","?","R","BOSS","M","M","$","?","?","R","E","R","T","E","R","?","M","E","R","BOSS","M","M","?","M","M","R","M","$","T","E","?","E","M","M","R","BOSS"],"items_purchased_type":["Card","Card","Relic","Card","Card","Relic"],"build_version":"2020-12-22","purchased_purges":2,"victory":false,"max_hp_per_floor":[70,70,70,70,70,70,70,70,70,70,70,70,70,70,70,70,70,70,70,70,70,70,70,70,70,70,70,70,70,70,70,70,70,70,70,70,70,70,70,70,70,70,70,70,70,70,70,70,70,70,70],"relic_stats":{"Torii":11,"counters":[26,124],"Snake Skull":[223],"PreservedInsect":0,"Bag of Preparation":[44],"Juzu Bracelet":1,"Orichalcum":[48],"War Paint":["PiercingWail","Crippling Poison"],"MawBank":240,"Boot":[91],"Busted Crown":18,"MealTicket":0,"obtain_stats":[{"Torii":31,"SacredBark":17,"Snake Skull":10,"PreservedInsect":46,"Bag of Preparation":7,"Juzu Bracelet":27,"Orichalcum":37,"War Paint":42,"MawBank":22,"Boot":24,"Ancient Tea Set":26,"ClockworkSouvenir":20,"Busted Crown":34,"MealTicket":44,"Red Mask":21,"Ring of the Snake":0,"Meat on the Bone":9},{"Torii":15,"SacredBark":8,"Snake Skull":5,"PreservedInsect":23,"Bag of Preparation":4,"Juzu Bracelet":13,"Orichalcum":18,"War Paint":21,"MawBank":11,"Boot":12,"Ancient Tea Set":12,"ClockworkSouvenir":10,"Busted Crown":16,"MealTicket":22,"Red Mask":11,"Ring of the Snake":0,"Meat on the Bone":4},{"Torii":74,"SacredBark":44,"Snake Skull":33,"PreservedInsect":109,"Bag of Preparation":24,"Juzu Bracelet":66,"Orichalcum":86,"War Paint":99,"MawBank":55,"Boot":61,"Ancient Tea Set":61,"ClockworkSouvenir":52,"Busted Crown":81,"MealTicket":104,"Red Mask":55,"Ring of the Snake":0,"Meat on the Bone":24}],"Ring of the Snake":[52],"Meat on the Bone":60},"card_choices":[{"not_picked":["Transmutation","Secret Weapon"],"picked":"Sadistic Nature","floor":0},{"not_picked":["Backstab","Quick Slash"],"picked":"Heel Hook","floor":1},{"not_picked":["Accuracy","Dodge and Roll"],"picked":"Leg Sweep","floor":3},{"not_picked":["Heel Hook","Dagger Spray"],"picked":"Deadly Poison","floor":4},{"not_picked":["Prepared","Outmaneuver"],"picked":"Deadly Poison","floor":7},{"not_picked":["Bane","Flying Knee"],"picked":"Venomology","floor":10},{"not_picked":["Underhanded Strike","Cloak And Dagger"],"picked":"Poisoned Stab","floor":11},{"not_picked":["Distraction","Backflip"],"picked":"Leg Sweep","floor":13},{"not_picked":["Tools of the Trade","Bullet Time"],"picked":"Adrenaline","floor":16},{"not_picked":["Deflect","Eviscerate+1","Dodge and Roll"],"picked":"SKIP","floor":18},{"not_picked":["Blade Dance","Poisoned Stab"],"picked":"Noxious Fumes","floor":19},{"not_picked":["Dash","Dodge and Roll"],"picked":"Footwork","floor":21},{"not_picked":["Underhanded Strike","Choke","Outmaneuver+1"],"picked":"SKIP","floor":24},{"not_picked":["Bane","Infinite Blades","PiercingWail"],"picked":"SKIP","floor":27},{"not_picked":["Bane","Infinite Blades","PiercingWail"],"picked":"SKIP","floor":27},{"not_picked":["Noxious Fumes","Doppelganger","Tactician"],"picked":"SKIP","floor":30},{"not_picked":["Dagger Spray","Acrobatics","Flechettes"],"picked":"SKIP","floor":31},{"not_picked":["Glass Knife","Unload"],"picked":"Envenom","floor":33},{"not_picked":["Blur"],"picked":"SKIP","floor":35},{"not_picked":[],"picked":"Infinite Blades+1","floor":36},{"not_picked":["Escape Plan"],"picked":"SKIP","floor":38},{"not_picked":[],"picked":"Escape Plan+1","floor":39},{"not_picked":["Dodge and Roll"],"picked":"SKIP","floor":41},{"not_picked":[],"picked":"PiercingWail+1","floor":44},{"not_picked":[],"picked":"Blade Dance+1","floor":46},{"not_picked":["Backflip"],"picked":"SKIP","floor":47},{"not_picked":["Prepared"],"picked":"SKIP","floor":48}],"player_experience":112848,"relics_obtained":[{"floor":7,"key":"Bag of Preparation"},{"floor":9,"key":"Meat on the Bone"},{"floor":10,"key":"Snake Skull"},{"floor":21,"key":"Red Mask"},{"floor":24,"key":"Boot"},{"floor":26,"key":"Ancient Tea Set"},{"floor":27,"key":"Juzu Bracelet"},{"floor":31,"key":"Torii"},{"floor":37,"key":"Orichalcum"},{"floor":44,"key":"MealTicket"},{"floor":46,"key":"PreservedInsect"}],"event_choices":[{"damage_healed":0,"gold_gain":0,"player_choice":"Bought 3 Potions","damage_taken":0,"max_hp_gain":0,"max_hp_loss":0,"event_name":"The Woman in Blue","floor":2,"gold_loss":0},{"cards_removed":["Strike_G"],"damage_healed":0,"gold_gain":0,"player_choice":"Card Removal","damage_taken":0,"max_hp_gain":0,"max_hp_loss":0,"event_name":"The Cleric","floor":8,"gold_loss":50},{"damage_healed":0,"gold_gain":0,"player_choice":"Entered Light","damage_taken":14,"max_hp_gain":0,"max_hp_loss":0,"event_name":"Shining Light","floor":14,"gold_loss":0,"cards_upgraded":["Leg Sweep","Deadly Poison"]},{"damage_healed":0,"gold_gain":0,"player_choice":"Fought Bandits","damage_taken":0,"max_hp_gain":0,"max_hp_loss":0,"event_name":"Masked Bandits","floor":21,"gold_loss":0},{"damage_healed":0,"gold_gain":0,"player_choice":"Stole Relic","damage_taken":0,"relics_obtained":["MawBank"],"max_hp_gain":0,"max_hp_loss":0,"event_name":"Addict","floor":22,"gold_loss":0,"cards_obtained":["Shame"]},{"cards_removed":["Shame"],"damage_healed":0,"gold_gain":0,"player_choice":"Upgrade and Remove","damage_taken":0,"max_hp_gain":0,"max_hp_loss":0,"event_name":"Designer","floor":29,"gold_loss":90,"cards_upgraded":["Defend_G"]},{"damage_healed":0,"gold_gain":0,"player_choice":"Relic","damage_taken":0,"max_hp_gain":0,"max_hp_loss":0,"event_name":"Wheel of Change","floor":37,"gold_loss":0},{"cards_removed":["Leg Sweep"],"damage_healed":0,"gold_gain":0,"player_choice":"Removed Skill","damage_taken":0,"max_hp_gain":0,"max_hp_loss":0,"event_name":"Falling","floor":45,"gold_loss":0}],"is_beta":false,"boss_relics":[{"not_picked":["WristBlade","HoveringKite"],"picked":"SacredBark"},{"not_picked":["Philosopher\u0027s Stone","Astrolabe"],"picked":"Busted Crown"}],"items_purged_floors":[5,42],"is_endless":false,"potions_floor_spawned":[4,7,10,16,27,30,31,35,44,46,47],"killed_by":"Awakened One","ascension_level":6}}