{"host":"2se5dq1do2gp0x9k","time":1613894186,"event":{"mods":["AchievementEnabler","BaseMod","Block Reminder","Colored Map","Colored Powertips","Minty Spire (QoL Compilation)","Relic Stats","StSLib","SuperFastMode"],"gold_per_floor":[115,115,131,80,91,91,126,126,150,150,150],"floor_reached":10,"language":"ENG","playtime":194,"items_purged":[],"score":132,"play_id":"4ff754ed-d8b6-4344-ac93-e3130afd21ce","local_time":"20210220235626","is_ascension_mode":true,"campfire_choices":[{"floor":6,"key":"REST"},{"floor":8,"key":"REST"}],"circlet_count":0,"master_deck":["AscendersBane","Strike_G","Strike_G","Strike_G","Strike_G","Strike_G","Defend_G","Defend_G","Defend_G","Defend_G","Survivor","Neutralize","Leg Sweep","Blade Dance","Blade Dance","Cloak And Dagger"],"relics":["Fusion Hammer","Lantern","Ancient Tea Set"],"acts_visited":["Exordium"],"potions_floor_usage":[7],"damage_taken":[{"damage":6,"enemies":"Small Slimes","floor":1,"turns":5},{"damage":0,"enemies":"Cultist","floor":3,"turns":5},{"damage":0,"enemies":"Jaw Worm","floor":5,"turns":3},{"damage":39,"enemies":"Gremlin Nob","floor":7,"turns":5},{"damage":0,"enemies":"Lagavulin","floor":10,"turns":1}],"seed_played":"4647083109832179430","potions_obtained":[{"floor":3,"key":"EntropicBrew"},{"floor":5,"key":"AttackPotion"},{"floor":7,"key":"Dexterity Potion"}],"is_trial":false,"path_per_floor":["M","?","M","$","M","R","E","R","T","E"],"character_chosen":"THE_SILENT","items_purchased":["Blade Dance"],"campfire_rested":2,"item_purchase_floors":[4],"current_hp_per_floor":[53,53,53,53,53,66,27,46,46,46,46],"gold":150,"neow_bonus":"BOSS_RELIC","is_daily":false,"chose_seed":false,"campfire_upgraded":0,"win_rate":0.0,"timestamp":1613894186,"path_taken":["M","?","M","$","?","R","E","R","T","E"],"items_purchased_type":["Card"],"build_version":"2020-12-22","purchased_purges":0,"victory":false,"max_hp_per_floor":[66,66,66,66,66,66,66,66,66,66,66],"relic_stats":{"counters":[5,19],"obtain_stats":[{"Lantern":7,"Fusion Hammer":0,"Ancient Tea Set":9,"Ring of the Snake":0},{"Lantern":4,"Fusion Hammer":0,"Ancient Tea Set":4,"Ring of the Snake":0},{"Lantern":18,"Fusion Hammer":0,"Ancient Tea Set":18,"Ring of the Snake":0}]},"card_choices":[{"not_picked":["Dodge and Roll","Flying Knee"],"picked":"Leg Sweep","floor":1},{"not_picked":["Concentrate","Escape Plan"],"picked":"Blade Dance","floor":3},{"not_picked":["Finisher","Poisoned Stab"],"picked":"Cloak And Dagger","floor":5},{"not_picked":["Catalyst","Dodge and Roll","Flying Knee"],"picked":"SKIP","floor":7}],"player_experience":4096041,"relics_obtained":[{"floor":7,"key":"Lantern"},{"floor":9,"key":"Ancient Tea Set"}],"event_choices":[{"cards_removed":["Defend_G"],"damage_healed":0,"gold_gain":0,"player_choice":"Purged","damage_taken":0,"max_hp_gain":0,"max_hp_loss":0,"event_name":"Purifier","floor":2,"gold_loss":0}],"is_beta":false,"boss_relics":[],"items_purged_floors":[],"is_endless":false,"potions_floor_spawned":[3,5,7],"killed_by":"Lagavulin","ascension_level":20}}