{"host":"d54lcqy5t45er8jx","time":1613926747,"event":{"mods":["2.2 Compatiblity","AchievementEnabler","BaseMod","CapriCore","Colored Powertips","DeckTracker","Defuse TimeMaze Blight","Hermit","Highlight Path","Hubris","Infinite Spire","Marisa£¨Ùöéë¡¡Øª×âÞÞ£©","Minty Spire (QoL Compilation)","Permanent Neow","Quick Restart","Rare Cards Sparkle","Relic Stats","Remilia£¨?Ú·×é?£©","StSLib","The Animator","The Cursed","The Immortal","The Servant 0.9.4","WarShipGirlsR/??á´Ò³R mod","Yakumo Yukari mod"],"gold_per_floor":[128,171,171,189,207,242,242,254,254,281,281,20,20,62,62,166,166,148,166,166,185,185,185,218,218,218,249,261,261,279,279,279],"floor_reached":31,"language":"ENG","playtime":1890,"items_purged":["animator:Strike","animator:Strike"],"score":378,"play_id":"af2a9f24-dab5-4828-8bf8-720ae89846d2","local_time":"20210222015907","is_ascension_mode":true,"campfire_choices":[{"data":"animator:Aqua","floor":7,"key":"SMITH"},{"data":"animator:Vanir","floor":13,"key":"SMITH"},{"data":"animator:Kazuma","floor":15,"key":"SMITH"},{"data":"animator:Albedo","floor":23,"key":"SMITH"}],"circlet_count":0,"master_deck":["animator:Strike_Konosuba","animator:Strike","animator:Defend","animator:Defend","animator:Defend","animator:Kazuma+1","animator:Wiz+1","animator:KyokoSakura","animator:SuzuneAmano+1","animator:Vanir+1","animator:Darkness+1","animator:YachiyoNanami+1","animator:DolaCouronne","animator:Megumin+5","animator:Shion","animator:Shion+1","ReincarnationDial","animator:Biyorigo+1","animator:UneriGinkaku+1","animator:DolaRiku+1","infinitespire:Collect"],"relics":["animator:LivingPicture","animator:TheMissingPiece","Frozen Egg 2","infinitespire:FocusingShard","Nunchaku","animator:WornHelmet","animator:CrumblingOrb","MutagenicStrength","Orichalcum","animator:Buoy","hubris:TinFlute","Molten Egg 2","hubris:HollowSoul"],"acts_visited":["Exordium","TheCity"],"potions_floor_usage":[14,18,19,21],"damage_taken":[{"damage":1,"enemies":"Jaw Worm","floor":1,"turns":5},{"damage":0,"enemies":"2 Louse","floor":4,"turns":3},{"damage":2,"enemies":"Cultist","floor":5,"turns":5},{"damage":36,"enemies":"Lagavulin","floor":6,"turns":8},{"damage":9,"enemies":"2 Fungi Beasts","floor":8,"turns":3},{"damage":0,"enemies":"Large Slime","floor":10,"turns":3},{"damage":13,"enemies":"Gremlin Nob","floor":14,"turns":3},{"damage":0,"enemies":"Hexaghost","floor":16,"turns":7},{"damage":4,"enemies":"2 Thieves","floor":18,"turns":4},{"damage":27,"enemies":"3 Byrds","floor":19,"turns":5},{"damage":9,"enemies":"Centurion and Healer","floor":21,"turns":6},{"damage":0,"enemies":"Gremlin Leader","floor":24,"turns":6},{"damage":27,"enemies":"Book of Stabbing","floor":27,"turns":4},{"damage":3,"enemies":"Snake Plant","floor":28,"turns":3},{"damage":0,"enemies":"Snecko","floor":30,"turns":4},{"damage":15,"enemies":"Shelled Parasite and Fungi","floor":31,"turns":2}],"seed_played":"-9148252439928573106","potions_obtained":[{"floor":5,"key":"SpeedPotion"},{"floor":10,"key":"LiquidMemories"},{"floor":14,"key":"AttackPotion"},{"floor":18,"key":"Explosive Potion"},{"floor":19,"key":"Weak Potion"},{"floor":24,"key":"Weak Potion"}],"is_trial":false,"path_per_floor":["M","?","?","M","M","E","R","M","T","M","?","$","R","E","R","B",null,"M","M","?","M","?","R","E","?","T","E","M","AVR","M","M"],"character_chosen":"THE_ANIMATOR","items_purchased":["animator:YachiyoNanami+1","Nunchaku"],"campfire_rested":0,"item_purchase_floors":[12,12],"current_hp_per_floor":[49,49,49,51,51,17,17,12,12,15,15,15,15,5,5,8,67,67,43,43,37,37,37,37,37,37,10,8,8,8,0,0],"gold":279,"neow_bonus":"THREE_RARE_CARDS","is_daily":false,"chose_seed":false,"campfire_upgraded":4,"win_rate":0.0,"timestamp":1613926747,"path_taken":["M","?","?","M","?","E","R","M","T","M","?","$","R","E","R","BOSS","M","M","?","M","?","R","E","?","T","E","M","AVR","M","M"],"items_purchased_type":["Card","Relic"],"build_version":"2020-12-22","purchased_purges":2,"victory":false,"max_hp_per_floor":[66,66,66,66,66,66,66,67,67,67,67,67,67,67,67,67,67,68,68,68,68,68,68,68,68,68,68,69,69,69,69,69],"relic_stats":{"Nunchaku":[10],"counters":[16,76],"Orichalcum":[6],"obtain_stats":[{"animator:Buoy":26,"animator:TheMissingPiece":0,"infinitespire:FocusingShard":9,"hubris:HollowSoul":29,"Frozen Egg 2":6,"animator:WornHelmet":14,"Orichalcum":24,"Nunchaku":12,"animator:CrumblingOrb":17,"MutagenicStrength":20,"Molten Egg 2":29,"animator:LivingPicture":0,"hubris:TinFlute":27},{"animator:Buoy":12,"animator:TheMissingPiece":0,"infinitespire:FocusingShard":5,"hubris:HollowSoul":14,"Frozen Egg 2":4,"animator:WornHelmet":7,"Orichalcum":12,"Nunchaku":6,"animator:CrumblingOrb":8,"MutagenicStrength":10,"Molten Egg 2":14,"animator:LivingPicture":0,"hubris:TinFlute":13},{"animator:Buoy":58,"animator:TheMissingPiece":0,"infinitespire:FocusingShard":24,"hubris:HollowSoul":65,"Frozen Egg 2":21,"animator:WornHelmet":30,"Orichalcum":58,"Nunchaku":27,"animator:CrumblingOrb":37,"MutagenicStrength":46,"Molten Egg 2":65,"animator:LivingPicture":0,"hubris:TinFlute":62}]},"card_choices":[{"not_picked":["animator:Shizu","animator:Sora"],"picked":"animator:Wiz","floor":0},{"not_picked":["animator:SayakaMiki","animator:Elsword"],"picked":"animator:YuiTsuruno","floor":1},{"not_picked":["animator:FielNirvalen","animator:Aqua"],"picked":"animator:KyokoSakura","floor":4},{"not_picked":["animator:Add","animator:GazelDwargon","animator:OrikoMikuni"],"picked":"SKIP","floor":5},{"not_picked":["animator:OrikoMikuni","animator:SayakaMiki"],"picked":"animator:SuzuneAmano","floor":6},{"not_picked":["animator:Raven","animator:Vesta"],"picked":"animator:Vanir","floor":8},{"not_picked":["animator:Azekura","animator:Togame"],"picked":"animator:Darkness+1","floor":10},{"not_picked":["animator:Kaijin+1","animator:Hans+1"],"picked":"animator:DolaCouronne","floor":14},{"not_picked":["animator:Elesis","animator:Shiro+1"],"picked":"animator:Albedo","floor":16},{"not_picked":["animator:YunYun","animator:Verdia"],"picked":"animator:Megumin","floor":18},{"not_picked":["animator:Ara+1","animator:Sora"],"picked":"animator:Megumin","floor":19},{"not_picked":["animator:Kaijin+1","animator:Hakurou","animator:DolaCouronne+1"],"picked":"SKIP","floor":21},{"not_picked":["animator:Emonzaemon","animator:Mitsurugi"],"picked":"animator:KyokoSakura","floor":24},{"not_picked":["animator:Konayuki","animator:Millim"],"picked":"animator:DolaRiku+1","floor":28},{"not_picked":["animator:Shion+1","animator:Lu+1","animator:Ara+1"],"picked":"SKIP","floor":30}],"player_experience":1070078,"relics_obtained":[{"floor":6,"key":"Frozen Egg 2"},{"floor":9,"key":"infinitespire:FocusingShard"},{"floor":14,"key":"animator:WornHelmet"},{"floor":24,"key":"Orichalcum"},{"floor":26,"key":"animator:Buoy"},{"floor":27,"key":"hubris:TinFlute"}],"event_choices":[{"damage_healed":0,"gold_gain":0,"player_choice":"Upgraded","damage_taken":0,"max_hp_gain":0,"max_hp_loss":0,"event_name":"Upgrade Shrine","floor":3,"gold_loss":0,"cards_upgraded":["animator:Wiz"]},{"damage_healed":0,"gold_gain":0,"player_choice":"Grow","damage_taken":0,"max_hp_gain":0,"max_hp_loss":0,"event_name":"Living Wall","floor":11,"gold_loss":0,"cards_upgraded":["animator:SuzuneAmano"]},{"damage_healed":0,"gold_gain":0,"player_choice":"Inject Mutagens","damage_taken":0,"relics_obtained":["MutagenicStrength"],"max_hp_gain":0,"max_hp_loss":0,"event_name":"Drug Dealer","floor":20,"gold_loss":0},{"damage_healed":0,"gold_gain":0,"player_choice":"Ignored","damage_taken":0,"max_hp_gain":0,"max_hp_loss":0,"event_name":"Vampires","floor":22,"gold_loss":0},{"damage_healed":0,"gold_gain":0,"player_choice":"Read","damage_taken":0,"max_hp_gain":0,"max_hp_loss":0,"event_name":"The Library","floor":25,"gold_loss":0,"cards_obtained":["ReincarnationDial"]}],"is_beta":false,"boss_relics":[{"not_picked":["Coffee Dripper","Mark of Pain"],"picked":"animator:CrumblingOrb"}],"items_purged_floors":[12,29],"is_endless":false,"potions_floor_spawned":[5,10,14,18,19,24],"killed_by":"Shelled Parasite and Fungi","ascension_level":1}}