{"host":"wq5h7jomr5a1xww7","time":1613917841,"event":{"mods":["BaseMod","Highlight Path","Minty Spire (QoL Compilation)","Monster List Patch","Relic Stats","StSLib"],"gold_per_floor":[114,289,364,379,72,148,163,163,13,43,73,73,103,103,143,185,227,269,281,368,380,392,419,461,83,113,128,128,166,204,204,242,242,367,367,367,492,492,492,617,617,636,636,655,658,658,677,677,677,696,371,409,447,485,523,523,433,433,471,509,547,241,266,316,316,366,404,429,467,467,38,163,163,201,239,239,14,14,14,14,139,139,139,264,264,264,389,389,408,408,408,471,521,221,7,7,229,267,305,343,381,381,381,381,381,419,457,457,457,457,482,482,482,482,520,558,8,8,8,27,65,65,103,436,466,496,21,21,21,21,21,21,21],"floor_reached":134,"language":"ENG","playtime":3518,"items_purged":["Carnage","Hemokinesis","Rupture+1"],"score":4555,"play_id":"fda58f53-50e2-4c0b-80d9-310442ad722b","local_time":"20210221083041","daily_mods":["SealedDeck","Flight","Elite Swarm"],"is_ascension_mode":false,"campfire_choices":[{"floor":12.0,"key":"REST"},{"data":"1","floor":14.0,"key":"LIFT"},{"data":"2","floor":21.0,"key":"LIFT"},{"data":"3","floor":22.0,"key":"LIFT"},{"data":"Limit Break","floor":31.0,"key":"SMITH"},{"data":"Demon Form","floor":33.0,"key":"SMITH"},{"data":"Heavy Blade","floor":36.0,"key":"SMITH"},{"data":"Double Tap","floor":39.0,"key":"SMITH"},{"data":"Whirlwind","floor":56.0,"key":"SMITH"},{"data":"Dual Wield","floor":70.0,"key":"SMITH"},{"data":"Double Tap","floor":73.0,"key":"SMITH"},{"data":"Demon Form","floor":80.0,"key":"SMITH"},{"data":"Double Tap","floor":83.0,"key":"SMITH"},{"data":"Blasphemy","floor":86.0,"key":"SMITH"},{"data":"Impervious","floor":102.0,"key":"SMITH"},{"data":"PanicButton","floor":104.0,"key":"SMITH"},{"data":"Whirlwind","floor":105.0,"key":"SMITH"},{"data":"Impervious","floor":108.0,"key":"SMITH"},{"data":"Metamorphosis","floor":114.0,"key":"SMITH"},{"data":"Fiend Fire","floor":118.0,"key":"SMITH"},{"data":"Burst","floor":128,"key":"SMITH"},{"data":"Master of Strategy","floor":129,"key":"SMITH"},{"data":"Master of Strategy","floor":131,"key":"SMITH"},{"data":"Demon Form","floor":132,"key":"SMITH"}],"circlet_count":23,"master_deck":["Thunderclap+1","Heavy Blade+1","Dual Wield+1","Shrug It Off","Shrug It Off","Shrug It Off","Doubt","Double Tap+1","Double Tap+1","Berserk","Demon Form+1","Limit Break+1","Reaper","Corruption","Impervious+1","Whirlwind+1","Dark Embrace","Fiend Fire+1","Injury","Barricade","Limit Break","Impervious+1","Limit Break","Offering+1","Shame","Offering","Offering","Whirlwind+1","Offering","Limit Break","Offering","Fiend Fire+1","Demon Form+1","Double Tap+1","Blasphemy+1","Echo Form","Capacitor+1","PanicButton+1","Magnetism","Master of Strategy+1","Dual Wield","Decay","Cleave","Writhe","Core Surge","Chrysalis","Metamorphosis+1","Impervious+1","Normality","Brutality","Offering","Writhe","Shame","Doubt","Parasite","Decay","Berserk","Burst+1","Shrug It Off","Uppercut","Perfected Strike","Thunderclap+1","After Image","Writhe","Reaper","Master of Strategy+1","Demon Form+1"],"relics":["Burning Blood","Tiny Chest","TheAbacus","FossilizedHelix","Bronze Scales","Girya","MawBank","MealTicket","White Beast Statue","Orichalcum","Letter Opener","Mercury Hourglass","Pantograph","Membership Card","Ancient Tea Set","Art of War","Bottled Lightning","HornCleat","Juzu Bracelet","Bag of Preparation","Coffee Dripper","Philosopher\u0027s Stone","Snecko Eye","Eternal Feather","Red Mask","Oddly Smooth Stone","Ornamental Fan","Akabeko","Blue Candle","Medical Kit","Sundial","Thread and Needle","Ice Cream","Anchor","Red Skull","Bottled Tornado","Self Forming Clay","Whetstone","Bag of Marbles","Strange Spoon","Vajra","Lantern","Gremlin Horn","Blood Vial","Bottled Flame","Happy Flower","TungstenRod","OrangePellets","Shuriken","Pocketwatch","Ginger","Kunai","StrikeDummy","Boot","War Paint","Strawberry","Toy Ornithopter","PrismaticShard","Mummified Hand","Black Star","Sozu","Cursed Key","Charon\u0027s Ashes","Pen Nib","Gambling Chip","Centennial Puzzle","Cauldron","InkBottle","HandDrill","Unceasing Top","Calipers","Du-Vu Doll","Bird Faced Urn","Incense Burner","CaptainsWheel","Magic Flower","Turnip","Lizard Tail","Torii","StoneCalendar","Champion Belt","Mango","Circlet","Sling","Frozen Eye"],"acts_visited":[],"potions_floor_usage":[],"damage_taken":[{"damage":5.0,"enemies":"Small Slimes","floor":1.0,"turns":2.0},{"damage":0.0,"enemies":"2 Louse","floor":4.0,"turns":2.0},{"damage":8.0,"enemies":"Cultist","floor":7.0,"turns":3.0},{"damage":19.0,"enemies":"Gremlin Nob","floor":10.0,"turns":5.0},{"damage":16.0,"enemies":"Lagavulin","floor":11.0,"turns":6.0},{"damage":16.0,"enemies":"Gremlin Nob","floor":13.0,"turns":3.0},{"damage":0.0,"enemies":"3 Sentries","floor":15.0,"turns":2.0},{"damage":4.0,"enemies":"Lagavulin","floor":16.0,"turns":5.0},{"damage":7.0,"enemies":"Gremlin Nob","floor":17.0,"turns":4.0},{"damage":0.0,"enemies":"Lagavulin","floor":18.0,"turns":5.0},{"damage":0.0,"enemies":"3 Louse","floor":23.0,"turns":3.0},{"damage":12.0,"enemies":"3 Sentries","floor":24.0,"turns":3.0},{"damage":0.0,"enemies":"Lagavulin","floor":26.0,"turns":5.0},{"damage":0.0,"enemies":"Gremlin Gang","floor":27.0,"turns":1.0},{"damage":0.0,"enemies":"3 Sentries","floor":29.0,"turns":2.0},{"damage":0.0,"enemies":"Gremlin Nob","floor":30.0,"turns":3.0},{"damage":0.0,"enemies":"Lagavulin","floor":32.0,"turns":5.0},{"damage":3.0,"enemies":"The Guardian","floor":34.0,"turns":5.0},{"damage":0.0,"enemies":"The Guardian","floor":37.0,"turns":5.0},{"damage":0.0,"enemies":"The Guardian","floor":40.0,"turns":4.0},{"damage":0.0,"enemies":"3 Byrds","floor":42.0,"turns":2.0},{"damage":0.0,"enemies":"Spheric Guardian","floor":44.0,"turns":2.0},{"damage":0.0,"enemies":"Masked Bandits","floor":45.0,"turns":1.0},{"damage":0.0,"enemies":"Snake Plant","floor":47.0,"turns":1.0},{"damage":0.0,"enemies":"Centurion and Healer","floor":50.0,"turns":1.0},{"damage":0.0,"enemies":"Gremlin Leader","floor":52.0,"turns":3.0},{"damage":0.0,"enemies":"Book of Stabbing","floor":53.0,"turns":1.0},{"damage":0.0,"enemies":"Slavers","floor":54.0,"turns":2.0},{"damage":0.0,"enemies":"Gremlin Leader","floor":55.0,"turns":2.0},{"damage":6.0,"enemies":"Slavers","floor":59.0,"turns":1.0},{"damage":0.0,"enemies":"Gremlin Leader","floor":60.0,"turns":1.0},{"damage":0.0,"enemies":"Slavers","floor":61.0,"turns":2.0},{"damage":0.0,"enemies":"Gremlin Leader","floor":67.0,"turns":1.0},{"damage":0.0,"enemies":"Slavers","floor":69.0,"turns":1.0},{"damage":0.0,"enemies":"Colosseum Slavers","floor":72.0,"turns":1.0},{"damage":0.0,"enemies":"Colosseum Nobs","floor":72.0,"turns":1.0},{"damage":0.0,"enemies":"Gremlin Leader","floor":74.0,"turns":1.0},{"damage":0.0,"enemies":"Gremlin Leader","floor":75.0,"turns":1.0},{"damage":0.0,"enemies":"Champ","floor":81.0,"turns":2.0},{"damage":0.0,"enemies":"Champ","floor":84.0,"turns":1.0},{"damage":0.0,"enemies":"Champ","floor":87.0,"turns":2.0},{"damage":0.0,"enemies":"Orb Walker","floor":89.0,"turns":1.0},{"damage":0.0,"enemies":"Mind Bloom Boss Battle","floor":92.0,"turns":1.0},{"damage":0.0,"enemies":"Nemesis","floor":98.0,"turns":1.0},{"damage":0.0,"enemies":"Reptomancer","floor":99.0,"turns":1.0},{"damage":0.0,"enemies":"Giant Head","floor":100.0,"turns":3.0},{"damage":0.0,"enemies":"Reptomancer","floor":101.0,"turns":1.0},{"damage":0.0,"enemies":"Nemesis","floor":106.0,"turns":1.0},{"damage":0.0,"enemies":"Giant Head","floor":107.0,"turns":3.0},{"damage":0.0,"enemies":"Reptomancer","floor":115.0,"turns":1.0},{"damage":0.0,"enemies":"Giant Head","floor":116.0,"turns":1.0},{"damage":0.0,"enemies":"2 Orb Walkers","floor":120.0,"turns":1.0},{"damage":0.0,"enemies":"Nemesis","floor":121.0,"turns":1.0},{"damage":0.0,"enemies":"Reptomancer","floor":123.0,"turns":1.0},{"damage":0.0,"enemies":"Nemesis","floor":125.0,"turns":1.0},{"damage":0.0,"enemies":"Giant Head","floor":126.0,"turns":1.0},{"damage":0,"enemies":"Donu and Deca","floor":130,"turns":1},{"damage":0,"enemies":"Donu and Deca","floor":133,"turns":1}],"seed_played":"-7397021786818157212","potions_obtained":[{"floor":11.0,"key":"SteroidPotion"},{"floor":13.0,"key":"Ancient Potion"},{"floor":15.0,"key":"Swift Potion"},{"floor":30.0,"key":"SteroidPotion"},{"floor":84.0,"key":"FearPotion"}],"is_trial":false,"path_per_floor":["M","?","?","M","$","?","M","?","$","E","E","R","E","R","?","E","E","E","T","T","R","R","M","E","$","E","M","?","E","E","R","E","R","B",null,"R","B",null,"R","B",null,"M","T","M","?","?","M","?","T","M","$","E","E","E","E","R","?","?","E","E","E","$","T","T","T","T","E","T","E","R","$","?","R","E","E","?","$","?","T","R","B",null,"R","B",null,"R","B",null,"M","?","?","?","T","$","$","?","?","E","E","E","E","R","T","R","R","E","E","R","T","T","T","T","T","R","E","E","$","R","?","?","E","T","E","?","E","E","$","R","R","B","R","R","B",null],"character_chosen":"IRONCLAD","items_purchased":["Tiny Chest","Double Tap","TheAbacus","Membership Card","Whirlwind","Ancient Tea Set","Art of War","Dark Embrace","Akabeko","Blue Candle","Medical Kit","Whetstone","Bag of Marbles","Strange Spoon","Whirlwind","OrangePellets","Shuriken","Pocketwatch","Offering","Strawberry","Toy Ornithopter","PrismaticShard","Gambling Chip","Centennial Puzzle","Cauldron","InkBottle","HandDrill","Cleave","Circlet","Circlet","Sling","Shrug It Off","Uppercut","Perfected Strike","Circlet","Circlet","Frozen Eye"],"campfire_rested":1,"item_purchase_floors":[5,5,9,25,25,25,25,25,51,51,51,62,62,62,62,71,71,71,71,77,77,77,94,94,94,95,95,95,117,117,117,117,117,117,127,127,127],"current_hp_per_floor":[80,80,69,75,75,75,73,57,57,44,34,58,48,48,54,56,55,61,61,61,61,61,74,74,80,80,80,80,80,80,80,80,80,80,80,80,80,80,80,80,80,80,80,80,80,80,80,80,80,80,80,80,80,80,80,80,80,80,80,80,80,80,80,80,80,80,80,80,80,80,80,80,80,80,80,80,87,87,87,87,87,87,87,87,87,87,87,87,87,78,78,87,87,87,87,87,87,87,87,87,87,87,87,87,87,87,101,101,101,101,101,101,101,101,101,101,101,101,101,101,101,101,101,101,101,101,101,101,101,101,101,101,101],"gold":21,"neow_bonus":"","is_daily":true,"chose_seed":false,"campfire_upgraded":20,"win_rate":0.0,"timestamp":1613917841,"path_taken":["M","?","?","M","$","?","M","?","$","E","E","R","E","R","?","E","E","E","?","T","R","R","?","E","$","E","?","?","E","E","R","E","R","BOSS","R","BOSS","R","BOSS","M","?","M","?","?","M","?","?","M","$","E","E","E","E","R","?","?","E","E","E","?","T","T","T","T","E","?","E","R","$","?","R","E","E","?","$","?","?","R","BOSS","R","BOSS","R","BOSS","M","?","?","?","?","$","$","?","?","E","E","E","E","R","?","R","R","E","E","R","T","T","T","T","?","R","E","E","?","R","?","?","E","?","E","?","E","E","$","R","R","BOSS","R","R","BOSS"],"items_purchased_type":["Relic","Card","Relic","Relic","Card","Relic","Relic","Card","Relic","Relic","Relic","Relic","Relic","Relic","Card","Relic","Relic","Relic","Card","Relic","Relic","Relic","Relic","Relic","Relic","Relic","Relic","Card","Undefined","Undefined","Relic","Card","Card","Card","Undefined","Undefined","Relic"],"build_version":"2020-12-22","purchased_purges":3,"victory":true,"max_hp_per_floor":[80,80,80,80,80,80,80,80,80,80,80,80,80,80,80,80,80,80,80,80,80,80,80,80,80,80,80,80,80,80,80,80,80,80,80,80,80,80,80,80,80,80,80,80,80,80,80,80,80,80,80,80,80,80,80,80,80,80,80,80,80,80,80,80,80,80,80,80,80,80,80,80,80,80,80,80,87,87,87,87,87,87,87,87,87,87,87,87,87,87,87,87,87,87,87,87,87,87,87,87,87,87,87,87,87,87,101,101,101,101,101,101,101,101,101,101,101,101,101,101,101,101,101,101,101,101,101,101,101,101,101,101,101],"relic_stats":{"Gremlin Horn":[0,0],"Whetstone":[],"Ginger":[0],"Boot":[0],"Blood Vial":0,"Sozu":0,"Centennial Puzzle":[0],"Lizard Tail":0,"Sundial":[0],"MealTicket":0,"HandDrill":[0],"Kunai":[0],"Happy Flower":[1],"counters":[2,2],"Blue Candle":[0],"Eternal Feather":0,"Charon\u0027s Ashes":[0],"Pen Nib":[0],"Letter Opener":[0],"War Paint":[],"OrangePellets":[1],"Shuriken":[0],"Bronze Scales":[0],"Bird Faced Urn":[0],"Snecko Eye":[5,3,3,8],"Black Star":0,"obtain_stats":[{"Ice Cream":0,"Calipers":0,"Gremlin Horn":0,"Vajra":0,"Whetstone":0,"Ginger":0,"Bottled Tornado":0,"Boot":0,"Sling":0,"Blood Vial":0,"Sozu":0,"Centennial Puzzle":0,"Lizard Tail":0,"HornCleat":0,"Sundial":0,"Strawberry":0,"MealTicket":0,"Philosopher\u0027s Stone":0,"HandDrill":0,"Kunai":0,"Girya":0,"Happy Flower":0,"Blue Candle":0,"Oddly Smooth Stone":0,"Eternal Feather":0,"Charon\u0027s Ashes":0,"Pen Nib":0,"Letter Opener":0,"War Paint":0,"Akabeko":0,"Du-Vu Doll":0,"OrangePellets":0,"Bottled Flame":0,"Shuriken":0,"Bronze Scales":0,"Bird Faced Urn":0,"Snecko Eye":0,"Black Star":0,"StrikeDummy":0,"Unceasing Top":0,"Pocketwatch":0,"Lantern":0,"Torii":0,"Magic Flower":0,"StoneCalendar":0,"Mango":0,"Juzu Bracelet":0,"Bag of Preparation":0,"Incense Burner":0,"Ancient Tea Set":0,"PrismaticShard":0,"Cursed Key":0,"Burning Blood":0,"Frozen Eye":127,"TheAbacus":0,"Mummified Hand":0,"Pantograph":0,"Gambling Chip":0,"Tiny Chest":0,"Red Mask":0,"Red Skull":0,"InkBottle":0,"Self Forming Clay":0,"Circlet":0,"Thread and Needle":0,"Orichalcum":0,"MawBank":0,"Medical Kit":0,"White Beast Statue":0,"Mercury Hourglass":0,"Strange Spoon":0,"Cauldron":0,"Anchor":0,"CaptainsWheel":0,"Ornamental Fan":0,"Turnip":0,"Art of War":0,"Coffee Dripper":0,"Bag of Marbles":0,"Membership Card":0,"Bottled Lightning":0,"Champion Belt":0,"FossilizedHelix":0,"TungstenRod":0,"Toy Ornithopter":0},{"Ice Cream":0,"Calipers":0,"Gremlin Horn":0,"Vajra":0,"Whetstone":0,"Ginger":0,"Bottled Tornado":0,"Boot":0,"Sling":0,"Blood Vial":0,"Sozu":0,"Centennial Puzzle":0,"Lizard Tail":0,"HornCleat":0,"Sundial":0,"Strawberry":0,"MealTicket":0,"Philosopher\u0027s Stone":0,"HandDrill":0,"Kunai":0,"Girya":0,"Happy Flower":0,"Blue Candle":0,"Oddly Smooth Stone":0,"Eternal Feather":0,"Charon\u0027s Ashes":0,"Pen Nib":0,"Letter Opener":0,"War Paint":0,"Akabeko":0,"Du-Vu Doll":0,"OrangePellets":0,"Bottled Flame":0,"Shuriken":0,"Bronze Scales":0,"Bird Faced Urn":0,"Snecko Eye":0,"Black Star":0,"StrikeDummy":0,"Unceasing Top":0,"Pocketwatch":0,"Lantern":0,"Torii":0,"Magic Flower":0,"StoneCalendar":0,"Mango":0,"Juzu Bracelet":0,"Bag of Preparation":0,"Incense Burner":0,"Ancient Tea Set":0,"PrismaticShard":0,"Cursed Key":0,"Burning Blood":0,"Frozen Eye":0,"TheAbacus":0,"Mummified Hand":0,"Pantograph":0,"Gambling Chip":0,"Tiny Chest":0,"Red Mask":0,"Red Skull":0,"InkBottle":0,"Self Forming Clay":0,"Circlet":0,"Thread and Needle":0,"Orichalcum":0,"MawBank":0,"Medical Kit":0,"White Beast Statue":0,"Mercury Hourglass":0,"Strange Spoon":0,"Cauldron":0,"Anchor":0,"CaptainsWheel":0,"Ornamental Fan":0,"Turnip":0,"Art of War":0,"Coffee Dripper":0,"Bag of Marbles":0,"Membership Card":0,"Bottled Lightning":0,"Champion Belt":0,"FossilizedHelix":0,"TungstenRod":0,"Toy Ornithopter":0},{"Ice Cream":0,"Calipers":0,"Gremlin Horn":0,"Vajra":0,"Whetstone":0,"Ginger":0,"Bottled Tornado":0,"Boot":0,"Sling":0,"Blood Vial":0,"Sozu":0,"Centennial Puzzle":0,"Lizard Tail":0,"HornCleat":0,"Sundial":0,"Strawberry":0,"MealTicket":0,"Philosopher\u0027s Stone":0,"HandDrill":0,"Kunai":0,"Girya":0,"Happy Flower":0,"Blue Candle":0,"Oddly Smooth Stone":0,"Eternal Feather":0,"Charon\u0027s Ashes":0,"Pen Nib":0,"Letter Opener":0,"War Paint":0,"Akabeko":0,"Du-Vu Doll":0,"OrangePellets":0,"Bottled Flame":0,"Shuriken":0,"Bronze Scales":0,"Bird Faced Urn":0,"Snecko Eye":0,"Black Star":0,"StrikeDummy":0,"Unceasing Top":0,"Pocketwatch":0,"Lantern":0,"Torii":0,"Magic Flower":0,"StoneCalendar":0,"Mango":0,"Juzu Bracelet":0,"Bag of Preparation":0,"Incense Burner":0,"Ancient Tea Set":0,"PrismaticShard":0,"Cursed Key":0,"Burning Blood":0,"Frozen Eye":0,"TheAbacus":0,"Mummified Hand":0,"Pantograph":0,"Gambling Chip":0,"Tiny Chest":0,"Red Mask":0,"Red Skull":0,"InkBottle":0,"Self Forming Clay":0,"Circlet":0,"Thread and Needle":0,"Orichalcum":0,"MawBank":0,"Medical Kit":0,"White Beast Statue":0,"Mercury Hourglass":0,"Strange Spoon":0,"Cauldron":0,"Anchor":0,"CaptainsWheel":0,"Ornamental Fan":0,"Turnip":0,"Art of War":0,"Coffee Dripper":0,"Bag of Marbles":0,"Membership Card":0,"Bottled Lightning":0,"Champion Belt":0,"FossilizedHelix":0,"TungstenRod":0,"Toy Ornithopter":0}],"Unceasing Top":[0],"Pocketwatch":[0],"Torii":0,"Magic Flower":[0],"StoneCalendar":[0],"Juzu Bracelet":0,"Bag of Preparation":[4],"Cursed Key":0,"Burning Blood":0,"TheAbacus":[0],"Mummified Hand":[5],"Pantograph":0,"Gambling Chip":[13],"Tiny Chest":0,"InkBottle":[1],"Self Forming Clay":[0],"Orichalcum":[0],"MawBank":0,"Medical Kit":[0],"Mercury Hourglass":[12],"Strange Spoon":[0],"Ornamental Fan":[0],"Turnip":[0],"Art of War":[0],"Champion Belt":[0],"TungstenRod":0,"Toy Ornithopter":0},"card_choices":[{"not_picked":["Rampage","Anger","True Grit"],"picked":"SKIP","floor":1.0},{"not_picked":["Infernal Blade","Iron Wave"],"picked":"Cleave","floor":4.0},{"not_picked":["Shockwave","Uppercut"],"picked":"Spot Weakness","floor":7.0},{"not_picked":["Barricade","Juggernaut"],"picked":"Double Tap","floor":10.0},{"not_picked":["Juggernaut","Exhume"],"picked":"Berserk","floor":11.0},{"not_picked":["Exhume","Berserk"],"picked":"Demon Form","floor":13.0},{"not_picked":["Immolate","Demon Form"],"picked":"Limit Break","floor":16.0},{"not_picked":["Offering","Bludgeon"],"picked":"Reaper","floor":17.0},{"not_picked":["Offering","Demon Form"],"picked":"Corruption","floor":18.0},{"not_picked":["Double Tap","Juggernaut"],"picked":"Impervious","floor":24.0},{"not_picked":["Berserk","Brutality"],"picked":"Fiend Fire","floor":26.0},{"not_picked":["Corruption","Brutality"],"picked":"Barricade","floor":29.0},{"not_picked":["Demon Form","Corruption"],"picked":"Limit Break","floor":32.0},{"not_picked":["Fiend Fire","Brutality"],"picked":"Impervious","floor":34.0},{"not_picked":["Impervious","Berserk"],"picked":"Limit Break","floor":37.0},{"not_picked":["Impervious","Reaper"],"picked":"Offering","floor":40.0},{"not_picked":["Twin Strike","Headbutt","Metallicize"],"picked":"SKIP","floor":44.0},{"not_picked":["Brutality","Barricade","Fiend Fire"],"picked":"SKIP","floor":52.0},{"not_picked":["Immolate","Double Tap"],"picked":"Offering","floor":53.0},{"not_picked":["Berserk","Juggernaut"],"picked":"Offering","floor":60.0},{"not_picked":["Immolate","Bludgeon"],"picked":"Offering","floor":67.0},{"not_picked":["Demon Form","Corruption"],"picked":"Limit Break","floor":69.0},{"not_picked":["Barricade","Juggernaut"],"picked":"Fiend Fire","floor":74.0},{"not_picked":["Berserk","Offering"],"picked":"Demon Form","floor":75.0},{"not_picked":["HandOfGreed","Meteor Strike"],"picked":"Double Tap","floor":81.0},{"not_picked":["Devotion","Sadistic Nature"],"picked":"Blasphemy","floor":84.0},{"not_picked":["Venomology","Master of Strategy"],"picked":"Echo Form","floor":87.0},{"not_picked":["Anger+1","Dodge and Roll"],"picked":"Capacitor+1","floor":89.0},{"not_picked":["Purity","Discovery"],"picked":"PanicButton","floor":90.0},{"not_picked":["Impatience","Secret Technique"],"picked":"Magnetism","floor":90.0},{"not_picked":["Enlightenment","Jack Of All Trades"],"picked":"Master of Strategy","floor":90.0},{"not_picked":["Halt+1","Body Slam"],"picked":"Dual Wield","floor":92.0},{"not_picked":["Chrysalis","Brilliance"],"picked":"Core Surge","floor":98.0},{"not_picked":["SpiritShield","Magnetism"],"picked":"Chrysalis","floor":99.0},{"not_picked":["Panache","Limit Break"],"picked":"Metamorphosis","floor":100.0},{"not_picked":["Judgement","Night Terror"],"picked":"Impervious","floor":101.0},{"not_picked":["Devotion","Juggernaut"],"picked":"Brutality","floor":106.0},{"not_picked":["Judgement","Electrodynamics"],"picked":"Offering","floor":107.0},{"not_picked":["Storm of Steel","Reboot"],"picked":"Berserk","floor":115.0},{"not_picked":["After Image","Thinking Ahead"],"picked":"Burst","floor":116.0},{"not_picked":["JustLucky","Discovery+1"],"picked":"Thunderclap+1","floor":120.0},{"not_picked":["Alpha","Reboot"],"picked":"After Image","floor":121.0},{"not_picked":["Barricade","Metamorphosis"],"picked":"Reaper","floor":123.0},{"not_picked":["Storm of Steel","Electrodynamics"],"picked":"Master of Strategy","floor":125.0},{"not_picked":["Die Die Die","Sadistic Nature"],"picked":"Demon Form","floor":126.0}],"player_experience":118498,"relics_obtained":[{"floor":10.0,"key":"FossilizedHelix"},{"floor":11.0,"key":"Bronze Scales"},{"floor":13.0,"key":"Girya"},{"floor":15.0,"key":"MawBank"},{"floor":16.0,"key":"MealTicket"},{"floor":17.0,"key":"White Beast Statue"},{"floor":18.0,"key":"Orichalcum"},{"floor":19.0,"key":"Letter Opener"},{"floor":20.0,"key":"Mercury Hourglass"},{"floor":24.0,"key":"Pantograph"},{"floor":26.0,"key":"Bottled Lightning"},{"floor":29.0,"key":"HornCleat"},{"floor":30.0,"key":"Juzu Bracelet"},{"floor":32.0,"key":"Bag of Preparation"},{"floor":43.0,"key":"Eternal Feather"},{"floor":45.0,"key":"Red Mask"},{"floor":49.0,"key":"Ornamental Fan"},{"floor":52.0,"key":"Sundial"},{"floor":53.0,"key":"Thread and Needle"},{"floor":54.0,"key":"Ice Cream"},{"floor":55.0,"key":"Anchor"},{"floor":59.0,"key":"Red Skull"},{"floor":60.0,"key":"Bottled Tornado"},{"floor":61.0,"key":"Self Forming Clay"},{"floor":63.0,"key":"Vajra"},{"floor":64.0,"key":"Lantern"},{"floor":65.0,"key":"Gremlin Horn"},{"floor":66.0,"key":"Blood Vial"},{"floor":67.0,"key":"Bottled Flame"},{"floor":68.0,"key":"Happy Flower"},{"floor":69.0,"key":"TungstenRod"},{"floor":72.0,"key":"Ginger"},{"floor":72.0,"key":"Kunai"},{"floor":74.0,"key":"StrikeDummy"},{"floor":75.0,"key":"Boot"},{"floor":79.0,"key":"Mummified Hand"},{"floor":92.0,"key":"Charon\u0027s Ashes"},{"floor":93.0,"key":"Pen Nib"},{"floor":98.0,"key":"Unceasing Top"},{"floor":98.0,"key":"Calipers"},{"floor":99.0,"key":"Du-Vu Doll"},{"floor":99.0,"key":"Bird Faced Urn"},{"floor":100.0,"key":"Incense Burner"},{"floor":100.0,"key":"CaptainsWheel"},{"floor":101.0,"key":"Magic Flower"},{"floor":101.0,"key":"Turnip"},{"floor":103.0,"key":"Lizard Tail"},{"floor":106.0,"key":"Torii"},{"floor":106.0,"key":"StoneCalendar"},{"floor":107.0,"key":"Champion Belt"},{"floor":107.0,"key":"Mango"},{"floor":109.0,"key":"Circlet"},{"floor":110.0,"key":"Circlet"},{"floor":111.0,"key":"Circlet"},{"floor":112.0,"key":"Circlet"},{"floor":113.0,"key":"Circlet"},{"floor":115.0,"key":"Circlet"},{"floor":115.0,"key":"Circlet"},{"floor":116.0,"key":"Circlet"},{"floor":116.0,"key":"Circlet"},{"floor":120.0,"key":"Circlet"},{"floor":121.0,"key":"Circlet"},{"floor":121.0,"key":"Circlet"},{"floor":122.0,"key":"Circlet"},{"floor":123.0,"key":"Circlet"},{"floor":123.0,"key":"Circlet"},{"floor":125.0,"key":"Circlet"},{"floor":125.0,"key":"Circlet"},{"floor":126.0,"key":"Circlet"},{"floor":126.0,"key":"Circlet"}],"event_choices":[{"damage_healed":0.0,"max_hp_gain":0.0,"max_hp_loss":0.0,"gold_gain":175.0,"event_name":"Liars Game","player_choice":"AGREE","floor":2.0,"gold_loss":0.0,"damage_taken":0.0,"cards_obtained":["Doubt"]},{"damage_healed":0.0,"max_hp_gain":0.0,"max_hp_loss":0.0,"gold_gain":75.0,"event_name":"World of Goop","player_choice":"Gather Gold","floor":3.0,"gold_loss":0.0,"damage_taken":11.0},{"damage_healed":0.0,"max_hp_gain":0.0,"max_hp_loss":0.0,"gold_gain":76.0,"event_name":"Golden Wing","player_choice":"Gained Gold","floor":6.0,"gold_loss":0.0,"damage_taken":0.0},{"damage_healed":0.0,"max_hp_gain":0.0,"max_hp_loss":0.0,"gold_gain":0.0,"event_name":"Shining Light","player_choice":"Entered Light","floor":8.0,"gold_loss":0.0,"damage_taken":16.0,"cards_upgraded":["Cleave","Rupture"]},{"damage_healed":0.0,"max_hp_gain":0.0,"max_hp_loss":0.0,"gold_gain":30.0,"event_name":"Dead Adventurer","player_choice":"Searched \u00273\u0027 times","floor":15.0,"gold_loss":0.0,"damage_taken":0.0},{"damage_healed":0.0,"max_hp_gain":0.0,"max_hp_loss":0.0,"gold_gain":0.0,"event_name":"Golden Idol","player_choice":"Take Wound","floor":28.0,"gold_loss":0.0,"damage_taken":0.0,"relics_obtained":["Golden Idol"],"cards_obtained":["Injury"]},{"damage_healed":0.0,"max_hp_gain":0.0,"max_hp_loss":0.0,"gold_gain":0.0,"event_name":"Masked Bandits","player_choice":"Fought Bandits","floor":45.0,"gold_loss":0.0,"damage_taken":0.0},{"damage_healed":0.0,"max_hp_gain":0.0,"max_hp_loss":0.0,"gold_gain":0.0,"event_name":"Ghosts","player_choice":"Ignored","floor":46.0,"gold_loss":0.0,"damage_taken":0.0},{"damage_healed":0.0,"max_hp_gain":0.0,"max_hp_loss":0.0,"gold_gain":0.0,"event_name":"Addict","player_choice":"Stole Relic","floor":48.0,"gold_loss":0.0,"damage_taken":0.0,"relics_obtained":["Oddly Smooth Stone"],"cards_obtained":["Shame"]},{"cards_removed":["True Grit"],"damage_healed":0.0,"max_hp_gain":0.0,"max_hp_loss":0.0,"gold_gain":0.0,"event_name":"Designer","player_choice":"Upgrade and Remove","floor":57.0,"gold_loss":90.0,"damage_taken":0.0,"cards_upgraded":["Spot Weakness"]},{"damage_healed":0.0,"max_hp_gain":0.0,"max_hp_loss":0.0,"gold_gain":0.0,"event_name":"Beggar","player_choice":"Ignored","floor":58.0,"gold_loss":0.0,"damage_taken":0.0},{"damage_healed":0.0,"max_hp_gain":0.0,"max_hp_loss":0.0,"gold_gain":0.0,"event_name":"Colosseum","player_choice":"Fight","floor":72.0,"gold_loss":0.0,"damage_taken":0.0},{"damage_healed":0.0,"max_hp_gain":0.0,"max_hp_loss":0.0,"gold_gain":0.0,"event_name":"Colosseum","player_choice":"Fought Nobs","floor":72.0,"gold_loss":0.0,"damage_taken":0.0},{"damage_healed":0.0,"max_hp_gain":0.0,"max_hp_loss":0.0,"gold_gain":0.0,"event_name":"WeMeetAgain","player_choice":"Gave Potion","floor":76.0,"gold_loss":0.0,"damage_taken":0.0,"relics_obtained":["War Paint"]},{"cards_removed":["Spot Weakness"],"damage_healed":0.0,"max_hp_gain":0.0,"max_hp_loss":0.0,"gold_gain":0.0,"event_name":"Back to Basics","player_choice":"Elegance","floor":78.0,"gold_loss":0.0,"damage_taken":0.0},{"damage_healed":0.0,"max_hp_gain":0.0,"max_hp_loss":0.0,"gold_gain":0.0,"event_name":"SensoryStone","player_choice":"Memory 3","floor":90.0,"gold_loss":0.0,"damage_taken":10.0},{"damage_healed":0.0,"max_hp_gain":0.0,"max_hp_loss":0.0,"gold_gain":0.0,"event_name":"Lab","player_choice":"Got Potions","floor":91.0,"gold_loss":0.0,"damage_taken":0.0},{"damage_healed":0.0,"max_hp_gain":0.0,"max_hp_loss":0.0,"gold_gain":0.0,"event_name":"MindBloom","player_choice":"Fight","floor":92.0,"gold_loss":0.0,"damage_taken":0.0},{"damage_healed":22.0,"max_hp_gain":0.0,"max_hp_loss":0.0,"gold_gain":0.0,"event_name":"Winding Halls","player_choice":"Writhe","floor":96.0,"gold_loss":0.0,"damage_taken":0.0,"cards_obtained":["Writhe"]},{"damage_healed":0.0,"max_hp_gain":0.0,"max_hp_loss":0.0,"gold_gain":222.0,"event_name":"Tomb of Lord Red Mask","player_choice":"Wore Mask","floor":97.0,"gold_loss":0.0,"damage_taken":0.0},{"cards_removed":["Cleave"],"damage_healed":0.0,"max_hp_gain":0.0,"max_hp_loss":0.0,"gold_gain":0.0,"event_name":"Falling","player_choice":"Removed Attack","floor":119.0,"gold_loss":0.0,"damage_taken":0.0},{"damage_healed":0.0,"max_hp_gain":0.0,"max_hp_loss":0.0,"gold_gain":0.0,"event_name":"Mysterious Sphere","player_choice":"Fight","floor":120.0,"gold_loss":0.0,"damage_taken":0.0},{"damage_healed":0.0,"max_hp_gain":0.0,"max_hp_loss":0.0,"gold_gain":333.0,"event_name":"The Moai Head","player_choice":"Gave Idol","floor":124.0,"relics_lost":["Golden Idol"],"gold_loss":0.0,"damage_taken":0.0}],"is_beta":false,"boss_relics":[{"not_picked":["Velvet Choker","Calling Bell"],"picked":"Coffee Dripper"},{"not_picked":["SlaversCollar","Tiny House"],"picked":"Philosopher\u0027s Stone"},{"not_picked":["SacredBark","Ectoplasm"],"picked":"Snecko Eye"},{"not_picked":["Fusion Hammer","Mark of Pain"],"picked":"Black Star"},{"not_picked":["Busted Crown","Black Blood"],"picked":"Sozu"},{"not_picked":["Runic Pyramid","Runic Dome"],"picked":"Cursed Key"}],"items_purged_floors":[25,51,62],"is_endless":false,"potions_floor_spawned":[11,13,15,16,18,23,24,26,27,29,30,32,34,37,40,42,44,45,47,50,52,53,54,55,59,60,61,67,69,72,72,74,75,81,84,87,89,92,98,99,100,101,106,107,115,116,120,121,123,125,126],"ascension_level":0}}