{"host":"as7albp2mcgkylj3","time":1613943320,"event":{"mods":["2.2 Compatiblity","AchievementEnabler","BaseMod","Colored Map","Downfall","Googly Eyes","Highlight Path","Minty Spire (QoL Compilation)","Replay The Spire","StSLib","SuperFastMode"],"gold_per_floor":[99,114,129,129,144,144,144,54,140,140,25,76,76,0,15,15,15,15],"floor_reached":16,"language":"ITA","playtime":533,"items_purged":["octo:OctoDefense","octo:OctoDefense","octo:OctoDefense"],"score":113,"play_id":"a24bfea2-4cee-4f51-94c7-c5f62b87118d","local_time":"20210221223520","daily_mods":["Heirloom","Hoarder","Elite Swarm"],"is_ascension_mode":false,"campfire_choices":[{"data":"champ:Taunt","floor":1,"key":"SMITH"},{"data":"champ:Defend","floor":6,"key":"SMITH"},{"data":"champ:FlashCut","floor":10,"key":"SMITH"}],"circlet_count":0,"master_deck":["champ:Strike","champ:Strike","champ:Strike","champ:Strike","champ:Defend+1","champ:Defend","champ:Defend","champ:Defend","champ:Execute","champ:Taunt+1","champ:DefensiveShout","champ:DefensiveShout","champ:DefensiveShout","champ:FlashCut","champ:FlashCut","champ:FlashCut+1","champ:StanceDance","champ:StanceDance","champ:StanceDance","champ:StanceDance","champ:StanceDance","champ:StanceDance"],"relics":["champ:ChampionCrown","Torii","Mummified Hand","Pet Ghost","Prayer Wheel"],"acts_visited":["Exordium"],"potions_floor_usage":[16,16],"damage_taken":[{"damage":16,"enemies":"Small Slimes","floor":2,"turns":4},{"damage":10,"enemies":"2 Louse","floor":3,"turns":3},{"damage":11,"enemies":"Cultist","floor":5,"turns":4},{"damage":20,"enemies":"downfall:FleeingMerchant","floor":8,"turns":4},{"damage":0,"enemies":"downfall:FleeingMerchant","floor":11,"turns":4},{"damage":18,"enemies":"3 Sentries","floor":12,"turns":7},{"damage":2,"enemies":"downfall:FleeingMerchant","floor":14,"turns":4},{"damage":1,"enemies":"3 Louse","floor":15,"turns":3},{"damage":15,"enemies":"IC_STATUS_ARCHETYPE","floor":16,"turns":5}],"seed_played":"-7397021786818157212","potions_obtained":[{"floor":12,"key":"champ:CounterPotion"},{"floor":15,"key":"Reflective Coating"}],"is_trial":false,"path_per_floor":["R","M","M","?","M","R","T","$","?","R","$","?","?","$","M","B"],"character_chosen":"THE_CHAMP","items_purchased":[],"campfire_rested":0,"item_purchase_floors":[],"current_hp_per_floor":[90,84,84,84,83,83,83,83,61,61,61,43,43,41,40,25,25,25],"gold":15,"neow_bonus":"","is_daily":true,"chose_seed":false,"campfire_upgraded":3,"win_rate":0.0,"timestamp":1613943320,"path_taken":["R","M","M","?","M","R","T","$","?","R","$","?","?","$","M","BOSS"],"items_purchased_type":[],"build_version":"2020-12-22","purchased_purges":3,"victory":false,"max_hp_per_floor":[90,90,90,90,90,90,90,90,90,90,90,90,90,90,90,90,90,90],"card_choices":[{"not_picked":["champ:BerserkersShout","champ:BladeFlurry","champ:CrookedStrike"],"picked":"SKIP","floor":2},{"not_picked":["champ:SetATrap","champ:CrookedStrike","champ:GutPunch"],"picked":"SKIP","floor":3},{"not_picked":["champ:FanOfKnives","champ:HeartStrike","champ:BerserkersShout"],"picked":"SKIP","floor":5},{"not_picked":["champ:Backstep","champ:FancyFootwork"],"picked":"champ:DefensiveShout","floor":8},{"not_picked":["champ:CalledShot","champ:EnGarde"],"picked":"champ:FlashCut","floor":9},{"not_picked":["champ:Lariat","champ:Circumvent","champ:RapidStrikes"],"picked":"SKIP","floor":11},{"not_picked":["champ:LastStand","champ:SwordThrow"],"picked":"champ:StanceDance","floor":14},{"not_picked":["champ:EndlessRage","champ:PerfectedStrike"],"picked":"champ:StanceDance","floor":15},{"not_picked":["champ:ViciousMockery","champ:DefensiveShout","champ:Haymaker"],"picked":"SKIP","floor":15}],"player_experience":544659,"relics_obtained":[{"floor":7,"key":"Mummified Hand"},{"floor":9,"key":"Pet Ghost"},{"floor":12,"key":"Prayer Wheel"}],"event_choices":[{"damage_healed":0,"gold_gain":0,"player_choice":"Searched \u00272\u0027 times","damage_taken":0,"max_hp_gain":0,"max_hp_loss":0,"event_name":"Dead Adventurer","floor":12,"gold_loss":0},{"damage_healed":0,"gold_gain":0,"player_choice":"Ignored","damage_taken":0,"max_hp_gain":0,"max_hp_loss":0,"event_name":"Liars Game","floor":13,"gold_loss":0}],"is_beta":false,"boss_relics":[],"items_purged_floors":[8,11,14],"is_endless":false,"potions_floor_spawned":[12,15],"killed_by":"IC_STATUS_ARCHETYPE","ascension_level":0}}