{"host":"aapp7ew3jk5k1bvd","time":1613906221,"event":{"mods":["AchievementEnabler","BaseMod","Colored Map","Custom Start","Keyboard Shortcuts","Minty Spire (QoL Compilation)","Permanent Neow","Quick Restart","StSLib","SuperFastMode"],"gold_per_floor":[115,125,142,142,67,101,117,137,137,37,52,64,74,90,90,190,190,208,208,83,83,94,94,94,94,94,105,105,105,105],"floor_reached":29,"language":"KOR","playtime":931,"items_purged":["Defend_R","Strike_R","Defend_R"],"score":391,"play_id":"86def068-09b5-4de7-bdab-7a7007e0b869","local_time":"20210221201701","is_ascension_mode":true,"campfire_choices":[{"data":"Inflame","floor":15.0,"key":"SMITH"},{"data":"Pummel","floor":23.0,"key":"SMITH"},{"data":"Reaper","floor":25.0,"key":"SMITH"},{"data":"Defend_R","floor":28.0,"key":"PURGE"}],"circlet_count":0,"master_deck":["AscendersBane","Strike_R","Strike_R","Defend_R","Bash","Inflame+1","Ghostly Armor","Flame Barrier","Flex","Battle Trance","Pummel+1","Carnage","Rage","Rage","Offering","Reaper+1","CurseOfTheBell","Shrug It Off+1"],"relics":["Burning Blood","Darkstone Periapt","Pear","Calling Bell","Lantern","Mummified Hand","Peace Pipe","Ornamental Fan","Question Card"],"acts_visited":["Exordium","TheCity"],"potions_floor_usage":[29],"damage_taken":[{"damage":1.0,"enemies":"Cultist","floor":1.0,"turns":4.0},{"damage":3.0,"enemies":"Jaw Worm","floor":2.0,"turns":6.0},{"damage":12.0,"enemies":"Small Slimes","floor":3.0,"turns":4.0},{"damage":28.0,"enemies":"Gremlin Nob","floor":6.0,"turns":5.0},{"damage":0.0,"enemies":"Exordium Wildlife","floor":7.0,"turns":3.0},{"damage":15.0,"enemies":"Large Slime","floor":8.0,"turns":11.0},{"damage":11.0,"enemies":"3 Louse","floor":11.0,"turns":6.0},{"damage":10.0,"enemies":"Exordium Wildlife","floor":12.0,"turns":5.0},{"damage":7.0,"enemies":"Large Slime","floor":13.0,"turns":6.0},{"damage":0.0,"enemies":"Red Slaver","floor":14.0,"turns":4.0},{"damage":50.0,"enemies":"Hexaghost","floor":16.0,"turns":12.0},{"damage":12.0,"enemies":"Chosen","floor":18.0,"turns":5.0},{"damage":31.0,"enemies":"3 Byrds","floor":22.0,"turns":7.0},{"damage":16.0,"enemies":"Centurion and Healer","floor":27.0,"turns":8.0},{"damage":35,"enemies":"Sentry and Sphere","floor":29,"turns":9}],"seed_played":"6873105514232629898","potions_obtained":[{"floor":3.0,"key":"BlessingOfTheForge"},{"floor":6.0,"key":"EntropicBrew"},{"floor":7.0,"key":"DistilledChaos"},{"floor":16.0,"key":"Regen Potion"},{"floor":18.0,"key":"EssenceOfSteel"},{"floor":27.0,"key":"DistilledChaos"}],"is_trial":false,"path_per_floor":["M","M","M","?","$","E","M","M","T","$","M","M","M","M","R","B",null,"M","T","$","?","M","R","?","R","T","M","R","M"],"character_chosen":"IRONCLAD","items_purchased":[],"campfire_rested":0,"item_purchase_floors":[],"current_hp_per_floor":[77,80,74,74,74,52,58,49,59,59,54,50,49,55,55,11,76,79,79,79,79,67,67,67,67,67,65,65,30,30],"gold":105,"neow_bonus":"TRANSFORM_CARD","is_daily":false,"chose_seed":false,"campfire_upgraded":3,"win_rate":0.0,"timestamp":1613906221,"path_taken":["M","?","M","?","?","E","M","M","T","$","M","M","M","M","R","BOSS","M","?","$","?","M","R","?","R","T","?","R","M"],"items_purchased_type":[],"build_version":"2020-12-22","purchased_purges":3,"victory":false,"max_hp_per_floor":[80,80,80,80,80,80,80,80,90,90,90,90,90,90,90,90,96,96,96,96,96,96,96,96,96,96,96,96,96,96],"card_choices":[{"not_picked":["True Grit","Warcry"],"picked":"Ghostly Armor","floor":1.0},{"not_picked":["Hemokinesis","Seeing Red","Iron Wave"],"picked":"SKIP","floor":2.0},{"not_picked":["Thunderclap","Fire Breathing","Entrench"],"picked":"SKIP","floor":3.0},{"not_picked":["Wild Strike","Evolve"],"picked":"Flex","floor":6.0},{"not_picked":["Rampage","Reckless Charge"],"picked":"Battle Trance","floor":7.0},{"not_picked":["Iron Wave","Anger"],"picked":"Pummel","floor":8.0},{"not_picked":["Pommel Strike","Havoc"],"picked":"Carnage","floor":11.0},{"not_picked":["Battle Trance","Armaments"],"picked":"Rage","floor":12.0},{"not_picked":["True Grit","Havoc"],"picked":"Rage","floor":13.0},{"not_picked":["Pommel Strike","Headbutt"],"picked":"Offering","floor":14.0},{"not_picked":["Feed","Juggernaut"],"picked":"Reaper","floor":16.0},{"not_picked":["Pommel Strike+1","Perfected Strike+1","Warcry"],"picked":"SKIP","floor":18.0},{"not_picked":["Iron Wave","Perfected Strike","True Grit"],"picked":"SKIP","floor":22.0},{"not_picked":["Rampage","Body Slam","Anger"],"picked":"Shrug It Off+1","floor":27.0}],"player_experience":1048181,"relics_obtained":[{"floor":6.0,"key":"Darkstone Periapt"},{"floor":9.0,"key":"Pear"},{"floor":17.0,"key":"Lantern"},{"floor":17.0,"key":"Mummified Hand"},{"floor":17.0,"key":"Peace Pipe"},{"floor":19.0,"key":"Ornamental Fan"},{"floor":26.0,"key":"Question Card"}],"event_choices":[{"damage_healed":0.0,"max_hp_gain":0.0,"max_hp_loss":0.0,"gold_gain":0.0,"cards_transformed":["Strike_R"],"event_name":"Living Wall","player_choice":"Change","floor":4.0,"gold_loss":0.0,"damage_taken":0.0,"cards_obtained":["Flame Barrier"]},{"damage_healed":0.0,"max_hp_gain":0.0,"max_hp_loss":0.0,"gold_gain":0.0,"event_name":"Vampires","player_choice":"Ignored","floor":24.0,"gold_loss":0.0,"damage_taken":0.0}],"is_beta":false,"boss_relics":[{"not_picked":["Busted Crown","Runic Cube"],"picked":"Calling Bell"}],"items_purged_floors":[5,10,20],"is_endless":false,"potions_floor_spawned":[3,6,7,11,14,16,18,22,27],"killed_by":"Sentry and Sphere","ascension_level":12}}