{"host":"r4aerl4ckfvw1dw3","time":1613940649,"event":{"mods":["BaseMod","BetterRewards","Minty Spire (QoL Compilation)","Quick Restart","StSLib"],"gold_per_floor":[110,42,62,75,75,101,101,130,156,156,181,196,209,221,221,326,326,340,30,30,43,56,56,91,107,186,206,234,234,249,324,324,324,324],"floor_reached":33,"language":"ENG","playtime":2714,"items_purged":["Strike_B"],"score":386,"play_id":"f44dcec3-56bd-4a11-a527-d0c016a21c4c","local_time":"20210221125049","is_ascension_mode":true,"campfire_choices":[{"floor":7.0,"key":"REST"},{"floor":10.0,"key":"REST"},{"data":"Defragment","floor":15.0,"key":"SMITH"},{"floor":23.0,"key":"REST"},{"floor":29.0,"key":"REST"},{"floor":32.0,"key":"REST"}],"circlet_count":0,"master_deck":["Strike_B","Strike_B","Defend_B","Defend_B+1","Defend_B+1","Defend_B","Zap","Dualcast","Machine Learning","Capacitor","Defragment+1","Glacier","Sweeping Beam","Static Discharge","Undo","Ball Lightning","Turbo","Ball Lightning","Conserve Battery","Fission","Ball Lightning+1","Doom and Gloom","Storm","Leap","Heatsinks","Force Field","White Noise+1","Gash+1"],"relics":["FrozenCore","War Paint","Oddly Smooth Stone","Juzu Bracelet","Toy Ornithopter","DataDisk","Happy Flower","Letter Opener","Potion Belt"],"acts_visited":["Exordium","TheCity"],"potions_floor_usage":[33],"damage_taken":[{"damage":9.0,"enemies":"2 Louse","floor":1.0,"turns":2.0},{"damage":9.0,"enemies":"Jaw Worm","floor":3.0,"turns":4.0},{"damage":0.0,"enemies":"Cultist","floor":4.0,"turns":4.0},{"damage":32.0,"enemies":"Gremlin Nob","floor":6.0,"turns":5.0},{"damage":9.0,"enemies":"Lagavulin","floor":8.0,"turns":11.0},{"damage":12.0,"enemies":"3 Sentries","floor":11.0,"turns":7.0},{"damage":4.0,"enemies":"Lots of Slimes","floor":12.0,"turns":2.0},{"damage":0.0,"enemies":"2 Fungi Beasts","floor":13.0,"turns":4.0},{"damage":0.0,"enemies":"3 Louse","floor":14.0,"turns":3.0},{"damage":14.0,"enemies":"Hexaghost","floor":16.0,"turns":10.0},{"damage":5.0,"enemies":"Spheric Guardian","floor":18.0,"turns":6.0},{"damage":1.0,"enemies":"3 Byrds","floor":21.0,"turns":5.0},{"damage":14.0,"enemies":"Cultist and Chosen","floor":22.0,"turns":5.0},{"damage":17.0,"enemies":"Slavers","floor":24.0,"turns":4.0},{"damage":12.0,"enemies":"Centurion and Healer","floor":25.0,"turns":7.0},{"damage":0.0,"enemies":"Snecko","floor":27.0,"turns":4.0},{"damage":24.0,"enemies":"Gremlin Leader","floor":28.0,"turns":6.0},{"damage":21.0,"enemies":"Snake Plant","floor":30.0,"turns":5.0},{"damage":37,"enemies":"Automaton","floor":33,"turns":10}],"seed_played":"-1399088285948760619","potions_obtained":[{"floor":1.0,"key":"PowerPotion"},{"floor":6.0,"key":"Explosive Potion"},{"floor":11.0,"key":"PowerPotion"},{"floor":12.0,"key":"BlessingOfTheForge"},{"floor":16.0,"key":"PowerPotion"},{"floor":28.0,"key":"SpeedPotion"}],"is_trial":false,"path_per_floor":["M","$","M","M","?","E","R","E","T","R","E","M","M","M","R","B",null,"M","$","?","M","M","R","E","M","T","M","E","R","M","?","R","B"],"character_chosen":"DEFECT","items_purchased":["Defragment","DataDisk","Doom and Gloom"],"campfire_rested":5,"item_purchase_floors":[2,19,19],"current_hp_per_floor":[59,59,50,50,50,18,38,29,29,49,37,38,38,38,38,24,57,52,52,52,51,37,57,50,38,38,38,19,39,18,12,32,0,0],"gold":324,"neow_bonus":"THREE_RARE_CARDS","is_daily":false,"chose_seed":false,"campfire_upgraded":1,"win_rate":0.0,"timestamp":1613940649,"path_taken":["M","$","M","M","?","E","R","E","T","R","E","M","M","M","R","BOSS","M","$","?","M","M","R","E","M","T","M","E","R","M","?","R","BOSS"],"items_purchased_type":["Card","Relic","Card"],"build_version":"2020-12-22","purchased_purges":1,"victory":false,"max_hp_per_floor":[68,68,68,68,68,68,68,68,68,68,68,68,68,68,68,68,68,68,68,68,68,68,68,68,68,68,68,68,68,68,68,68,68,68],"card_choices":[{"not_picked":["All For One","Biased Cognition"],"picked":"Machine Learning","floor":0.0},{"not_picked":["Coolheaded","Heatsinks"],"picked":"Capacitor","floor":1.0},{"not_picked":["Turbo","Storm"],"picked":"Glacier","floor":3.0},{"not_picked":["Hello World","Hologram"],"picked":"Sweeping Beam","floor":4.0},{"not_picked":["Rip and Tear","Compile Driver"],"picked":"Static Discharge","floor":6.0},{"not_picked":["Coolheaded","Thunder Strike"],"picked":"Undo","floor":8.0},{"not_picked":["Storm","Turbo"],"picked":"Ball Lightning","floor":11.0},{"not_picked":["Streamline","BootSequence"],"picked":"Turbo","floor":12.0},{"not_picked":["Redo","Hello World"],"picked":"Ball Lightning","floor":13.0},{"not_picked":["Capacitor","Recycle"],"picked":"Conserve Battery","floor":14.0},{"not_picked":["Amplify","Creative AI"],"picked":"Fission","floor":16.0},{"not_picked":["Undo","Streamline"],"picked":"Ball Lightning+1","floor":18.0},{"not_picked":["Lockon","Conserve Battery"],"picked":"Storm","floor":21.0},{"not_picked":["Chaos+1","Darkness"],"picked":"Leap","floor":22.0},{"not_picked":["Barrage","Capacitor"],"picked":"Heatsinks","floor":24.0},{"not_picked":["FTL","Beam Cell"],"picked":"Force Field","floor":25.0},{"not_picked":["Capacitor","Self Repair"],"picked":"White Noise+1","floor":27.0},{"not_picked":["Blizzard","Sweeping Beam","Aggregate"],"picked":"SKIP","floor":28.0},{"not_picked":["Barrage","Heatsinks"],"picked":"Gash+1","floor":30.0}],"player_experience":645214,"relics_obtained":[{"floor":6.0,"key":"War Paint"},{"floor":8.0,"key":"Oddly Smooth Stone"},{"floor":9.0,"key":"Juzu Bracelet"},{"floor":11.0,"key":"Toy Ornithopter"},{"floor":24.0,"key":"Happy Flower"},{"floor":26.0,"key":"Letter Opener"},{"floor":28.0,"key":"Potion Belt"}],"event_choices":[{"damage_healed":0.0,"max_hp_gain":0.0,"max_hp_loss":0.0,"gold_gain":0.0,"event_name":"Liars Game","player_choice":"Ignored","floor":5.0,"gold_loss":0.0,"damage_taken":0.0},{"cards_removed":["Strike_B"],"damage_healed":0.0,"max_hp_gain":0.0,"max_hp_loss":0.0,"gold_gain":0.0,"event_name":"Back to Basics","player_choice":"Elegance","floor":20.0,"gold_loss":0.0,"damage_taken":0.0},{"damage_healed":0.0,"max_hp_gain":0.0,"max_hp_loss":0.0,"gold_gain":75.0,"event_name":"FaceTrader","player_choice":"Touch","floor":31.0,"gold_loss":0.0,"damage_taken":6.0}],"is_beta":false,"boss_relics":[{"not_picked":["SlaversCollar","Runic Pyramid"],"picked":"FrozenCore"}],"items_purged_floors":[19],"is_endless":false,"potions_floor_spawned":[1,6,11,12,16,18,21,28],"killed_by":"Automaton","ascension_level":5}}