{"host":"sav7uxregyirlf69","time":1613869130,"event":{"mods":["AchievementEnabler","BaseMod","Colored Map","DeckTracker","Keyboard Shortcuts","Minty Spire (QoL Compilation)","READ ME - Guardian Mod","StSLib","SuperFastMode"],"gold_per_floor":[114,114,189,204,204,204,219,219,219,262,102,177,177,207,207,307,307,322,397,412,427,202,232,331,361,373,415,427,469,46,61,61,161,161,176,176,226,69,105,135,135,165,165,195,225,240,270,45,45,45],"floor_reached":51,"language":"KOR","playtime":1060,"items_purged":["Clash","Wild Strike","Carnage+1","Shrug It Off"],"score":1388,"play_id":"4b8ee71b-288f-4d57-bada-c3e831f2d771","local_time":"20210221095850","daily_mods":["SealedDeck","Flight","Elite Swarm"],"is_ascension_mode":false,"campfire_choices":[{"data":"Carnage","floor":6.0,"key":"SMITH"},{"data":"Armaments","floor":13.0,"key":"SMITH"},{"data":"Barricade","floor":15.0,"key":"SMITH"},{"data":"Impervious","floor":32,"key":"SMITH"},{"floor":49,"key":"DIG"}],"circlet_count":0,"master_deck":["Body Slam","Armaments+1","Pommel Strike","Shrug It Off+1","Shrug It Off","Power Through","Burning Pact","Barricade+1","Impervious+1","Offering+1","Master of Strategy","Impervious","Shockwave+1","Master of Strategy"],"relics":["Burning Blood","White Beast Statue","FossilizedHelix","Letter Opener","Bronze Scales","Coffee Dripper","TheAbacus","Girya","MawBank","Mercury Hourglass","MealTicket","Pantograph","Membership Card","Art of War","Ancient Tea Set","SlaversCollar","Thread and Needle","Shovel","Orichalcum","Bottled Lightning","HornCleat","Eternal Feather","Meat on the Bone","Juzu Bracelet","Anchor","Regal Pillow","Bag of Preparation"],"acts_visited":["Exordium","TheCity","TheBeyond"],"potions_floor_usage":[27,27,35],"damage_taken":[{"damage":0.0,"enemies":"Small Slimes","floor":1.0,"turns":2.0},{"damage":0.0,"enemies":"2 Louse","floor":4.0,"turns":1.0},{"damage":0.0,"enemies":"Cultist","floor":7.0,"turns":2.0},{"damage":4.0,"enemies":"Gremlin Nob","floor":10.0,"turns":3.0},{"damage":13.0,"enemies":"Gremlin Nob","floor":14.0,"turns":4.0},{"damage":0.0,"enemies":"The Guardian","floor":16.0,"turns":8.0},{"damage":0.0,"enemies":"Chosen","floor":18.0,"turns":4.0},{"damage":0,"enemies":"2 Thieves","floor":20,"turns":3},{"damage":0,"enemies":"Cultist and Chosen","floor":21,"turns":4},{"damage":0,"enemies":"Book of Stabbing","floor":23,"turns":3},{"damage":0,"enemies":"Slavers","floor":25,"turns":5},{"damage":0,"enemies":"Gremlin Leader","floor":27,"turns":5},{"damage":13,"enemies":"Slavers","floor":29,"turns":4},{"damage":0,"enemies":"Snake Plant","floor":31,"turns":2},{"damage":0,"enemies":"Collector","floor":33,"turns":3},{"damage":0,"enemies":"3 Darklings","floor":35,"turns":4},{"damage":0,"enemies":"Mind Bloom Boss Battle","floor":37,"turns":2},{"damage":0,"enemies":"2 Orb Walkers","floor":39,"turns":3},{"damage":0,"enemies":"Reptomancer","floor":40,"turns":4},{"damage":0,"enemies":"Giant Head","floor":42,"turns":2},{"damage":0,"enemies":"Nemesis","floor":44,"turns":3},{"damage":0,"enemies":"Reptomancer","floor":45,"turns":2},{"damage":0,"enemies":"3 Shapes","floor":46,"turns":3},{"damage":0,"enemies":"Nemesis","floor":47,"turns":3},{"damage":0,"enemies":"Donu and Deca","floor":50,"turns":2}],"seed_played":"-7397021786818157212","potions_obtained":[{"floor":10.0,"key":"Swift Potion"},{"floor":14.0,"key":"Explosive Potion"},{"floor":16.0,"key":"Block Potion"},{"floor":27,"key":"LiquidBronze"},{"floor":29,"key":"AttackPotion"},{"floor":33,"key":"Fruit Juice"},{"floor":35,"key":"SmokeBomb"},{"floor":40,"key":"EntropicBrew"}],"is_trial":false,"path_per_floor":["M","?","?","M","?","R","M","?","T","?","$","T","R","E","R","B",null,"M","?","M","M","$","E","?","E","T","E","?","E","$","M","R","B",null,"M","?","?","$","?","E","?","E","T","E","E","M","E","$","R","B",null],"character_chosen":"IRONCLAD","items_purchased":["Power Through","Burning Pact","TheAbacus","Membership Card","Master of Strategy","Art of War","Ancient Tea Set","Master of Strategy","Anchor","Regal Pillow"],"campfire_rested":0,"item_purchase_floors":[11,11,22,30,30,30,30,38,48,48],"current_hp_per_floor":[80,80,69,75,68,68,74,58,58,60,60,60,60,53,53,59,80,80,72,78,80,80,80,80,80,80,80,80,73,80,80,80,80,80,85,85,85,85,85,85,85,85,85,85,85,85,85,85,85,85],"gold":45,"neow_bonus":"","is_daily":true,"chose_seed":false,"campfire_upgraded":4,"win_rate":0.0,"timestamp":1613869130,"path_taken":["M","?","?","M","?","R","M","?","T","?","$","?","R","E","R","BOSS","M","?","?","M","$","E","?","E","T","E","?","E","$","?","R","BOSS","M","?","?","$","?","E","?","E","T","E","E","?","E","$","R","BOSS"],"items_purchased_type":["Card","Card","Relic","Relic","Card","Relic","Relic","Card","Relic","Relic"],"build_version":"2020-12-22","purchased_purges":4,"victory":true,"max_hp_per_floor":[80,80,80,80,80,80,80,80,80,80,80,80,80,80,80,80,80,80,80,80,80,80,80,80,80,80,80,80,80,80,80,80,80,80,85,85,85,85,85,85,85,85,85,85,85,85,85,85,85,85],"card_choices":[{"not_picked":["Rampage","Anger","True Grit"],"picked":"SKIP","floor":1.0},{"not_picked":["Infernal Blade","Iron Wave","Cleave"],"picked":"SKIP","floor":4.0},{"not_picked":["Headbutt","Reckless Charge","Armaments"],"picked":"SKIP","floor":7.0},{"not_picked":["True Grit","Shockwave"],"picked":"Clash","floor":10.0},{"not_picked":["Double Tap","Exhume"],"picked":"Barricade","floor":14.0},{"not_picked":["Immolate","Feed"],"picked":"Impervious","floor":16.0},{"not_picked":["Flex+1","Searing Blow+1","Reckless Charge+1"],"picked":"SKIP","floor":18.0},{"not_picked":["Twin Strike","Headbutt","Metallicize"],"picked":"SKIP","floor":20},{"not_picked":["Clash+1","Blood for Blood","Perfected Strike"],"picked":"SKIP","floor":21},{"not_picked":["Demon Form","Juggernaut","Brutality"],"picked":"SKIP","floor":23},{"not_picked":["Demon Form","Juggernaut","Brutality"],"picked":"SKIP","floor":23},{"not_picked":["Limit Break","Bludgeon","Juggernaut"],"picked":"SKIP","floor":25},{"not_picked":["Demon Form","Brutality","Barricade"],"picked":"SKIP","floor":27},{"not_picked":["Double Tap","Fiend Fire"],"picked":"Offering","floor":29},{"not_picked":["Power Through","Clothesline","Carnage"],"picked":"SKIP","floor":31},{"not_picked":["Juggernaut","Berserk"],"picked":"Impervious","floor":33},{"not_picked":["Twin Strike+1","Whirlwind"],"picked":"Shockwave+1","floor":35},{"not_picked":["Immolate","Demon Form","Reaper"],"picked":"SKIP","floor":40},{"not_picked":["Immolate","Demon Form","Reaper"],"picked":"SKIP","floor":40},{"not_picked":["Offering","Demon Form","Corruption"],"picked":"SKIP","floor":42},{"not_picked":["Limit Break","Reaper","Corruption"],"picked":"SKIP","floor":44},{"not_picked":["Berserk","Exhume","Juggernaut"],"picked":"SKIP","floor":45},{"not_picked":["Cleave","Armaments+1","Spot Weakness+1"],"picked":"SKIP","floor":46},{"not_picked":["Feed","Brutality","Exhume"],"picked":"SKIP","floor":47},{"not_picked":["Feed","Brutality","Exhume"],"picked":"SKIP","floor":47}],"player_experience":1636465,"relics_obtained":[{"floor":9.0,"key":"White Beast Statue"},{"floor":10.0,"key":"FossilizedHelix"},{"floor":12.0,"key":"Letter Opener"},{"floor":14.0,"key":"Bronze Scales"},{"floor":23,"key":"Girya"},{"floor":25,"key":"MawBank"},{"floor":26,"key":"Mercury Hourglass"},{"floor":27,"key":"MealTicket"},{"floor":29,"key":"Pantograph"},{"floor":37,"key":"Thread and Needle"},{"floor":39,"key":"Shovel"},{"floor":40,"key":"Orichalcum"},{"floor":42,"key":"Bottled Lightning"},{"floor":43,"key":"HornCleat"},{"floor":44,"key":"Eternal Feather"},{"floor":45,"key":"Meat on the Bone"},{"floor":47,"key":"Juzu Bracelet"},{"floor":49,"key":"Bag of Preparation"}],"event_choices":[{"damage_healed":0.0,"max_hp_gain":0.0,"max_hp_loss":0.0,"gold_gain":0.0,"event_name":"Liars Game","player_choice":"Ignored","floor":2.0,"gold_loss":0.0,"damage_taken":0.0},{"damage_healed":0.0,"max_hp_gain":0.0,"max_hp_loss":0.0,"gold_gain":75.0,"event_name":"World of Goop","player_choice":"Gather Gold","floor":3.0,"gold_loss":0.0,"damage_taken":11.0},{"cards_removed":["Anger"],"damage_healed":0.0,"max_hp_gain":0.0,"max_hp_loss":0.0,"gold_gain":0.0,"event_name":"Golden Wing","player_choice":"Card Removal","floor":5.0,"gold_loss":0.0,"damage_taken":7.0},{"damage_healed":0.0,"max_hp_gain":0.0,"max_hp_loss":0.0,"gold_gain":0.0,"event_name":"Shining Light","player_choice":"Entered Light","floor":8.0,"gold_loss":0.0,"damage_taken":16.0,"cards_upgraded":["Hemokinesis","Shrug It Off"]},{"damage_healed":0.0,"max_hp_gain":0.0,"max_hp_loss":0.0,"gold_gain":0.0,"event_name":"Dead Adventurer","player_choice":"Searched \u00272\u0027 times","floor":10.0,"gold_loss":0.0,"damage_taken":0.0},{"damage_healed":0,"gold_gain":75,"player_choice":"Touch","damage_taken":8,"max_hp_gain":0,"max_hp_loss":0,"event_name":"FaceTrader","floor":19,"gold_loss":0},{"damage_healed":0,"gold_gain":99,"player_choice":"Stole From Cult","damage_taken":0,"max_hp_gain":0,"max_hp_loss":0,"event_name":"Nest","floor":24,"gold_loss":0},{"damage_healed":0,"gold_gain":0,"player_choice":"0 cards matched","damage_taken":0,"max_hp_gain":0,"max_hp_loss":0,"event_name":"Match and Keep!","floor":28,"gold_loss":0,"cards_obtained":[]},{"cards_removed":["Hemokinesis"],"damage_healed":0,"gold_gain":0,"player_choice":"Removed Attack","damage_taken":0,"max_hp_gain":0,"max_hp_loss":0,"event_name":"Falling","floor":36,"gold_loss":0},{"damage_healed":0,"gold_gain":0,"player_choice":"Fight","damage_taken":0,"max_hp_gain":0,"max_hp_loss":0,"event_name":"MindBloom","floor":37,"gold_loss":0},{"damage_healed":0,"gold_gain":0,"player_choice":"Fight","damage_taken":0,"max_hp_gain":0,"max_hp_loss":0,"event_name":"Mysterious Sphere","floor":39,"gold_loss":0},{"damage_healed":0,"gold_gain":0,"player_choice":"Forge","damage_taken":0,"max_hp_gain":0,"max_hp_loss":0,"event_name":"Accursed Blacksmith","floor":41,"gold_loss":0,"cards_upgraded":["Offering"]}],"is_beta":false,"boss_relics":[{"not_picked":["Velvet Choker","Calling Bell"],"picked":"Coffee Dripper"},{"not_picked":["Philosopher\u0027s Stone","Tiny House"],"picked":"SlaversCollar"}],"items_purged_floors":[22,30,38,48],"is_endless":false,"potions_floor_spawned":[10,14,16,18,20,21,23,25,27,29,31,33,35,37,39,40,42,44,45,46,47],"ascension_level":0}}