{"host":"wkk8w6hzzlccdgkt","time":1613903207,"event":{"mods":["BaseMod","Colored Map","Colored Powertips","DeckTracker","Minty Spire (QoL Compilation)","Quick Restart","Relic Stats","SuperFastMode"],"gold_per_floor":[110,110,120,137,152,152,177,58,82,82,99,99,99,99,99,197,197,215,215,235,39,39,39,54,54,54,54,66,66,86,100,100,100,100],"floor_reached":33,"language":"KOR","playtime":3169,"items_purged":["Strike_G"],"score":247,"play_id":"3124648e-b236-4fd9-92d4-a16fc3e0466e","local_time":"20210221192647","is_ascension_mode":false,"campfire_choices":[{"data":"Deadly Poison","floor":6,"key":"SMITH"},{"data":"Dash","floor":10,"key":"SMITH"},{"floor":12,"key":"REST"},{"data":"Flechettes","floor":15,"key":"SMITH"},{"data":"Bouncing Flask","floor":23,"key":"SMITH"},{"data":"Bane","floor":25,"key":"SMITH"},{"data":"Envenom","floor":27,"key":"SMITH"},{"data":"Corpse Explosion","floor":29,"key":"SMITH"},{"data":"Deadly Poison","floor":32,"key":"SMITH"}],"circlet_count":0,"master_deck":["Strike_G","Strike_G","Strike_G","Defend_G","Defend_G","Defend_G+1","Defend_G+1","Defend_G","Survivor","Neutralize","Deadly Poison+1","Well Laid Plans","Prepared","Corpse Explosion+1","Dash+1","Flechettes+1","Parasite","Envenom+1","Sucker Punch+1","Writhe","Escape Plan","Bouncing Flask+1","Bane+1","Shame","PiercingWail+1","Prepared","Deadly Poison+1"],"relics":["Ring of the Snake","War Paint","Anchor","Boot","Black Star","Ancient Tea Set","Meat on the Bone","Bird Faced Urn"],"acts_visited":["Exordium","TheCity"],"potions_floor_usage":[11,16,30],"damage_taken":[{"damage":0,"enemies":"Small Slimes","floor":1,"turns":4},{"damage":0,"enemies":"2 Louse","floor":3,"turns":3},{"damage":0,"enemies":"Jaw Worm","floor":4,"turns":5},{"damage":9,"enemies":"Blue Slaver","floor":5,"turns":5},{"damage":30,"enemies":"3 Sentries","floor":7,"turns":11},{"damage":15,"enemies":"Exordium Thugs","floor":11,"turns":3},{"damage":31,"enemies":"Hexaghost","floor":16,"turns":11},{"damage":25,"enemies":"Spheric Guardian","floor":18,"turns":6},{"damage":7,"enemies":"3 Byrds","floor":20,"turns":3},{"damage":12,"enemies":"Centurion and Healer","floor":24,"turns":8},{"damage":0,"enemies":"Cultist and Chosen","floor":28,"turns":4},{"damage":15,"enemies":"Snake Plant","floor":30,"turns":3},{"damage":9,"enemies":"Centurion and Healer","floor":31,"turns":6},{"damage":38,"enemies":"Automaton","floor":33,"turns":5}],"seed_played":"-4748864254355026424","potions_obtained":[{"floor":1,"key":"BlessingOfTheForge"},{"floor":4,"key":"Fire Potion"},{"floor":11,"key":"Weak Potion"},{"floor":28,"key":"FearPotion"}],"is_trial":false,"path_per_floor":["M","?","M","M","M","R","E","$","T","R","M","R","?","?","R","B",null,"M","?","M","$","?","R","M","R","T","R","M","R","M","M","R","B"],"character_chosen":"THE_SILENT","items_purchased":["Dash","Flechettes","Bouncing Flask","Bane"],"campfire_rested":1,"item_purchase_floors":[8,8,21,21],"current_hp_per_floor":[70,63,63,63,54,54,24,24,24,24,9,30,47,40,40,9,70,45,45,38,38,38,38,38,38,38,38,42,42,41,36,36,0,0],"gold":100,"neow_bonus":"THREE_CARDS","is_daily":false,"chose_seed":false,"campfire_upgraded":8,"win_rate":0.0,"timestamp":1613903207,"path_taken":["M","?","M","M","M","R","E","$","T","R","M","R","?","?","R","BOSS","M","?","M","$","?","R","M","R","T","R","M","R","M","M","R","BOSS"],"items_purchased_type":["Card","Card","Card","Card"],"build_version":"2020-12-22","purchased_purges":1,"victory":false,"max_hp_per_floor":[70,70,70,70,70,70,70,70,70,70,70,70,70,70,70,70,70,70,70,70,70,70,70,70,70,70,70,70,70,70,70,70,70,70],"relic_stats":{"counters":[14,77],"Bird Faced Urn":[10],"Black Star":0,"War Paint":["Defend_G","Defend_G"],"Boot":[32],"obtain_stats":[{"Anchor":9,"Bird Faced Urn":26,"Black Star":17,"War Paint":7,"Boot":14,"Ancient Tea Set":19,"Ring of the Snake":0,"Meat on the Bone":22},{"Anchor":5,"Bird Faced Urn":10,"Black Star":7,"War Paint":5,"Boot":6,"Ancient Tea Set":8,"Ring of the Snake":0,"Meat on the Bone":9},{"Anchor":28,"Bird Faced Urn":59,"Black Star":42,"War Paint":28,"Boot":31,"Ancient Tea Set":48,"Ring of the Snake":0,"Meat on the Bone":51}],"Ring of the Snake":[28],"Meat on the Bone":24},"card_choices":[{"not_picked":["Infinite Blades","Dagger Throw"],"picked":"Deadly Poison","floor":0},{"not_picked":["Riddle With Holes","Caltrops","Noxious Fumes"],"picked":"SKIP","floor":1},{"not_picked":["Dagger Throw","Slice","Dodge and Roll"],"picked":"SKIP","floor":3},{"not_picked":["Infinite Blades","Quick Slash"],"picked":"Well Laid Plans","floor":4},{"not_picked":["Cloak And Dagger","Slice"],"picked":"Prepared","floor":5},{"not_picked":["Underhanded Strike","Slice"],"picked":"Corpse Explosion","floor":7},{"not_picked":["Expertise","Quick Slash","Flying Knee"],"picked":"SKIP","floor":11},{"not_picked":["Glass Knife","Die Die Die"],"picked":"Envenom","floor":16},{"not_picked":["Choke","Cloak And Dagger+1"],"picked":"Sucker Punch+1","floor":18},{"not_picked":["Cloak And Dagger+1","Outmaneuver"],"picked":"Escape Plan","floor":20},{"not_picked":["Deadly Poison","Wraith Form v2"],"picked":"PiercingWail+1","floor":24},{"not_picked":["Dagger Throw","Poisoned Stab"],"picked":"Prepared","floor":28},{"not_picked":["Footwork","Outmaneuver","Dagger Spray+1"],"picked":"SKIP","floor":30},{"not_picked":["Infinite Blades","Outmaneuver"],"picked":"Deadly Poison","floor":31}],"player_experience":31174,"relics_obtained":[{"floor":7,"key":"War Paint"},{"floor":9,"key":"Anchor"},{"floor":26,"key":"Bird Faced Urn"}],"event_choices":[{"cards_removed":["Strike_G"],"damage_healed":0,"gold_gain":0,"player_choice":"Card Removal","damage_taken":7,"max_hp_gain":0,"max_hp_loss":0,"event_name":"Golden Wing","floor":2,"gold_loss":0},{"damage_healed":17,"gold_gain":0,"player_choice":"Healed and dodged fight","damage_taken":0,"max_hp_gain":0,"max_hp_loss":0,"event_name":"Mushrooms","floor":13,"gold_loss":0,"cards_obtained":["Parasite"]},{"damage_healed":0,"gold_gain":0,"player_choice":"Success","damage_taken":7,"relics_obtained":["Boot"],"max_hp_gain":0,"max_hp_loss":0,"event_name":"Scrap Ooze","floor":14,"gold_loss":0},{"damage_healed":0,"gold_gain":0,"player_choice":"Opened","damage_taken":0,"relics_obtained":["Ancient Tea Set"],"max_hp_gain":0,"max_hp_loss":0,"event_name":"The Mausoleum","floor":19,"gold_loss":0,"cards_obtained":["Writhe"]},{"damage_healed":0,"gold_gain":0,"player_choice":"Stole Relic","damage_taken":0,"relics_obtained":["Meat on the Bone"],"max_hp_gain":0,"max_hp_loss":0,"event_name":"Addict","floor":22,"gold_loss":0,"cards_obtained":["Shame"]}],"is_beta":false,"boss_relics":[{"not_picked":["WristBlade","Snecko Eye"],"picked":"Black Star"}],"items_purged_floors":[21],"is_endless":false,"potions_floor_spawned":[1,4,11,28],"killed_by":"Automaton","ascension_level":0}}