{"host":"ibckqdmmf9y74ymf","time":1613924390,"event":{"mods":["2.2 Compatiblity","BaseMod","Colored Map","Curses Come First","Highlight Path","Minty Spire (QoL Compilation)","Quick Restart","Rare Cards Sparkle","Relic Stats","StSLib"],"gold_per_floor":[],"floor_reached":55,"language":"ENG","playtime":2463,"items_purged":[],"score":2061,"play_id":"2a62b56d-daab-4659-9585-dd566c479703","local_time":"20210221171950","is_ascension_mode":true,"campfire_choices":[],"circlet_count":0,"master_deck":["AscendersBane","Defend_P","Defend_P","Defend_P","Eruption","Vigilance","WheelKick+1","BowlingBash","SandsOfTime","Wallop+1","Tantrum+1","ReachHeaven","Adaptation","ClearTheMind","Wireheading","Ragnarok+1","Protect+1","EmptyFist","TalkToTheHand+1","Bite","Bite","Bite","Bite","Bite","Scrawl","Swivel+1","Fasting2+1","TalkToTheHand+1","Meditate","MentalFortress","Halt+1"],"relics":["Velvet Choker","Ornamental Fan","Bottled Flame","Shuriken","Blue Candle","Cursed Key","Question Card","Potion Belt","WarpedTongs","Turnip","Mercury Hourglass","Bronze Scales","Coffee Dripper","Toy Ornithopter","Art of War","Juzu Bracelet","Happy Flower"],"acts_visited":["Exordium","TheCity","TheBeyond","TheEnding"],"potions_floor_usage":[],"damage_taken":[],"seed_played":"7803779542864965402","potions_obtained":[],"is_trial":false,"path_per_floor":[],"character_chosen":"WATCHER","items_purchased":[],"campfire_rested":0,"item_purchase_floors":[],"current_hp_per_floor":[],"gold":2,"neow_bonus":"BOSS_RELIC","is_daily":false,"chose_seed":false,"campfire_upgraded":8,"win_rate":0.0,"timestamp":1613924390,"path_taken":[],"items_purchased_type":["Relic","Relic","Relic","Potion"],"build_version":"2020-12-22","purchased_purges":2,"victory":false,"max_hp_per_floor":[],"relic_stats":{"Happy Flower":[1],"counters":[32,114],"Blue Candle":[10],"Juzu Bracelet":0,"Cursed Key":3,"Question Card":16,"WarpedTongs":[75],"Mercury Hourglass":[245],"Ornamental Fan":[188],"Shuriken":[46],"Bronze Scales":[150],"Turnip":[7],"Art of War":[2],"obtain_stats":[{"Potion Belt":19,"Happy Flower":54,"Blue Candle":13,"Velvet Choker":0,"Juzu Bracelet":48,"Cursed Key":17,"Question Card":19,"WarpedTongs":20,"Mercury Hourglass":26,"Blood Vial":10,"Bottled Flame":9,"Ornamental Fan":7,"Shuriken":12,"Bronze Scales":29,"Turnip":23,"Coffee Dripper":34,"Art of War":43,"PureWater":0,"Toy Ornithopter":41},{"Potion Belt":13,"Happy Flower":31,"Blue Candle":11,"Velvet Choker":0,"Juzu Bracelet":29,"Cursed Key":12,"Question Card":13,"WarpedTongs":13,"Mercury Hourglass":17,"Blood Vial":8,"Bottled Flame":7,"Ornamental Fan":6,"Shuriken":9,"Bronze Scales":18,"Turnip":16,"Coffee Dripper":19,"Art of War":25,"PureWater":0,"Toy Ornithopter":24},{"Potion Belt":39,"Happy Flower":111,"Blue Candle":31,"Velvet Choker":0,"Juzu Bracelet":94,"Cursed Key":37,"Question Card":39,"WarpedTongs":39,"Mercury Hourglass":49,"Blood Vial":21,"Bottled Flame":19,"Ornamental Fan":16,"Shuriken":25,"Bronze Scales":53,"Turnip":47,"Coffee Dripper":58,"Art of War":82,"PureWater":0,"Toy Ornithopter":79}],"Toy Ornithopter":20},"card_choices":[],"player_experience":551788,"relics_obtained":[],"event_choices":[],"is_beta":false,"boss_relics":[],"items_purged_floors":[],"is_endless":false,"potions_floor_spawned":[],"killed_by":"Shield and Spear","ascension_level":20}}