{"host":"rolltorest","time":1613891521,"event":{"mods":["BaseMod","Minty Spire (QoL Compilation)","Relic Stats","Slay the Relics Exporter","StSLib"],"gold_per_floor":[112,124,89,89,107,107,139,151,202,215,215,235,235,264,264,338,338,357,116,133,48,48,48,48],"floor_reached":23,"language":"ENG","playtime":837,"items_purged":["Strike_B"],"score":402,"play_id":"fd6e21ef-54be-42ec-9713-43023b908db5","local_time":"20210220231201","is_ascension_mode":true,"campfire_choices":[{"data":"Beam Cell","floor":6,"key":"SMITH"},{"floor":11,"key":"REST"},{"data":"Capacitor","floor":15,"key":"SMITH"}],"circlet_count":0,"master_deck":["AscendersBane","Strike_B","Defend_B","Defend_B","Defend_B","Zap","Dualcast","Cold Snap","Beam Cell+1","Reinforced Body","Capacitor+1","Cold Snap","Cold Snap","Lockon","Conserve Battery","Fission","Coolheaded","Core Surge","Compile Driver","Gash","Consume"],"relics":["Runic Pyramid","InkBottle","Oddly Smooth Stone","Bag of Preparation","Juzu Bracelet","Nuclear Battery","Blood Vial"],"acts_visited":["Exordium","TheCity"],"potions_floor_usage":[16,20],"damage_taken":[{"damage":7,"enemies":"2 Louse","floor":1,"turns":3},{"damage":9,"enemies":"Small Slimes","floor":2,"turns":4},{"damage":2,"enemies":"Jaw Worm","floor":5,"turns":4},{"damage":17,"enemies":"3 Sentries","floor":7,"turns":13},{"damage":8,"enemies":"3 Louse","floor":8,"turns":6},{"damage":0,"enemies":"Looter","floor":10,"turns":4},{"damage":0,"enemies":"2 Fungi Beasts","floor":12,"turns":4},{"damage":16,"enemies":"Gremlin Nob","floor":14,"turns":5},{"damage":9,"enemies":"The Guardian","floor":16,"turns":12},{"damage":10,"enemies":"2 Thieves","floor":18,"turns":5},{"damage":0,"enemies":"Spheric Guardian","floor":20,"turns":6},{"damage":74,"enemies":"Slavers","floor":23,"turns":13}],"seed_played":"2251826806425613616","potions_obtained":[{"floor":5,"key":"SkillPotion"},{"floor":8,"key":"Dexterity Potion"},{"floor":16,"key":"Regen Potion"}],"is_trial":false,"path_per_floor":["M","M","?","?","M","R","E","M","T","M","R","M","?","E","R","B",null,"M","$","M","?","?","E"],"character_chosen":"DEFECT","items_purchased":["Core Surge"],"campfire_rested":1,"item_purchase_floors":[19],"current_hp_per_floor":[57,48,65,58,56,56,39,31,31,31,52,52,41,25,25,16,57,47,47,62,62,62,0,0],"gold":48,"neow_bonus":"BOSS_RELIC","is_daily":false,"chose_seed":false,"campfire_upgraded":2,"win_rate":0.0,"timestamp":1613891521,"path_taken":["M","M","?","?","M","R","E","M","T","M","R","M","?","E","R","BOSS","M","$","M","?","?","E"],"items_purchased_type":["Card"],"build_version":"2020-12-18","purchased_purges":1,"victory":false,"max_hp_per_floor":[71,71,71,71,71,71,71,71,71,71,71,71,71,71,71,71,71,71,71,71,71,71,71,71],"relic_stats":{"Blood Vial":2,"counters":[12,79],"Bag of Preparation":[10],"Juzu Bracelet":0,"obtain_stats":[{"Blood Vial":21,"Oddly Smooth Stone":9,"Bag of Preparation":13,"Juzu Bracelet":14,"Cracked Core":0,"InkBottle":7,"Runic Pyramid":0,"Nuclear Battery":17},{"Blood Vial":11,"Oddly Smooth Stone":5,"Bag of Preparation":7,"Juzu Bracelet":8,"Cracked Core":0,"InkBottle":4,"Runic Pyramid":0,"Nuclear Battery":9},{"Blood Vial":66,"Oddly Smooth Stone":30,"Bag of Preparation":38,"Juzu Bracelet":43,"Cracked Core":0,"InkBottle":24,"Runic Pyramid":0,"Nuclear Battery":55}],"InkBottle":[17]},"card_choices":[{"not_picked":["Conserve Battery","Auto Shields"],"picked":"Cold Snap","floor":1},{"not_picked":["Tempest","Sweeping Beam"],"picked":"Beam Cell","floor":2},{"not_picked":["Barrage","All For One"],"picked":"Reinforced Body","floor":5},{"not_picked":["Go for the Eyes","Chill"],"picked":"Capacitor","floor":7},{"not_picked":["Barrage","Redo"],"picked":"Cold Snap","floor":8},{"not_picked":["Tempest","Sweeping Beam"],"picked":"Cold Snap","floor":10},{"not_picked":["Leap","Hologram"],"picked":"Lockon","floor":12},{"not_picked":["Turbo","Tempest"],"picked":"Conserve Battery","floor":14},{"not_picked":["Meteor Strike","Hyperbeam"],"picked":"Fission","floor":16},{"not_picked":["Streamline","Turbo"],"picked":"Coolheaded","floor":18},{"not_picked":["Conserve Battery","Lockon"],"picked":"Compile Driver","floor":20}],"player_experience":2014534,"relics_obtained":[{"floor":7,"key":"InkBottle"},{"floor":9,"key":"Oddly Smooth Stone"},{"floor":14,"key":"Juzu Bracelet"}],"event_choices":[{"damage_healed":17,"gold_gain":0,"player_choice":"Healed","damage_taken":0,"max_hp_gain":0,"max_hp_loss":0,"event_name":"The Cleric","floor":3,"gold_loss":35},{"cards_removed":["Strike_B"],"damage_healed":0,"gold_gain":0,"player_choice":"Card Removal","damage_taken":7,"max_hp_gain":0,"max_hp_loss":0,"event_name":"Golden Wing","floor":4,"gold_loss":0},{"damage_healed":0,"gold_gain":0,"player_choice":"Success","damage_taken":11,"relics_obtained":["Bag of Preparation"],"max_hp_gain":0,"max_hp_loss":0,"event_name":"Scrap Ooze","floor":13,"gold_loss":0},{"damage_healed":0,"gold_gain":0,"player_choice":"Obtained Relic","damage_taken":0,"relics_obtained":["Blood Vial"],"max_hp_gain":0,"max_hp_loss":0,"event_name":"Addict","floor":21,"gold_loss":85},{"damage_healed":0,"gold_gain":0,"cards_transformed":["Defend_B","Strike_B"],"player_choice":"Became Test Subject","damage_taken":0,"max_hp_gain":0,"max_hp_loss":0,"event_name":"Drug Dealer","floor":22,"gold_loss":0,"cards_obtained":["Gash","Consume"]}],"is_beta":true,"boss_relics":[{"not_picked":["Astrolabe","Runic Dome"],"picked":"Nuclear Battery"}],"items_purged_floors":[19],"is_endless":false,"potions_floor_spawned":[5,8,10,16,18],"killed_by":"Slavers","ascension_level":20}}