{"host":"q6l9o5ad25lrm2yj","time":1613879693,"event":{"mods":["BaseMod","BetterRewards","Colored Powertips","Lobotomy","Minty Spire (QoL Compilation)","Replay The Spire","StSLib","[IsaacMod]ÒÔÈö¼âËþ"],"gold_per_floor":[119,137,137,137,137,162,162,189,261,274,289,289,301,311,311,407,407,419,13,13,25,95,95,95,95,167,17,35,54,54,36,36,136,136,136,136],"floor_reached":35,"language":"ZHS","playtime":3424,"items_purged":[],"score":415,"play_id":"1e41db6d-6461-43cb-89e2-a11f7a2cfd75","local_time":"20210221115453","is_ascension_mode":false,"campfire_choices":[{"floor":7,"key":"REST"},{"data":"Bloodletting","floor":12,"key":"SMITH"},{"floor":24,"key":"REST"},{"floor":30,"key":"REST"},{"floor":32,"key":"REST"}],"circlet_count":0,"master_deck":["Defend_R","Defend_R+1","Defend_R","Defend_R","Bash","EpicFetus+1","SpiderBud","ReplayTheSpireMod:Stacked","Abandon+1","Feel No Pain+1","VoidDream","Anger","OSAHOGD","Iron Wave","SingingMachine","Bloodletting+1","CherryBlossoms","Infernal Blade+1","ShyLook","GreedKing","ReplayTheSpireMod:Strike From Hell","Replay:Many Hands","Scorched","Murderer","Shrug It Off","ReplayTheSpireMod:LeadingStrike","OldLady","Bite","Bite","Bite","Bite","Bite","Power Through","Rudolta","BigBird","ReplayTheSpireMod:Strike From Hell+1","Flex","Flex","FieryBird","Double Tap"],"relics":["Burning Blood","HushsDoor","GuppysTail","CogitoBucket","Lizard Tail","Frozen Egg 2","Nunchaku","Darkstone Periapt","ResearcherNote","ChewingGum","Divine Protection","Ancient Tea Set","Enchiridion","Garlic","Replay:Bottled Flurry","SteamSale","Mark of Pain"],"acts_visited":["Exordium","TheCity","TheBeyond"],"potions_floor_usage":[16,33],"damage_taken":[{"damage":6,"enemies":"Cultist","floor":1,"turns":3},{"damage":0,"enemies":"2 Louse","floor":2,"turns":3},{"damage":18,"enemies":"Lagavulin","floor":6,"turns":4},{"damage":3,"enemies":"3 Sentries","floor":8,"turns":17},{"damage":0,"enemies":"Jaw Worm","floor":10,"turns":4},{"damage":19,"enemies":"Blue Slaver","floor":11,"turns":4},{"damage":0,"enemies":"3 Louse","floor":13,"turns":2},{"damage":1,"enemies":"Red Slaver","floor":14,"turns":2},{"damage":14,"enemies":"The Guardian","floor":16,"turns":6},{"damage":39,"enemies":"Spheric Guardian","floor":18,"turns":4},{"damage":57,"enemies":"Chosen","floor":21,"turns":5},{"damage":26,"enemies":"3 Cultists","floor":28,"turns":5},{"damage":21,"enemies":"Centurion and Healer","floor":29,"turns":3},{"damage":42,"enemies":"Champ","floor":33,"turns":8},{"damage":55,"enemies":"3 Darklings","floor":35,"turns":6}],"seed_played":"-8668899742304634798","potions_obtained":[{"floor":10,"key":"SpeedPotion"},{"floor":11,"key":"Elixir"},{"floor":14,"key":"LiquidMemories"},{"floor":16,"key":"Dexterity Potion"},{"floor":29,"key":"DistilledChaos"}],"is_trial":false,"path_per_floor":["M","M","T","?","?","E","R","E","T","M","M","R","M","M","R","B",null,"M","$","?","M","T","?","R","?","T","$","M","M","R","$","R","B",null,"M"],"character_chosen":"IRONCLAD","items_purchased":["Divine Protection","Ancient Tea Set","SteamSale","Flex"],"campfire_rested":4,"item_purchase_floors":[19,19,27,31],"current_hp_per_floor":[80,80,80,80,64,52,76,80,80,80,67,67,73,78,80,72,80,47,47,31,42,42,42,66,56,56,56,40,25,41,41,56,24,56,7,7],"gold":136,"neow_bonus":"","is_daily":false,"chose_seed":false,"campfire_upgraded":1,"win_rate":0.0,"timestamp":1613879693,"path_taken":["M","M","?","?","?","E","R","E","T","M","M","R","M","M","R","BOSS","M","$","?","M","?","?","R","?","T","?","M","M","R","$","R","BOSS","M"],"items_purchased_type":["Relic","Relic","Relic","Card"],"build_version":"2020-12-22","purchased_purges":0,"victory":false,"max_hp_per_floor":[80,80,80,80,80,80,80,80,80,80,80,80,80,80,80,80,80,80,80,80,80,80,80,80,56,56,56,56,56,56,56,56,56,56,56,56],"card_choices":[{"not_picked":[],"picked":"EpicFetus","floor":0.0},{"not_picked":["RedShoes","UniverseFragment"],"picked":"SpiderBud","floor":1},{"not_picked":["Whirlwind","Dark Embrace"],"picked":"ReplayTheSpireMod:Stacked","floor":1},{"not_picked":["UniverseFragment","GreedKing"],"picked":"CherryBlossoms","floor":2},{"not_picked":["Clash","Barricade"],"picked":"Abandon","floor":2},{"not_picked":["Burning Pact","Searing Blow"],"picked":"Feel No Pain+1","floor":6},{"not_picked":["HeroicMonk","SnowQueen"],"picked":"VoidDream","floor":6},{"not_picked":["Defy Death","Clothesline"],"picked":"Anger","floor":8},{"not_picked":["UniverseFragment","Scorched"],"picked":"OSAHOGD","floor":8},{"not_picked":["True Grit","Feed"],"picked":"Iron Wave","floor":10},{"not_picked":["DespairKnight","Murderer"],"picked":"SingingMachine","floor":10},{"not_picked":["Burning Pact","Dropkick"],"picked":"Bloodletting","floor":11},{"not_picked":["MeatLantern","Scarecrow"],"picked":"CherryBlossoms","floor":11},{"not_picked":["Anger","Seeing Red"],"picked":"Infernal Blade","floor":13},{"not_picked":["QueenOfHatred","WallGazer"],"picked":"ShyLook","floor":13},{"not_picked":["MeatLantern","BeautyBeast"],"picked":"GreedKing","floor":14},{"not_picked":["Dark Embrace+1","Twin Strike"],"picked":"ReplayTheSpireMod:Strike From Hell","floor":14},{"not_picked":["Juggernaut+1","Eclipse"],"picked":"Replay:Many Hands","floor":16},{"not_picked":["Alriune","PunishingBird"],"picked":"Scorched","floor":16},{"not_picked":["UniverseFragment","WallGazer","FairyFestival"],"picked":"Singing Bowl","floor":18},{"not_picked":["UniverseFragment","DespairKnight"],"picked":"Murderer","floor":18},{"not_picked":["Heavy Blade","Pommel Strike+1"],"picked":"Shrug It Off","floor":18},{"not_picked":["Fiend Fire","Headbutt+1"],"picked":"ReplayTheSpireMod:LeadingStrike","floor":21},{"not_picked":["MHz","Freischutz"],"picked":"OldLady","floor":21},{"not_picked":["ReplayTheSpireMod:Stacked+1","Metallicize+1"],"picked":"Power Through","floor":28},{"not_picked":["NothingThere","MeatLantern"],"picked":"Rudolta","floor":28},{"not_picked":["HeroicMonk","FairyFestival"],"picked":"BigBird","floor":29},{"not_picked":["True Grit","Twin Strike+1"],"picked":"ReplayTheSpireMod:Strike From Hell+1","floor":29},{"not_picked":["WallGazer","FairyFestival"],"picked":"FieryBird","floor":33},{"not_picked":["Barricade+1","Offering"],"picked":"Double Tap","floor":33}],"player_experience":9091,"relics_obtained":[{"floor":3,"key":"Lizard Tail"},{"floor":6,"key":"Frozen Egg 2"},{"floor":8,"key":"Nunchaku"},{"floor":9,"key":"Darkstone Periapt"},{"floor":20,"key":"Enchiridion"},{"floor":22,"key":"Garlic"},{"floor":26,"key":"Replay:Bottled Flurry"}],"event_choices":[{"damage_healed":0,"gold_gain":0,"player_choice":"Entered Light","damage_taken":16,"max_hp_gain":0,"max_hp_loss":0,"event_name":"Shining Light","floor":5,"gold_loss":0,"cards_upgraded":["Abandon","Defend_R"]},{"damage_healed":0,"gold_gain":0,"player_choice":"Obtained Book","damage_taken":16,"max_hp_gain":0,"max_hp_loss":0,"event_name":"Cursed Tome","floor":20,"gold_loss":0},{"damage_healed":0,"gold_gain":0,"player_choice":"Ignored","damage_taken":0,"max_hp_gain":0,"max_hp_loss":0,"event_name":"Beggar","floor":23,"gold_loss":0},{"damage_healed":0,"gold_gain":0,"player_choice":"Became a vampire","damage_taken":0,"max_hp_gain":0,"max_hp_loss":24,"event_name":"Vampires","floor":25,"gold_loss":0,"cards_obtained":["Bite","Bite","Bite","Bite","Bite"]}],"is_beta":false,"boss_relics":[{"not_picked":["Ectoplasm","Tiny House"],"picked":"ChewingGum"},{"not_picked":[]},{"not_picked":["Snecko Eye","Replay:Ancient Bell"],"picked":"Mark of Pain"},{"not_picked":[]}],"items_purged_floors":[],"is_endless":false,"potions_floor_spawned":[10,11,14,16,18,21,29],"killed_by":"3 Darklings","ascension_level":0}}