{"host":"en4narc5947t7k9n","time":1613898192,"event":{"mods":["AchievementEnabler","BaseMod","Colored Map","Minty Spire (QoL Compilation)","SuperFastMode"],"gold_per_floor":[116,24,24,24,24,24,24,24,75,94,124,124,158,177,177,177,177],"floor_reached":16,"language":"KOR","playtime":396,"items_purged":[],"score":96,"play_id":"64ba6b6d-e4ec-405b-ab1c-033ea00fa698","local_time":"20210221180312","is_ascension_mode":false,"campfire_choices":[{"floor":6,"key":"RECALL"},{"data":"Ghostly Armor","floor":8,"key":"SMITH"},{"data":"Dropkick","floor":15,"key":"SMITH"}],"circlet_count":0,"master_deck":["Strike_R","Strike_R+1","Strike_R","Strike_R","Strike_R","Defend_R+1","Defend_R","Defend_R","Defend_R","Bash","Ghostly Armor+1","Madness+1","Cleave","Dropkick+1","Thunderclap"],"relics":["Burning Blood","Shuriken","Matryoshka"],"acts_visited":["Exordium"],"potions_floor_usage":[14,14,16],"damage_taken":[{"damage":1,"enemies":"Cultist","floor":1,"turns":3},{"damage":0,"enemies":"Jaw Worm","floor":10,"turns":4},{"damage":39,"enemies":"Gremlin Nob","floor":13,"turns":5},{"damage":0,"enemies":"2 Louse","floor":14,"turns":1},{"damage":56,"enemies":"Slime Boss","floor":16,"turns":9}],"seed_played":"-691229965225511074","potions_obtained":[{"floor":7,"key":"Explosive Potion"},{"floor":7,"key":"Swift Potion"},{"floor":7,"key":"Explosive Potion"}],"is_trial":false,"path_per_floor":["M","$","?","$","?","R","?","R","T","M","?","T","E","M","R","B"],"character_chosen":"IRONCLAD","items_purchased":["Madness"],"campfire_rested":0,"item_purchase_floors":[2],"current_hp_per_floor":[88,88,88,88,70,70,70,70,70,76,76,76,43,49,49,0,0],"gold":177,"neow_bonus":"TEN_PERCENT_HP_BONUS","is_daily":false,"chose_seed":false,"campfire_upgraded":2,"win_rate":0.0,"timestamp":1613898192,"path_taken":["M","?","?","$","?","R","?","R","T","?","?","?","E","M","R","BOSS"],"items_purchased_type":["Card"],"build_version":"2020-12-22","purchased_purges":0,"victory":false,"max_hp_per_floor":[88,88,88,88,88,88,88,88,88,88,88,88,88,88,88,88,88],"card_choices":[{"not_picked":["Heavy Blade","Cleave"],"picked":"Ghostly Armor","floor":1},{"not_picked":["Headbutt","Wild Strike"],"picked":"Cleave","floor":10},{"not_picked":["Entrench","Shrug It Off"],"picked":"Dropkick","floor":13},{"not_picked":["Twin Strike","Cleave"],"picked":"Thunderclap","floor":14}],"player_experience":121015,"relics_obtained":[{"floor":12,"key":"Shuriken"},{"floor":13,"key":"Matryoshka"}],"event_choices":[{"damage_healed":0,"gold_gain":0,"player_choice":"Grow","damage_taken":0,"max_hp_gain":0,"max_hp_loss":0,"event_name":"Living Wall","floor":3,"gold_loss":0,"cards_upgraded":["Madness"]},{"damage_healed":0,"gold_gain":0,"player_choice":"Entered Light","damage_taken":18,"max_hp_gain":0,"max_hp_loss":0,"event_name":"Shining Light","floor":5,"gold_loss":0,"cards_upgraded":["Strike_R","Defend_R"]},{"damage_healed":0,"gold_gain":0,"player_choice":"Got Potions","damage_taken":0,"max_hp_gain":0,"max_hp_loss":0,"event_name":"Lab","floor":7,"gold_loss":0},{"damage_healed":0,"gold_gain":30,"player_choice":"Searched \u00272\u0027 times","damage_taken":0,"max_hp_gain":0,"max_hp_loss":0,"event_name":"Dead Adventurer","floor":11,"gold_loss":0}],"is_beta":false,"boss_relics":[],"items_purged_floors":[],"is_endless":false,"potions_floor_spawned":[10,13],"killed_by":"Slime Boss","ascension_level":0}}