{"host":"b1k9tvirjqaexfiq","time":1613886821,"event":{"mods":["AchievementEnabler","Act Like it!","BaseMod","Bestiary","Better Third Choice","BetterRewards","Bossed Relics","CapriCore","Colored Powertips","Conspire","Curses Come First","Energized Spire","Filter the Spire","Highlight Path","Hubris","Infinite Spire","Luminous","Marisa????????","Marked Mod","Minty Spire (QoL Compilation)","Permanent Neow","Quick Restart","Rare Cards Sparkle","Reliquary","Replay The Spire","Ruina","Shop Mod","StSLib","The Animator","The Bug Knight","The Cursed","The Immortal","The Marked","The Servant 0.9.4","Together in Spire","Waifu the Spire","??????REMEMod"],"gold_per_floor":[115,43,0,11,11,11,41,41,93,120,130,140,156,187,187,187,187],"floor_reached":16,"language":"ENG","playtime":720,"items_purged":[],"score":144,"play_id":"b4e784d3-ebe0-4e9a-8072-ce18ac074de5","local_time":"20210220235341","is_ascension_mode":true,"campfire_choices":[{"data":"True Grit","floor":6,"key":"SMITH"},{"floor":8,"key":"REST"},{"data":"Bludgeon","floor":15,"key":"SMITH"}],"circlet_count":0,"master_deck":["Strike_R","Strike_R","Strike_R","Strike_R","Strike_R","Defend_R+1","Defend_R+1","Defend_R","Defend_R","Bash","HollowMod:LifebloodCore","True Grit+1","Metallicize","Enlightenment","Metallicize","Fire Breathing","Run Through","Cleave","Infernal Blade","Bludgeon+1"],"relics":["Burning Blood","REME_ComplimentaryCards","reliquary:Stiletto","Blue Candle","HollowMod:PaleOreRelic","Anchor","Omamori"],"acts_visited":["Exordium"],"potions_floor_usage":[],"damage_taken":[{"damage":15.0,"enemies":"Small Slimes","floor":1.0,"turns":5.0},{"damage":7.0,"enemies":"Jaw Worm","floor":4.0,"turns":5.0},{"damage":16,"enemies":"Lagavulin","floor":7,"turns":10},{"damage":9,"enemies":"3 Sentries","floor":10,"turns":13},{"damage":0,"enemies":"2 Louse","floor":11,"turns":4},{"damage":18,"enemies":"2 Fungi Beasts","floor":12,"turns":5},{"damage":4,"enemies":"Exordium Wildlife","floor":13,"turns":5},{"damage":19,"enemies":"Lagavulin","floor":14,"turns":10},{"damage":28,"enemies":"The Guardian","floor":16,"turns":6}],"seed_played":"-3701958670046212961","potions_obtained":[{"floor":1.0,"key":"Fire Potion"},{"floor":4.0,"key":"REME_GoldPotion"},{"floor":10,"key":"GamblersBrew"}],"is_trial":false,"path_per_floor":["M","$","?","M","?","R","E","R","T","E","M","M","M","E","R","B"],"character_chosen":"IRONCLAD","items_purchased":["Metallicize"],"campfire_rested":1,"item_purchase_floors":[2],"current_hp_per_floor":[71,71,77,76,59,59,49,74,74,71,77,65,67,54,54,26,26],"gold":187,"neow_bonus":"RANDOM_COMMON_RELIC","is_daily":false,"chose_seed":false,"campfire_upgraded":2,"win_rate":0.0,"timestamp":1613886821,"path_taken":["M","$","?","M","?","R","E","R","T","E","M","M","M","E","R","BOSS"],"items_purchased_type":["Card"],"build_version":"2020-12-22","purchased_purges":0,"victory":false,"max_hp_per_floor":[80,80,86,86,86,86,86,86,86,86,86,86,86,86,86,86,86],"card_choices":[{"not_picked":["Flex","Carnage"],"picked":"True Grit","floor":1.0},{"not_picked":["Flex","Clash","ReplayTheSpireMod:Strike From Hell"],"picked":"SKIP","floor":4.0},{"not_picked":["Bloodletting","Flex"],"picked":"Metallicize","floor":7},{"not_picked":["Power Through","Reckless Charge"],"picked":"Fire Breathing","floor":10},{"not_picked":["Warcry","Clothesline"],"picked":"Run Through","floor":11},{"not_picked":["Clash","Havoc"],"picked":"Cleave","floor":12},{"not_picked":["Pommel Strike","Wild Strike"],"picked":"Infernal Blade","floor":13},{"not_picked":["Flex","Armaments"],"picked":"Bludgeon","floor":14}],"player_experience":96352,"relics_obtained":[{"floor":7,"key":"Blue Candle"},{"floor":9,"key":"HollowMod:PaleOreRelic"},{"floor":10,"key":"Anchor"},{"floor":14,"key":"Omamori"}],"event_choices":[{"damage_healed":0.0,"max_hp_gain":0.0,"max_hp_loss":0.0,"gold_gain":0.0,"event_name":"betterThird:BetterSerpent","player_choice":"RENOUNCE","floor":3.0,"gold_loss":43.0,"damage_taken":43.0,"cards_obtained":["Enlightenment"]},{"damage_healed":76,"gold_gain":0,"player_choice":"Upgrade","damage_taken":17,"max_hp_gain":0,"max_hp_loss":86,"event_name":"betterThird:BetterShining","floor":5,"gold_loss":0,"cards_upgraded":["Defend_R","Defend_R"]}],"is_beta":false,"boss_relics":[],"items_purged_floors":[],"is_endless":false,"potions_floor_spawned":[1,4,10],"killed_by":"The Guardian","ascension_level":4}}