{"host":"kbjkhl8b8ylq2ux5","time":1613885664,"event":{"mods":["BaseMod","Colored Map","Colored Powertips","Downfall","Highlight Path","Ironclad Rager","Minty Spire (QoL Compilation)","Quick Restart","Random Character Button","StSLib","SuperFastMode"],"gold_per_floor":[99,112,122,122,122,135,189,222,222,22,35,51,83,68,78,182,182,82,92,177,192,192,202,225,244,260,260,8,39,39,51,64,159,159,159,173,173,6,17,17,17,32,64,89,100,100,100,111,124,124,124,149,149,149,149,149,149,149],"floor_reached":56,"language":"ENG","playtime":15325,"items_purged":["champ:BringItOn"],"score":738,"play_id":"46808bc3-b963-49b2-b396-503316857926","local_time":"20210221003424","is_ascension_mode":false,"campfire_choices":[{"floor":1.0,"key":"RECALL"},{"floor":10.0,"key":"REST"},{"data":"champ:PreciseThrust","floor":18.0,"key":"SMITH"},{"floor":27.0,"key":"REST"},{"data":"expansioncontent:DashGenerateEvil","floor":30.0,"key":"SMITH"},{"data":"champ:Taunt","floor":35.0,"key":"SMITH"},{"data":"champ:StrikeOfGenius","floor":40.0,"key":"SMITH"},{"floor":47.0,"key":"REST"},{"floor":54.0,"key":"REST"}],"circlet_count":0,"master_deck":["champ:Strike","champ:Strike","champ:Strike","champ:Strike","champ:Defend","champ:Defend","champ:Defend","champ:Defend","champ:Execute","champ:Taunt+1","champ:StanceDance","champ:BladeFlurry","champ:PreciseThrust+1","champ:AdrenalArmor","champ:StrikeOfGenius+1","champ:Lariat","champ:PreciseThrust","champ:Endure+1","expansioncontent:DashGenerateEvil+1","champ:CalledShot+1","champ:Endure+1","champ:FanOfKnives"],"relics":["champ:ChampionCrown","Ice Cream","Sundial","downfall:HeartBlessingRed","downfall:HeartBlessingBlue","Vajra","Sozu","downfall:HeartBlessingGreen","Toy Ornithopter","Nunchaku","Busted Crown","Sling","Eternal Feather","Anchor","Lantern","Boot"],"acts_visited":["Exordium","TheCity","TheBeyond","TheEnding"],"potions_floor_usage":[],"damage_taken":[{"damage":21.0,"enemies":"Jaw Worm","floor":2.0,"turns":5.0},{"damage":3.0,"enemies":"2 Louse","floor":3.0,"turns":3.0},{"damage":1.0,"enemies":"Small Slimes","floor":6.0,"turns":3.0},{"damage":40.0,"enemies":"Gremlin Nob","floor":8.0,"turns":5.0},{"damage":10.0,"enemies":"2 Fungi Beasts","floor":11.0,"turns":3.0},{"damage":20.0,"enemies":"Large Slime","floor":12.0,"turns":5.0},{"damage":45.0,"enemies":"3 Sentries","floor":13.0,"turns":8.0},{"damage":20.0,"enemies":"downfall:FleeingMerchant","floor":14.0,"turns":4.0},{"damage":25.0,"enemies":"Exordium Thugs","floor":15.0,"turns":3.0},{"damage":68.0,"enemies":"IC_STATUS_ARCHETYPE","floor":16.0,"turns":9.0},{"damage":26.0,"enemies":"Shell Parasite","floor":19.0,"turns":4.0},{"damage":47.0,"enemies":"downfall:LooterAlt2","floor":21.0,"turns":5.0},{"damage":26.0,"enemies":"3 Cultists","floor":23.0,"turns":6.0},{"damage":0.0,"enemies":"Chosen and Byrds","floor":25.0,"turns":4.0},{"damage":35.0,"enemies":"Snake Plant","floor":26.0,"turns":5.0},{"damage":30.0,"enemies":"downfall:FleeingMerchant","floor":28.0,"turns":4.0},{"damage":72.0,"enemies":"Gremlin Leader","floor":29.0,"turns":5.0},{"damage":31.0,"enemies":"Centurion and Healer","floor":31.0,"turns":3.0},{"damage":25.0,"enemies":"3 Cultists","floor":32.0,"turns":5.0},{"damage":81.0,"enemies":"SI_MIRROR_ARCHETYPE","floor":33.0,"turns":9.0},{"damage":19.0,"enemies":"3 Shapes","floor":36.0,"turns":4.0},{"damage":54.0,"enemies":"downfall:FleeingMerchant","floor":38.0,"turns":4.0},{"damage":14.0,"enemies":"Orb Walker","floor":39.0,"turns":4.0},{"damage":75.0,"enemies":"Jaw Worm Horde","floor":42.0,"turns":6.0},{"damage":57.0,"enemies":"Giant Head","floor":43.0,"turns":9.0},{"damage":46.0,"enemies":"Sphere and 2 Shapes","floor":45.0,"turns":4.0},{"damage":45.0,"enemies":"3 Darklings","floor":48.0,"turns":4.0},{"damage":55.0,"enemies":"Jaw Worm Horde","floor":49.0,"turns":4.0},{"damage":117.0,"enemies":"WA_ARCHETYPE_DIVINITY","floor":50.0,"turns":14.0},{"damage":153.0,"enemies":"downfall:CharBossMerchant","floor":52.0,"turns":8.0},{"damage":199,"enemies":"downfall:NeowBoss","floor":55,"turns":17},{"damage":23,"enemies":"downfall:NeowBossFinal","floor":56,"turns":3}],"seed_played":"3010814836494661762","potions_obtained":[{"floor":3.0,"key":"SpeedPotion"},{"floor":8.0,"key":"Explosive Potion"},{"floor":15.0,"key":"PowerPotion"}],"is_trial":false,"path_per_floor":["R","M","M","?","?","M","T","E","?","R","M","M","E","$","M","B",null,"R","M","?","M","?","M","T","M","M","R","$","E","R","M","M","B",null,"R","M","?","$","M","R","T","M","E","T","M","?","R","M","M","B",null,"E","$","R","B","B"],"character_chosen":"THE_CHAMP","items_purchased":["expansioncontent:DashGenerateEvil","Sling"],"campfire_rested":4,"item_purchase_floors":[28,38],"current_hp_per_floor":[99,98,95,95,88,87,87,57,57,99,99,99,89,81,76,38,109,109,103,85,73,73,67,67,67,52,84,84,67,67,56,56,30,109,109,100,100,86,82,82,82,82,50,50,39,39,83,83,83,33,109,41,41,85,21,0,0,0],"gold":149,"neow_bonus":"TEN_PERCENT_HP_BONUS","is_daily":false,"chose_seed":false,"campfire_upgraded":4,"win_rate":0.0,"timestamp":1613885664,"path_taken":["R","M","M","?","?","M","T","E","?","R","M","M","E","?","M","BOSS","R","M","?","M","?","M","T","M","M","R","$","E","R","M","M","BOSS","R","M","?","$","M","R","T","M","E","?","M","?","R","?","M","BOSS","E","$","R","BOSS","BOSS"],"items_purchased_type":["Card","Relic"],"build_version":"2020-12-22","purchased_purges":1,"victory":false,"max_hp_per_floor":[99,99,99,99,99,99,99,99,99,109,109,109,109,109,109,109,109,109,109,109,109,109,109,109,109,109,109,109,109,109,109,109,109,109,109,109,109,109,109,109,109,109,109,109,109,109,109,109,109,109,109,109,109,109,109,109,109,109],"card_choices":[{"not_picked":["champ:ShieldSlam","champ:HeartStrike"],"picked":"champ:StanceDance","floor":2.0},{"not_picked":["champ:StanceDance","champ:ShieldSlam"],"picked":"champ:BladeFlurry","floor":3.0},{"not_picked":["champ:BladeFlurry","champ:RecklessLeap"],"picked":"champ:PreciseThrust","floor":6.0},{"not_picked":["champ:ArenaPreparation","champ:SwordThrow"],"picked":"champ:AdrenalArmor","floor":8.0},{"not_picked":["champ:BladeFlurry","champ:AdrenalArmor","champ:FocusedDefense"],"picked":"SKIP","floor":11.0},{"not_picked":["champ:RecklessLeap","champ:GutPunch"],"picked":"champ:StrikeOfGenius","floor":12.0},{"not_picked":["champ:RecklessLeap","champ:Lariat","champ:FocusedBerserking"],"picked":"SKIP","floor":13.0},{"not_picked":["champ:IronFortress","champ:TornadoPunch"],"picked":"champ:BringItOn","floor":14.0},{"not_picked":["champ:FlashCut","champ:FaceSlap","champ:PerfectedStrike"],"picked":"SKIP","floor":15.0},{"not_picked":["champ:FancyFootwork","champ:Parry"],"picked":"champ:Lariat","floor":19.0},{"not_picked":["champ:EnGarde","champ:GladiatorStyle"],"picked":"champ:PreciseThrust","floor":21.0},{"not_picked":["champ:Shatter+1","champ:BladeFlurry+1","champ:BerserkersShout"],"picked":"SKIP","floor":23.0},{"not_picked":["champ:Circumvent","champ:HeartStrike","champ:Shatter+1"],"picked":"SKIP","floor":25.0},{"not_picked":["champ:AdrenalArmor+1","champ:EnGarde","champ:BringItOn+1"],"picked":"SKIP","floor":26.0},{"not_picked":["champ:StanceDance","champ:Improvising"],"picked":"champ:Endure+1","floor":28.0},{"not_picked":["champ:BerserkersShout+1","champ:TornadoPunch+1"],"picked":"champ:CalledShot+1","floor":29.0},{"not_picked":["champ:BerserkersShout","champ:Haymaker","champ:CrookedStrike"],"picked":"SKIP","floor":31.0},{"not_picked":["champ:Shatter","champ:RapidStrikes","champ:SwordThrow"],"picked":"SKIP","floor":32.0},{"not_picked":["champ:TornadoPunch"],"picked":"SKIP","floor":36.0},{"not_picked":["champ:DefensiveShout+1"],"picked":"SKIP","floor":38.0},{"not_picked":[],"picked":"champ:Endure+1","floor":39.0},{"not_picked":[],"picked":"champ:FanOfKnives","floor":42.0},{"not_picked":["champ:Duel"],"picked":"SKIP","floor":43.0},{"not_picked":["champ:FlashCut"],"picked":"SKIP","floor":45.0},{"not_picked":["champ:FancyFootwork"],"picked":"SKIP","floor":48.0},{"not_picked":["champ:FlashCut"],"picked":"SKIP","floor":49.0},{"not_picked":["champ:Devastate"],"picked":"SKIP","floor":52.0}],"player_experience":142389,"relics_obtained":[{"floor":8.0,"key":"Sundial"},{"floor":13.0,"key":"Vajra"},{"floor":24.0,"key":"Toy Ornithopter"},{"floor":29.0,"key":"Nunchaku"},{"floor":41.0,"key":"Eternal Feather"},{"floor":43.0,"key":"Anchor"},{"floor":44.0,"key":"Lantern"},{"floor":52.0,"key":"Boot"}],"event_choices":[{"damage_healed":0.0,"max_hp_gain":0.0,"max_hp_loss":0.0,"gold_gain":0.0,"event_name":"Scrap Ooze","player_choice":"Success","floor":5.0,"gold_loss":0.0,"damage_taken":7.0,"relics_obtained":["Ice Cream"]},{"damage_healed":0.0,"max_hp_gain":0.0,"max_hp_loss":0.0,"gold_gain":0.0,"event_name":"Scrap Ooze","player_choice":"Fled","floor":14.0,"gold_loss":0.0,"damage_taken":3.0},{"damage_healed":0.0,"max_hp_gain":0.0,"max_hp_loss":0.0,"gold_gain":0.0,"event_name":"Vampires","player_choice":"Ignored","floor":22.0,"gold_loss":0.0,"damage_taken":0.0},{"damage_healed":0.0,"max_hp_gain":0.0,"max_hp_loss":0.0,"gold_gain":0.0,"event_name":"Mysterious Sphere","player_choice":"Ignored","floor":37.0,"gold_loss":0.0,"damage_taken":0.0}],"is_beta":false,"boss_relics":[{"not_picked":["SlaversCollar","Calling Bell"],"picked":"Sozu"},{"not_picked":["Snecko Eye","Fusion Hammer"],"picked":"Busted Crown"}],"items_purged_floors":[28],"is_endless":false,"potions_floor_spawned":[3,8,15,16,19,21,23,29,39,43,45,48,52],"killed_by":"downfall:NeowBossFinal","ascension_level":0}}