{"host":"yx5rao87132cy5xq","time":1613915318,"event":{"mods":["2.2 Compatiblity","AchievementEnabler","BaseMod","Bestiary","Colored Map","Colored Powertips","Minty Spire (QoL Compilation)","Quick Restart","Relic Stats","Slay-I","SuperFastMode"],"gold_per_floor":[112,126,51,70,82,111,111,151,175,201,201,223,251,290,290,370,397,419,419,419,419],"floor_reached":20,"language":"ENG","playtime":1706,"items_purged":["Shame"],"score":382,"play_id":"52279802-3180-475f-85dc-1b360848ecc1","local_time":"20210221144838","is_ascension_mode":true,"campfire_choices":[{"data":"True Grit","floor":7,"key":"SMITH"},{"floor":11,"key":"REST"},{"data":"Disarm","floor":15,"key":"SMITH"}],"circlet_count":0,"master_deck":["AscendersBane","Strike_R","Strike_R","Defend_R","Defend_R","Defend_R","Defend_R","Bash","True Grit+1","Cleave","Iron Wave","Clothesline","Cleave","Metallicize","Limit Break","Anger","Disarm+1","Battle Trance","Immolate","Clash+1","Spot Weakness+1","Heavy Blade+1","True Grit"],"relics":["Burning Blood","Shuriken","CeramicFish","Vajra","Lantern","Astrolabe"],"acts_visited":["TheCity"],"potions_floor_usage":[6,8,8,14,16],"damage_taken":[{"damage":17,"enemies":"Cultist","floor":1,"turns":4},{"damage":9,"enemies":"2 Louse","floor":2,"turns":3},{"damage":7,"enemies":"Jaw Worm","floor":4,"turns":3},{"damage":10,"enemies":"2 Fungi Beasts","floor":5,"turns":4},{"damage":18,"enemies":"Gremlin Nob","floor":6,"turns":4},{"damage":29,"enemies":"Lagavulin","floor":8,"turns":6},{"damage":6,"enemies":"Large Slime","floor":10,"turns":5},{"damage":19,"enemies":"Gremlin Gang","floor":12,"turns":2},{"damage":20,"enemies":"Exordium Wildlife","floor":13,"turns":5},{"damage":20,"enemies":"3 Sentries","floor":14,"turns":8},{"damage":15,"enemies":"Hexaghost","floor":16,"turns":12},{"damage":48,"enemies":"Spheric Guardian","floor":18,"turns":6},{"damage":31,"enemies":"3 Byrds","floor":20,"turns":3}],"seed_played":"-864801138070323719","potions_obtained":[{"floor":1,"key":"LiquidMemories"},{"floor":5,"key":"Explosive Potion"},{"floor":6,"key":"Fire Potion"},{"floor":8,"key":"Dexterity Potion"},{"floor":10,"key":"BloodPotion"}],"is_trial":false,"path_per_floor":["M","M","$","M","M","E","R","E","T","M","R","M","M","E","R","B",null,"M","?","M"],"character_chosen":"IRONCLAD","items_purchased":[],"campfire_rested":1,"item_purchase_floors":[],"current_hp_per_floor":[71,68,68,67,63,51,51,28,28,28,54,41,27,30,30,21,72,30,30,0,0],"gold":419,"neow_bonus":"TWENTY_PERCENT_HP_BONUS","is_daily":false,"chose_seed":false,"campfire_upgraded":2,"win_rate":0.0,"timestamp":1613915318,"path_taken":["M","M","$","?","M","E","R","E","T","M","R","M","M","E","R","BOSS","M","?","M"],"items_purchased_type":[],"build_version":"2020-12-22","purchased_purges":1,"victory":false,"max_hp_per_floor":[89,89,89,89,89,89,89,89,89,89,89,89,89,89,89,89,89,89,89,89,89],"relic_stats":{"counters":[13,65],"Shuriken":[10],"CeramicFish":90,"Astrolabe":["Clash","Spot Weakness","Heavy Blade"],"obtain_stats":[{"Lantern":14,"Shuriken":6,"CeramicFish":8,"Astrolabe":17,"Vajra":9,"Burning Blood":0},{"Lantern":10,"Shuriken":5,"CeramicFish":6,"Astrolabe":11,"Vajra":6,"Burning Blood":0},{"Lantern":44,"Shuriken":18,"CeramicFish":24,"Astrolabe":56,"Vajra":24,"Burning Blood":0}],"Burning Blood":72},"card_choices":[{"not_picked":["Entrench","Headbutt"],"picked":"True Grit","floor":1},{"not_picked":["Pommel Strike","Combust"],"picked":"Cleave","floor":2},{"not_picked":["Blood for Blood","Perfected Strike"],"picked":"Iron Wave","floor":4},{"not_picked":["Armaments","Hemokinesis"],"picked":"Clothesline","floor":5},{"not_picked":["Second Wind","Rampage"],"picked":"Cleave","floor":6},{"not_picked":["Twin Strike","Clash"],"picked":"Metallicize","floor":8},{"not_picked":["Warcry","Body Slam"],"picked":"Limit Break","floor":10},{"not_picked":["Rampage","Searing Blow"],"picked":"Anger","floor":12},{"not_picked":["Warcry","Flex"],"picked":"Disarm","floor":13},{"not_picked":["Havoc","Pommel Strike"],"picked":"Battle Trance","floor":14},{"not_picked":["Double Tap","Feed"],"picked":"Immolate","floor":16},{"not_picked":["Iron Wave","Thunderclap"],"picked":"True Grit","floor":18}],"player_experience":1090154,"relics_obtained":[{"floor":6,"key":"Shuriken"},{"floor":8,"key":"CeramicFish"},{"floor":9,"key":"Vajra"},{"floor":14,"key":"Lantern"}],"event_choices":[{"damage_healed":0,"gold_gain":0,"player_choice":"Ignored","damage_taken":0,"max_hp_gain":0,"max_hp_loss":0,"event_name":"Vampires","floor":19,"gold_loss":0}],"is_beta":false,"boss_relics":[{"not_picked":["Runic Dome","Cursed Key"],"picked":"Astrolabe"}],"items_purged_floors":[3],"is_endless":false,"potions_floor_spawned":[1,5,6,8,10],"killed_by":"3 Byrds","ascension_level":19}}