{"host":"or8fr2mp0k3eluj8","time":1613921084,"event":{"mods":["AchievementEnabler","BaseMod","Colored Map","DeckTracker","Keyboard Shortcuts","Minty Spire (QoL Compilation)","StSLib","SuperFastMode","everything is the same but u backflip on backflip"],"gold_per_floor":[118,131,131,145,99,99,124,138,138,138,138,170,245,271,271,375,375,386,400,347,373,373,405,417,417,440,440,471,502,513,513,513,616,616,636,636,656,667,667,667,705,731,812,812,839,839,839,695,695,695,695,695,61,91,91,91],"floor_reached":55,"language":"KOR","playtime":1343,"items_purged":[],"score":964,"play_id":"31de88e3-32ae-452f-8553-ff1e01634ded","local_time":"20210222002444","is_ascension_mode":true,"campfire_choices":[{"data":"Perfected Strike","floor":6,"key":"SMITH"},{"floor":15,"key":"REST"},{"data":"Double Tap","floor":25,"key":"SMITH"},{"data":"Perfected Strike","floor":27,"key":"SMITH"},{"data":"Shockwave","floor":32,"key":"SMITH"},{"floor":40,"key":"RECALL"},{"floor":44,"key":"REST"},{"data":"Bash","floor":46,"key":"SMITH"},{"floor":49,"key":"REST"},{"floor":52,"key":"REST"}],"circlet_count":0,"master_deck":["Strike_R","Strike_R+1","Strike_R","Strike_R","Strike_R","Defend_R+1","Defend_R","Defend_R+1","Defend_R","Bash+1","Perfected Strike+1","Intimidate+1","Wild Strike","Headbutt","Cleave","Double Tap+1","Shrug It Off","Wild Strike","Twin Strike","Perfected Strike+1","Shockwave+1","Twin Strike","Sever Soul","Pommel Strike+1","Twin Strike","Perfected Strike+1","Wild Strike","Enlightenment"],"relics":["Burning Blood","Art of War","Paper Frog","Pantograph","Tiny Chest","Regal Pillow","War Paint","Sozu","Akabeko","Meat on the Bone","Red Skull","Red Mask","Centennial Puzzle","Runic Pyramid","CeramicFish","Kunai","Ancient Tea Set","DollysMirror","Bottled Lightning","Bronze Scales","Frozen Eye","Boot"],"acts_visited":["Exordium","TheCity","TheBeyond","TheEnding"],"potions_floor_usage":[14,14,33,33],"damage_taken":[{"damage":6,"enemies":"Cultist","floor":1,"turns":3},{"damage":7,"enemies":"Jaw Worm","floor":2,"turns":2},{"damage":7,"enemies":"2 Louse","floor":4,"turns":2},{"damage":0,"enemies":"Gremlin Nob","floor":7,"turns":2},{"damage":11,"enemies":"Looter","floor":8,"turns":2},{"damage":35,"enemies":"Lagavulin","floor":12,"turns":4},{"damage":0,"enemies":"Gremlin Nob","floor":14,"turns":2},{"damage":10,"enemies":"Slime Boss","floor":16,"turns":5},{"damage":7,"enemies":"Shell Parasite","floor":18,"turns":3},{"damage":14,"enemies":"3 Byrds","floor":19,"turns":4},{"damage":30,"enemies":"Gremlin Leader","floor":23,"turns":6},{"damage":18,"enemies":"Centurion and Healer","floor":24,"turns":5},{"damage":26,"enemies":"Masked Bandits","floor":28,"turns":4},{"damage":11,"enemies":"Slavers","floor":29,"turns":4},{"damage":0,"enemies":"Snecko","floor":30,"turns":2},{"damage":33,"enemies":"Automaton","floor":33,"turns":6},{"damage":7,"enemies":"Orb Walker","floor":35,"turns":2},{"damage":5,"enemies":"3 Shapes","floor":37,"turns":3},{"damage":33,"enemies":"3 Darklings","floor":38,"turns":3},{"damage":72,"enemies":"Nemesis","floor":41,"turns":5},{"damage":34,"enemies":"Maw","floor":42,"turns":5},{"damage":31,"enemies":"4 Shapes","floor":45,"turns":3},{"damage":92,"enemies":"Time Eater","floor":50,"turns":7},{"damage":50,"enemies":"Shield and Spear","floor":54,"turns":4},{"damage":88,"enemies":"The Heart","floor":55,"turns":5}],"seed_played":"3379843751848088085","potions_obtained":[{"floor":2,"key":"ColorlessPotion"},{"floor":4,"key":"AttackPotion"},{"floor":14,"key":"CultistPotion"},{"floor":16,"key":"Regen Potion"}],"is_trial":false,"path_per_floor":["M","M","T","M","$","R","E","M","T","?","?","E","?","E","R","B",null,"M","M","$","T","?","E","M","R","T","R","?","E","M","?","R","B",null,"M","T","M","M","?","R","E","M","T","R","M","R","T","$","R","B",null,"R","$","E","B"],"character_chosen":"IRONCLAD","items_purchased":["Wild Strike","Twin Strike","DollysMirror","Bottled Lightning","Wild Strike","Bronze Scales","Frozen Eye","Enlightenment"],"campfire_rested":4,"item_purchase_floors":[5,20,48,53,53,53,53,53],"current_hp_per_floor":[80,79,79,78,78,78,80,75,75,59,64,35,24,30,70,81,84,83,75,75,75,75,51,51,51,51,51,43,50,56,56,56,67,81,80,80,81,54,95,95,41,25,25,68,55,55,55,55,95,21,77,95,95,63,0,0],"gold":91,"neow_bonus":"RANDOM_COMMON_RELIC","is_daily":false,"chose_seed":false,"campfire_upgraded":5,"win_rate":0.0,"timestamp":1613921084,"path_taken":["M","M","?","M","$","R","E","M","T","?","?","E","?","E","R","BOSS","M","M","$","?","?","E","M","R","T","R","?","E","M","?","R","BOSS","M","?","?","M","?","R","E","M","T","R","?","R","?","$","R","BOSS","R","$","E","BOSS"],"items_purchased_type":["Card","Card","Relic","Relic","Card","Relic","Relic","Card"],"build_version":"2020-12-22","purchased_purges":0,"victory":false,"max_hp_per_floor":[80,80,80,80,80,80,80,80,80,80,85,85,85,85,85,85,85,85,85,85,85,85,85,85,85,85,85,85,85,85,85,85,85,85,85,85,85,85,95,95,95,95,95,95,95,95,95,95,95,95,95,95,95,95,95,95],"card_choices":[{"not_picked":["True Grit","Infernal Blade"],"picked":"Perfected Strike","floor":1},{"not_picked":["Anger","Infernal Blade"],"picked":"Intimidate","floor":2},{"not_picked":["Metallicize","True Grit","Heavy Blade"],"picked":"SKIP","floor":4},{"not_picked":["Warcry","Shockwave"],"picked":"Headbutt","floor":7},{"not_picked":["Feel No Pain","Clothesline","Blood for Blood"],"picked":"SKIP","floor":8},{"not_picked":["Burning Pact","Reckless Charge"],"picked":"Cleave","floor":12},{"not_picked":["Clash","Dual Wield","Blood for Blood"],"picked":"SKIP","floor":14},{"not_picked":["Bludgeon","Juggernaut"],"picked":"Double Tap","floor":16},{"not_picked":["Anger","Entrench"],"picked":"Shrug It Off","floor":18},{"not_picked":["Power Through","Disarm"],"picked":"Wild Strike","floor":19},{"not_picked":["Infernal Blade","Anger","Clothesline"],"picked":"SKIP","floor":23},{"not_picked":["Clash","Thunderclap","Iron Wave+1"],"picked":"SKIP","floor":24},{"not_picked":["Bloodletting","Carnage"],"picked":"Shockwave","floor":28},{"not_picked":["True Grit","Anger"],"picked":"Twin Strike","floor":29},{"not_picked":["Flex","Thunderclap","Brutality"],"picked":"SKIP","floor":30},{"not_picked":["Brutality","Fiend Fire"],"picked":"Offering","floor":33},{"not_picked":["Armaments","Pummel","Iron Wave+1"],"picked":"SKIP","floor":35},{"not_picked":["Body Slam","Warcry+1","Sword Boomerang+1"],"picked":"SKIP","floor":37},{"not_picked":["Sentinel+1","Evolve+1","Disarm"],"picked":"SKIP","floor":38},{"not_picked":["Exhume","Uppercut"],"picked":"Sever Soul","floor":41},{"not_picked":["Iron Wave","Clothesline+1"],"picked":"Pommel Strike+1","floor":42},{"not_picked":["Flame Barrier","Bloodletting"],"picked":"Twin Strike","floor":45},{"not_picked":["Flex+1","Ghostly Armor+1","Havoc"],"picked":"SKIP","floor":54}],"player_experience":428220,"relics_obtained":[{"floor":3,"key":"Paper Frog"},{"floor":7,"key":"Pantograph"},{"floor":9,"key":"Tiny Chest"},{"floor":12,"key":"Regal Pillow"},{"floor":14,"key":"War Paint"},{"floor":21,"key":"Akabeko"},{"floor":23,"key":"Meat on the Bone"},{"floor":26,"key":"Red Skull"},{"floor":28,"key":"Red Mask"},{"floor":29,"key":"Centennial Puzzle"},{"floor":41,"key":"CeramicFish"},{"floor":43,"key":"Kunai"},{"floor":47,"key":"Ancient Tea Set"},{"floor":54,"key":"Boot"}],"event_choices":[{"damage_healed":0,"gold_gain":0,"player_choice":"Entered Light","damage_taken":16,"max_hp_gain":0,"max_hp_loss":0,"event_name":"Shining Light","floor":10,"gold_loss":0,"cards_upgraded":["Strike_R","Defend_R"]},{"damage_healed":0,"gold_gain":0,"player_choice":"Donut","damage_taken":0,"max_hp_gain":5,"max_hp_loss":0,"event_name":"Big Fish","floor":11,"gold_loss":0},{"damage_healed":0,"gold_gain":75,"player_choice":"Gather Gold","damage_taken":11,"max_hp_gain":0,"max_hp_loss":0,"event_name":"World of Goop","floor":13,"gold_loss":0},{"damage_healed":0,"gold_gain":0,"player_choice":"Read","damage_taken":0,"max_hp_gain":0,"max_hp_loss":0,"event_name":"The Library","floor":22,"gold_loss":0,"cards_obtained":["Perfected Strike"]},{"damage_healed":0,"gold_gain":0,"player_choice":"Fought Bandits","damage_taken":0,"max_hp_gain":0,"max_hp_loss":0,"event_name":"Masked Bandits","floor":28,"gold_loss":0},{"damage_healed":0,"gold_gain":0,"player_choice":"Ignored","damage_taken":0,"max_hp_gain":0,"max_hp_loss":0,"event_name":"Ghosts","floor":31,"gold_loss":0},{"cards_removed":["Offering"],"damage_healed":31,"gold_gain":0,"player_choice":"Offered Rare","damage_taken":0,"max_hp_gain":10,"max_hp_loss":0,"event_name":"Bonfire Elementals","floor":39,"gold_loss":0}],"is_beta":false,"boss_relics":[{"not_picked":["Tiny House","Fusion Hammer"],"picked":"Sozu"},{"not_picked":["Black Star","Mark of Pain"],"picked":"Runic Pyramid"}],"items_purged_floors":[],"is_endless":false,"potions_floor_spawned":[2,4,14,16,23,24,35,38,41],"killed_by":"The Heart","ascension_level":5}}