{"host":"vgmhxp0kxvybuvcq","time":1613948568,"event":{"mods":["BaseMod","Minty Spire (QoL Compilation)","Replay The Spire","StSLib"],"gold_per_floor":[109,69,69,69,19,92,92,151,151,197,247,422,422,470,470,470,470],"floor_reached":16,"language":"ENG","playtime":473,"items_purged":[],"score":181,"play_id":"e78a2dad-967d-4d67-bff2-cf9a58471086","local_time":"20210221150248","is_ascension_mode":true,"campfire_choices":[{"data":"Genetic Algorithm","floor":7,"key":"SMITH"},{"data":"Zap","floor":15,"key":"SMITH"}],"circlet_count":0,"master_deck":["Strike_B","Strike_B","Strike_B","Defend_B","Defend_B","Defend_B","Defend_B+1","Zap+1","Dualcast","Conserve Battery+1","Loop","Genetic Algorithm+1","ReplayTheSpireMod:Calculation Training","Redo","Static Discharge","Doubt","Voices","Steam"],"relics":["Cracked Core","NeowsBlessing","ReplayTheSpireMod:Ring of Challenge","Pet Ghost","Letter Opener","Iron Hammer"],"acts_visited":["Exordium"],"potions_floor_usage":[16,16,16],"damage_taken":[{"damage":0,"enemies":"Jaw Worm","floor":1,"turns":1},{"damage":0,"enemies":"Replay:BlueRogue","floor":6,"turns":1},{"damage":0,"enemies":"Small Slimes","floor":8,"turns":1},{"damage":4,"enemies":"2 Louse","floor":10,"turns":3},{"damage":6,"enemies":"2 Fungi Beasts","floor":11,"turns":6},{"damage":3,"enemies":"Exordium Wildlife","floor":14,"turns":2},{"damage":40,"enemies":"Slime Boss","floor":16,"turns":6}],"seed_played":"7582821399187991089","potions_obtained":[{"floor":10,"key":"SneckoOil"},{"floor":11,"key":"DuplicationPotion"},{"floor":14,"key":"ColorlessPotion"}],"is_trial":false,"path_per_floor":["M","$","?","?","?","E","R","M","T","M","M","?","?","M","R","B"],"character_chosen":"DEFECT","items_purchased":["Loop"],"campfire_rested":0,"item_purchase_floors":[2],"current_hp_per_floor":[68,68,53,53,53,53,53,53,53,49,43,43,43,40,40,0,0],"gold":470,"neow_bonus":"THREE_ENEMY_KILL","is_daily":false,"chose_seed":false,"campfire_upgraded":2,"win_rate":0.0,"timestamp":1613948568,"path_taken":["M","$","?","?","?","E","R","M","T","M","M","?","?","M","R","BOSS"],"items_purchased_type":["Card"],"build_version":"2020-12-22","purchased_purges":0,"victory":false,"max_hp_per_floor":[75,75,75,75,75,75,75,75,75,75,75,75,75,75,75,75,75],"card_choices":[{"not_picked":["Go for the Eyes","ReplayTheSpireMod:Repulse"],"picked":"Conserve Battery","floor":1},{"not_picked":["BootSequence","Panic Button"],"picked":"Genetic Algorithm","floor":6},{"not_picked":["Beam Cell","FTL"],"picked":"ReplayTheSpireMod:Calculation Training","floor":8},{"not_picked":["ReplayTheSpireMod:GoodbyeWorld","ReplayTheSpireMod:Omega Cannon"],"picked":"Redo","floor":10},{"not_picked":["Darkness","Sunder"],"picked":"Static Discharge","floor":11},{"not_picked":["Barrage","Tempest"],"picked":"Steam","floor":14}],"player_experience":331394,"relics_obtained":[{"floor":4,"key":"ReplayTheSpireMod:Ring of Challenge"},{"floor":6,"key":"Pet Ghost"},{"floor":9,"key":"Letter Opener"},{"floor":11,"key":"Iron Hammer"}],"event_choices":[{"damage_healed":0,"gold_gain":0,"player_choice":"Entered Light","damage_taken":15,"max_hp_gain":0,"max_hp_loss":0,"event_name":"Shining Light","floor":3,"gold_loss":0,"cards_upgraded":["Conserve Battery","Defend_B"]},{"cards_removed":["Strike_B"],"damage_healed":0,"gold_gain":0,"player_choice":"Card Removal","damage_taken":0,"max_hp_gain":0,"max_hp_loss":0,"event_name":"The Cleric","floor":5,"gold_loss":50},{"damage_healed":0,"gold_gain":175,"player_choice":"AGREE","damage_taken":0,"max_hp_gain":0,"max_hp_loss":0,"event_name":"Liars Game","floor":12,"gold_loss":0,"cards_obtained":["Doubt"]}],"is_beta":false,"boss_relics":[],"items_purged_floors":[],"is_endless":false,"potions_floor_spawned":[10,11,14],"killed_by":"Slime Boss","ascension_level":9}}