{"host":"ffjrj7fisyni1ebk","time":1613930841,"event":{"mods":["2.2 Compatiblity","BaseMod","Bestiary","Colored Map","Colored Powertips","Curses Come First","Highlight Path","Keyboard Shortcuts","Minty Spire (QoL Compilation)","Relic Stats","Slay the Relics Exporter","StSLib","SuperFastMode"],"gold_per_floor":[114,132,145,44,44,44,62,62,134,151,151,2,2,28,28,125,125,140,153,253,270,1,1,29,29,29,0,0,11,11,31,31,133,133,146,157,0,0,20,20,33,33,60,79,5,18,50,68,68,68],"floor_reached":51,"language":"ENG","playtime":2578,"items_purged":["Strike_P","Strike_P"],"score":699,"play_id":"baafecd9-1804-4dfc-b955-02453ac7c066","local_time":"20210221200721","is_ascension_mode":false,"campfire_choices":[{"data":"PathToVictory","floor":8.0,"key":"SMITH"},{"data":"Eruption","floor":11.0,"key":"SMITH"},{"data":"Prostrate","floor":13.0,"key":"SMITH"},{"floor":15.0,"key":"REST"},{"floor":23.0,"key":"REST"},{"data":"Wallop","floor":30.0,"key":"SMITH"},{"data":"Vault","floor":32.0,"key":"SMITH"},{"data":"Vault","floor":40.0,"key":"SMITH"},{"data":"Tantrum","floor":42.0,"key":"SMITH"},{"floor":49.0,"key":"REST"}],"circlet_count":0,"master_deck":["Defend_P","Defend_P","Eruption+1","Vigilance+1","CutThroughFate","FollowUp","Tantrum+1","PathToVictory+1","ReachHeaven","Prostrate+1","FearNoEvil","Vault+1","Wallop+1","EmptyFist","Consecrate","Vault+1","WheelKick+1","JustLucky","PathToVictory+1","Protect","SashWhip","Collect+1","ThirdEye","Prostrate","WheelKick+1","Halt+1","Swivel"],"relics":["Runic Pyramid","Strange Spoon","Tiny Chest","Busted Crown","Nunchaku","Bag of Marbles","Pantograph","Mango","Empty Cage","DollysMirror","Pen Nib","Bag of Preparation"],"acts_visited":["Exordium","TheCity","TheBeyond"],"potions_floor_usage":[],"damage_taken":[{"damage":1.0,"enemies":"Jaw Worm","floor":1.0,"turns":3.0},{"damage":0.0,"enemies":"Small Slimes","floor":2.0,"turns":4.0},{"damage":0.0,"enemies":"Cultist","floor":3.0,"turns":2.0},{"damage":0.0,"enemies":"Blue Slaver","floor":7.0,"turns":4.0},{"damage":0.0,"enemies":"Looter","floor":10.0,"turns":2.0},{"damage":10.0,"enemies":"Lagavulin","floor":14.0,"turns":4.0},{"damage":34.0,"enemies":"Hexaghost","floor":16.0,"turns":6.0},{"damage":26.0,"enemies":"3 Byrds","floor":18.0,"turns":4.0},{"damage":0.0,"enemies":"Spheric Guardian","floor":19.0,"turns":2.0},{"damage":5.0,"enemies":"Cultist and Chosen","floor":21.0,"turns":6.0},{"damage":2.0,"enemies":"Book of Stabbing","floor":24.0,"turns":6.0},{"damage":13.0,"enemies":"Snake Plant","floor":29.0,"turns":3.0},{"damage":0.0,"enemies":"Sentry and Sphere","floor":31.0,"turns":4.0},{"damage":37.0,"enemies":"Automaton","floor":33.0,"turns":10.0},{"damage":31.0,"enemies":"3 Shapes","floor":35.0,"turns":4.0},{"damage":3.0,"enemies":"Orb Walker","floor":36.0,"turns":2.0},{"damage":0.0,"enemies":"Transient","floor":39.0,"turns":6.0},{"damage":0.0,"enemies":"Writhing Mass","floor":41.0,"turns":3.0},{"damage":17.0,"enemies":"4 Shapes","floor":44.0,"turns":4.0},{"damage":2.0,"enemies":"Jaw Worm Horde","floor":46.0,"turns":3.0},{"damage":24.0,"enemies":"Nemesis","floor":47.0,"turns":7.0},{"damage":0.0,"enemies":"Transient","floor":48.0,"turns":5.0},{"damage":62,"enemies":"Awakened One","floor":50,"turns":11}],"seed_played":"8033201638997315386","potions_obtained":[{"floor":2.0,"key":"Weak Potion"},{"floor":3.0,"key":"AttackPotion"},{"floor":10.0,"key":"BottledMiracle"},{"floor":16.0,"key":"Block Potion"},{"floor":19.0,"key":"Weak Potion"},{"floor":24.0,"key":"PowerPotion"},{"floor":29.0,"key":"Block Potion"},{"floor":33.0,"key":"LiquidBronze"},{"floor":35.0,"key":"FearPotion"},{"floor":44.0,"key":"Regen Potion"},{"floor":46.0,"key":"Dexterity Potion"},{"floor":48.0,"key":"SpeedPotion"}],"is_trial":false,"path_per_floor":["M","M","M","$","?","?","M","R","T","M","R","$","R","E","R","B",null,"M","M","?","M","$","R","E","$","T","?","T","M","R","M","R","B",null,"M","M","$","?","M","R","M","R","T","M","$","M","E","M","R","B",null],"character_chosen":"WATCHER","items_purchased":["PathToVictory","Strange Spoon","Nunchaku","Consecrate","DollysMirror","ThirdEye","Prostrate"],"campfire_rested":3,"item_purchase_floors":[4,12,22,22,37,45,45],"current_hp_per_floor":[71,71,71,71,57,57,57,57,57,57,57,57,57,47,68,34,72,46,46,46,41,41,62,60,60,60,60,74,61,61,61,61,49,86,55,52,52,52,52,52,52,52,52,35,35,33,14,14,39,2],"gold":68,"neow_bonus":"BOSS_RELIC","is_daily":false,"chose_seed":false,"campfire_upgraded":7,"win_rate":0.0,"timestamp":1613930841,"path_taken":["M","M","M","$","?","?","M","R","T","M","R","$","R","E","R","BOSS","M","M","?","M","$","R","E","?","T","?","?","?","R","M","R","BOSS","M","M","$","?","M","R","M","R","T","M","$","M","E","M","R","BOSS"],"items_purchased_type":["Card","Relic","Relic","Card","Relic","Card","Card"],"build_version":"2020-12-22","purchased_purges":2,"victory":true,"max_hp_per_floor":[72,72,72,72,72,72,72,72,72,72,72,72,72,72,72,72,72,72,72,72,72,72,72,72,72,72,72,86,86,86,86,86,86,86,86,86,86,86,86,86,86,86,86,86,86,86,86,86,86,86],"relic_stats":{"Strange Spoon":[20],"Nunchaku":[18],"Busted Crown":30,"counters":[23,105],"Pantograph":50,"Tiny Chest":1,"Pen Nib":[8],"Bag of Preparation":[4],"obtain_stats":[{"Mango":28,"Pen Nib":43,"Bag of Preparation":47,"Empty Cage":34,"Strange Spoon":12,"Nunchaku":22,"Busted Crown":17,"DollysMirror":37,"Pantograph":26,"Tiny Chest":14,"Bag of Marbles":24,"PureWater":0,"Runic Pyramid":0},{"Mango":11,"Pen Nib":18,"Bag of Preparation":21,"Empty Cage":14,"Strange Spoon":5,"Nunchaku":10,"Busted Crown":7,"DollysMirror":16,"Pantograph":11,"Tiny Chest":6,"Bag of Marbles":11,"PureWater":0,"Runic Pyramid":0},{"Mango":43,"Pen Nib":75,"Bag of Preparation":89,"Empty Cage":60,"Strange Spoon":15,"Nunchaku":37,"Busted Crown":25,"DollysMirror":66,"Pantograph":43,"Tiny Chest":19,"Bag of Marbles":43,"PureWater":0,"Runic Pyramid":0}]},"card_choices":[{"not_picked":["SignatureMove","Prostrate"],"picked":"CutThroughFate","floor":1.0},{"not_picked":["EmptyMind","Swivel"],"picked":"FollowUp","floor":2.0},{"not_picked":["CutThroughFate","Evaluate"],"picked":"Tantrum","floor":3.0},{"not_picked":["CutThroughFate","Tantrum"],"picked":"ReachHeaven","floor":7.0},{"not_picked":["Meditate","FollowUp"],"picked":"Prostrate","floor":10.0},{"not_picked":["CutThroughFate","Sanctity"],"picked":"FearNoEvil","floor":14.0},{"not_picked":["Omniscience","Wish"],"picked":"Vault","floor":16.0},{"not_picked":["BowlingBash"],"picked":"SKIP","floor":18.0},{"not_picked":[],"picked":"Wallop","floor":19.0},{"not_picked":[],"picked":"EmptyFist","floor":21.0},{"not_picked":["EmptyFist"],"picked":"SKIP","floor":24.0},{"not_picked":["EmptyFist"],"picked":"SKIP","floor":29.0},{"not_picked":["Vengeance"],"picked":"SKIP","floor":31.0},{"not_picked":[],"picked":"Vault","floor":33.0},{"not_picked":[],"picked":"WheelKick+1","floor":35.0},{"not_picked":[],"picked":"JustLucky","floor":36.0},{"not_picked":[],"picked":"Protect","floor":39.0},{"not_picked":[],"picked":"SashWhip","floor":41.0},{"not_picked":[],"picked":"Collect+1","floor":44.0},{"not_picked":[],"picked":"WheelKick+1","floor":46.0},{"not_picked":[],"picked":"Halt+1","floor":47.0},{"not_picked":[],"picked":"Swivel","floor":48.0}],"player_experience":337179,"relics_obtained":[{"floor":14.0,"key":"Tiny Chest"},{"floor":24.0,"key":"Bag of Marbles"},{"floor":26.0,"key":"Pantograph"},{"floor":28.0,"key":"Mango"},{"floor":43.0,"key":"Pen Nib"},{"floor":47.0,"key":"Bag of Preparation"}],"event_choices":[{"damage_healed":0.0,"max_hp_gain":0.0,"max_hp_loss":0.0,"gold_gain":0.0,"event_name":"Shining Light","player_choice":"Entered Light","floor":5.0,"gold_loss":0.0,"damage_taken":14.0,"cards_upgraded":["Vigilance","Defend_P"]},{"cards_removed":["Strike_P"],"damage_healed":0.0,"max_hp_gain":0.0,"max_hp_loss":0.0,"gold_gain":0.0,"event_name":"Living Wall","player_choice":"Forget","floor":6.0,"gold_loss":0.0,"damage_taken":0.0},{"damage_healed":0.0,"max_hp_gain":0.0,"max_hp_loss":0.0,"gold_gain":100.0,"event_name":"Golden Shrine","player_choice":"Pray","floor":20.0,"gold_loss":0.0,"damage_taken":0.0},{"damage_healed":0.0,"max_hp_gain":0.0,"max_hp_loss":0.0,"gold_gain":0.0,"event_name":"Masked Bandits","player_choice":"Paid Fearfully","floor":27.0,"gold_loss":29.0,"damage_taken":0.0},{"cards_removed":["Defend_P"],"damage_healed":0.0,"max_hp_gain":0.0,"max_hp_loss":0.0,"gold_gain":0.0,"event_name":"Falling","player_choice":"Removed Skill","floor":38.0,"gold_loss":0.0,"damage_taken":0.0}],"is_beta":false,"boss_relics":[{"not_picked":["Ectoplasm","SacredBark"],"picked":"Busted Crown"},{"not_picked":["Tiny House","SlaversCollar"],"picked":"Empty Cage"}],"items_purged_floors":[4,22],"is_endless":false,"potions_floor_spawned":[2,3,10,16,19,24,29,33,35,44,46,48],"ascension_level":0}}