{"host":"nhhqxetgwwd7qseb","time":1613901391,"event":{"mods":["ATMod(阿瑾Mod)","Act Like it!","BaseMod","Chen","Dota2Spire","Downfall","Energized Spire","Gensokyo","Gremlin Mod","GungeonMod","Hallownest","Hermit","Koishi","LagranYue(拉格朗・月)","Marisa（F雨　魔理沙）","Minty Spire (QoL Compilation)","Pale of the Ancients","Permanent Neow","Prisma Mod","Quick Restart","Rare Cards Sparkle","Reimu（博丽灵梦）","Relic Stats","Reliquary","Remilia（蕾米莉亚）","Replay The Spire","SOS（斯巴达之子）","Spicy Shops","StSLib","The Alterego","The Bladedancer","The Bug Knight","The Cursed","The Saiyan","The Senshi","The Servant 0.9.4","TheWitcher","UnlockEverythingMod","WarShipGirlsR/战舰少女R mod","Warlord Emblem","Yakumo Yukari mod","Youmu（魂魄妖梦）","【功能Mod】混沌之环修复补丁","【功能Mod】聪明的最终Boss","【遗物卡牌】REMEMod","篝火指南"],"gold_per_floor":[114,114,114,124,124,151,151,163,190,205,236,236,270,287,287,384,384,402,82,113,113,123,148,148,160,207,239,239,250,261,275,275,380,380,396,82,92,92,107,107,117,117,117],"floor_reached":42,"language":"ZHS","playtime":3217,"items_purged":[],"score":662,"play_id":"2f31303e-d2cc-4559-9878-01fad1d001b5","local_time":"20210221175631","is_ascension_mode":false,"campfire_choices":[{"floor":7.0,"key":"RECALL"},{"data":"TheCursedMod:ReleasedStrength","floor":12.0,"key":"SMITH"},{"data":"TheCursedMod:LuckyCharm","floor":15.0,"key":"SMITH"},{"data":"TheCursedMod:HellsGateOpen","floor":24.0,"key":"SMITH"},{"floor":28.0,"key":"REST"},{"floor":32,"key":"REST"},{"floor":40,"key":"REST"}],"circlet_count":0,"master_deck":["TheCursedMod:Strike_TheCursed+1","TheCursedMod:Strike_TheCursed","TheCursedMod:Strike_TheCursed","TheCursedMod:Strike_TheCursed","TheCursedMod:Defend_TheCursed","TheCursedMod:Defend_TheCursed","TheCursedMod:Defend_TheCursed","TheCursedMod:Defend_TheCursed","TheCursedMod:CursedWand","TheCursedMod:CleanUpWorkshop","TheCursedMod:Dregs","AT_FamilyPortrait","TheCursedMod:Evocation","TheCursedMod:CursedWand","TheCursedMod:SmokeScreen","TheCursedMod:CursedBlade","TheCursedMod:ReleasedStrength+1","TheCursedMod:FuryStrike","TheCursedMod:LuckyCharm+1","TheCursedMod:DemonSword","TheCursedMod:CursedSpellbook","TheCursedMod:HellsGateOpen+1","TheCursedMod:SpitefulStrike","TheCursedMod:AbyssShockwave","TheCursedMod:SpitefulPray","TheCursedMod:CursedShiv","TheCursedMod:HellfireBreathing","TheCursedMod:SurpriseAttack+1","TheCursedMod:SpitefulStrike","TheCursedMod:DemonSword","TheCursedMod:SpitefulStrike"],"relics":["TheCursedMod:BlackMagic101","REME_ComplimentaryCards","AT_ATBox","NeowsBlessing","WarlordEmblem:QuestDruid","Orichalcum","Letter Opener","WarlordEmblem:VoidPower","HandDrill","reliquary:RedPaperclip","DemoMod:ResourcefulSack"],"acts_visited":["Exordium","TheCity","TheBeyond"],"potions_floor_usage":[33],"damage_taken":[{"damage":0.0,"enemies":"Small Slimes","floor":1.0,"turns":1.0},{"damage":0.0,"enemies":"2 Louse","floor":4.0,"turns":1.0},{"damage":0.0,"enemies":"3 Sentries","floor":6.0,"turns":1.0},{"damage":0.0,"enemies":"Cultist","floor":8.0,"turns":4.0},{"damage":0.0,"enemies":"Lots of Slimes","floor":10.0,"turns":6.0},{"damage":14.0,"enemies":"HollowMod:MossKnight","floor":11.0,"turns":11.0},{"damage":0.0,"enemies":"Gremlin Nob","floor":13.0,"turns":3.0},{"damage":10.0,"enemies":"Exordium Wildlife","floor":14.0,"turns":4.0},{"damage":25.0,"enemies":"Hexaghost","floor":16.0,"turns":10.0},{"damage":0.0,"enemies":"Spheric Guardian","floor":18.0,"turns":3.0},{"damage":0.0,"enemies":"Cultist and Chosen","floor":20.0,"turns":4.0},{"damage":11.0,"enemies":"Snake Plant","floor":22.0,"turns":3.0},{"damage":6.0,"enemies":"Replay:Snechameleon","floor":23.0,"turns":5.0},{"damage":0.0,"enemies":"Snecko","floor":25.0,"turns":4.0},{"damage":12.0,"enemies":"Book of Stabbing","floor":27.0,"turns":4.0},{"damage":11.0,"enemies":"3 Cultists","floor":29.0,"turns":5.0},{"damage":0,"enemies":"Shelled Parasite and Fungi","floor":30,"turns":2},{"damage":12,"enemies":"Snake Plant","floor":31,"turns":4},{"damage":3,"enemies":"Pondfish","floor":33,"turns":8},{"damage":27,"enemies":"3 Darklings","floor":35,"turns":3},{"damage":10,"enemies":"3 Shapes","floor":37,"turns":4},{"damage":3,"enemies":"Jaw Worm Horde","floor":39,"turns":2},{"damage":16,"enemies":"4 Shapes","floor":41,"turns":3},{"damage":43,"enemies":"Nemesis","floor":42,"turns":2}],"seed_played":"6985642888757130953","potions_obtained":[{"floor":6.0,"key":"SmokeBomb"},{"floor":8.0,"key":"bronze:BurnAndBuffPotion"},{"floor":10.0,"key":"Fire Potion"},{"floor":31,"key":"Ancient Potion"},{"floor":33,"key":"champ:CounterPotion"}],"is_trial":false,"path_per_floor":["M","?","?","M","$","E","R","M","T","M","E","R","E","M","R","B",null,"M","$","M","?","M","E","R","M","T","E","R","M","M","M","R","B",null,"M","$","M","$","M","R","M","E"],"character_chosen":"THE_CURSED","items_purchased":["HandDrill","TheCursedMod:HellsGateOpen","TheCursedMod:SpitefulStrike","DemoMod:ResourcefulSack"],"campfire_rested":3,"item_purchase_floors":[19,19,19,36],"current_hp_per_floor":[75,75,75,75,75,75,75,75,75,75,61,61,61,51,51,26,75,75,75,75,75,64,58,58,58,58,46,68,57,57,45,67,64,75,48,48,38,38,35,57,41,0,0],"gold":117,"neow_bonus":"THREE_ENEMY_KILL","is_daily":false,"chose_seed":false,"campfire_upgraded":3,"win_rate":0.0,"timestamp":1613901391,"path_taken":["M","?","?","?","$","E","R","M","T","?","E","R","E","M","R","BOSS","M","$","M","?","M","E","R","M","T","E","R","?","M","M","R","BOSS","M","$","M","?","M","R","M","E"],"items_purchased_type":["Relic","Card","Card","Relic"],"build_version":"2020-12-22","purchased_purges":0,"victory":false,"max_hp_per_floor":[75,75,75,75,75,75,75,75,75,75,75,75,75,75,75,75,75,75,75,75,75,75,75,75,75,75,75,75,75,75,75,75,75,75,75,75,75,75,75,75,75,75,75],"relic_stats":{"counters":[24,96],"HandDrill":[34],"Letter Opener":[93],"Orichalcum":[36],"obtain_stats":[{"TheCursedMod:BlackMagic101":0,"WarlordEmblem:VoidPower":17,"DemoMod:BlueGuonStone":11,"AT_ATBox":0,"NeowsBlessing":0,"DemoMod:GlassGuonStoneRelic":4,"Letter Opener":13,"Orichalcum":9,"REME_LimitBreaker":27,"reliquary:RedPaperclip":34,"WarlordEmblem:QuestDruid":6,"HandDrill":19,"DemoMod:ResourcefulSack":36,"REME_ComplimentaryCards":0},{"TheCursedMod:BlackMagic101":0,"WarlordEmblem:VoidPower":9,"DemoMod:BlueGuonStone":6,"AT_ATBox":0,"NeowsBlessing":0,"DemoMod:GlassGuonStoneRelic":2,"Letter Opener":7,"Orichalcum":4,"REME_LimitBreaker":15,"reliquary:RedPaperclip":19,"WarlordEmblem:QuestDruid":3,"HandDrill":10,"DemoMod:ResourcefulSack":20,"REME_ComplimentaryCards":0},{"TheCursedMod:BlackMagic101":0,"WarlordEmblem:VoidPower":41,"DemoMod:BlueGuonStone":24,"AT_ATBox":0,"NeowsBlessing":0,"DemoMod:GlassGuonStoneRelic":2,"Letter Opener":27,"Orichalcum":7,"REME_LimitBreaker":64,"reliquary:RedPaperclip":82,"WarlordEmblem:QuestDruid":3,"HandDrill":44,"DemoMod:ResourcefulSack":85,"REME_ComplimentaryCards":0}]},"card_choices":[{"not_picked":["TheCursedMod:CircleOfFocus","TheCursedMod:CursedAmulet"],"picked":"TheCursedMod:Evocation","floor":1.0},{"not_picked":["TheCursedMod:TacticalStrike","TheCursedMod:CursedAmulet","TheCursedMod:SpitefulPlan"],"picked":"SKIP","floor":4.0},{"not_picked":["TheCursedMod:TroublousMinions","TheCursedMod:TacticalStrike","TheCursedMod:CircleOfAmplification"],"picked":"SKIP","floor":6.0},{"not_picked":["TheCursedMod:CursedAmulet","TheCursedMod:CircleOfWindfury"],"picked":"TheCursedMod:SmokeScreen","floor":8.0},{"not_picked":["TheCursedMod:RapidMovement","TheCursedMod:SmokeScreen"],"picked":"TheCursedMod:CursedBlade","floor":10.0},{"not_picked":["TheCursedMod:AshesToAshes","TheCursedMod:ReleasedKnowledge"],"picked":"TheCursedMod:ReleasedStrength","floor":11.0},{"not_picked":["TheCursedMod:Obscuration","TheCursedMod:SpitefulStrike"],"picked":"TheCursedMod:FuryStrike","floor":13.0},{"not_picked":["TheCursedMod:SmokeScreen","TheCursedMod:VitalStrike"],"picked":"TheCursedMod:LuckyCharm","floor":14.0},{"not_picked":["TheCursedMod:ForbiddenAlchemy","TheCursedMod:StunningStrike"],"picked":"TheCursedMod:DemonSword","floor":16.0},{"not_picked":["TheCursedMod:AbyssShockwave","TheCursedMod:VitalStrike+1"],"picked":"TheCursedMod:CursedSpellbook","floor":18.0},{"not_picked":["TheCursedMod:CursedAmulet","TheCursedMod:CursedBlade+1"],"picked":"TheCursedMod:AbyssShockwave","floor":20.0},{"not_picked":["TheCursedMod:CursedShiv","TheCursedMod:Evocation"],"picked":"TheCursedMod:SpitefulPray","floor":22.0},{"not_picked":["TheCursedMod:RavingStaff","TheCursedMod:SoulCrush","TheCursedMod:Wield"],"picked":"SKIP","floor":23.0},{"not_picked":["TheCursedMod:AbyssShockwave+1","TheCursedMod:RapidMovement+1","TheCursedMod:TacticalStrike"],"picked":"SKIP","floor":25.0},{"not_picked":["TheCursedMod:FleshFromBone+1","TheCursedMod:Stretching","TheCursedMod:CircleOfWindfury"],"picked":"SKIP","floor":27.0},{"not_picked":["TheCursedMod:SpitefulPray","TheCursedMod:Hemoplague"],"picked":"TheCursedMod:CursedShiv","floor":29.0},{"not_picked":["TheCursedMod:CircleOfFlame+1","TheCursedMod:Torture"],"picked":"TheCursedMod:HellfireBreathing","floor":30},{"not_picked":["TheCursedMod:CircleOfFlame","TheCursedMod:BlessingInDisguise"],"picked":"TheCursedMod:SurpriseAttack+1","floor":31},{"not_picked":["TheCursedMod:SmokeScreen+1","TheCursedMod:NeowsMight"],"picked":"TheCursedMod:SpitefulStrike","floor":35},{"not_picked":["TheCursedMod:Wield+1","TheCursedMod:RavingStaff","TheCursedMod:SmokeScreen"],"picked":"SKIP","floor":37},{"not_picked":["TheCursedMod:EmpowerCircles","TheCursedMod:VitalStrike"],"picked":"TheCursedMod:DemonSword","floor":39},{"not_picked":["TheCursedMod:CursedMace","TheCursedMod:LuckyCharm"],"picked":"TheCursedMod:SpitefulStrike","floor":41}],"player_experience":124985,"relics_obtained":[{"floor":6.0,"key":"WarlordEmblem:QuestDruid"},{"floor":9.0,"key":"Orichalcum"},{"floor":11.0,"key":"DemoMod:BlueGuonStone"},{"floor":13.0,"key":"Letter Opener"},{"floor":27.0,"key":"REME_LimitBreaker"}],"event_choices":[{"damage_healed":0.0,"max_hp_gain":0.0,"max_hp_loss":0.0,"gold_gain":0.0,"event_name":"The Woman in Blue","player_choice":"Bought 0 Potions","floor":21.0,"gold_loss":0.0,"damage_taken":0.0}],"is_beta":false,"boss_relics":[{"not_picked":["Pandora\u0027s Box","REME_DuelDisc"],"picked":"WarlordEmblem:VoidPower"},{"not_picked":["reliquary:KinkedSpring","LagranYue:ContractPerformanceRelic"],"picked":"reliquary:RedPaperclip"}],"items_purged_floors":[],"is_endless":false,"potions_floor_spawned":[6,8,10,14,20,23,31,33,39],"killed_by":"Nemesis","ascension_level":0}}