{"host":"ocll6kdfqxraqtza","time":1613885772,"event":{"mods":["100% Spire Juice","2.2 Compatiblity","Act Like it!","Arknights","Aspiration","BaseMod","Better Third Choice","Gensokyo","Good Game Mod","Hermit","Hubris","Jorbs\u0027s Wanderer Trilogy","Luminous","MarisaÅiñ∂âJÅ@ñÇóùçπÅj","Minty Spire (QoL Compilation)","Reliquary","Replay The Spire","Ruina","Shade Mod","Spire Arcade","StSLib","The Alterego","The Cursed","The Hierophant","The Marked","The Runesmith","Wandering Minibosses"],"gold_per_floor":[109,136,86,86,11,41,41,55,55,155,155,165,165,179,179,277,277,288,288,188,188,199,233,233,247,247,147,167,167,201,201,201],"floor_reached":31,"language":"ENG","playtime":1294,"items_purged":["Defend_MRS","Strike_MRS"],"score":331,"play_id":"a24a5176-c76f-4d2f-a617-70b7deb1c627","local_time":"20210221133612","is_ascension_mode":false,"campfire_choices":[{"data":"BlazeAway","floor":11,"key":"SMITH"},{"data":"OneTimeOff","floor":13,"key":"SMITH"},{"data":"theMarked:Challenge","floor":15,"key":"SMITH"},{"data":"Sneak Up","floor":24,"key":"SMITH"},{"data":"OrrerysSun","floor":29,"key":"SMITH"}],"circlet_count":0,"master_deck":["Strike_MRS","Strike_MRS","MasterSpark","UpSweep","theMarked:Challenge+1","UnstableBomb","OneTimeOff+1","Gensokyo:BlessingOfConstitution","Singularity","BlazeAway+1","RefractionSpark","AsteroidBelt","CollectingQuirk","GalacticHalo","MillisecondPulsars","hubris:TrickCloak","Tactician","Sneak Up+1","StarBarrage","GravityBeat+1","6A+1","SuperPerseids","OrrerysSun+1","GravityBeat+1"],"relics":["BewitchedHakkero","REME:ComplimentaryCards","NeowsBlessing","Bronze Scales","Mango","hubris:MedicalManual","reliquary:Sod","Replay:Grab Bag","Coffee Dripper","Philosopher\u0027s Stone","hubris:Towel","Letter Opener","Replay:PocketPolymizer","Juzu Bracelet"],"acts_visited":["Gensokyo:Gensokyo","ruina:Briah"],"potions_floor_usage":[14,22,30],"damage_taken":[{"damage":0,"enemies":"Gensokyo:Python","floor":1,"turns":1},{"damage":0,"enemies":"Gensokyo:Cirno","floor":2,"turns":2},{"damage":0,"enemies":"Gensokyo:Cirno","floor":6,"turns":2},{"damage":3,"enemies":"Gensokyo:3_Fairies","floor":8,"turns":3},{"damage":4,"enemies":"Gensokyo:2_Kodama","floor":12,"turns":3},{"damage":0,"enemies":"Gensokyo:5_Fairies","floor":14,"turns":4},{"damage":17,"enemies":"Gensokyo:Reimu","floor":16,"turns":10},{"damage":3,"enemies":"ruina:Nosferatu","floor":18,"turns":3},{"damage":12,"enemies":"ruina:BadWolf","floor":22,"turns":5},{"damage":5,"enemies":"ruina:ServantOfWrath","floor":23,"turns":4},{"damage":20,"enemies":"ruina:QueenOfHate","floor":25,"turns":4},{"damage":4,"enemies":"ruina:Woodsman","floor":28,"turns":4},{"damage":33,"enemies":"ruina:Mountain","floor":30,"turns":6}],"seed_played":"276163018676172360","potions_obtained":[{"floor":2,"key":"DistilledChaos"},{"floor":14,"key":"LifebloodPotion"},{"floor":16,"key":"GamblersBrew"},{"floor":22,"key":"SkillPotion"},{"floor":25,"key":"Ancient Potion"},{"floor":30,"key":"SteroidPotion"}],"is_trial":false,"path_per_floor":["M","?","?","?","$","E","$","M","T","?","R","M","R","M","R","B",null,"M","?","?","?","M","E","R","M","T","$","M","R","E","?"],"character_chosen":"MARISA","items_purchased":[],"campfire_rested":0,"item_purchase_floors":[],"current_hp_per_floor":[75,75,75,68,68,68,68,65,65,65,65,61,61,61,61,44,89,86,86,86,86,74,69,69,49,49,49,45,45,12,0,0],"gold":201,"neow_bonus":"THREE_ENEMY_KILL","is_daily":false,"chose_seed":false,"campfire_upgraded":5,"win_rate":0.0,"timestamp":1613885772,"path_taken":["M","?","?","?","$","E","?","M","T","?","R","?","R","M","R","BOSS","M","?","?","?","?","E","R","M","T","$","M","R","E","?"],"items_purchased_type":[],"build_version":"2020-12-22","purchased_purges":2,"victory":false,"max_hp_per_floor":[75,75,75,89,89,89,89,89,89,89,89,89,89,89,89,89,89,89,89,89,89,89,89,89,89,89,89,89,89,89,89,89],"card_choices":[{"not_picked":["LuminesStrike","Acceleration"],"picked":"UnstableBomb","floor":1},{"not_picked":["MysteriousBeam","IllusionStar"],"picked":"OneTimeOff","floor":2},{"not_picked":["Orbital","SporeBomb"],"picked":"Singularity","floor":6},{"not_picked":["EnergyFlow","6A"],"picked":"BlazeAway","floor":8},{"not_picked":["EnergyRecoil","WitchLeyline"],"picked":"RefractionSpark","floor":12},{"not_picked":["Acceleration","EnergyRecoil"],"picked":"AsteroidBelt","floor":14},{"not_picked":["MaximisePower","AbsoluteMagnitude"],"picked":"CollectingQuirk","floor":16},{"not_picked":["PowerUp","NonDirectionalLaser"],"picked":"GalacticHalo","floor":18},{"not_picked":["SuperNova","AbsoluteMagnitude"],"picked":"MillisecondPulsars","floor":20},{"not_picked":["BlazeAway","WitchOfGreed"],"picked":"StarBarrage","floor":22},{"not_picked":["MachineGunSpark","DoubleSpark"],"picked":"GravityBeat+1","floor":23},{"not_picked":["WitchLeyline","LuminesStrike"],"picked":"6A+1","floor":25},{"not_picked":["PowerUp","UnstableBomb"],"picked":"SuperPerseids","floor":28},{"not_picked":["AsteroidBelt","IllusionStar"],"picked":"GravityBeat+1","floor":30}],"player_experience":556965,"relics_obtained":[{"floor":2,"key":"Bronze Scales"},{"floor":6,"key":"hubris:MedicalManual"},{"floor":9,"key":"reliquary:Sod"},{"floor":23,"key":"Letter Opener"},{"floor":26,"key":"Replay:PocketPolymizer"},{"floor":30,"key":"Juzu Bracelet"}],"event_choices":[],"is_beta":false,"boss_relics":[{"not_picked":["hubris:RunicObelisk","Black Star"],"picked":"Replay:Grab Bag"},{"not_picked":["hubris:CrackedHourglass","ChewingGum"],"picked":"Coffee Dripper"},{"not_picked":["Replay:Wanted Poster","RampagingMagicTools"],"picked":"Philosopher\u0027s Stone"},{"not_picked":["hubris:BlackHole","SacredBark"],"picked":"BewitchedHakkero"}],"items_purged_floors":[5,27],"is_endless":false,"potions_floor_spawned":[2,14,16,22,25,30],"ascension_level":0}}