{"host":"1v3mnj67s3trvm6y","time":1613902064,"event":{"mods":["BaseMod","Challenge The Spire","Minty Spire (QoL Compilation)","StSLib","The Cursed"],"gold_per_floor":[114,289,101,115,127,154,154,168,238,238,251,278,278,308,308,411,411,421,421,438,456,466,466,498,498,523,542,542,568,568,597,597,702,702,714,624,642,655,674,703,720,398,469,469,469],"floor_reached":44,"language":"ENG","playtime":3058,"items_purged":["TheCursedMod:Strike_TheCursed","TheCursedMod:Defend_TheCursed"],"score":525,"play_id":"70af9395-aa33-4062-a0be-7489933050f3","local_time":"20210221190744","is_ascension_mode":false,"campfire_choices":[{"data":"TheCursedMod:CleanUpWorkshop","floor":7,"key":"SMITH"},{"data":"TheCursedMod:CollectTribute","floor":10,"key":"SMITH"},{"floor":15,"key":"REST"},{"floor":23,"key":"REST"},{"floor":25,"key":"REST"},{"floor":28,"key":"RECALL"},{"data":"TheCursedMod:ManaCirculation","floor":30,"key":"SMITH"},{"floor":32,"key":"DIG"}],"circlet_count":0,"master_deck":["TheCursedMod:Strike_TheCursed","TheCursedMod:Strike_TheCursed","TheCursedMod:Strike_TheCursed+1","TheCursedMod:Defend_TheCursed","TheCursedMod:CursedWand","TheCursedMod:CleanUpWorkshop+1","TheCursedMod:Dregs","TheCursedMod:AbyssShockwave+1","Doubt","TheCursedMod:AshesToAshes+1","TheCursedMod:HellsGateOpen","TheCursedMod:ReleasedStrength","TheCursedMod:SpitefulStrike","TheCursedMod:RapidMovement","TheCursedMod:CollectTribute+1","TheCursedMod:Grudge","TheCursedMod:SpitefulPray","TheCursedMod:ManaCirculation+1","TheCursedMod:StingEye+1","TheCursedMod:Wield","TheCursedMod:LuckyCharm","TheCursedMod:Obscuration","TheCursedMod:RapidMovement+1","TheCursedMod:Neurasthenia","TheCursedMod:RapidMovement+1","TheCursedMod:RapidMovement+1","TheCursedMod:SpitefulPray","TheCursedMod:Wield+1","TheCursedMod:CursedBoomerang+1","Panache","TheCursedMod:HellfireBreathing","TheCursedMod:SpitefulPlan","Writhe"],"relics":["TheCursedMod:BlackMagic101","Shovel","The Courier","Toy Ornithopter","TheCursedMod:BloodyHarpoon","TheCursedMod:OminousMark","Gambling Chip","Whetstone","Pen Nib","StrikeDummy","Cursed Key","Smiling Mask","Singing Bowl"],"acts_visited":["Exordium","TheCity","TheBeyond"],"potions_floor_usage":[21,21,31,31,44],"damage_taken":[{"damage":0,"enemies":"2 Louse","floor":1,"turns":3},{"damage":0,"enemies":"Small Slimes","floor":4,"turns":4},{"damage":0,"enemies":"Cultist","floor":5,"turns":4},{"damage":14,"enemies":"Lagavulin","floor":6,"turns":6},{"damage":7,"enemies":"Lots of Slimes","floor":8,"turns":4},{"damage":5,"enemies":"Exordium Thugs","floor":11,"turns":5},{"damage":16,"enemies":"3 Sentries","floor":12,"turns":5},{"damage":5,"enemies":"Lagavulin","floor":14,"turns":5},{"damage":38,"enemies":"The Guardian","floor":16,"turns":9},{"damage":9,"enemies":"Shell Parasite","floor":18,"turns":4},{"damage":10,"enemies":"3 Byrds","floor":20,"turns":4},{"damage":5,"enemies":"Snake Plant","floor":21,"turns":3},{"damage":23,"enemies":"Chosen and Byrds","floor":22,"turns":5},{"damage":33,"enemies":"Book of Stabbing","floor":24,"turns":5},{"damage":2,"enemies":"Cultist and Chosen","floor":27,"turns":6},{"damage":9,"enemies":"Gremlin Leader","floor":31,"turns":6},{"damage":3,"enemies":"Champ","floor":33,"turns":10},{"damage":32,"enemies":"3 Darklings","floor":35,"turns":4},{"damage":0,"enemies":"3 Shapes","floor":37,"turns":3},{"damage":0,"enemies":"Transient","floor":38,"turns":5},{"damage":6,"enemies":"4 Shapes","floor":39,"turns":5},{"damage":14,"enemies":"Nemesis","floor":40,"turns":13},{"damage":45,"enemies":"Jaw Worm Horde","floor":41,"turns":6},{"damage":31,"enemies":"Writhing Mass","floor":44,"turns":3}],"seed_played":"3046214241830070139","potions_obtained":[{"floor":1,"key":"Dexterity Potion"},{"floor":4,"key":"ColorlessPotion"},{"floor":5,"key":"Block Potion"},{"floor":19,"key":"FairyPotion"},{"floor":27,"key":"PowerPotion"},{"floor":31,"key":"Fruit Juice"},{"floor":35,"key":"Ancient Potion"},{"floor":38,"key":"Energy Potion"},{"floor":41,"key":"SpeedPotion"}],"is_trial":false,"path_per_floor":["M","?","$","M","M","E","R","M","T","R","M","E","?","E","R","B",null,"M","?","M","M","M","R","E","R","T","M","R","T","R","E","R","B",null,"M","?","M","M","M","E","M","$","T","M"],"character_chosen":"THE_CURSED","items_purchased":["TheCursedMod:AshesToAshes","TheCursedMod:HellsGateOpen","Panache","TheCursedMod:HellfireBreathing","TheCursedMod:SpitefulPlan"],"campfire_rested":3,"item_purchase_floors":[3,3,42,42,42],"current_hp_per_floor":[75,75,75,75,75,61,61,54,54,54,49,33,33,28,50,12,75,66,66,56,61,38,60,27,49,49,47,47,47,47,53,53,50,80,48,48,48,48,42,28,13,13,13,0,0],"gold":469,"neow_bonus":"REMOVE_CARD","is_daily":false,"chose_seed":false,"campfire_upgraded":3,"win_rate":0.0,"timestamp":1613902064,"path_taken":["M","?","$","M","M","E","R","M","T","R","M","E","?","E","R","BOSS","M","?","?","M","?","R","E","R","T","M","R","?","R","E","R","BOSS","M","?","?","M","M","E","M","$","T","M"],"items_purchased_type":["Card","Card","Card","Card","Card"],"build_version":"2020-12-22","purchased_purges":2,"victory":false,"max_hp_per_floor":[75,75,75,75,75,75,75,75,75,75,75,75,75,75,75,75,75,75,75,75,75,75,75,75,75,75,75,75,75,75,80,80,80,80,80,80,80,80,80,80,80,80,80,80,80],"card_choices":[{"not_picked":["TheCursedMod:SpitefulStrike","TheCursedMod:RavingStaff"],"picked":"TheCursedMod:AbyssShockwave","floor":1},{"not_picked":["TheCursedMod:CursedAmulet","TheCursedMod:AbyssShockwave"],"picked":"TheCursedMod:ReleasedStrength","floor":4},{"not_picked":["TheCursedMod:CircleOfCorruption","TheCursedMod:TacticalStrike"],"picked":"TheCursedMod:SpitefulStrike","floor":5},{"not_picked":["TheCursedMod:Evocation","TheCursedMod:CircleOfWindfury"],"picked":"TheCursedMod:RapidMovement","floor":6},{"not_picked":["TheCursedMod:Stigma","TheCursedMod:CircleOfAmplification"],"picked":"TheCursedMod:CollectTribute","floor":8},{"not_picked":["TheCursedMod:CursedAmulet","TheCursedMod:DoubleShield"],"picked":"TheCursedMod:Grudge","floor":11},{"not_picked":["TheCursedMod:CircleOfFlame","TheCursedMod:Torture","TheCursedMod:SurpriseAttack"],"picked":"SKIP","floor":12},{"not_picked":["TheCursedMod:CursedMace","TheCursedMod:SurpriseAttack"],"picked":"TheCursedMod:SpitefulPray","floor":14},{"not_picked":["TheCursedMod:CollectTribute","TheCursedMod:ParallelWorld"],"picked":"TheCursedMod:ManaCirculation","floor":16},{"not_picked":["TheCursedMod:Torture","TheCursedMod:AbyssShockwave","TheCursedMod:CursedBlade+1"],"picked":"SKIP","floor":18},{"not_picked":["TheCursedMod:CircleOfFlame+1","TheCursedMod:CursedAmulet","TheCursedMod:CursedShiv+1"],"picked":"SKIP","floor":20},{"not_picked":["TheCursedMod:CursedAmulet","TheCursedMod:BlessingInDisguise"],"picked":"TheCursedMod:StingEye+1","floor":21},{"not_picked":["TheCursedMod:EmpowerCircles","TheCursedMod:SpitefulStrike"],"picked":"TheCursedMod:Wield","floor":22},{"not_picked":["TheCursedMod:CursedBlade","TheCursedMod:Stigma+1"],"picked":"TheCursedMod:LuckyCharm","floor":24},{"not_picked":["TheCursedMod:SurpriseAttack","TheCursedMod:SpitefulStrike"],"picked":"TheCursedMod:Obscuration","floor":27},{"not_picked":["TheCursedMod:TacticalStrike+1","TheCursedMod:RavingStaff"],"picked":"TheCursedMod:RapidMovement+1","floor":31},{"not_picked":["TheCursedMod:CursedRelics","TheCursedMod:ShockAndAwe"],"picked":"TheCursedMod:Neurasthenia","floor":33},{"not_picked":["TheCursedMod:RavingStaff","TheCursedMod:CursedAmulet"],"picked":"TheCursedMod:RapidMovement+1","floor":35},{"not_picked":["TheCursedMod:CursedBlade","TheCursedMod:Stigma"],"picked":"TheCursedMod:RapidMovement+1","floor":37},{"not_picked":["TheCursedMod:CursedStaff","TheCursedMod:BloodBarrier+1"],"picked":"TheCursedMod:SpitefulPray","floor":38},{"not_picked":["TheCursedMod:FuryStrike+1","TheCursedMod:Torture+1"],"picked":"TheCursedMod:Wield+1","floor":39},{"not_picked":["TheCursedMod:DoubleShield+1","TheCursedMod:ParallelWorld"],"picked":"TheCursedMod:CursedBoomerang+1","floor":40},{"not_picked":["TheCursedMod:BloodBarrier+1","TheCursedMod:WearCloak","TheCursedMod:SpitefulStrike"],"picked":"SKIP","floor":41}],"player_experience":1579938,"relics_obtained":[{"floor":6,"key":"Shovel"},{"floor":9,"key":"The Courier"},{"floor":12,"key":"Toy Ornithopter"},{"floor":14,"key":"TheCursedMod:BloodyHarpoon"},{"floor":24,"key":"Gambling Chip"},{"floor":29,"key":"Whetstone"},{"floor":31,"key":"Pen Nib"},{"floor":32,"key":"StrikeDummy"},{"floor":40,"key":"Smiling Mask"},{"floor":43,"key":"Singing Bowl"}],"event_choices":[{"damage_healed":0,"gold_gain":175,"player_choice":"AGREE","damage_taken":0,"max_hp_gain":0,"max_hp_loss":0,"event_name":"Liars Game","floor":2,"gold_loss":0,"cards_obtained":["Doubt"]},{"damage_healed":0,"gold_gain":0,"player_choice":"Ignored","damage_taken":0,"max_hp_gain":0,"max_hp_loss":0,"event_name":"Shining Light","floor":13,"gold_loss":0},{"damage_healed":0,"gold_gain":0,"player_choice":"Got Potions","damage_taken":0,"max_hp_gain":0,"max_hp_loss":0,"event_name":"Lab","floor":19,"gold_loss":0},{"cards_removed":["TheCursedMod:Defend_TheCursed"],"damage_healed":0,"gold_gain":0,"player_choice":"Upgrade and Remove","damage_taken":0,"max_hp_gain":0,"max_hp_loss":0,"event_name":"Designer","floor":36,"gold_loss":90,"cards_upgraded":["TheCursedMod:AshesToAshes"]}],"is_beta":false,"boss_relics":[{"not_picked":["Empty Cage","Black Star"],"picked":"TheCursedMod:OminousMark"},{"not_picked":["Runic Pyramid","Pandora\u0027s Box"],"picked":"Cursed Key"}],"items_purged_floors":[3,42],"is_endless":false,"potions_floor_spawned":[1,4,5,14,18,20,27,31,35,38,41],"killed_by":"Writhing Mass","ascension_level":0}}