{"host":"lv7etzzgwahaenh9","time":1613882853,"event":{"mods":["AchievementEnabler","BaseMod","Colored Map","Colored Powertips","Highlight Path","Minty Spire (QoL Compilation)","Permanent Neow","Quick Restart","Random Character Button","StSLib"],"gold_per_floor":[16,16,32,32,57,57,81,125,125,168,168,189,220,256,256,385,385,408,408,333,21,37,37,76,99,99,99,123,167,182,182,182,308,308,327,60,60,0,23,23,67,67,67,83,83,104,144,20,20,20,20,20,20,56,56,56],"floor_reached":55,"language":"ENG","playtime":3058,"items_purged":["Defend_P"],"score":1317,"play_id":"84842251-3d08-4ed6-8298-d9979b01da92","local_time":"20210220204733","is_ascension_mode":true,"campfire_choices":[{"floor":6.0,"key":"REST"},{"data":"Blasphemy","floor":11.0,"key":"SMITH"},{"data":"Consecrate","floor":15.0,"key":"SMITH"},{"data":"MasterReality","floor":23.0,"key":"SMITH"},{"data":"Eruption","floor":27.0,"key":"SMITH"},{"data":"Vigilance","floor":32.0,"key":"SMITH"},{"floor":40.0,"key":"RECALL"},{"data":"Warcry","floor":42.0,"key":"SMITH"},{"data":"LessonLearned","floor":45.0,"key":"SMITH"},{"floor":49.0,"key":"REST"},{"floor":52.0,"key":"REST"}],"circlet_count":0,"master_deck":["Strike_P+1","Strike_P+1","Eruption+1","Vigilance+1","Meditate+1","Consecrate+1","CrushJoints+1","DeceiveReality+1","ThirdEye+1","Blasphemy+1","WheelKick+1","SandsOfTime+1","LessonLearned+1","MasterReality+1","SandsOfTime+1","Halt+1","Omniscience+1","RitualDagger+1","Conserve Battery+1","True Grit+1","Warcry+1","Exhume+1","Reinforced Body+1"],"relics":["PureWater","Dead Branch","Golden Idol","Whetstone","InkBottle","Ice Cream","Odd Mushroom","The Courier","Astrolabe","PrismaticShard","Yang","Bottled Tornado","TeardropLocket","Juzu Bracelet","Thread and Needle","Busted Crown","Eternal Feather","Red Mask","Meat on the Bone","Kunai","Medical Kit","Gambling Chip"],"acts_visited":["Exordium","TheCity","TheBeyond","TheEnding"],"potions_floor_usage":[55],"damage_taken":[{"damage":7.0,"enemies":"Jaw Worm","floor":1.0,"turns":2.0},{"damage":3.0,"enemies":"2 Louse","floor":3.0,"turns":3.0},{"damage":0.0,"enemies":"Small Slimes","floor":5.0,"turns":2.0},{"damage":0.0,"enemies":"Exordium Wildlife","floor":7.0,"turns":3.0},{"damage":20.0,"enemies":"Gremlin Nob","floor":8.0,"turns":3.0},{"damage":0.0,"enemies":"Lagavulin","floor":10.0,"turns":4.0},{"damage":0.0,"enemies":"Gremlin Gang","floor":12.0,"turns":3.0},{"damage":2.0,"enemies":"The Mushroom Lair","floor":13.0,"turns":3.0},{"damage":0.0,"enemies":"Gremlin Nob","floor":14.0,"turns":2.0},{"damage":15.0,"enemies":"Hexaghost","floor":16.0,"turns":5.0},{"damage":2.0,"enemies":"Chosen","floor":18.0,"turns":5.0},{"damage":2.0,"enemies":"2 Thieves","floor":22.0,"turns":3.0},{"damage":6.0,"enemies":"Gremlin Leader","floor":24.0,"turns":7.0},{"damage":0.0,"enemies":"Chosen and Byrds","floor":25.0,"turns":4.0},{"damage":0.0,"enemies":"Snake Plant","floor":28.0,"turns":2.0},{"damage":0.0,"enemies":"Book of Stabbing","floor":29.0,"turns":3.0},{"damage":0.0,"enemies":"Centurion and Healer","floor":30.0,"turns":3.0},{"damage":0.0,"enemies":"Collector","floor":33.0,"turns":6.0},{"damage":6.0,"enemies":"3 Darklings","floor":35.0,"turns":3.0},{"damage":0.0,"enemies":"3 Shapes","floor":39.0,"turns":3.0},{"damage":1.0,"enemies":"Giant Head","floor":41.0,"turns":3.0},{"damage":0.0,"enemies":"Jaw Worm Horde","floor":44.0,"turns":2.0},{"damage":0.0,"enemies":"Transient","floor":46.0,"turns":5.0},{"damage":0.0,"enemies":"Reptomancer","floor":47.0,"turns":3.0},{"damage":15.0,"enemies":"Time Eater","floor":50.0,"turns":6.0},{"damage":39,"enemies":"Shield and Spear","floor":54,"turns":4},{"damage":53,"enemies":"The Heart","floor":55,"turns":6}],"seed_played":"-4788338818258874534","potions_obtained":[{"floor":1.0,"key":"PowerPotion"},{"floor":8.0,"key":"CultistPotion"},{"floor":10.0,"key":"Energy Potion"},{"floor":13.0,"key":"ColorlessPotion"},{"floor":18.0,"key":"SteroidPotion"},{"floor":25.0,"key":"LiquidMemories"},{"floor":28.0,"key":"EntropicBrew"},{"floor":29.0,"key":"AttackPotion"},{"floor":30.0,"key":"Swift Potion"},{"floor":35.0,"key":"Fruit Juice"},{"floor":47.0,"key":"Explosive Potion"}],"is_trial":false,"path_per_floor":["M","?","M","?","M","R","M","E","T","E","R","M","?","E","R","B",null,"M","?","?","$","M","R","E","M","T","R","M","E","M","?","R","B",null,"M","$","?","?","M","R","E","R","T","M","R","M","E","$","R","B",null,"R","$","E","B"],"character_chosen":"WATCHER","items_purchased":["PrismaticShard","Yang","Eternal Feather","Medical Kit"],"campfire_rested":3,"item_purchase_floors":[21,21,36,48],"current_hp_per_floor":[58,40,37,30,30,51,51,31,31,31,31,31,29,29,29,14,58,56,50,50,50,48,48,42,42,42,42,42,42,42,42,42,42,65,59,59,59,59,59,71,70,72,72,72,72,72,72,72,72,57,68,72,72,45,0,0],"gold":56,"neow_bonus":"ONE_RARE_RELIC","is_daily":false,"chose_seed":false,"campfire_upgraded":7,"win_rate":0.0,"timestamp":1613882853,"path_taken":["M","?","M","?","M","R","M","E","T","E","R","M","?","E","R","BOSS","M","?","?","$","M","R","E","M","T","R","M","E","M","?","R","BOSS","M","$","?","?","M","R","E","R","T","M","R","M","E","?","R","BOSS","R","$","E","BOSS"],"items_purchased_type":["Relic","Relic","Relic","Relic"],"build_version":"2020-12-22","purchased_purges":1,"victory":false,"max_hp_per_floor":[72,72,72,72,72,72,72,72,72,72,72,72,72,72,72,72,72,72,72,72,72,72,72,72,72,72,72,72,72,72,72,72,72,72,72,72,72,72,72,72,72,72,72,72,72,72,72,72,72,72,72,72,72,72,77,77],"card_choices":[{"not_picked":["Tantrum","Protect"],"picked":"Meditate","floor":1.0},{"not_picked":["WaveOfTheHand","FollowUp"],"picked":"Consecrate","floor":3.0},{"not_picked":["ClearTheMind","WaveOfTheHand"],"picked":"CrushJoints","floor":5.0},{"not_picked":["ThirdEye","CrushJoints"],"picked":"DeceiveReality","floor":7.0},{"not_picked":["ClearTheMind","EmptyBody"],"picked":"ThirdEye","floor":8.0},{"not_picked":["FlyingSleeves","EmptyBody"],"picked":"Blasphemy","floor":10.0},{"not_picked":["Swivel","Fasting2"],"picked":"WheelKick","floor":12.0},{"not_picked":["FlyingSleeves","EmptyFist"],"picked":"SandsOfTime","floor":13.0},{"not_picked":["FearNoEvil","SashWhip"],"picked":"LessonLearned","floor":14.0},{"not_picked":["Scrawl","Ragnarok"],"picked":"MasterReality","floor":16.0},{"not_picked":["Vengeance","Wireheading","Prostrate"],"picked":"SKIP","floor":18.0},{"not_picked":["Poisoned Stab+1","Crippling Poison+1"],"picked":"Conserve Battery+1","floor":22.0},{"not_picked":["Underhanded Strike","FlurryOfBlows"],"picked":"True Grit+1","floor":24.0},{"not_picked":["Dagger Spray","Melter","Accuracy"],"picked":"SKIP","floor":25.0},{"not_picked":["Rebound+1","Dagger Spray","Perfected Strike"],"picked":"SKIP","floor":28.0},{"not_picked":["Clash","Coolheaded"],"picked":"Warcry","floor":29.0},{"not_picked":["Lockon+1","Prepared","CrushJoints"],"picked":"SKIP","floor":30.0},{"not_picked":["Mayhem","Wraith Form v2"],"picked":"Exhume","floor":33.0},{"not_picked":[],"picked":"Reinforced Body+1","floor":35.0},{"not_picked":["Chill+1"],"picked":"SKIP","floor":39.0},{"not_picked":["Bandage Up"],"picked":"SKIP","floor":41.0},{"not_picked":["Beam Cell+1"],"picked":"SKIP","floor":44.0},{"not_picked":["Crescendo"],"picked":"SKIP","floor":46.0},{"not_picked":["Chill"],"picked":"SKIP","floor":47.0},{"not_picked":["Stack+1"],"picked":"SKIP","floor":54}],"player_experience":488515,"relics_obtained":[{"floor":8.0,"key":"Whetstone"},{"floor":9.0,"key":"InkBottle"},{"floor":10.0,"key":"Ice Cream"},{"floor":13.0,"key":"Odd Mushroom"},{"floor":14.0,"key":"The Courier"},{"floor":24.0,"key":"Bottled Tornado"},{"floor":26.0,"key":"TeardropLocket"},{"floor":29.0,"key":"Juzu Bracelet"},{"floor":41.0,"key":"Meat on the Bone"},{"floor":47.0,"key":"Kunai"},{"floor":54,"key":"Gambling Chip"}],"event_choices":[{"damage_healed":0.0,"max_hp_gain":0.0,"max_hp_loss":0.0,"gold_gain":0.0,"event_name":"Golden Idol","player_choice":"Take Damage","floor":2.0,"gold_loss":0.0,"damage_taken":18.0,"relics_obtained":["Golden Idol"]},{"cards_removed":["Defend_P"],"damage_healed":0.0,"max_hp_gain":0.0,"max_hp_loss":0.0,"gold_gain":0.0,"event_name":"Golden Wing","player_choice":"Card Removal","floor":4.0,"gold_loss":0.0,"damage_taken":7.0},{"damage_healed":0.0,"max_hp_gain":0.0,"max_hp_loss":0.0,"gold_gain":0.0,"event_name":"Mushrooms","player_choice":"Fought Mushrooms","floor":13.0,"gold_loss":0.0,"damage_taken":0.0},{"damage_healed":0.0,"max_hp_gain":0.0,"max_hp_loss":0.0,"gold_gain":0.0,"event_name":"Nest","player_choice":"Joined the Cult","floor":19.0,"gold_loss":0.0,"damage_taken":6.0,"cards_obtained":["RitualDagger"]},{"cards_removed":["Strike_P"],"damage_healed":0.0,"max_hp_gain":0.0,"max_hp_loss":0.0,"gold_gain":0.0,"event_name":"Beggar","player_choice":"Gave Gold","floor":20.0,"gold_loss":75.0,"damage_taken":0.0},{"damage_healed":0.0,"max_hp_gain":0.0,"max_hp_loss":0.0,"gold_gain":0.0,"event_name":"The Mausoleum","player_choice":"Opened","floor":31.0,"gold_loss":0.0,"damage_taken":0.0,"relics_obtained":["Thread and Needle"]},{"damage_healed":0.0,"max_hp_gain":0.0,"max_hp_loss":0.0,"gold_gain":0.0,"event_name":"SensoryStone","player_choice":"Memory 1","floor":37.0,"gold_loss":0.0,"damage_taken":0.0},{"damage_healed":0.0,"max_hp_gain":0.0,"max_hp_loss":0.0,"gold_gain":0.0,"event_name":"Tomb of Lord Red Mask","player_choice":"Paid","floor":38.0,"gold_loss":60.0,"damage_taken":0.0,"relics_obtained":["Red Mask"]}],"is_beta":false,"boss_relics":[{"not_picked":["Sozu","SacredBark"],"picked":"Astrolabe"},{"not_picked":["Coffee Dripper","Runic Pyramid"],"picked":"Busted Crown"}],"items_purged_floors":[36],"is_endless":false,"potions_floor_spawned":[1,8,10,13,18,25,28,29,30,35,39,47],"killed_by":"The Heart","ascension_level":9}}