{"host":"684z1xpuwaoqmmh1","time":1613912747,"event":{"mods":["BaseMod","CatGirl Mod","Downfall","Hermit","Jorbs\u0027s Wanderer Trilogy","Marisa????????","Minty Spire (QoL Compilation)","Robot Space Explorer","Shade Mod","Shapeshifter Mod","StSLib","The Bug Knight","The Clintock","The Dragon Tamer","The Elementalist","The Hayseed","The Hierophant","The Marked","The Mystic","The Poker Player","The Runesmith","The Sage","The Saiyan","The Showman","The Spell Scribe","The Valiant","The Vixen","TheBandit","TheFirefly","TheVacant"],"gold_per_floor":[117,117,132,132,151,185,185,203,203,203,245,56,107,182,182,300,300,334,334,334,350,373,373,398,130,178,178,103,143,170,197,197,304,304,325,47,47,47,60,101,131,149,149,166,201,201,201,225,225,233,233,233,57,93,100,100],"floor_reached":55,"language":"ENG","playtime":3630,"items_purged":["StSShapeShifter:ShapeShifter_Strike","Pain"],"score":785,"play_id":"ead3d145-3113-4f0b-b22c-b1030b3fee4b","local_time":"20210221150547","is_ascension_mode":false,"campfire_choices":[{"data":"StSShapeShifter:SpiritOfTheEarth","floor":7.0,"key":"SMITH"},{"data":"StSShapeShifter:BurstingSpore","floor":10.0,"key":"SMITH"},{"data":"StSShapeShifter:Rabid","floor":15.0,"key":"SMITH"},{"data":"StSShapeShifter:RestoreBalance","floor":23.0,"key":"SMITH"},{"floor":27.0,"key":"REST"},{"data":"StSShapeShifter:Vengeance","floor":32.0,"key":"SMITH"},{"floor":46.0,"key":"RECALL"},{"data":"StSShapeShifter:PowerShifter","floor":49.0,"key":"SMITH"},{"data":"StSShapeShifter:Synchronicity","floor":52.0,"key":"SMITH"}],"circlet_count":0,"master_deck":["StSShapeShifter:ShapeShifter_Strike","StSShapeShifter:ShapeShifter_Strike","StSShapeShifter:ShapeShifter_Strike","StSShapeShifter:ShapeShifter_Defend","StSShapeShifter:ShapeShifter_Defend","StSShapeShifter:ShapeShifter_Defend","StSShapeShifter:ShapeShifter_Defend","StSShapeShifter:ShapeShifter_Defend","StSShapeShifter:Tortoise_Form","StSShapeShifter:Lynx_Form","StSShapeShifter:MonkeyForm+1","StSShapeShifter:BurstingSpore+1","StSShapeShifter:Guard","StSShapeShifter:LeapingSlash","StSShapeShifter:SpiritOfTheEarth+1","StSShapeShifter:FoxForm","StSShapeShifter:RestoreBalance+1","StSShapeShifter:WolfForm","StSShapeShifter:Rabid+1","StSShapeShifter:HummingbirdForm","StSShapeShifter:Vengeance+1","StSShapeShifter:DeerForm","StSShapeShifter:PhoenixForm","StSShapeShifter:BloomingSlash","StSShapeShifter:BearForm","StSShapeShifter:BarkSkin","StSShapeShifter:PowerShifter+1","StSShapeShifter:UnicornForm","StSShapeShifter:Synchronicity+1","StSShapeShifter:RatForm+1","StSShapeShifter:RitualOfTheElders+1","StSShapeShifter:ReplenishingNectar+1","StSShapeShifter:CosmicShifter+1","StSShapeShifter:BurstingSpore","StSShapeShifter:MonkeyForm+1","StSShapeShifter:Sap_Burst"],"relics":["StSShapeShifter:AnimalHeart","StSShapeShifter:TheShapeShiftersMagnolia","Letter Opener","Eternal Feather","bronze:DecasWashers","Blood Vial","Philosopher\u0027s Stone","Oddly Smooth Stone","WarpedTongs","Bottled Flame","StSShapeShifter:EmeraldPantherFigurine","Thread and Needle","Velvet Choker","Kunai","Toxic Egg 2","Art of War","Bag of Preparation","Centennial Puzzle","Strawberry","Anchor","Happy Flower"],"acts_visited":["Exordium","TheCity","TheBeyond","TheEnding"],"potions_floor_usage":[55,55],"damage_taken":[{"damage":0.0,"enemies":"2 Louse","floor":1.0,"turns":2.0},{"damage":0.0,"enemies":"Cultist","floor":3.0,"turns":3.0},{"damage":0.0,"enemies":"Small Slimes","floor":5.0,"turns":2.0},{"damage":23.0,"enemies":"Gremlin Nob","floor":6.0,"turns":4.0},{"damage":0.0,"enemies":"Red Slaver","floor":8.0,"turns":4.0},{"damage":11.0,"enemies":"Lagavulin","floor":11.0,"turns":6.0},{"damage":6.0,"enemies":"3 Sentries","floor":13.0,"turns":5.0},{"damage":22.0,"enemies":"The Guardian","floor":16.0,"turns":17.0},{"damage":11.0,"enemies":"Shell Parasite","floor":18.0,"turns":5.0},{"damage":3.0,"enemies":"Spheric Guardian","floor":21.0,"turns":3.0},{"damage":24.0,"enemies":"Snake Plant","floor":22.0,"turns":4.0},{"damage":37.0,"enemies":"Slavers","floor":24.0,"turns":4.0},{"damage":10.0,"enemies":"Book of Stabbing","floor":29.0,"turns":6.0},{"damage":0.0,"enemies":"Centurion and Healer","floor":30.0,"turns":11.0},{"damage":3.0,"enemies":"3 Cultists","floor":31.0,"turns":5.0},{"damage":8.0,"enemies":"Champ","floor":33.0,"turns":18.0},{"damage":11.0,"enemies":"3 Darklings","floor":35.0,"turns":4.0},{"damage":8.0,"enemies":"3 Shapes","floor":39.0,"turns":3.0},{"damage":25.0,"enemies":"Giant Head","floor":40.0,"turns":11.0},{"damage":14.0,"enemies":"3 Darklings","floor":41.0,"turns":8.0},{"damage":14.0,"enemies":"Jaw Worm Horde","floor":42.0,"turns":6.0},{"damage":0.0,"enemies":"Transient","floor":44.0,"turns":5.0},{"damage":14.0,"enemies":"Nemesis","floor":45.0,"turns":5.0},{"damage":10.0,"enemies":"Maw","floor":48.0,"turns":9.0},{"damage":84.0,"enemies":"Awakened One","floor":50.0,"turns":13.0},{"damage":72,"enemies":"Shield and Spear","floor":54,"turns":9},{"damage":57,"enemies":"The Heart","floor":55,"turns":2}],"seed_played":"5378656163829258383","potions_obtained":[{"floor":3.0,"key":"EntropicBrew"},{"floor":6.0,"key":"CultistPotion"},{"floor":8.0,"key":"EntropicBrew"},{"floor":11.0,"key":"StSShapeShifter:PolyBeastPotion"},{"floor":22.0,"key":"StSShapeShifter:PolyBeastPotion"},{"floor":30.0,"key":"LiquidMemories"},{"floor":31.0,"key":"hexamod:SoulburnPotion"},{"floor":45.0,"key":"DuplicationPotion"},{"floor":48.0,"key":"Explosive Potion"}],"is_trial":false,"path_per_floor":["M","?","M","?","M","E","R","M","T","R","E","$","E","?","R","B",null,"M","?","?","M","M","R","E","$","T","R","?","E","M","M","R","B",null,"M","$","?","?","M","E","M","M","T","M","E","R","?","M","R","B",null,"R","$","E","B"],"character_chosen":"SHAPESHIFTER","items_purchased":["StSShapeShifter:WolfForm","StSShapeShifter:Rabid","StSShapeShifter:EmeraldPantherFigurine","StSShapeShifter:BloomingSlash","Kunai","StSShapeShifter:Guard","Anchor","StSShapeShifter:MonkeyForm+1"],"campfire_rested":1,"item_purchase_floors":[12,12,25,25,36,36,53,53],"current_hp_per_floor":[78,78,78,78,78,55,55,55,55,64,53,53,47,40,52,54,78,67,67,67,66,44,56,23,23,23,61,61,62,78,75,78,78,78,69,69,69,69,63,43,34,27,27,35,36,54,54,60,78,21,98,98,98,33,0,0],"gold":100,"neow_bonus":"THREE_CARDS","is_daily":false,"chose_seed":false,"campfire_upgraded":7,"win_rate":0.0,"timestamp":1613912747,"path_taken":["M","?","M","?","M","E","R","M","T","R","E","$","E","?","R","BOSS","M","?","?","M","?","R","E","$","T","R","?","E","M","M","R","BOSS","M","$","?","?","M","E","M","M","T","M","E","R","?","M","R","BOSS","R","$","E","BOSS"],"items_purchased_type":["Card","Card","Relic","Card","Relic","Card","Relic","Card"],"build_version":"2020-12-22","purchased_purges":2,"victory":false,"max_hp_per_floor":[78,78,78,78,78,78,78,78,78,78,78,78,78,78,78,78,78,78,78,78,78,78,78,78,78,78,78,78,78,78,78,78,78,78,78,78,78,78,78,78,78,81,81,84,92,92,92,95,95,98,98,98,98,101,101,101],"card_choices":[{"not_picked":["StSShapeShifter:IntimidatingAura","StSShapeShifter:Roar"],"picked":"StSShapeShifter:MonkeyForm","floor":0.0},{"not_picked":["StSShapeShifter:FesteringBite","StSShapeShifter:Rest"],"picked":"StSShapeShifter:BurstingSpore","floor":1.0},{"not_picked":["StSShapeShifter:FlowerShield","StSShapeShifter:VineHandcuffs"],"picked":"StSShapeShifter:Guard","floor":3.0},{"not_picked":["StSShapeShifter:Maul","StSShapeShifter:Rest"],"picked":"StSShapeShifter:LeapingSlash","floor":5.0},{"not_picked":["StSShapeShifter:PoisonIvy","StSShapeShifter:Rest"],"picked":"StSShapeShifter:SpiritOfTheEarth","floor":6.0},{"not_picked":["StSShapeShifter:Synchronicity","StSShapeShifter:WaspSwarmForm"],"picked":"StSShapeShifter:FoxForm","floor":8.0},{"not_picked":["StSShapeShifter:PoisonIvy","StSShapeShifter:FoxForm"],"picked":"StSShapeShifter:RestoreBalance","floor":11.0},{"not_picked":["StSShapeShifter:VineHandcuffs","StSShapeShifter:FesteringBite"],"picked":"StSShapeShifter:HummingbirdForm","floor":13.0},{"not_picked":["StSShapeShifter:BurstOfLifeEscapeDeath","StSShapeShifter:Winter"],"picked":"StSShapeShifter:Vengeance","floor":16.0},{"not_picked":["StSShapeShifter:CursedApple","StSShapeShifter:EagleForm","StSShapeShifter:MonkeyForm"],"picked":"SKIP","floor":18.0},{"not_picked":["StSShapeShifter:Rabid+1","StSShapeShifter:VineHandcuffs"],"picked":"StSShapeShifter:DeerForm","floor":21.0},{"not_picked":["StSShapeShifter:ForestFire","StSShapeShifter:FesteringBite","StSShapeShifter:SunflowerShuriken+1"],"picked":"SKIP","floor":22.0},{"not_picked":["StSShapeShifter:WiltingWrath","StSShapeShifter:AdaptiveStrikes"],"picked":"StSShapeShifter:PhoenixForm","floor":24.0},{"not_picked":["StSShapeShifter:VileMushroom+1","StSShapeShifter:RatForm"],"picked":"StSShapeShifter:BearForm","floor":29.0},{"not_picked":["StSShapeShifter:Sapling","StSShapeShifter:BloomingSlash"],"picked":"StSShapeShifter:BarkSkin","floor":30.0},{"not_picked":["StSShapeShifter:Flourish","StSShapeShifter:ShiftingStrike","StSShapeShifter:WaspSwarmForm"],"picked":"SKIP","floor":31.0},{"not_picked":["StSShapeShifter:FullMoon","StSShapeShifter:Earthquake"],"picked":"StSShapeShifter:PowerShifter","floor":33.0},{"not_picked":["StSShapeShifter:BladeOfGrass","StSShapeShifter:OakBlade+1","StSShapeShifter:Wildfire2+1"],"picked":"SKIP","floor":35.0},{"not_picked":["StSShapeShifter:BarkSkin+1","StSShapeShifter:SunflowerShuriken+1"],"picked":"StSShapeShifter:Synchronicity","floor":39.0},{"not_picked":["StSShapeShifter:ThrashAbout+1","StSShapeShifter:Hunt+1"],"picked":"StSShapeShifter:RatForm+1","floor":40.0},{"not_picked":["StSShapeShifter:MonkeyForm+1","StSShapeShifter:Flourish+1"],"picked":"StSShapeShifter:RitualOfTheElders+1","floor":41.0},{"not_picked":["StSShapeShifter:Synchronicity+1","StSShapeShifter:RockSlide"],"picked":"StSShapeShifter:ReplenishingNectar+1","floor":42.0},{"not_picked":["StSShapeShifter:SquirrelForm+1","StSShapeShifter:ThornToss+1"],"picked":"StSShapeShifter:CosmicShifter+1","floor":44.0},{"not_picked":["StSShapeShifter:VineHandcuffs+1","StSShapeShifter:PoisonIvy+1","StSShapeShifter:CosmicShifter+1"],"picked":"SKIP","floor":45.0},{"not_picked":["StSShapeShifter:RockSlide+1","StSShapeShifter:BloomingSlash"],"picked":"StSShapeShifter:BurstingSpore","floor":48.0},{"not_picked":["StSShapeShifter:FallingLeaves+1","StSShapeShifter:SkullBash"],"picked":"StSShapeShifter:Sap_Burst","floor":54}],"player_experience":3116670,"relics_obtained":[{"floor":6.0,"key":"Letter Opener"},{"floor":9.0,"key":"Eternal Feather"},{"floor":11.0,"key":"bronze:DecasWashers"},{"floor":13.0,"key":"Blood Vial"},{"floor":18.0,"key":"Oddly Smooth Stone"},{"floor":24.0,"key":"Bottled Flame"},{"floor":29.0,"key":"Thread and Needle"},{"floor":40.0,"key":"Toxic Egg 2"},{"floor":41.0,"key":"Art of War"},{"floor":43.0,"key":"Bag of Preparation"},{"floor":44.0,"key":"Centennial Puzzle"},{"floor":45.0,"key":"Strawberry"},{"floor":54,"key":"Happy Flower"}],"event_choices":[{"damage_healed":0.0,"max_hp_gain":0.0,"max_hp_loss":0.0,"gold_gain":0.0,"event_name":"Living Wall","player_choice":"Grow","floor":4.0,"gold_loss":0.0,"damage_taken":0.0,"cards_upgraded":["StSShapeShifter:MonkeyForm"]},{"damage_healed":0.0,"max_hp_gain":0.0,"max_hp_loss":0.0,"gold_gain":75.0,"event_name":"FaceTrader","player_choice":"Touch","floor":14.0,"gold_loss":0.0,"damage_taken":7.0},{"damage_healed":0.0,"max_hp_gain":0.0,"max_hp_loss":0.0,"gold_gain":0.0,"event_name":"Ghosts","player_choice":"Ignored","floor":19.0,"gold_loss":0.0,"damage_taken":0.0},{"damage_healed":0.0,"max_hp_gain":0.0,"max_hp_loss":0.0,"gold_gain":0.0,"event_name":"Accursed Blacksmith","player_choice":"Rummage","floor":20.0,"gold_loss":0.0,"damage_taken":0.0,"relics_obtained":["WarpedTongs"],"cards_obtained":["Pain"]},{"cards_removed":["StSShapeShifter:ShapeShifter_Strike"],"damage_healed":0.0,"max_hp_gain":0.0,"max_hp_loss":0.0,"gold_gain":0.0,"event_name":"Beggar","player_choice":"Gave Gold","floor":28.0,"gold_loss":75.0,"damage_taken":0.0},{"cards_removed":["StSShapeShifter:Guard"],"damage_healed":0.0,"max_hp_gain":0.0,"max_hp_loss":0.0,"gold_gain":0.0,"event_name":"Falling","player_choice":"Removed Skill","floor":38.0,"gold_loss":0.0,"damage_taken":0.0},{"damage_healed":0.0,"max_hp_gain":0.0,"max_hp_loss":0.0,"gold_gain":0.0,"event_name":"Tomb of Lord Red Mask","player_choice":"Ignored","floor":47.0,"gold_loss":0.0,"damage_taken":0.0}],"is_beta":false,"boss_relics":[{"not_picked":["Runesmith:UraniumAnvil","Runic Dome"],"picked":"Philosopher\u0027s Stone"},{"not_picked":["Cursed Key","Tiny House"],"picked":"Velvet Choker"}],"items_purged_floors":[12,25],"is_endless":false,"potions_floor_spawned":[3,6,8,11,22,30,31,33,39,41,45,48],"killed_by":"The Heart","ascension_level":0}}