{"host":"64ub6hloe4gtkym4","time":1613937256,"event":{"mods":["AchievementEnabler","BaseMod","Colored Map","Colored Powertips","Googly Eyes","Hermit","Highlight Path","Hubris","Minty Spire (QoL Compilation)","Reliquary","Shop Mod","StSLib","The Construct","The Runesmith","The Servant 0.9.4"],"gold_per_floor":[111,111,111,122,122,157,157,72,72,90,90,102,102,102,102,205,205,220,148,148,166,216,216,41,51,51,51,63,76,76,88,88,88,88],"floor_reached":33,"language":"ENG","playtime":1947,"items_purged":[],"score":245,"play_id":"269576de-4981-4c82-882c-df18bc814ae6","local_time":"20210221195416","is_ascension_mode":false,"campfire_choices":[{"floor":7,"key":"REST"},{"data":"Clothesline","floor":11,"key":"SMITH"},{"data":"Infernal Blade","floor":13,"key":"SMITH"},{"data":"Bash","floor":15,"key":"SMITH"},{"floor":23,"key":"REST"},{"floor":27,"key":"REST"},{"data":"Iron Wave","floor":32,"key":"SMITH"}],"circlet_count":0,"master_deck":["Strike_R","Strike_R","Strike_R","Strike_R","Strike_R","Defend_R+1","Defend_R","Defend_R","Defend_R","Bash+1","Pommel Strike","Defend_B+1","Seeing Red","Infernal Blade+1","Clothesline+1","Sword Boomerang","Reaper","CurseOfTheBell","Fire Breathing","Metallicize","Armaments","Cleave","Sword Boomerang","Iron Wave+1","Twin Strike+1","Uppercut"],"relics":["Burning Blood","Lantern","War Paint","reliquary:BallBearing","hubris:Icosahedron","Calling Bell","Red Skull","hubris:PeanutButter","hubris:Teleporter","reliquary:PartyBalloon","hubris:ChampionShield","Bottled Tornado"],"acts_visited":["Exordium","TheCity"],"potions_floor_usage":[16,16,18,31,31,33],"damage_taken":[{"damage":4,"enemies":"Small Slimes","floor":1,"turns":4},{"damage":1,"enemies":"Cultist","floor":4,"turns":3},{"damage":35,"enemies":"Gremlin Nob","floor":6,"turns":5},{"damage":0,"enemies":"2 Louse","floor":10,"turns":2},{"damage":2,"enemies":"Looter","floor":12,"turns":2},{"damage":40,"enemies":"Slime Boss","floor":16,"turns":11},{"damage":51,"enemies":"Spheric Guardian","floor":18,"turns":8},{"damage":0,"enemies":"Chosen","floor":21,"turns":4},{"damage":30,"enemies":"Snake Plant","floor":25,"turns":6},{"damage":16,"enemies":"Centurion and Healer","floor":28,"turns":7},{"damage":8,"enemies":"Snecko","floor":29,"turns":6},{"damage":16,"enemies":"Snake Plant","floor":31,"turns":8},{"damage":87,"enemies":"Collector","floor":33,"turns":7}],"seed_played":"5923061214371846256","potions_obtained":[{"floor":4,"key":"Fire Potion"},{"floor":10,"key":"Swift Potion"},{"floor":12,"key":"SkillPotion"},{"floor":16,"key":"PowerPotion"},{"floor":20,"key":"Dexterity Potion"},{"floor":20,"key":"SkillPotion"},{"floor":21,"key":"Explosive Potion"},{"floor":25,"key":"Regen Potion"}],"is_trial":false,"path_per_floor":["M","?","?","M","?","E","R","$","T","M","R","M","R","?","R","B",null,"M","$","?","M","T","R","$","M","T","R","M","M","?","M","R","B"],"character_chosen":"IRONCLAD","items_purchased":["Infernal Blade","Clothesline","Metallicize","hubris:ChampionShield","Cleave"],"campfire_rested":3,"item_purchase_floors":[8,8,19,24,24],"current_hp_per_floor":[80,80,80,80,80,51,75,75,75,80,80,80,80,80,80,46,80,39,39,39,45,45,69,69,45,45,69,63,67,67,75,75,0,0],"gold":88,"neow_bonus":"RANDOM_COMMON_RELIC","is_daily":false,"chose_seed":false,"campfire_upgraded":4,"win_rate":0.0,"timestamp":1613937256,"path_taken":["M","?","?","M","?","E","R","$","T","?","R","M","R","?","R","BOSS","M","$","?","?","?","R","$","M","T","R","M","M","?","M","R","BOSS"],"items_purchased_type":["Card","Card","Card","Relic","Card"],"build_version":"2020-12-22","purchased_purges":0,"victory":false,"max_hp_per_floor":[80,80,80,80,80,80,80,80,80,80,80,80,80,80,80,80,80,80,80,80,80,80,80,80,80,80,80,80,80,80,80,80,80,80],"card_choices":[{"not_picked":["Burning Pact","True Grit"],"picked":"Pommel Strike","floor":1},{"not_picked":["Heavy Blade","hubris:ReadiedAction"],"picked":"Shockwave","floor":4},{"not_picked":["Pommel Strike","Double Tap"],"picked":"Seeing Red","floor":6},{"not_picked":["Pommel Strike","Seeing Red"],"picked":"Sword Boomerang","floor":10},{"not_picked":["Dual Wield","hubris:ReadiedAction","Sword Boomerang"],"picked":"SKIP","floor":12},{"not_picked":["Bludgeon","Offering"],"picked":"Reaper","floor":16},{"not_picked":["Thunderclap","Pommel Strike"],"picked":"Fire Breathing","floor":18},{"not_picked":["Bloodletting","Limit Break"],"picked":"Armaments","floor":21},{"not_picked":["Feel No Pain","Pommel Strike"],"picked":"Sword Boomerang","floor":25},{"not_picked":["Burning Pact","Spot Weakness"],"picked":"Iron Wave","floor":28},{"not_picked":["True Grit+1","Sword Boomerang+1"],"picked":"Twin Strike+1","floor":29},{"not_picked":["Twin Strike+1","Whirlwind"],"picked":"Uppercut","floor":31}],"player_experience":47603,"relics_obtained":[{"floor":6,"key":"War Paint"},{"floor":9,"key":"reliquary:BallBearing"},{"floor":17,"key":"Red Skull"},{"floor":17,"key":"hubris:PeanutButter"},{"floor":17,"key":"hubris:Teleporter"},{"floor":22,"key":"reliquary:PartyBalloon"},{"floor":26,"key":"Bottled Tornado"}],"event_choices":[{"damage_healed":0,"gold_gain":0,"player_choice":"Ignored","damage_taken":0,"max_hp_gain":0,"max_hp_loss":0,"event_name":"Golden Wing","floor":2,"gold_loss":0},{"damage_healed":0,"gold_gain":0,"player_choice":"Ignored","damage_taken":0,"max_hp_gain":0,"max_hp_loss":0,"event_name":"Liars Game","floor":3,"gold_loss":0},{"cards_removed":["Shockwave"],"damage_healed":0,"gold_gain":0,"player_choice":"Took Card","damage_taken":0,"max_hp_gain":0,"max_hp_loss":0,"event_name":"NoteForYourself","floor":5,"gold_loss":0,"cards_obtained":["Defend_B"]},{"damage_healed":0,"gold_gain":0,"player_choice":"Got Potions","damage_taken":0,"max_hp_gain":0,"max_hp_loss":0,"event_name":"Lab","floor":20,"gold_loss":0},{"damage_healed":0,"gold_gain":0,"player_choice":"Ignored","damage_taken":0,"max_hp_gain":0,"max_hp_loss":0,"event_name":"The Mausoleum","floor":30,"gold_loss":0}],"is_beta":false,"boss_relics":[{"not_picked":["Philosopher\u0027s Stone","Snecko Eye"],"picked":"Calling Bell"}],"items_purged_floors":[],"is_endless":false,"potions_floor_spawned":[4,10,12,16,21,25],"killed_by":"Collector","ascension_level":0}}