{"host":"en4narc5947t7k9n","time":1613901704,"event":{"mods":["AchievementEnabler","BaseMod","Colored Map","Minty Spire (QoL Compilation)","SuperFastMode"],"gold_per_floor":[119,69,69,86,104,130,130,160,160,160,160,6,23,43,43,142,142,153,68,68,86,105,105,125,125,125,145,19,37,67,81,81,81,81],"floor_reached":33,"language":"KOR","playtime":1714,"items_purged":["Strike_G"],"score":279,"play_id":"657bd801-4dd9-4d89-a33e-ef6d8b8b3610","local_time":"20210221190144","is_ascension_mode":false,"campfire_choices":[{"floor":7,"key":"RECALL"},{"data":"Terror","floor":10,"key":"SMITH"},{"data":"Noxious Fumes","floor":15,"key":"SMITH"},{"data":"Bullet Time","floor":23,"key":"SMITH"},{"data":"1","floor":25,"key":"LIFT"},{"data":"Phantasmal Killer","floor":32,"key":"SMITH"}],"circlet_count":0,"master_deck":["Strike_G","Strike_G","Defend_G","Defend_G","Defend_G","Defend_G","Survivor","Neutralize","Poisoned Stab","Expertise","Slice","All Out Attack","Terror+1","Tactician","Noxious Fumes+1","Swift Strike","Caltrops","Sucker Punch","Bullet Time+1","Poisoned Stab+1","Blood for Blood","Deadly Poison","Phantasmal Killer+1","Quick Slash+1","Acrobatics+1","Outmaneuver","Flechettes+1","Masterful Stab"],"relics":["Ring of the Snake","Girya","The Courier","HornCleat","Coffee Dripper","Sundial","Ginger","Lee\u0027s Waffle","Pen Nib"],"acts_visited":["Exordium","TheCity"],"potions_floor_usage":[6,6,6,8,16,16,21,22,24,24,24,27,30,30,33],"damage_taken":[{"damage":0,"enemies":"2 Louse","floor":1,"turns":4},{"damage":0,"enemies":"Jaw Worm","floor":4,"turns":3},{"damage":7,"enemies":"Small Slimes","floor":5,"turns":4},{"damage":26,"enemies":"3 Sentries","floor":6,"turns":8},{"damage":19,"enemies":"Gremlin Nob","floor":8,"turns":4},{"damage":0,"enemies":"2 Fungi Beasts","floor":13,"turns":2},{"damage":1,"enemies":"Blue Slaver","floor":14,"turns":2},{"damage":8,"enemies":"Hexaghost","floor":16,"turns":7},{"damage":16,"enemies":"Shell Parasite","floor":18,"turns":4},{"damage":15,"enemies":"3 Byrds","floor":21,"turns":4},{"damage":3,"enemies":"Centurion and Healer","floor":22,"turns":6},{"damage":0,"enemies":"Snecko","floor":24,"turns":4},{"damage":12,"enemies":"Shelled Parasite and Fungi","floor":27,"turns":5},{"damage":7,"enemies":"Snake Plant","floor":29,"turns":3},{"damage":26,"enemies":"Gremlin Leader","floor":30,"turns":6},{"damage":14,"enemies":"Centurion and Healer","floor":31,"turns":5},{"damage":49,"enemies":"Automaton","floor":33,"turns":6}],"seed_played":"-1334784647180245659","potions_obtained":[{"floor":0,"key":"EntropicBrew"},{"floor":0,"key":"SneckoOil"},{"floor":0,"key":"Regen Potion"},{"floor":4,"key":"LiquidBronze"},{"floor":5,"key":"Weak Potion"},{"floor":6,"key":"SpeedPotion"},{"floor":14,"key":"Block Potion"},{"floor":16,"key":"Fruit Juice"},{"floor":18,"key":"SpeedPotion"},{"floor":21,"key":"EntropicBrew"},{"floor":29,"key":"Weak Potion"},{"floor":31,"key":"EssenceOfSteel"}],"is_trial":false,"path_per_floor":["M","?","?","M","M","E","R","E","T","R","?","$","M","M","R","B",null,"M","?","?","M","M","R","M","R","T","M","$","M","E","M","R","B"],"character_chosen":"THE_SILENT","items_purchased":["Noxious Fumes","Swift Strike","Lee\u0027s Waffle"],"campfire_rested":0,"item_purchase_floors":[12,12,28],"current_hp_per_floor":[70,70,70,70,63,52,52,33,33,33,26,26,26,25,25,22,75,59,59,59,44,41,41,41,41,41,29,82,75,49,35,35,0,0],"gold":81,"neow_bonus":"THREE_SMALL_POTIONS","is_daily":false,"chose_seed":false,"campfire_upgraded":4,"win_rate":0.0,"timestamp":1613901704,"path_taken":["M","?","?","M","M","E","R","E","T","R","?","$","M","M","R","BOSS","M","?","?","M","M","R","M","R","T","M","$","M","E","M","R","BOSS"],"items_purchased_type":["Card","Card","Relic"],"build_version":"2020-12-22","purchased_purges":1,"victory":false,"max_hp_per_floor":[70,70,70,70,70,70,70,70,70,70,70,70,70,70,70,75,75,75,75,75,75,75,75,75,75,75,75,82,82,82,82,82,82,82],"card_choices":[{"not_picked":["Setup","Deflect"],"picked":"Poisoned Stab","floor":1},{"not_picked":["Dash","Sucker Punch"],"picked":"Slice","floor":4},{"not_picked":["Heel Hook","Quick Slash"],"picked":"All Out Attack","floor":5},{"not_picked":["Deadly Poison","PiercingWail"],"picked":"Terror","floor":6},{"not_picked":["Escape Plan","Sucker Punch"],"picked":"Tactician","floor":8},{"not_picked":["Cloak And Dagger","Blade Dance"],"picked":"Caltrops","floor":13},{"not_picked":["Noxious Fumes","Dash"],"picked":"Sucker Punch","floor":14},{"not_picked":["Unload","Night Terror"],"picked":"Bullet Time","floor":16},{"not_picked":["Underhanded Strike+1","Outmaneuver"],"picked":"Poisoned Stab+1","floor":18},{"not_picked":["Poisoned Stab","Underhanded Strike"],"picked":"Deadly Poison","floor":21},{"not_picked":["Poisoned Stab","Dodge and Roll"],"picked":"Phantasmal Killer","floor":22},{"not_picked":["Acrobatics","Outmaneuver"],"picked":"Quick Slash+1","floor":24},{"not_picked":["Outmaneuver","Prepared"],"picked":"Acrobatics+1","floor":27},{"not_picked":["Caltrops","Backflip"],"picked":"Outmaneuver","floor":29},{"not_picked":["Underhanded Strike+1","Distraction+1"],"picked":"Flechettes+1","floor":30},{"not_picked":["Blade Dance","Cloak And Dagger+1"],"picked":"Masterful Stab","floor":31}],"player_experience":123158,"relics_obtained":[{"floor":6,"key":"Girya"},{"floor":8,"key":"The Courier"},{"floor":26,"key":"Ginger"},{"floor":30,"key":"Pen Nib"}],"event_choices":[{"cards_removed":["Strike_G"],"damage_healed":0,"gold_gain":0,"player_choice":"Card Removal","damage_taken":0,"max_hp_gain":0,"max_hp_loss":0,"event_name":"The Cleric","floor":2,"gold_loss":50},{"damage_healed":0,"gold_gain":0,"cards_transformed":["Strike_G"],"player_choice":"Change","damage_taken":0,"max_hp_gain":0,"max_hp_loss":0,"event_name":"Living Wall","floor":3,"gold_loss":0,"cards_obtained":["Expertise"]},{"damage_healed":0,"gold_gain":0,"player_choice":"Success","damage_taken":7,"relics_obtained":["HornCleat"],"max_hp_gain":0,"max_hp_loss":0,"event_name":"Scrap Ooze","floor":11,"gold_loss":0},{"damage_healed":0,"gold_gain":0,"player_choice":"Obtained Relic","damage_taken":0,"relics_obtained":["Sundial"],"max_hp_gain":0,"max_hp_loss":0,"event_name":"Addict","floor":19,"gold_loss":85},{"cards_removed":["Defend_G"],"damage_healed":0,"gold_gain":0,"player_choice":"Took Card","damage_taken":0,"max_hp_gain":0,"max_hp_loss":0,"event_name":"NoteForYourself","floor":20,"gold_loss":0,"cards_obtained":["Blood for Blood"]}],"is_beta":false,"boss_relics":[{"not_picked":["Calling Bell","Runic Dome"],"picked":"Coffee Dripper"}],"items_purged_floors":[12],"is_endless":false,"potions_floor_spawned":[4,5,6,14,16,18,21,29,31],"killed_by":"Automaton","ascension_level":0}}