{"host":"005oipbkxhicanek","time":1613919733,"event":{"mods":["AchievementEnabler","BaseMod","Colored Map","Colored Powertips","Minty Spire (QoL Compilation)"],"gold_per_floor":[113,113,113,125,50,50,84,103,177,191,202,202,217,67,67,162,162,173,188,71,71,170,182,182,182,182,198,231,146,146,156,156,258,258,270,270,280,155,155,155,169,169,195,226,236,236,250,250,250,250],"floor_reached":51,"language":"ENG","playtime":2727,"items_purged":["Strike_R","Strike_R","Strike_R"],"score":762,"play_id":"51ceb21c-aaaa-4389-92cc-27ed5f740a38","local_time":"20210221160213","is_ascension_mode":true,"campfire_choices":[{"data":"Bash","floor":6,"key":"SMITH"},{"floor":15,"key":"REST"},{"floor":24,"key":"REST"},{"floor":30,"key":"REST"},{"data":"Armaments","floor":32,"key":"SMITH"},{"data":"Inflame","floor":40,"key":"SMITH"},{"data":"Fiend Fire","floor":42,"key":"SMITH"},{"data":"Disarm","floor":46,"key":"SMITH"},{"floor":49,"key":"REST"}],"circlet_count":0,"master_deck":["Strike_R","Defend_R","Defend_R","Defend_R","Defend_R","Bash+1","Burning Pact","Inflame+1","Clothesline","Feed","Warcry","Armaments+1","Immolate","Dropkick","Headbutt","Evolve","Power Through","Power Through","Fiend Fire+1","CurseOfTheBell","Pommel Strike+1","Feel No Pain+1","Writhe","Disarm+1","Feel No Pain+1"],"relics":["Sozu","Ancient Tea Set","Du-Vu Doll","InkBottle","Velvet Choker","Blood Vial","Ice Cream","Tiny Chest","Calling Bell","Happy Flower","StrikeDummy","Charon\u0027s Ashes","Vajra","TungstenRod","Paper Frog"],"acts_visited":["Exordium","TheCity","TheBeyond"],"potions_floor_usage":[],"damage_taken":[{"damage":7,"enemies":"Jaw Worm","floor":1,"turns":3},{"damage":0,"enemies":"Small Slimes","floor":4,"turns":3},{"damage":20,"enemies":"Gremlin Nob","floor":7,"turns":4},{"damage":1,"enemies":"Cultist","floor":8,"turns":3},{"damage":12,"enemies":"2 Fungi Beasts","floor":10,"turns":3},{"damage":11,"enemies":"Exordium Thugs","floor":11,"turns":3},{"damage":6,"enemies":"Blue Slaver","floor":13,"turns":3},{"damage":34,"enemies":"Slime Boss","floor":16,"turns":7},{"damage":25,"enemies":"3 Byrds","floor":18,"turns":6},{"damage":15,"enemies":"Shell Parasite","floor":19,"turns":5},{"damage":28,"enemies":"Chosen and Byrds","floor":23,"turns":5},{"damage":17,"enemies":"Shelled Parasite and Fungi","floor":27,"turns":4},{"damage":53,"enemies":"Slavers","floor":28,"turns":4},{"damage":4,"enemies":"Snake Plant","floor":31,"turns":4},{"damage":43,"enemies":"Automaton","floor":33,"turns":11},{"damage":8,"enemies":"3 Darklings","floor":35,"turns":4},{"damage":9,"enemies":"3 Shapes","floor":37,"turns":3},{"damage":0,"enemies":"Transient","floor":41,"turns":5},{"damage":15,"enemies":"Nemesis","floor":44,"turns":5},{"damage":13,"enemies":"4 Shapes","floor":45,"turns":4},{"damage":3,"enemies":"Sphere and 2 Shapes","floor":47,"turns":3},{"damage":47,"enemies":"Awakened One","floor":50,"turns":10}],"seed_played":"6366742607178103793","potions_obtained":[],"is_trial":false,"path_per_floor":["M","?","?","M","$","R","E","M","T","M","M","?","M","$","R","B",null,"M","M","$","?","?","M","R","?","T","M","E","?","R","M","R","B",null,"M","?","M","$","?","R","M","R","T","E","M","R","M","T","R","B",null],"character_chosen":"IRONCLAD","items_purchased":["Armaments","Evolve","Power Through"],"campfire_rested":4,"item_purchase_floors":[14,20,20],"current_hp_per_floor":[73,61,66,66,66,66,46,45,45,33,25,25,19,19,45,11,88,67,52,52,52,52,24,51,81,81,69,18,18,46,48,48,7,99,91,91,87,87,102,102,102,102,102,87,76,76,75,75,102,58],"gold":250,"neow_bonus":"BOSS_RELIC","is_daily":false,"chose_seed":false,"campfire_upgraded":5,"win_rate":0.0,"timestamp":1613919733,"path_taken":["M","?","?","M","?","R","E","M","T","M","?","?","?","$","R","BOSS","M","M","$","?","?","M","R","?","T","M","E","?","R","M","R","BOSS","M","?","?","$","?","R","M","R","T","E","M","R","M","?","R","BOSS"],"items_purchased_type":["Card","Card","Card"],"build_version":"2020-12-22","purchased_purges":3,"victory":true,"max_hp_per_floor":[80,80,85,85,85,85,85,85,85,85,88,88,88,88,88,88,88,92,92,92,92,92,92,92,92,92,95,95,95,95,99,99,99,99,99,99,102,102,102,102,102,102,102,102,102,102,102,102,102,105],"card_choices":[{"not_picked":["Havoc","Clash","Anger"],"picked":"SKIP","floor":1},{"not_picked":["Shrug It Off","Sword Boomerang"],"picked":"Burning Pact","floor":4},{"not_picked":["Rampage","True Grit"],"picked":"Inflame","floor":7},{"not_picked":["Rage","Iron Wave"],"picked":"Clothesline","floor":8},{"not_picked":["Headbutt","Battle Trance"],"picked":"Feed","floor":10},{"not_picked":["Body Slam","Clothesline","Whirlwind"],"picked":"SKIP","floor":11},{"not_picked":["Infernal Blade","Thunderclap"],"picked":"Warcry","floor":13},{"not_picked":["Feed","Fiend Fire"],"picked":"Immolate","floor":16},{"not_picked":["Warcry+1","Flex"],"picked":"Dropkick","floor":18},{"not_picked":["Perfected Strike","Twin Strike"],"picked":"Headbutt","floor":19},{"not_picked":["Infernal Blade","Seeing Red","Clash"],"picked":"SKIP","floor":23},{"not_picked":["Dropkick","Cleave"],"picked":"Power Through","floor":27},{"not_picked":["Flex","Sword Boomerang","Ghostly Armor"],"picked":"SKIP","floor":28},{"not_picked":["Searing Blow+1","Clash","Armaments"],"picked":"SKIP","floor":31},{"not_picked":["Immolate","Bludgeon"],"picked":"Fiend Fire","floor":33},{"not_picked":["Warcry+1","Perfected Strike+1"],"picked":"Pommel Strike+1","floor":35},{"not_picked":["Metallicize","Rupture"],"picked":"Feel No Pain+1","floor":37},{"not_picked":["Cleave+1","Heavy Blade+1"],"picked":"Disarm","floor":41},{"not_picked":["Combust","Body Slam+1","Sentinel"],"picked":"SKIP","floor":44},{"not_picked":["Shrug It Off+1","Sever Soul"],"picked":"Feel No Pain+1","floor":45},{"not_picked":["Thunderclap+1","Second Wind","Fiend Fire"],"picked":"SKIP","floor":47}],"player_experience":127760,"relics_obtained":[{"floor":7,"key":"Du-Vu Doll"},{"floor":9,"key":"InkBottle"},{"floor":26,"key":"Blood Vial"},{"floor":28,"key":"Ice Cream"},{"floor":34,"key":"Happy Flower"},{"floor":34,"key":"StrikeDummy"},{"floor":34,"key":"Charon\u0027s Ashes"},{"floor":43,"key":"Vajra"},{"floor":44,"key":"TungstenRod"},{"floor":48,"key":"Paper Frog"}],"event_choices":[{"damage_healed":0,"gold_gain":0,"player_choice":"Success","damage_taken":12,"relics_obtained":["Ancient Tea Set"],"max_hp_gain":0,"max_hp_loss":0,"event_name":"Scrap Ooze","floor":2,"gold_loss":0},{"damage_healed":0,"gold_gain":0,"player_choice":"Donut","damage_taken":0,"max_hp_gain":5,"max_hp_loss":0,"event_name":"Big Fish","floor":3,"gold_loss":0},{"damage_healed":0,"gold_gain":0,"player_choice":"Got Potions","damage_taken":0,"max_hp_gain":0,"max_hp_loss":0,"event_name":"Lab","floor":12,"gold_loss":0},{"cards_removed":["Strike_R"],"damage_healed":0,"gold_gain":0,"player_choice":"Elegance","damage_taken":0,"max_hp_gain":0,"max_hp_loss":0,"event_name":"Back to Basics","floor":21,"gold_loss":0},{"damage_healed":0,"gold_gain":99,"player_choice":"Stole From Cult","damage_taken":0,"max_hp_gain":0,"max_hp_loss":0,"event_name":"Nest","floor":22,"gold_loss":0},{"damage_healed":30,"gold_gain":0,"player_choice":"Heal","damage_taken":0,"max_hp_gain":0,"max_hp_loss":0,"event_name":"The Library","floor":25,"gold_loss":0},{"damage_healed":0,"gold_gain":0,"player_choice":"Obtained Relic","damage_taken":0,"relics_obtained":["Tiny Chest"],"max_hp_gain":0,"max_hp_loss":0,"event_name":"Addict","floor":29,"gold_loss":85},{"damage_healed":0,"gold_gain":0,"player_choice":"Ignored","damage_taken":0,"max_hp_gain":0,"max_hp_loss":0,"event_name":"WeMeetAgain","floor":36,"gold_loss":0},{"damage_healed":26,"gold_gain":0,"player_choice":"Writhe","damage_taken":0,"max_hp_gain":0,"max_hp_loss":0,"event_name":"Winding Halls","floor":39,"gold_loss":0,"cards_obtained":["Writhe"]}],"is_beta":false,"boss_relics":[{"not_picked":["Empty Cage","Runic Dome"],"picked":"Velvet Choker"},{"not_picked":["SacredBark","Philosopher\u0027s Stone"],"picked":"Calling Bell"}],"items_purged_floors":[5,14,38],"is_endless":false,"potions_floor_spawned":[4,7,11,13,16,27,28,31,33,41,44],"ascension_level":2}}