{"host":"nc4yx0rr2icfz9m0","time":1613887043,"event":{"mods":["BaseMod","Colored Powertips","Minty Spire (QoL Compilation)","Shop Mod"],"gold_per_floor":[110,120,120,134,186,186,136,136,136,148,160,173,207,227,227,329,329,343,318,103,0,10,10,10,10],"floor_reached":24,"language":"ZHS","playtime":1348,"items_purged":[],"score":210,"play_id":"a170fada-0413-4e0e-89e4-ee3bce2c6021","local_time":"20210221135723","is_ascension_mode":true,"campfire_choices":[{"floor":6,"key":"REST"},{"floor":15,"key":"REST"},{"floor":23,"key":"REST"}],"circlet_count":0,"master_deck":["Strike_G","Strike_G","Strike_G","Strike_G","Defend_G","Defend_G","Defend_G","Defend_G","Defend_G","Survivor","Neutralize","PiercingWail","Backflip","Flying Knee","Terror","Prepared","Infinite Blades","Prepared","Acrobatics","Prepared","Outmaneuver","Adrenaline","Cloak And Dagger","Footwork+1","Magnetism","Quick Slash","Dagger Throw","Underhanded Strike"],"relics":["Ring of the Snake","NeowsBlessing","Dream Catcher","Ornamental Fan","Pantograph","Snecko Eye"],"acts_visited":["Exordium","TheCity"],"potions_floor_usage":[13,13,16,16,24,24],"damage_taken":[{"damage":0,"enemies":"2 Louse","floor":1,"turns":1},{"damage":0,"enemies":"Jaw Worm","floor":2,"turns":1},{"damage":0,"enemies":"Cultist","floor":4,"turns":1},{"damage":20,"enemies":"Large Slime","floor":10,"turns":10},{"damage":3,"enemies":"3 Louse","floor":11,"turns":6},{"damage":0,"enemies":"Blue Slaver","floor":12,"turns":4},{"damage":5,"enemies":"Gremlin Nob","floor":13,"turns":4},{"damage":0,"enemies":"Red Slaver","floor":14,"turns":4},{"damage":45,"enemies":"Slime Boss","floor":16,"turns":13},{"damage":12,"enemies":"Shell Parasite","floor":18,"turns":10},{"damage":25,"enemies":"2 Thieves","floor":19,"turns":5},{"damage":30,"enemies":"Centurion and Healer","floor":22,"turns":11},{"damage":41,"enemies":"Slavers","floor":24,"turns":4}],"seed_played":"6670776184027161692","potions_obtained":[{"floor":2,"key":"Fire Potion"},{"floor":4,"key":"Weak Potion"},{"floor":11,"key":"PowerPotion"},{"floor":13,"key":"FearPotion"},{"floor":19,"key":"Energy Potion"},{"floor":22,"key":"CunningPotion"}],"is_trial":false,"path_per_floor":["M","M","?","M","T","R","?","?","T","M","M","M","E","M","R","B",null,"M","M","$","?","M","R","E"],"character_chosen":"THE_SILENT","items_purchased":["Magnetism","Quick Slash"],"campfire_rested":3,"item_purchase_floors":[20,20],"current_hp_per_floor":[70,70,70,70,70,70,70,70,70,50,47,47,42,42,63,25,70,58,33,33,33,3,24,0,0],"gold":10,"neow_bonus":"THREE_ENEMY_KILL","is_daily":false,"chose_seed":false,"campfire_upgraded":0,"win_rate":0.0,"timestamp":1613887043,"path_taken":["M","M","?","M","?","R","?","?","T","M","M","M","E","M","R","BOSS","M","?","$","?","M","R","E"],"items_purchased_type":["Card","Card"],"build_version":"2020-12-22","purchased_purges":0,"victory":false,"max_hp_per_floor":[70,70,70,70,70,70,70,70,70,70,70,70,70,70,70,70,70,70,70,70,70,70,70,70,70],"card_choices":[{"not_picked":["Deadly Poison","Predator"],"picked":"PiercingWail","floor":1},{"not_picked":["Dagger Spray","Poisoned Stab"],"picked":"Backflip","floor":2},{"not_picked":["Deflect","Bouncing Flask"],"picked":"Flying Knee","floor":4},{"not_picked":["Adrenaline","Calculated Gamble"],"picked":"Terror","floor":6},{"not_picked":["Flying Knee","Dagger Throw"],"picked":"Prepared","floor":10},{"not_picked":["Flechettes","Reflex"],"picked":"Infinite Blades","floor":11},{"not_picked":["Noxious Fumes","Flying Knee"],"picked":"Prepared","floor":12},{"not_picked":["Bane","Prepared"],"picked":"Acrobatics","floor":13},{"not_picked":["Expertise","Deadly Poison"],"picked":"Prepared","floor":14},{"not_picked":["PiercingWail","Die Die Die"],"picked":"Outmaneuver","floor":15},{"not_picked":["Malaise","Glass Knife"],"picked":"Adrenaline","floor":16},{"not_picked":["Quick Slash","Heel Hook+1"],"picked":"Cloak And Dagger","floor":18},{"not_picked":["Deadly Poison","Dodge and Roll"],"picked":"Footwork+1","floor":19},{"not_picked":["Deflect","Poisoned Stab"],"picked":"Dagger Throw","floor":22},{"not_picked":["Prepared+1","PiercingWail"],"picked":"Underhanded Strike","floor":23}],"player_experience":28575,"relics_obtained":[{"floor":5,"key":"Dream Catcher"},{"floor":9,"key":"Ornamental Fan"},{"floor":13,"key":"Pantograph"}],"event_choices":[{"damage_healed":0,"gold_gain":0,"player_choice":"Ignored","damage_taken":0,"max_hp_gain":0,"max_hp_loss":0,"event_name":"Golden Wing","floor":3,"gold_loss":0},{"cards_removed":["Strike_G"],"damage_healed":0,"gold_gain":0,"player_choice":"Card Removal","damage_taken":0,"max_hp_gain":0,"max_hp_loss":0,"event_name":"The Cleric","floor":7,"gold_loss":50},{"damage_healed":0,"gold_gain":0,"player_choice":"Ignored","damage_taken":0,"max_hp_gain":0,"max_hp_loss":0,"event_name":"Purifier","floor":8,"gold_loss":0},{"damage_healed":0,"gold_gain":0,"player_choice":"Paid Fearfully","damage_taken":0,"max_hp_gain":0,"max_hp_loss":0,"event_name":"Masked Bandits","floor":21,"gold_loss":103}],"is_beta":false,"boss_relics":[{"not_picked":["Runic Dome","Velvet Choker"],"picked":"Snecko Eye"}],"items_purged_floors":[],"is_endless":false,"potions_floor_spawned":[2,4,11,13,19,22],"killed_by":"Slavers","ascension_level":1}}