{"host":"cpsutu8lprjuipd6","time":1613921425,"event":{"mods":["BaseMod","Colored Map","Minty Spire (QoL Compilation)","Permanent Neow","Quick Restart","StSLib","SuperFastMode","The Bug Knight","Together in Spire"],"gold_per_floor":[114,133,133,208,227,227,262,262,287,299,350,385,385,64,64,165,165,178,191,106,106,106,106,123,153,179,211,211,222,236,38,38,141,141,153,203,203,203,217,217,20,20,20],"floor_reached":42,"language":"KOR","playtime":1434,"items_purged":["Defend_R","Strike_R","Defend_R"],"score":489,"play_id":"b17422ca-b7fb-48c8-b57f-5dcb53e46a86","local_time":"20210222003025","is_ascension_mode":true,"campfire_choices":[{"data":"Thunderclap","floor":6,"key":"SMITH"},{"floor":8,"key":"REST"},{"floor":15,"key":"REST"},{"floor":23,"key":"RECALL"},{"floor":28,"key":"REST"},{"floor":32,"key":"REST"},{"data":"Clash","floor":40,"key":"SMITH"}],"circlet_count":0,"master_deck":["Strike_R","Strike_R","Defend_R","Defend_R","Bash+1","Thunderclap+1","Clash+1","Clash","Clash+1","Clash+1"],"relics":["Black Blood","Tiny Chest","Bag of Marbles","MealTicket","HollowMod:PaleOreRelic","Omamori","HornCleat","Smiling Mask","Sundial","Question Card","Centennial Puzzle","Bag of Preparation","Strawberry","Ice Cream","Whetstone"],"acts_visited":["Exordium","TheCity","TheBeyond"],"potions_floor_usage":[7,16,24,27,27,30,33,33,42],"damage_taken":[{"damage":1,"enemies":"Small Slimes","floor":1,"turns":4},{"damage":1,"enemies":"Cultist","floor":2,"turns":4},{"damage":0,"enemies":"2 Louse","floor":5,"turns":4},{"damage":52,"enemies":"Lagavulin","floor":7,"turns":6},{"damage":5,"enemies":"Looter","floor":10,"turns":3},{"damage":28,"enemies":"HollowMod:MossKnight","floor":12,"turns":11},{"damage":69,"enemies":"The Guardian","floor":16,"turns":13},{"damage":18,"enemies":"2 Thieves","floor":18,"turns":4},{"damage":15,"enemies":"3 Byrds","floor":19,"turns":6},{"damage":3,"enemies":"3 Cultists","floor":24,"turns":4},{"damage":40,"enemies":"HollowMod:Nosk","floor":25,"turns":8},{"damage":32,"enemies":"Slavers","floor":27,"turns":3},{"damage":10,"enemies":"Centurion and Healer","floor":29,"turns":6},{"damage":13,"enemies":"Shelled Parasite and Fungi","floor":30,"turns":5},{"damage":76,"enemies":"Champ","floor":33,"turns":10},{"damage":1,"enemies":"Orb Walker","floor":35,"turns":3},{"damage":32,"enemies":"Mind Bloom Boss Battle","floor":36,"turns":7},{"damage":6,"enemies":"3 Darklings","floor":39,"turns":4},{"damage":70,"enemies":"Nemesis","floor":42,"turns":6}],"seed_played":"77603090142243516","potions_obtained":[{"floor":1,"key":"Swift Potion"},{"floor":2,"key":"Energy Potion"},{"floor":5,"key":"Weak Potion"},{"floor":16,"key":"BlessingOfTheForge"},{"floor":18,"key":"LiquidMemories"},{"floor":24,"key":"DistilledChaos"},{"floor":27,"key":"Fire Potion"},{"floor":29,"key":"BloodPotion"},{"floor":36,"key":"SkillPotion"}],"is_trial":false,"path_per_floor":["M","M","?","?","M","R","E","R","T","M","T","E","?","$","R","B",null,"M","M","?","?","T","R","M","E","T","E","R","M","M","$","R","B",null,"M","?","?","T","M","R","$","E"],"character_chosen":"IRONCLAD","items_purchased":["HornCleat","Strawberry","Whetstone"],"campfire_rested":4,"item_purchase_floors":[14,31,41],"current_hp_per_floor":[80,80,85,77,83,83,37,62,62,63,63,41,41,56,81,18,85,73,64,64,64,64,64,67,33,33,7,32,28,38,60,87,17,92,92,72,72,72,78,78,92,22,22],"gold":20,"neow_bonus":"RANDOM_COMMON_RELIC","is_daily":false,"chose_seed":false,"campfire_upgraded":2,"win_rate":0.0,"timestamp":1613921425,"path_taken":["M","M","?","?","M","R","E","R","T","?","?","E","?","$","R","BOSS","M","M","?","?","?","R","M","E","T","E","R","?","M","$","R","BOSS","M","?","?","?","M","R","?","E"],"items_purchased_type":["Relic","Relic","Relic"],"build_version":"2020-12-22","purchased_purges":3,"victory":false,"max_hp_per_floor":[80,80,85,85,85,85,85,85,85,85,85,85,85,85,85,85,85,85,85,85,85,85,85,85,85,85,85,85,85,85,92,92,92,92,92,92,92,92,92,92,92,92,92],"card_choices":[{"not_picked":["Second Wind","Pommel Strike","Headbutt"],"picked":"SKIP","floor":1},{"not_picked":["Rupture","Anger"],"picked":"Thunderclap","floor":2},{"not_picked":["Reaper","Sword Boomerang","Body Slam"],"picked":"SKIP","floor":5},{"not_picked":["Thunderclap","Clothesline","Evolve"],"picked":"SKIP","floor":7},{"not_picked":["Iron Wave","Thunderclap","Searing Blow"],"picked":"SKIP","floor":10},{"not_picked":["Sword Boomerang","Iron Wave","Barricade"],"picked":"SKIP","floor":12},{"not_picked":["Havoc","True Grit"],"picked":"Clash","floor":18},{"not_picked":["Warcry","Rampage","Entrench"],"picked":"SKIP","floor":19},{"not_picked":["Impervious","Body Slam","Armaments"],"picked":"SKIP","floor":24},{"not_picked":["Evolve","Shrug It Off","Power Through"],"picked":"SKIP","floor":25},{"not_picked":["Rampage+1","Pommel Strike+1","Sword Boomerang+1","Armaments"],"picked":"SKIP","floor":27},{"not_picked":["Whirlwind+1","Twin Strike","Armaments+1"],"picked":"Clash","floor":29},{"not_picked":["Flex+1","Havoc","Shrug It Off"],"picked":"Clash+1","floor":30},{"not_picked":["Clothesline+1","True Grit","Burning Pact+1","Cleave+1"],"picked":"SKIP","floor":35},{"not_picked":["Feel No Pain+1","Flex+1","Burning Pact+1"],"picked":"Clash","floor":39}],"player_experience":136215,"relics_obtained":[{"floor":7,"key":"Bag of Marbles"},{"floor":9,"key":"MealTicket"},{"floor":11,"key":"HollowMod:PaleOreRelic"},{"floor":12,"key":"Omamori"},{"floor":22,"key":"Sundial"},{"floor":25,"key":"Question Card"},{"floor":26,"key":"Centennial Puzzle"},{"floor":27,"key":"Bag of Preparation"},{"floor":36,"key":"Ice Cream"}],"event_choices":[{"damage_healed":0,"gold_gain":0,"player_choice":"Donut","damage_taken":0,"max_hp_gain":5,"max_hp_loss":0,"event_name":"Big Fish","floor":3,"gold_loss":0},{"damage_healed":0,"gold_gain":75,"player_choice":"Touch","damage_taken":8,"max_hp_gain":0,"max_hp_loss":0,"event_name":"FaceTrader","floor":4,"gold_loss":0},{"cards_removed":["Strike_R"],"damage_healed":0,"gold_gain":0,"player_choice":"Forget","damage_taken":0,"max_hp_gain":0,"max_hp_loss":0,"event_name":"Living Wall","floor":13,"gold_loss":0},{"damage_healed":0,"gold_gain":0,"player_choice":"Obtained Relic","damage_taken":0,"relics_obtained":["Smiling Mask"],"max_hp_gain":0,"max_hp_loss":0,"event_name":"Addict","floor":20,"gold_loss":85},{"damage_healed":0,"gold_gain":0,"player_choice":"Ignored","damage_taken":0,"max_hp_gain":0,"max_hp_loss":0,"event_name":"Vampires","floor":21,"gold_loss":0},{"damage_healed":0,"gold_gain":0,"player_choice":"Fight","damage_taken":0,"max_hp_gain":0,"max_hp_loss":0,"event_name":"MindBloom","floor":36,"gold_loss":0},{"cards_removed":["Strike_R"],"damage_healed":0,"gold_gain":0,"player_choice":"Removed Attack","damage_taken":0,"max_hp_gain":0,"max_hp_loss":0,"event_name":"Falling","floor":37,"gold_loss":0}],"is_beta":false,"boss_relics":[{"not_picked":["Calling Bell","Mark of Pain","Coffee Dripper"]},{"not_picked":["Tiny House","Black Star"],"picked":"Black Blood"}],"items_purged_floors":[14,31,41],"is_endless":false,"potions_floor_spawned":[1,2,5,16,18,24,27,29,36],"killed_by":"Nemesis","ascension_level":1}}