{"host":"pletss163z7s8pvv","time":1613883919,"event":{"mods":["AchievementEnabler","BaseMod","Better Altar","Better Match","Better Note","Better Sensory Stone","Better Skull","Better Third Choice","BetterRewards","CapriCore","ChefMod","Colored Map","Colored Powertips","Conspire","Energized Spire","Evolution","GifTheSpireLib","Hermit","Ironclad Rager","Jedi Mod","Marked Mod","Minty Spire (QoL Compilation)","Retaliation","Spicy Shops","StS++","StSLib","The Alterego","The Blue Laboratory","The Cursed","The Disciple","The Forsaken"],"gold_per_floor":[113,125,142,108,119,119,148,148,148,166,177,177,192,92,92,194,194,214,61,77,77,77],"floor_reached":21,"language":"ENG","playtime":951,"items_purged":[],"score":185,"play_id":"59b2c788-e734-4cf7-9ec9-3d7ac8007f80","local_time":"20210220230519","is_ascension_mode":false,"campfire_choices":[{"floor":6,"key":"REST"},{"floor":8,"key":"REST"},{"floor":12,"key":"REST"},{"floor":15,"key":"REST"}],"circlet_count":0,"master_deck":["Strike_Br","Strike_Br","Strike_Br","Strike_Br","Defend_Br","Defend_Br","Defend_Br","Defend_Br","SecondHand","PatternShift","WindUp","Moderato","ExoVibe","HandsUpC","Grave","Echonomics","BiteCommand","ReapSow","BlueShift","Ghostly","RageCommand","HandsUpC","EscortCommand","Engulf","LockedWarPaint","LockedMedicine","Chronoelasticity"],"relics":["Chronometer","Turnip","Darkstone Periapt","energizedSpire:StickyHand","Tiny Chest","jedi:purplefairy"],"acts_visited":["Exordium","TheCity"],"potions_floor_usage":[16,16,16],"damage_taken":[{"damage":12,"enemies":"Cultist","floor":1,"turns":5},{"damage":10,"enemies":"Jaw Worm","floor":2,"turns":4},{"damage":0,"enemies":"Small Slimes","floor":3,"turns":3},{"damage":16,"enemies":"Exordium Thugs","floor":4,"turns":5},{"damage":13,"enemies":"Exordium Wildlife","floor":5,"turns":5},{"damage":32,"enemies":"Lagavulin","floor":7,"turns":10},{"damage":0,"enemies":"Large Slime","floor":10,"turns":6},{"damage":28,"enemies":"Lots of Slimes","floor":11,"turns":6},{"damage":5,"enemies":"Blue Slaver","floor":13,"turns":4},{"damage":33,"enemies":"The Guardian","floor":16,"turns":15},{"damage":20,"enemies":"2 Thieves","floor":18,"turns":5},{"damage":10,"enemies":"Shell Parasite","floor":20,"turns":7},{"damage":47,"enemies":"3 Cultists","floor":21,"turns":4}],"seed_played":"958380839248548048","potions_obtained":[{"floor":1,"key":"Dexterity Potion"},{"floor":3,"key":"blueLaboratory:CorrosionFlask"},{"floor":4,"key":"SpeedPotion"},{"floor":5,"key":"blueLaboratory:HorrorPotion"},{"floor":13,"key":"Block Potion"}],"is_trial":false,"path_per_floor":["M","M","M","M","M","R","E","R","T","M","M","R","M","?","R","B",null,"M","$","M","M"],"character_chosen":"CHRONO_CLASS","items_purchased":["Tiny Chest","jedi:purplefairy"],"campfire_rested":4,"item_purchase_floors":[19,19],"current_hp_per_floor":[59,49,49,33,20,41,9,30,30,30,2,23,18,18,39,6,71,51,51,41,0,0],"gold":77,"neow_bonus":"TEN_PERCENT_HP_BONUS","is_daily":false,"chose_seed":false,"campfire_upgraded":0,"win_rate":0.0,"timestamp":1613883919,"path_taken":["M","M","M","?","M","R","E","R","T","M","M","R","M","?","R","BOSS","M","$","M","M"],"items_purchased_type":["Relic","Relic"],"build_version":"2020-12-22","purchased_purges":0,"victory":false,"max_hp_per_floor":[71,71,71,71,71,71,71,71,71,71,71,71,71,71,71,71,71,71,71,71,71,71],"card_choices":[{"not_picked":["LockedMercury","LockedAnchor"],"picked":"WindUp","floor":1},{"not_picked":["LockedMedicine","LockedBlood"],"picked":"Tempo","floor":2},{"not_picked":["LockedTornado","DaylightSavings"],"picked":"ExoVibe","floor":3},{"not_picked":["Engulf","Break"],"picked":"HandsUpC","floor":4},{"not_picked":["PrimeTime","LockedAnchor"],"picked":"Tempo","floor":5},{"not_picked":["LockedScales","LockedAnchor"],"picked":"Echonomics","floor":7},{"not_picked":["Recurrance","LockedMedicine"],"picked":"BiteCommand","floor":10},{"not_picked":["LockedPlans","LockedWarPaint"],"picked":"ReapSow","floor":11},{"not_picked":["HandsUpB","Tempo"],"picked":"BlueShift","floor":13},{"not_picked":["Flay","OldTimer"],"picked":"RageCommand","floor":16},{"not_picked":["HandsUpC","Engulf"],"picked":"EscortCommand","floor":18},{"not_picked":["LockedWarPaint","Chronoelasticity"],"picked":"LockedMedicine","floor":20}],"player_experience":523728,"relics_obtained":[{"floor":7,"key":"Turnip"},{"floor":9,"key":"Darkstone Periapt"}],"event_choices":[{"damage_healed":0,"gold_gain":0,"player_choice":"Argue","damage_taken":0,"max_hp_gain":0,"max_hp_loss":0,"event_name":"conspire:LoneGhost","floor":14,"gold_loss":0}],"is_beta":false,"boss_relics":[{"not_picked":["energizedSpire:EnergizedDie","conspire:RunicOctahedron"],"picked":"energizedSpire:StickyHand"}],"items_purged_floors":[],"is_endless":false,"potions_floor_spawned":[1,3,4,5,13],"killed_by":"3 Cultists","ascension_level":0}}