{"host":"jt67skv49snb75sm","time":1613930402,"event":{"mods":["BaseMod","Bestiary","Minty Spire (QoL Compilation)","Relic Stats"],"gold_per_floor":[14,30,41,57,57,57,57],"floor_reached":6,"language":"ENG","playtime":311,"items_purged":[],"score":76,"play_id":"56787505-c489-4a80-956d-4bb4c7bf4744","local_time":"20210221190002","is_ascension_mode":true,"campfire_choices":[],"circlet_count":0,"master_deck":["AscendersBane","Strike_G","Strike_G","Strike_G","Strike_G","Strike_G","Defend_G","Defend_G","Defend_G","Defend_G","Defend_G","Survivor","Neutralize","Caltrops","Leg Sweep","Poisoned Stab","Cloak And Dagger"],"relics":["Ring of the Snake"],"acts_visited":["Exordium"],"potions_floor_usage":[6,6],"damage_taken":[{"damage":3.0,"enemies":"Cultist","floor":1.0,"turns":5.0},{"damage":6.0,"enemies":"Jaw Worm","floor":2.0,"turns":6.0},{"damage":4.0,"enemies":"Small Slimes","floor":3.0,"turns":5.0},{"damage":21,"enemies":"Exordium Wildlife","floor":4,"turns":6},{"damage":27,"enemies":"Lagavulin","floor":6,"turns":6}],"seed_played":"-8740678857802712976","potions_obtained":[{"floor":1.0,"key":"AttackPotion"},{"floor":3.0,"key":"Weak Potion"},{"floor":4,"key":"FearPotion"}],"is_trial":false,"path_per_floor":["M","M","M","M","?","E"],"character_chosen":"THE_SILENT","items_purchased":[],"campfire_rested":0,"item_purchase_floors":[],"current_hp_per_floor":[68,62,58,37,37,10,10],"gold":57,"neow_bonus":"TWENTY_PERCENT_HP_BONUS","is_daily":false,"chose_seed":false,"campfire_upgraded":0,"win_rate":0.0,"timestamp":1613930402,"path_taken":["M","M","M","?","?","E"],"items_purchased_type":[],"build_version":"2020-12-22","purchased_purges":0,"victory":false,"max_hp_per_floor":[78,78,78,78,78,78,78],"relic_stats":{"counters":[5,28],"obtain_stats":[{"Ring of the Snake":0},{"Ring of the Snake":0},{"Ring of the Snake":0}],"Ring of the Snake":[10]},"card_choices":[{"not_picked":["Heel Hook","Blur"],"picked":"Caltrops","floor":1.0},{"not_picked":["Finisher","Outmaneuver"],"picked":"Leg Sweep","floor":2.0},{"not_picked":["Cloak And Dagger","Calculated Gamble"],"picked":"Poisoned Stab","floor":3.0},{"not_picked":["Acrobatics","Bane"],"picked":"Cloak And Dagger","floor":4}],"player_experience":853263,"relics_obtained":[],"event_choices":[{"damage_healed":0,"gold_gain":0,"player_choice":"Ignored","damage_taken":0,"max_hp_gain":0,"max_hp_loss":0,"event_name":"Liars Game","floor":5,"gold_loss":0}],"is_beta":false,"boss_relics":[],"items_purged_floors":[],"is_endless":false,"potions_floor_spawned":[1,3,4],"killed_by":"Lagavulin","ascension_level":20}}