{"host":"dw8ij7emqco3quom","time":1613866783,"event":{"mods":["BaseMod","Minty Spire (QoL Compilation)"],"gold_per_floor":[119,71,86,98,113,148,148,181,206,206,220,295,295,309,309,405,405,419,436,448,448,547,547,574,574,623,278,278,278,278,304,304,304,304],"floor_reached":33,"language":"FRA","playtime":1872,"items_purged":["Strike_G"],"score":396,"play_id":"7144e688-00be-4e48-8810-a865563283b9","local_time":"20210221011943","is_ascension_mode":true,"campfire_choices":[{"floor":7.0,"key":"REST"},{"data":"Noxious Fumes","floor":10.0,"key":"SMITH"},{"floor":13.0,"key":"REST"},{"data":"Footwork","floor":15.0,"key":"SMITH"},{"floor":23.0,"key":"REST"},{"floor":25.0,"key":"REST"},{"floor":29.0,"key":"REST"},{"floor":32.0,"key":"REST"}],"circlet_count":0,"master_deck":["Strike_G","Strike_G","Strike_G","Strike_G","Defend_G","Defend_G","Defend_G","Defend_G","Defend_G","Survivor","Neutralize","Poisoned Stab","Deadly Poison","Noxious Fumes+1","Footwork+1","Dagger Throw","Crippling Poison","Dash","Envenom","CurseOfTheBell","Flying Knee","Poisoned Stab","Flying Knee","Writhe","Phantasmal Killer","Acrobatics","Well Laid Plans","Noxious Fumes+1"],"relics":["SacredBark","Vajra","Snake Skull","Calling Bell","PreservedInsect","White Beast Statue","Ice Cream","Toy Ornithopter","MealTicket","Juzu Bracelet","Orrery","Omamori"],"acts_visited":["Exordium","TheCity"],"potions_floor_usage":[33],"damage_taken":[{"damage":1.0,"enemies":"Cultist","floor":1.0,"turns":5.0},{"damage":0.0,"enemies":"Small Slimes","floor":3.0,"turns":3.0},{"damage":0.0,"enemies":"Jaw Worm","floor":4.0,"turns":3.0},{"damage":0.0,"enemies":"Exordium Wildlife","floor":5.0,"turns":3.0},{"damage":7.0,"enemies":"Lagavulin","floor":6.0,"turns":6.0},{"damage":9.0,"enemies":"Gremlin Nob","floor":8.0,"turns":4.0},{"damage":3.0,"enemies":"2 Fungi Beasts","floor":11.0,"turns":4.0},{"damage":16.0,"enemies":"Exordium Thugs","floor":14.0,"turns":5.0},{"damage":20.0,"enemies":"The Guardian","floor":16.0,"turns":11.0},{"damage":6.0,"enemies":"Chosen","floor":18.0,"turns":6.0},{"damage":14.0,"enemies":"3 Byrds","floor":19.0,"turns":4.0},{"damage":20.0,"enemies":"Snecko","floor":20.0,"turns":4.0},{"damage":33.0,"enemies":"Gremlin Leader","floor":24.0,"turns":5.0},{"damage":34.0,"enemies":"Book of Stabbing","floor":31.0,"turns":4.0},{"damage":76,"enemies":"Collector","floor":33,"turns":7}],"seed_played":"5428916031340666851","potions_obtained":[{"floor":3.0,"key":"SteroidPotion"},{"floor":4.0,"key":"Strength Potion"},{"floor":5.0,"key":"BlessingOfTheForge"},{"floor":8.0,"key":"Weak Potion"},{"floor":14.0,"key":"SneckoOil"},{"floor":18.0,"key":"SneckoOil"},{"floor":19.0,"key":"Block Potion"},{"floor":20.0,"key":"SneckoOil"},{"floor":24.0,"key":"Poison Potion"},{"floor":31.0,"key":"LiquidBronze"}],"is_trial":false,"path_per_floor":["M","$","M","M","M","E","R","E","T","R","M","?","R","M","R","B",null,"M","M","M","?","?","R","E","R","T","$","?","R","?","E","R","B"],"character_chosen":"THE_SILENT","items_purchased":["Deadly Poison","Orrery","Well Laid Plans","Fire Potion"],"campfire_rested":6,"item_purchase_floors":[2,27,27,27],"current_hp_per_floor":[62,62,62,62,62,55,70,61,61,61,58,47,68,52,52,32,61,55,41,21,21,21,42,19,40,40,55,55,70,70,46,67,0,0],"gold":304,"neow_bonus":"BOSS_RELIC","is_daily":false,"chose_seed":false,"campfire_upgraded":2,"win_rate":0.0,"timestamp":1613866783,"path_taken":["M","$","?","M","M","E","R","E","T","R","M","?","R","M","R","BOSS","M","M","M","?","?","R","E","R","T","$","?","R","?","E","R","BOSS"],"items_purchased_type":["Card","Relic","Card","Potion"],"build_version":"2020-12-22","purchased_purges":1,"victory":false,"max_hp_per_floor":[70,70,70,70,70,70,70,70,70,70,70,70,70,70,70,70,70,70,70,70,70,70,70,70,70,70,70,70,70,70,70,70,70,70],"card_choices":[{"not_picked":["Deadly Poison","Slice"],"picked":"Poisoned Stab","floor":1.0},{"not_picked":["Riddle With Holes","PiercingWail"],"picked":"Noxious Fumes","floor":3.0},{"not_picked":["Calculated Gamble","Terror"],"picked":"Footwork","floor":4.0},{"not_picked":["Prepared","Sucker Punch"],"picked":"Dagger Throw","floor":5.0},{"not_picked":["After Image","Accuracy"],"picked":"Crippling Poison","floor":6.0},{"not_picked":["Underhanded Strike","Slice"],"picked":"Dash","floor":8.0},{"not_picked":["Sucker Punch","Tactician","Dodge and Roll"],"picked":"SKIP","floor":11.0},{"not_picked":["Acrobatics","Flechettes","Terror"],"picked":"SKIP","floor":14.0},{"not_picked":["Doppelganger","A Thousand Cuts"],"picked":"Envenom","floor":16.0},{"not_picked":["Concentrate","Sucker Punch"],"picked":"Flying Knee","floor":18.0},{"not_picked":["Reflex","Prepared+1"],"picked":"Poisoned Stab","floor":19.0},{"not_picked":["Infinite Blades+1","Poisoned Stab"],"picked":"Flying Knee","floor":20.0},{"not_picked":["Outmaneuver","Calculated Gamble+1","Skewer"],"picked":"SKIP","floor":24.0},{"not_picked":["Night Terror","Dagger Throw+1"],"picked":"Phantasmal Killer","floor":27.0},{"not_picked":["Prepared","Calculated Gamble"],"picked":"Acrobatics","floor":27.0},{"not_picked":["Quick Slash+1","Accuracy","Dodge and Roll"],"picked":"SKIP","floor":31.0}],"player_experience":749183,"relics_obtained":[{"floor":6.0,"key":"Vajra"},{"floor":8.0,"key":"Snake Skull"},{"floor":17.0,"key":"PreservedInsect"},{"floor":17.0,"key":"White Beast Statue"},{"floor":17.0,"key":"Ice Cream"},{"floor":24.0,"key":"MealTicket"},{"floor":26.0,"key":"Juzu Bracelet"},{"floor":31.0,"key":"Omamori"}],"event_choices":[{"damage_healed":0.0,"max_hp_gain":0.0,"max_hp_loss":0.0,"gold_gain":75.0,"event_name":"World of Goop","player_choice":"Gather Gold","floor":12.0,"gold_loss":0.0,"damage_taken":11.0},{"damage_healed":0.0,"max_hp_gain":0.0,"max_hp_loss":0.0,"gold_gain":0.0,"event_name":"The Mausoleum","player_choice":"Opened","floor":21.0,"gold_loss":0.0,"damage_taken":0.0,"relics_obtained":["Toy Ornithopter"],"cards_obtained":["Writhe"]},{"damage_healed":0.0,"max_hp_gain":0.0,"max_hp_loss":0.0,"gold_gain":99.0,"event_name":"Nest","player_choice":"Stole From Cult","floor":22.0,"gold_loss":0.0,"damage_taken":0.0},{"damage_healed":0.0,"max_hp_gain":0.0,"max_hp_loss":0.0,"gold_gain":0.0,"event_name":"Duplicator","player_choice":"Copied","floor":28.0,"gold_loss":0.0,"damage_taken":0.0,"cards_obtained":["Noxious Fumes"]},{"damage_healed":0.0,"max_hp_gain":0.0,"max_hp_loss":0.0,"gold_gain":0.0,"event_name":"Match and Keep!","player_choice":"0 cards matched","floor":30.0,"gold_loss":0.0,"damage_taken":0.0,"cards_obtained":[]}],"is_beta":false,"boss_relics":[{"not_picked":["Pandora\u0027s Box","Sozu"],"picked":"Calling Bell"}],"items_purged_floors":[27],"is_endless":false,"potions_floor_spawned":[3,4,5,8,14,18,19,20,24,31],"killed_by":"Collector","ascension_level":7}}