{"host":"c1h8o8aodufyrxir","time":1613903388,"event":{"mods":["AchievementEnabler","BaseMod","Block Reminder","Downfall","Minty Spire (QoL Compilation)","Rare Cards Sparkle","Relic Stats","StSLib"],"gold_per_floor":[99,117,217,227,246,238,263,263,51,79,149,149,299,337,357,468,468,468,485,485,593,662,712,787,800,800,822,194,237,137,150,168,168,168,168],"floor_reached":33,"language":"ENG","playtime":2349,"items_purged":[],"score":317,"play_id":"2b4a79b7-5872-433f-ada6-fc951dd14b9f","local_time":"20210221032948","is_ascension_mode":false,"campfire_choices":[{"data":"hexamod:Float","floor":1,"key":"SMITH"},{"data":"hexamod:ThermalTransfer","floor":8,"key":"SMITH"},{"data":"hexamod:EmpoweredFlame","floor":12,"key":"SMITH"},{"data":"hexamod:TimeOfNeed","floor":18,"key":"SMITH"},{"floor":26,"key":"REST"},{"floor":30,"key":"REST"}],"circlet_count":0,"master_deck":["hexamod:Strike","hexamod:Strike","hexamod:Strike","hexamod:Strike","hexamod:Defend+1","hexamod:Defend","hexamod:Defend","hexamod:Defend","hexamod:Sear","hexamod:Float+1","hexamod:UnlimitedPower","hexamod:ThermalTransfer+1","hexamod:StepThrough","hexamod:ThirdSeal","hexamod:FourthSeal","hexamod:SecondSeal","hexamod:FirstSeal","hexamod:Incineration+1","hexamod:EmpoweredFlame+1","hexamod:SpectersWail+1","hexamod:RecurringNightmare","hexamod:RecurringNightmare","hexamod:NightmareStrike","hexamod:SpectersWail","downfall:Icky","hexamod:FastForward","hexamod:ThermalTransfer","hexamod:UnleashSpirits","hexamod:TimeOfNeed+1","hexamod:SixthSeal","CurseOfTheBell","hexamod:NightmareStrike","hexamod:NecessarySacrifice+1","hexamod:EmpoweredFlame","hexamod:Rewind","hexamod:FlamesFromBeyond","hexamod:NightmareGuise","hexamod:WildfireWeapon","hexamod:FlamesFromBeyond","hexamod:FastForward","hexamod:ExtraCrispy+1","Master of Strategy","Dramatic Entrance","hexamod:InspiringFlames","hexamod:NightmareStrike","hexamod:GhostflameInferno","hexamod:PhantomCloak"],"relics":["hexamod:SpiritBrand","Bronze Scales","Mercury Hourglass","Nunchaku","Calling Bell","Blood Vial","Gremlin Horn","Ice Cream","downfall:CloakOfManyFaces","CultistMask","FaceOfCleric","NlothsMask","GremlinMask","SsserpentHead","downfall:RedIOU","Orichalcum","Membership Card","Bottled Tornado","Meat on the Bone","downfall:HeartBlessingGreen"],"acts_visited":["Exordium","TheCity"],"potions_floor_usage":[21,25,29,33,33],"damage_taken":[{"damage":0,"enemies":"2 Louse","floor":2,"turns":3},{"damage":0,"enemies":"Small Slimes","floor":4,"turns":4},{"damage":0,"enemies":"Cultist","floor":5,"turns":3},{"damage":0,"enemies":"downfall:FleeingMerchant","floor":9,"turns":4},{"damage":11,"enemies":"Large Slime","floor":10,"turns":4},{"damage":12,"enemies":"Gremlin Nob","floor":11,"turns":4},{"damage":18,"enemies":"Lagavulin","floor":14,"turns":4},{"damage":13,"enemies":"2 Fungi Beasts","floor":15,"turns":3},{"damage":11,"enemies":"SI_SHIV_ARCHETYPE","floor":16,"turns":6},{"damage":0,"enemies":"3 Byrds","floor":19,"turns":2},{"damage":17,"enemies":"downfall:FaceTrader","floor":21,"turns":7},{"damage":16,"enemies":"Shell Parasite","floor":22,"turns":5},{"damage":27,"enemies":"Snake Plant","floor":25,"turns":3},{"damage":15,"enemies":"Snecko","floor":27,"turns":4},{"damage":5,"enemies":"downfall:FleeingMerchant","floor":28,"turns":4},{"damage":52,"enemies":"Gremlin Leader","floor":29,"turns":6},{"damage":24,"enemies":"Chosen and Byrds","floor":31,"turns":5},{"damage":23,"enemies":"Centurion and Healer","floor":32,"turns":8},{"damage":35,"enemies":"DF_ARCHETYPE_CLAW","floor":33,"turns":4}],"seed_played":"1041647569572753667","potions_obtained":[{"floor":2,"key":"Slimebound:ThreeZeroPotion"},{"floor":9,"key":"BlessingOfTheForge"},{"floor":10,"key":"CultistPotion"},{"floor":11,"key":"SteroidPotion"},{"floor":14,"key":"hexamod:InfernoChargePotion"},{"floor":14,"key":"PowerPotion"},{"floor":16,"key":"hexamod:DoubleChargePotion"},{"floor":21,"key":"PowerPotion"},{"floor":25,"key":"Swift Potion"},{"floor":29,"key":"SteroidPotion"}],"is_trial":false,"path_per_floor":["R","M","?","M","M","?","T","R","$","M","?","R","?","E","M","B",null,"R","M","?","?","M","?","T","M","R","M","$","E","R","M","M","B"],"character_chosen":"THE_SPIRIT","items_purchased":["PreservedInsect","hexamod:SpectersWail","Orichalcum","Membership Card","Bottled Tornado","hexamod:FastForward","hexamod:ExtraCrispy","Master of Strategy","Dramatic Entrance"],"campfire_rested":2,"item_purchase_floors":[9,9,28,28,28,28,28,28,28],"current_hp_per_floor":[70,70,70,70,70,63,63,63,70,66,61,61,61,50,37,33,70,70,70,70,60,54,54,54,37,58,53,51,9,31,29,28,0,0,0],"gold":168,"neow_bonus":"ONE_RANDOM_RARE_CARD","is_daily":false,"chose_seed":false,"campfire_upgraded":4,"win_rate":0.0,"timestamp":1613903388,"path_taken":["R","M","?","M","M","?","T","R","$","M","?","R","?","E","M","BOSS","R","M","?","?","?","?","T","M","R","M","$","E","R","M","M","BOSS"],"items_purchased_type":["Relic","Card","Relic","Relic","Relic","Card","Card","Card","Card"],"build_version":"2020-12-22","purchased_purges":0,"victory":false,"max_hp_per_floor":[70,70,70,70,70,70,70,70,70,70,70,70,70,70,70,70,70,70,70,70,70,71,71,71,72,72,73,74,75,75,76,77,77,77,77],"relic_stats":{"Blood Vial":16,"SsserpentHead":100,"Nunchaku":[7],"Gremlin Horn":[9,9],"FaceOfCleric":7,"counters":[19,82],"Bronze Scales":[216],"Orichalcum":[36],"obtain_stats":[{"Ice Cream":17,"Gremlin Horn":17,"GremlinMask":21,"downfall:HeartBlessingGreen":30,"PreservedInsect":9,"Orichalcum":28,"Bottled Tornado":28,"Mercury Hourglass":11,"Calling Bell":17,"Blood Vial":17,"SsserpentHead":21,"Nunchaku":14,"FaceOfCleric":21,"Bronze Scales":7,"CultistMask":21,"downfall:RedIOU":23,"downfall:CloakOfManyFaces":21,"Membership Card":28,"hexamod:SpiritBrand":0,"NlothsMask":21,"Meat on the Bone":29},{"Ice Cream":9,"Gremlin Horn":9,"GremlinMask":11,"downfall:HeartBlessingGreen":16,"PreservedInsect":4,"Orichalcum":15,"Bottled Tornado":15,"Mercury Hourglass":6,"Calling Bell":9,"Blood Vial":9,"SsserpentHead":11,"Nunchaku":7,"FaceOfCleric":11,"Bronze Scales":3,"CultistMask":11,"downfall:RedIOU":12,"downfall:CloakOfManyFaces":11,"Membership Card":15,"hexamod:SpiritBrand":0,"NlothsMask":11,"Meat on the Bone":16},{"Ice Cream":34,"Gremlin Horn":34,"GremlinMask":43,"downfall:HeartBlessingGreen":65,"PreservedInsect":14,"Orichalcum":59,"Bottled Tornado":59,"Mercury Hourglass":22,"Calling Bell":34,"Blood Vial":34,"SsserpentHead":43,"Nunchaku":26,"FaceOfCleric":43,"Bronze Scales":10,"CultistMask":43,"downfall:RedIOU":48,"downfall:CloakOfManyFaces":43,"Membership Card":59,"hexamod:SpiritBrand":0,"NlothsMask":43,"Meat on the Bone":65}],"Mercury Hourglass":[208],"Meat on the Bone":24},"card_choices":[{"not_picked":["hexamod:HeatShield","hexamod:HauntingEcho"],"picked":"hexamod:ThermalTransfer","floor":2},{"not_picked":["hexamod:FlamesFromBeyond","hexamod:NecessarySacrifice"],"picked":"hexamod:StepThrough","floor":4},{"not_picked":["hexamod:GhostShield","hexamod:EmpoweredFlame"],"picked":"hexamod:FastForward","floor":5},{"not_picked":["hexamod:HeatMetal","hexamod:AdvancingGuard"],"picked":"hexamod:Incineration","floor":9},{"not_picked":["hexamod:Firestarter","hexamod:HeatCrush"],"picked":"hexamod:EmpoweredFlame","floor":9},{"not_picked":["hexamod:NecessarySacrifice","hexamod:ExtraCrispy"],"picked":"hexamod:RecurringNightmare","floor":10},{"not_picked":["hexamod:PhantomCloak","hexamod:BacktrackSmack"],"picked":"hexamod:RecurringNightmare","floor":10},{"not_picked":["hexamod:DynamicBlow","hexamod:SearingWound"],"picked":"hexamod:NightmareStrike","floor":11},{"not_picked":["hexamod:Incineration","hexamod:SecondSeal"],"picked":"hexamod:SpectersWail","floor":11},{"not_picked":["hexamod:GhostShield","hexamod:ShieldOfDarkness"],"picked":"hexamod:FastForward","floor":14},{"not_picked":["hexamod:PhantomFireball","hexamod:GhostShield"],"picked":"hexamod:ThermalTransfer","floor":14},{"not_picked":["hexamod:SwordOfDarkness","hexamod:SkipABeat"],"picked":"hexamod:UnleashSpirits","floor":15},{"not_picked":["hexamod:TimeWarp","hexamod:TurnItUp"],"picked":"hexamod:TimeOfNeed","floor":16},{"not_picked":["hexamod:GhostflameInferno","hexamod:TurnItUp"],"picked":"hexamod:SixthSeal","floor":16},{"not_picked":["hexamod:NightmareGuise","hexamod:Again+1","hexamod:NightmareStrike"],"picked":"SKIP","floor":19},{"not_picked":["hexamod:ShieldOfDarkness+1","hexamod:HauntingEcho+1"],"picked":"hexamod:NightmareStrike","floor":21},{"not_picked":["hexamod:SwordOfDarkness+1","hexamod:FourthSeal"],"picked":"hexamod:NecessarySacrifice+1","floor":21},{"not_picked":["hexamod:HeatMetal","hexamod:ThirdSeal"],"picked":"hexamod:EmpoweredFlame","floor":22},{"not_picked":["hexamod:Haunt","hexamod:AdvancingGuard"],"picked":"hexamod:Rewind","floor":25},{"not_picked":["hexamod:EtherealExpedition","hexamod:RecurringNightmare"],"picked":"hexamod:FlamesFromBeyond","floor":25},{"not_picked":["hexamod:Hexaguard+1","hexamod:InspiringFlames"],"picked":"hexamod:NightmareGuise","floor":27},{"not_picked":["hexamod:HeatShield+1","hexamod:AdvancingGuard"],"picked":"hexamod:WildfireWeapon","floor":27},{"not_picked":["hexamod:HauntingEcho","hexamod:GhostLash"],"picked":"hexamod:FlamesFromBeyond","floor":28},{"not_picked":["hexamod:NightmareGuise","hexamod:BurningTouch+1","hexamod:GhostflameBarrier"],"picked":"SKIP","floor":28},{"not_picked":["hexamod:GhostShield+1","hexamod:ShieldOfDarkness+1"],"picked":"hexamod:InspiringFlames","floor":29},{"not_picked":["hexamod:EtherealExpedition","hexamod:FourthSeal"],"picked":"hexamod:NightmareStrike","floor":31},{"not_picked":["hexamod:Firestarter","hexamod:ChargedBarrage"],"picked":"hexamod:GhostflameInferno","floor":32},{"not_picked":["hexamod:ThermalTransfer","hexamod:GhostLash"],"picked":"hexamod:PhantomCloak","floor":32}],"player_experience":186160,"relics_obtained":[{"floor":7,"key":"Bronze Scales"},{"floor":11,"key":"Mercury Hourglass"},{"floor":14,"key":"Nunchaku"},{"floor":17,"key":"Blood Vial"},{"floor":17,"key":"Gremlin Horn"},{"floor":17,"key":"Ice Cream"},{"floor":21,"key":"downfall:CloakOfManyFaces"},{"floor":29,"key":"Meat on the Bone"}],"event_choices":[],"is_beta":false,"boss_relics":[{"not_picked":["Runic Pyramid","bronze:MakeshiftBattery"],"picked":"Calling Bell"}],"items_purged_floors":[],"is_endless":false,"potions_floor_spawned":[2,11,14,19,25,27,31,32],"killed_by":"DF_ARCHETYPE_CLAW","ascension_level":0}}