{"host":"cr9rpoy6dx9riis3","time":1613930623,"event":{"mods":["AchievementEnabler","BaseMod","Better Altar","Better Note","Better Sensory Stone","Better Skull","Better Third Choice","Better-Laid Plans","BetterRewards","Block Reminder","Curses Come First","Displayed Cursed Tome","Emptier Cage","Marked Mod","Minty Spire (QoL Compilation)","Permanent Neow","Relic Sorter","StSLib","The Blue Laboratory","Transform Curses"],"gold_per_floor":[117,127,140,215,235,247,281,281,281,337,337,348,348,362,362,362,362],"floor_reached":16,"language":"ENG","playtime":814,"items_purged":[],"score":193,"play_id":"ebc8144a-303a-4e56-85b9-ea6c176ef1d4","local_time":"20210221190343","is_ascension_mode":true,"campfire_choices":[{"data":"Survivor","floor":8,"key":"SMITH"},{"data":"Neutralize","floor":11,"key":"SMITH"},{"data":"Terror","floor":13,"key":"SMITH"},{"floor":15,"key":"REST"}],"circlet_count":0,"master_deck":["Strike_G","Strike_G","Strike_G","Strike_G","Strike_G","Defend_G","Defend_G","Defend_G","Defend_G","Defend_G","Survivor+1","Neutralize+1","Backflip","Heel Hook","Die Die Die","Heel Hook","Heel Hook","Well Laid Plans","Terror+1","Sucker Punch"],"relics":["Ring of the Snake","Eternal Feather","Centennial Puzzle"],"acts_visited":["Exordium"],"potions_floor_usage":[7,14,16],"damage_taken":[{"damage":19,"enemies":"Jaw Worm","floor":1,"turns":11},{"damage":0,"enemies":"2 Louse","floor":2,"turns":4},{"damage":0,"enemies":"Small Slimes","floor":3,"turns":3},{"damage":0,"enemies":"2 Fungi Beasts","floor":5,"turns":3},{"damage":8,"enemies":"Blue Slaver","floor":6,"turns":4},{"damage":19,"enemies":"3 Sentries","floor":7,"turns":5},{"damage":10,"enemies":"3 Sentries","floor":10,"turns":10},{"damage":0,"enemies":"Looter","floor":12,"turns":2},{"damage":5,"enemies":"2 Fungi Beasts","floor":14,"turns":3},{"damage":62,"enemies":"Slime Boss","floor":16,"turns":10}],"seed_played":"-3622125532800427044","potions_obtained":[{"floor":5,"key":"Strength Potion"},{"floor":10,"key":"PowerPotion"},{"floor":14,"key":"LiquidMemories"}],"is_trial":false,"path_per_floor":["M","M","M","?","M","M","E","R","T","?","R","M","R","M","R","B"],"character_chosen":"THE_SILENT","items_purchased":["Eternal Feather"],"campfire_rested":1,"item_purchase_floors":[0],"current_hp_per_floor":[44,44,44,33,33,25,6,15,15,5,14,14,23,18,51,0,0],"gold":362,"neow_bonus":"","is_daily":false,"chose_seed":false,"campfire_upgraded":3,"win_rate":0.0,"timestamp":1613930623,"path_taken":["M","M","M","?","M","M","E","R","T","?","R","M","R","M","R","BOSS"],"items_purchased_type":["Relic"],"build_version":"2020-12-22","purchased_purges":0,"victory":false,"max_hp_per_floor":[70,70,70,70,70,70,70,70,70,70,70,70,70,70,70,70,70],"card_choices":[{"not_picked":["Slice","Deflect"],"picked":"Backflip","floor":1},{"not_picked":["Cloak And Dagger","Dagger Spray"],"picked":"Heel Hook","floor":2},{"not_picked":["Slice","PiercingWail"],"picked":"Die Die Die","floor":3},{"not_picked":["Distraction","Bane"],"picked":"Heel Hook","floor":5},{"not_picked":["Crippling Poison","Riddle With Holes"],"picked":"Heel Hook","floor":6},{"not_picked":["Riddle With Holes","Bullet Time"],"picked":"Well Laid Plans","floor":7},{"not_picked":["Prepared","Heel Hook"],"picked":"Terror","floor":12},{"not_picked":["Acrobatics","Riddle With Holes"],"picked":"Sucker Punch","floor":14}],"player_experience":763515,"relics_obtained":[],"event_choices":[{"damage_healed":0,"gold_gain":75,"player_choice":"Gold","damage_taken":11,"max_hp_gain":0,"max_hp_loss":0,"event_name":"betterThird:BetterGoop","floor":4,"gold_loss":0},{"damage_healed":0,"gold_gain":30,"player_choice":"Searched \u00273\u0027 times","damage_taken":0,"relics_obtained":["Centennial Puzzle"],"max_hp_gain":0,"max_hp_loss":0,"event_name":"Dead Adventurer","floor":10,"gold_loss":0}],"is_beta":false,"boss_relics":[],"items_purged_floors":[],"is_endless":false,"potions_floor_spawned":[5,10,14],"killed_by":"Slime Boss","ascension_level":5}}