{"host":"2qv44oxt58ptq59r","time":1613921330,"event":{"mods":["AchievementEnabler","BaseMod","Colored Powertips","Highlight Path","Minty Spire (QoL Compilation)","Permanent Neow","StSLib"],"gold_per_floor":[115,115,22,22,37,69,69,100,126,126,6,34,51,79,79,181,181,195,206,206,224,286,286,311,311,311,361,5,17,17,29,29,130,130,143,243,263,313,330,330,330],"floor_reached":40,"language":"ENG","playtime":7656,"items_purged":[],"score":576,"play_id":"24bc7120-c607-4cf0-b29f-faae4a74f8f9","local_time":"20210221152850","is_ascension_mode":true,"campfire_choices":[{"floor":7.0,"key":"REST"},{"floor":10.0,"key":"REST"},{"floor":15.0,"key":"REST"},{"floor":23.0,"key":"REST"},{"floor":25.0,"key":"REST"},{"data":"1","floor":30.0,"key":"LIFT"},{"data":"2","floor":32.0,"key":"LIFT"}],"circlet_count":0,"master_deck":["Strike_G+1","Strike_G","Strike_G","Strike_G","Strike_G","Defend_G","Defend_G","Defend_G","Defend_G","Defend_G","Survivor","Neutralize","Dagger Spray","Infinite Blades","Backflip","Bane","Dodge and Roll","Poisoned Stab","Caltrops","Backstab+1","Sucker Punch","Cloak And Dagger","Venomology","Deadly Poison+1","Caltrops","Deflect","Well Laid Plans","Dagger Throw","Poisoned Stab","Poisoned Stab","Doppelganger","Dagger Spray+1","Bane","Leg Sweep","Parasite","Footwork"],"relics":["Ring of the Snake","Snake Skull","Potion Belt","Ninja Scroll","Odd Mushroom","Eternal Feather","WristBlade","SsserpentHead","Anchor","Whetstone","Girya","Ginger"],"acts_visited":["Exordium","TheCity","TheBeyond"],"potions_floor_usage":[40],"damage_taken":[{"damage":0.0,"enemies":"Small Slimes","floor":1.0,"turns":5.0},{"damage":0.0,"enemies":"Jaw Worm","floor":5.0,"turns":5.0},{"damage":30.0,"enemies":"Gremlin Nob","floor":6.0,"turns":5.0},{"damage":25.0,"enemies":"3 Sentries","floor":8.0,"turns":9.0},{"damage":5.0,"enemies":"The Mushroom Lair","floor":12.0,"turns":4.0},{"damage":0.0,"enemies":"Cultist","floor":13.0,"turns":2.0},{"damage":26.0,"enemies":"Lagavulin","floor":14.0,"turns":6.0},{"damage":36.0,"enemies":"Slime Boss","floor":16.0,"turns":8.0},{"damage":0.0,"enemies":"3 Byrds","floor":18.0,"turns":4.0},{"damage":0.0,"enemies":"Spheric Guardian","floor":19.0,"turns":2.0},{"damage":22.0,"enemies":"Snecko","floor":21.0,"turns":4.0},{"damage":12.0,"enemies":"Chosen and Byrds","floor":22.0,"turns":4.0},{"damage":55.0,"enemies":"Gremlin Leader","floor":24.0,"turns":4.0},{"damage":0.0,"enemies":"Shelled Parasite and Fungi","floor":29.0,"turns":3.0},{"damage":10.0,"enemies":"3 Cultists","floor":31.0,"turns":4.0},{"damage":68.0,"enemies":"Collector","floor":33.0,"turns":8.0},{"damage":0.0,"enemies":"Orb Walker","floor":35.0,"turns":2.0},{"damage":33.0,"enemies":"Mind Bloom Boss Battle","floor":36.0,"turns":8.0},{"damage":0.0,"enemies":"3 Shapes","floor":37.0,"turns":2.0},{"damage":7.0,"enemies":"Writhing Mass","floor":39.0,"turns":3.0},{"damage":31,"enemies":"Nemesis","floor":40,"turns":7}],"seed_played":"3259006365779150152","potions_obtained":[{"floor":8.0,"key":"Fire Potion"},{"floor":12.0,"key":"LiquidBronze"},{"floor":13.0,"key":"GamblersBrew"},{"floor":14.0,"key":"LiquidMemories"},{"floor":22.0,"key":"ColorlessPotion"},{"floor":24.0,"key":"CunningPotion"},{"floor":36.0,"key":"Explosive Potion"},{"floor":37.0,"key":"LiquidMemories"}],"is_trial":false,"path_per_floor":["M","?","$","$","M","E","R","E","T","R","$","?","M","E","R","B",null,"M","M","?","M","M","R","E","R","T","?","$","M","R","M","R","B",null,"M","?","M","?","M","E"],"character_chosen":"THE_SILENT","items_purchased":["Infinite Blades","Backflip","Poisoned Stab","Caltrops","Girya","Swift Potion"],"campfire_rested":5,"item_purchase_floors":[3,3,11,11,28,28],"current_hp_per_floor":[63,68,68,68,68,38,60,35,35,57,57,52,52,26,60,24,62,62,62,62,40,28,65,10,47,47,33,33,33,48,38,56,24,66,66,33,33,33,26,0,0],"gold":330,"neow_bonus":"RANDOM_COMMON_RELIC","is_daily":false,"chose_seed":false,"campfire_upgraded":0,"win_rate":0.0,"timestamp":1613921330,"path_taken":["M","?","?","$","M","E","R","E","T","R","$","?","M","E","R","BOSS","M","M","?","M","?","R","E","R","T","?","$","M","R","M","R","BOSS","M","?","M","?","M","E"],"items_purchased_type":["Card","Card","Card","Card","Relic","Potion"],"build_version":"2020-12-22","purchased_purges":0,"victory":false,"max_hp_per_floor":[70,75,75,75,75,75,75,75,75,75,75,75,75,75,75,75,75,75,75,75,75,75,75,75,75,75,80,80,80,80,80,80,80,80,80,80,80,80,80,80,80],"card_choices":[{"not_picked":["Deflect","Concentrate"],"picked":"Dagger Spray","floor":1.0},{"not_picked":["Acrobatics","Terror"],"picked":"Bane","floor":5.0},{"not_picked":["Calculated Gamble","All Out Attack","Night Terror"],"picked":"SKIP","floor":6.0},{"not_picked":["Underhanded Strike","Phantasmal Killer"],"picked":"Dodge and Roll","floor":8.0},{"not_picked":["Tactician","Dodge and Roll"],"picked":"Backstab","floor":12.0},{"not_picked":["Masterful Stab","Choke"],"picked":"Sucker Punch","floor":13.0},{"not_picked":["Prepared","Backflip"],"picked":"Cloak And Dagger","floor":14.0},{"not_picked":["Unload","Tools of the Trade"],"picked":"Venomology","floor":16.0},{"not_picked":["Cloak And Dagger","Caltrops"],"picked":"Deadly Poison+1","floor":18.0},{"not_picked":["Prepared","Underhanded Strike"],"picked":"Caltrops","floor":19.0},{"not_picked":["Dodge and Roll","Outmaneuver"],"picked":"Deflect","floor":21.0},{"not_picked":["Eviscerate+1","Calculated Gamble+1"],"picked":"Well Laid Plans","floor":22.0},{"not_picked":["Backflip","Deflect"],"picked":"Dagger Throw","floor":24.0},{"not_picked":["Flying Knee","Prepared"],"picked":"Poisoned Stab","floor":29.0},{"not_picked":["Backflip+1","Calculated Gamble"],"picked":"Poisoned Stab","floor":31.0},{"not_picked":["Wraith Form v2","Phantasmal Killer"],"picked":"Doppelganger","floor":33.0},{"not_picked":["Poisoned Stab+1","Deadly Poison+1"],"picked":"Dagger Spray+1","floor":35.0},{"not_picked":["Heel Hook","Distraction+1"],"picked":"Bane","floor":36.0},{"not_picked":["Predator+1","Acrobatics"],"picked":"Leg Sweep","floor":37.0},{"not_picked":["Concentrate+1","Backflip+1"],"picked":"Footwork","floor":39.0}],"player_experience":5782772,"relics_obtained":[{"floor":6.0,"key":"Potion Belt"},{"floor":8.0,"key":"Ninja Scroll"},{"floor":12.0,"key":"Odd Mushroom"},{"floor":14.0,"key":"Eternal Feather"},{"floor":24.0,"key":"Anchor"},{"floor":26.0,"key":"Whetstone"},{"floor":36.0,"key":"Ginger"}],"event_choices":[{"damage_healed":0.0,"max_hp_gain":5.0,"max_hp_loss":0.0,"gold_gain":0.0,"event_name":"Big Fish","player_choice":"Donut","floor":2.0,"gold_loss":0.0,"damage_taken":0.0},{"damage_healed":0.0,"max_hp_gain":0.0,"max_hp_loss":0.0,"gold_gain":0.0,"event_name":"Mushrooms","player_choice":"Fought Mushrooms","floor":12.0,"gold_loss":0.0,"damage_taken":0.0},{"damage_healed":0.0,"max_hp_gain":0.0,"max_hp_loss":0.0,"gold_gain":0.0,"event_name":"FaceTrader","player_choice":"Trade","floor":20.0,"gold_loss":0.0,"damage_taken":0.0,"relics_obtained":["SsserpentHead"]},{"damage_healed":0.0,"max_hp_gain":5.0,"max_hp_loss":0.0,"gold_gain":0.0,"event_name":"Forgotten Altar","player_choice":"Shed Blood","floor":27.0,"gold_loss":0.0,"damage_taken":19.0},{"damage_healed":0.0,"max_hp_gain":0.0,"max_hp_loss":0.0,"gold_gain":0.0,"event_name":"MindBloom","player_choice":"Fight","floor":36.0,"gold_loss":0.0,"damage_taken":0.0},{"damage_healed":0.0,"max_hp_gain":0.0,"max_hp_loss":0.0,"gold_gain":0.0,"event_name":"The Moai Head","player_choice":"Ignored","floor":38.0,"gold_loss":0.0,"damage_taken":0.0}],"is_beta":false,"boss_relics":[{"not_picked":["Black Star","SlaversCollar"],"picked":"WristBlade"},{"not_picked":["Velvet Choker","Philosopher\u0027s Stone","Runic Pyramid"]}],"items_purged_floors":[],"is_endless":false,"potions_floor_spawned":[8,12,13,14,22,24,36,37],"killed_by":"Nemesis","ascension_level":6}}