{"host":"u9h06qdlnp3wgzsw","time":1613873565,"event":{"mods":["Act Like it!","BaseMod","Conspire","Curses Come First","Downfall","Hallownest","Hermit","Hubris","Minty Spire (QoL Compilation)","Quick Restart","Rare Cards Sparkle","Reliquary","Replay The Spire","Shop Mod","StSLib","The Bug Knight","The Disciple","The Servant 0.9.4"],"gold_per_floor":[114,45,45,60,60,159,159,171,171,171],"floor_reached":9,"language":"ENG","playtime":538,"items_purged":[],"score":101,"play_id":"9db498f8-5db1-47c0-acd7-5d338da3d19d","local_time":"20210220211245","is_ascension_mode":false,"campfire_choices":[],"circlet_count":0,"master_deck":["HollowMod:NailStrikeStart","HollowMod:NailStrikeStart","HollowMod:NailStrikeStart","HollowMod:NailStrikeStart","HollowMod:QuickDashStart","HollowMod:QuickDashStart","HollowMod:QuickDashStart","HollowMod:QuickDashStart","HollowMod:FocusHealStart","HollowMod:PogoStrike","HollowMod:InfectedAttack","HollowMod:SoulVessel","HollowMod:BrokenVessel","HollowMod:NewInfectedGuardian"],"relics":["HollowMod:VesselMask","NeowsBlessing","Fusion Hammer"],"acts_visited":["Exordium","Hallownest:Greenpath"],"potions_floor_usage":[],"damage_taken":[{"damage":0,"enemies":"Hallownest:2_Baldur","floor":1,"turns":1},{"damage":0,"enemies":"Hallownest:2_MossCreeps","floor":4,"turns":1},{"damage":0,"enemies":"Hallownest:BossFalseKnight","floor":6,"turns":1},{"damage":39,"enemies":"Hallownest:Guard_and_Sentry","floor":8,"turns":6},{"damage":58,"enemies":"Hallownest:2_Mistakes","floor":9,"turns":10}],"seed_played":"2090312710103652188","potions_obtained":[{"floor":8,"key":"Ancient Potion"}],"is_trial":false,"path_per_floor":["M","$","?","M","?","B",null,"M","M"],"character_chosen":"THE_BUGKNIGHT","items_purchased":["HollowMod:SoulVessel"],"campfire_rested":0,"item_purchase_floors":[2],"current_hp_per_floor":[75,75,75,75,75,75,75,46,0,0],"gold":171,"neow_bonus":"THREE_ENEMY_KILL","is_daily":false,"chose_seed":false,"campfire_upgraded":0,"win_rate":0.0,"timestamp":1613873565,"path_taken":["M","$","?","M","?","BOSS","M","M"],"items_purchased_type":["Card"],"build_version":"2020-12-22","purchased_purges":0,"victory":false,"max_hp_per_floor":[75,75,75,75,75,75,75,75,75,75],"card_choices":[{"not_picked":["HollowMod:DoubleDash","HollowMod:MonarchWings"],"picked":"HollowMod:InfectedAttack","floor":1},{"not_picked":["HollowMod:QuirrelsAssistance","HollowMod:SharpenedNail"],"picked":"HollowMod:BrokenVessel","floor":4},{"not_picked":["HollowMod:ZotesMagnificence","HollowMod:SoulMaster"],"picked":"HollowMod:NewInfectedGuardian","floor":6},{"not_picked":["HollowMod:CycloneSlash","HollowMod:GreatSlash","HollowMod:DoubleDash"],"picked":"SKIP","floor":8}],"player_experience":1061018,"relics_obtained":[],"event_choices":[],"is_beta":false,"boss_relics":[{"not_picked":["hubris:TerracottaHorce","Runic Dome"],"picked":"Fusion Hammer"}],"items_purged_floors":[],"is_endless":false,"potions_floor_spawned":[8],"killed_by":"Hallownest:2_Mistakes","ascension_level":0}}