{"host":"wwmqne3dwir10erh","time":1613875260,"event":{"mods":["BaseMod","Better Note","Hubris","Mimic Mod","Minty Spire (QoL Compilation)","Replay The Spire","StSLib"],"gold_per_floor":[113,130,130,150,6,38,38,48,72,72,72,99,99,118,118,217,217,233,233,249,46,46,46,64,64,102,136,0,0,16,36,36,137,137,152,152,170,0,0,31,31,44,71,52,52,52,77,93,93,93],"floor_reached":51,"language":"ENG","playtime":3367,"items_purged":["Strike_G","Strike_G","Strike_G"],"score":795,"play_id":"0fd3c96f-065a-44ef-883a-1606be88d4f3","local_time":"20210220214100","is_ascension_mode":true,"campfire_choices":[{"floor":7.0,"key":"REST"},{"data":"Skewer","floor":13.0,"key":"SMITH"},{"data":"Dagger Spray","floor":15.0,"key":"SMITH"},{"data":"Phantasmal Killer","floor":23.0,"key":"SMITH"},{"data":"Neutralize","floor":25.0,"key":"SMITH"},{"data":"Dash","floor":32.0,"key":"SMITH"},{"data":"ReplayTheSpireMod:Faulty Equipment","floor":41.0,"key":"SMITH"},{"data":"Noxious Fumes","floor":49.0,"key":"SMITH"}],"circlet_count":0,"master_deck":["Noxious Fumes+1","Defend_G","Defend_G","Defend_G","Survivor","Neutralize+1","Distraction","Dagger Spray+1","Dash+1","Terror","Skewer+1","Reflex","Infinite Blades","Phantasmal Killer+1","Cloak And Dagger+1","ReplayTheSpireMod:Speed Training","Escape Plan","Apotheosis+1","Dodge and Roll","Masterful Stab","Tools of the Trade","Parasite","ReplayTheSpireMod:Brewmster","Discovery","Dark Shackles","Noxious Fumes+1","Madness","Madness","Adrenaline","Choke+1","Noxious Fumes+1","Prepared+1"],"relics":["Honey Jar","hubris:PeanutButter","ReplayTheSpireMod:TigerMarble","hubris:SphereOfDissonance","Philosopher\u0027s Stone","Replay:Accelerometer","Membership Card","Snack Pack","Garlic","hubris:64BitClover","Strawberry","Kintsugi","Red Mask","hubris:Teleporter","Bag of Marbles","hubris:Towel","Smiling Mask","Mercury Hourglass"],"acts_visited":["Exordium","TheCity","TheBeyond"],"potions_floor_usage":[50,50,50],"damage_taken":[{"damage":7.0,"enemies":"2 Louse","floor":1.0,"turns":3.0},{"damage":3.0,"enemies":"Cultist","floor":2.0,"turns":5.0},{"damage":6.0,"enemies":"Small Slimes","floor":4.0,"turns":4.0},{"damage":10.0,"enemies":"3 Sentries","floor":6.0,"turns":6.0},{"damage":3.0,"enemies":"Red Slaver","floor":8.0,"turns":3.0},{"damage":0.0,"enemies":"Lagavulin","floor":12.0,"turns":6.0},{"damage":0.0,"enemies":"Exordium Thugs","floor":14.0,"turns":3.0},{"damage":2.0,"enemies":"Fading Forest","floor":16.0,"turns":11.0},{"damage":0.0,"enemies":"Spheric Guardian","floor":18.0,"turns":3.0},{"damage":0.0,"enemies":"Chosen","floor":20.0,"turns":2.0},{"damage":0.0,"enemies":"Snake Plant","floor":24.0,"turns":2.0},{"damage":0.0,"enemies":"Centurion and Healer","floor":26.0,"turns":4.0},{"damage":10.0,"enemies":"Book of Stabbing","floor":27.0,"turns":5.0},{"damage":14.0,"enemies":"Centurion and Healer","floor":30.0,"turns":4.0},{"damage":0.0,"enemies":"Chosen and Byrds","floor":31.0,"turns":4.0},{"damage":39.0,"enemies":"Collector","floor":33.0,"turns":9.0},{"damage":0.0,"enemies":"3 Shapes","floor":35.0,"turns":5.0},{"damage":4.0,"enemies":"3 Darklings","floor":37.0,"turns":5.0},{"damage":0.0,"enemies":"Giant Head","floor":40.0,"turns":7.0},{"damage":3.0,"enemies":"Sphere and 2 Shapes","floor":42.0,"turns":4.0},{"damage":9.0,"enemies":"Nemesis","floor":47.0,"turns":6.0},{"damage":0.0,"enemies":"Transient","floor":48.0,"turns":5.0},{"damage":16,"enemies":"Donu and Deca","floor":50,"turns":7}],"seed_played":"4880803790938947593","potions_obtained":[{"floor":1.0,"key":"FearPotion"},{"floor":2.0,"key":"Adrenaline Potion"},{"floor":6.0,"key":"Languid Potion"},{"floor":18.0,"key":"DistilledChaos"},{"floor":20.0,"key":"BlessingOfTheForge"},{"floor":27.0,"key":"DuplicationPotion"},{"floor":47.0,"key":"FearPotion"}],"is_trial":false,"path_per_floor":["M","M","?","M","$","E","R","M","T","$","?","E","R","M","R","B",null,"M","T","M","$","T","R","M","R","MIM","E","$","?","M","M","R","B",null,"M","?","M","?","?","E","R","M","T","$","$","?","E","M","R","B",null],"character_chosen":"THE_SILENT","items_purchased":["Terror","Membership Card","Strawberry","Noxious Fumes"],"campfire_rested":1,"item_purchase_floors":[5,21,28,44],"current_hp_per_floor":[63,60,60,54,54,44,65,62,62,62,62,62,62,62,62,60,70,70,70,70,70,70,70,70,70,70,60,67,67,55,59,59,34,77,77,67,69,69,59,69,69,70,70,70,70,70,65,69,69,61],"gold":93,"neow_bonus":"BOSS_RELIC","is_daily":false,"chose_seed":false,"campfire_upgraded":7,"win_rate":0.0,"timestamp":1613875260,"path_taken":["M","M","?","M","$","E","R","M","T","?","?","E","R","M","R","BOSS","M","?","M","$","?","R","M","R","MIM","E","?","?","?","M","R","BOSS","M","?","M","?","?","E","R","M","T","?","$","?","E","M","R","BOSS"],"items_purchased_type":["Card","Relic","Relic","Card"],"build_version":"2020-12-22","purchased_purges":3,"victory":true,"max_hp_per_floor":[70,70,70,70,70,70,70,70,70,70,70,70,70,70,70,70,70,70,70,70,70,70,70,70,70,70,70,77,77,77,77,77,77,77,77,77,77,77,77,77,77,77,77,77,77,77,77,77,77,77],"card_choices":[{"not_picked":["Draining Mist","Dodge and Roll","Cloak And Dagger"],"picked":"Distraction","floor":1.0},{"not_picked":["Deadly Poison","Deflect","Quick Slash"],"picked":"Dagger Spray","floor":2.0},{"not_picked":["Calculated Gamble","Sucker Punch","Riddle With Holes"],"picked":"Dash","floor":4.0},{"not_picked":["Eviscerate","hubris:SlightOfHand","Dagger Throw"],"picked":"Skewer","floor":6.0},{"not_picked":["Eviscerate","ReplayTheSpireMod:The Works","Dagger Spray"],"picked":"Reflex","floor":8.0},{"not_picked":["Atom Bomb","Deflect","Backflip"],"picked":"Infinite Blades","floor":12.0},{"not_picked":["Crippling Poison","Acrobatics","Sneak Up"],"picked":"Dagger Throw","floor":14.0},{"not_picked":["Poison Darts","Night Terror","ReplayTheSpireMod:Necrosis"],"picked":"Phantasmal Killer","floor":16.0},{"not_picked":["Distraction","Deadly Poison","Underhanded Strike"],"picked":"Cloak And Dagger+1","floor":18.0},{"not_picked":["Underhanded Strike","PiercingWail","Sucker Punch","ReplayTheSpireMod:Exploit Weakness"],"picked":"SKIP","floor":20.0},{"not_picked":["Deflect+1","Endless Agony","Sucker Punch","Eviscerate"],"picked":"SKIP","floor":24.0},{"not_picked":["Hidden Blade","Flying Knee","Prepared"],"picked":"ReplayTheSpireMod:Speed Training","floor":26.0},{"not_picked":["Dodge and Roll","Infinite Blades+1","Crippling Poison"],"picked":"Escape Plan","floor":27.0},{"not_picked":["hubris:SlightOfHand","Backflip","Wraith Form v2"],"picked":"Dodge and Roll","floor":30.0},{"not_picked":["Poisoned Stab","Dagger Spray+1","Deflect+1"],"picked":"Masterful Stab","floor":31.0},{"not_picked":["A Thousand Cuts","ReplayTheSpireMod:From All Sides","Unload"],"picked":"Tools of the Trade","floor":33.0},{"not_picked":["Flying Knee","Expertise","Draining Mist+1","PiercingWail+1"],"picked":"SKIP","floor":35.0},{"not_picked":["Discovery","Metamorphosis","Chrysalis"],"picked":"ReplayTheSpireMod:Brewmster","floor":36.0},{"not_picked":["hubris:Ssssneak","Purity","PanicButton"],"picked":"Discovery","floor":36.0},{"not_picked":["Forethought","Mind Blast","Discovery"],"picked":"Dark Shackles","floor":36.0},{"not_picked":["Replay:Poison Smokescreen","Deadly Poison+1","Toxin Wave+1"],"picked":"Noxious Fumes+1","floor":37.0},{"not_picked":["Dagger Throw+1","hubris:SlightOfHand+1","Acrobatics"],"picked":"Adrenaline","floor":40.0},{"not_picked":["Slice+1","Predator+1","Skewer+1"],"picked":"Choke+1","floor":42.0},{"not_picked":["Noxious Fumes+1","Outmaneuver+1","Endless Agony"],"picked":"Prepared+1","floor":47.0},{"not_picked":["Well Laid Plans+1","Terror","Slice","Bane"],"picked":"SKIP","floor":48.0}],"player_experience":2133273,"relics_obtained":[{"floor":6.0,"key":"hubris:PeanutButter"},{"floor":9.0,"key":"ReplayTheSpireMod:TigerMarble"},{"floor":12.0,"key":"hubris:SphereOfDissonance"},{"floor":19.0,"key":"Replay:Accelerometer"},{"floor":22.0,"key":"Snack Pack"},{"floor":26.0,"key":"Garlic"},{"floor":27.0,"key":"hubris:64BitClover"},{"floor":40.0,"key":"hubris:Teleporter"},{"floor":43.0,"key":"Bag of Marbles"},{"floor":47.0,"key":"Smiling Mask"},{"floor":48.0,"key":"Mercury Hourglass"}],"event_choices":[{"damage_healed":0.0,"max_hp_gain":0.0,"max_hp_loss":0.0,"gold_gain":0.0,"event_name":"Wheel of Change","player_choice":"Cursed","floor":3.0,"gold_loss":0.0,"damage_taken":0.0,"cards_obtained":["Decay"]},{"cards_removed":["Decay"],"damage_healed":0.0,"max_hp_gain":0.0,"max_hp_loss":0.0,"gold_gain":0.0,"event_name":"Purifier","player_choice":"Purged","floor":11.0,"gold_loss":0.0,"damage_taken":0.0},{"cards_removed":["Apotheosis"],"damage_healed":0.0,"max_hp_gain":0.0,"max_hp_loss":0.0,"gold_gain":0.0,"event_name":"betterNote:BetterNote","player_choice":"Take \u0026 Give","floor":29.0,"gold_loss":0.0,"damage_taken":0.0,"cards_obtained":["Apotheosis"]},{"damage_healed":0.0,"max_hp_gain":0.0,"max_hp_loss":0.0,"gold_gain":0.0,"event_name":"SensoryStone","player_choice":"Memory 3","floor":36.0,"gold_loss":0.0,"damage_taken":10.0},{"damage_healed":0.0,"max_hp_gain":0.0,"max_hp_loss":0.0,"gold_gain":0.0,"event_name":"Tomb of Lord Red Mask","player_choice":"Paid","floor":38.0,"gold_loss":170.0,"damage_taken":0.0,"relics_obtained":["Red Mask"]},{"damage_healed":0.0,"max_hp_gain":0.0,"max_hp_loss":0.0,"gold_gain":0.0,"event_name":"Winding Halls","player_choice":"Embrace Madness","floor":39.0,"gold_loss":0.0,"damage_taken":10.0,"cards_obtained":["Madness","Madness"]}],"is_beta":false,"boss_relics":[{"not_picked":["hubris:CrackedHourglass","hubris:GrandSneckoEye"],"picked":"Philosopher\u0027s Stone"},{"not_picked":["hubris:TerracottaHorce","hubris:HollowSoul"],"picked":"Kintsugi"}],"items_purged_floors":[5,21,28],"is_endless":false,"potions_floor_spawned":[1,2,6,18,20,27,33,37,40,47],"ascension_level":1}}