{"host":"f76wcztdlwlduum6","time":1613865849,"event":{"mods":["BaseMod","BetterRewards","Colored Powertips","Minty Spire (QoL Compilation)","Quick Restart","Rare Cards Sparkle","Relic Stats","StSLib","SuperFastMode","everything is the same but u backflip on backflip"],"gold_per_floor":[110,110,123,123,137,163,88,123,147,166,186,186,215,232,232,232,232],"floor_reached":16,"language":"ENG","playtime":348,"items_purged":["Strike_R"],"score":294,"play_id":"3f994b6a-6e15-4c8b-a784-1aa251faac91","local_time":"20210220180409","is_ascension_mode":true,"campfire_choices":[{"data":"Clothesline","floor":12,"key":"SMITH"},{"floor":15,"key":"REST"}],"circlet_count":0,"master_deck":["AscendersBane","Strike_R","Strike_R","Strike_R","Strike_R","Defend_R","Defend_R","Defend_R","Defend_R","Bash","Juggernaut","Bash","Clothesline+1","Carnage","Inflame","Clothesline","Shrug It Off","Heavy Blade"],"relics":["Snecko Eye","Pen Nib","Lantern","Bag of Marbles","Orichalcum","Dream Catcher"],"acts_visited":["Exordium"],"potions_floor_usage":[13,16,16],"damage_taken":[{"damage":5,"enemies":"2 Louse","floor":1,"turns":3},{"damage":0,"enemies":"Cultist","floor":3,"turns":3},{"damage":7,"enemies":"Jaw Worm","floor":5,"turns":2},{"damage":15,"enemies":"Lagavulin","floor":6,"turns":4},{"damage":0,"enemies":"Gremlin Nob","floor":8,"turns":2},{"damage":0,"enemies":"3 Louse","floor":10,"turns":3},{"damage":4,"enemies":"Red Slaver","floor":11,"turns":2},{"damage":12,"enemies":"3 Sentries","floor":13,"turns":6},{"damage":0,"enemies":"Exordium Thugs","floor":14,"turns":2},{"damage":30,"enemies":"The Guardian","floor":16,"turns":2}],"seed_played":"5888452751866964786","potions_obtained":[{"floor":6,"key":"BlessingOfTheForge"},{"floor":8,"key":"Ancient Potion"},{"floor":14,"key":"PowerPotion"}],"is_trial":false,"path_per_floor":["M","?","M","?","M","E","$","E","T","M","M","R","E","M","R","B"],"character_chosen":"IRONCLAD","items_purchased":[],"campfire_rested":1,"item_purchase_floors":[],"current_hp_per_floor":[63,45,45,45,38,23,23,23,23,23,19,19,7,7,29,0,0],"gold":232,"neow_bonus":"BOSS_RELIC","is_daily":false,"chose_seed":false,"campfire_upgraded":1,"win_rate":0.0,"timestamp":1613865849,"path_taken":["M","?","M","?","?","E","$","E","T","M","M","R","E","M","R","BOSS"],"items_purchased_type":[],"build_version":"2020-12-22","purchased_purges":1,"victory":false,"max_hp_per_floor":[75,75,75,75,75,75,75,75,75,75,75,75,75,75,75,75,75],"relic_stats":{"Dream Catcher":1,"counters":[10,29],"Snecko Eye":[56,38,49,42],"Pen Nib":[5],"Orichalcum":[12],"obtain_stats":[{"Lantern":6,"Dream Catcher":13,"Snecko Eye":0,"Pen Nib":2,"Bag of Marbles":8,"Orichalcum":9,"Burning Blood":0},{"Lantern":4,"Dream Catcher":8,"Snecko Eye":0,"Pen Nib":1,"Bag of Marbles":5,"Orichalcum":5,"Burning Blood":0},{"Lantern":12,"Dream Catcher":25,"Snecko Eye":0,"Pen Nib":3,"Bag of Marbles":14,"Orichalcum":14,"Burning Blood":0}]},"card_choices":[{"not_picked":["Body Slam","Iron Wave","Infernal Blade"],"picked":"SKIP","floor":1},{"not_picked":["Body Slam","Wild Strike","Metallicize"],"picked":"SKIP","floor":3},{"not_picked":["Anger","Cleave"],"picked":"Clothesline","floor":5},{"not_picked":["Brutality","Sentinel"],"picked":"Carnage","floor":6},{"not_picked":["Armaments","Ghostly Armor"],"picked":"Inflame","floor":8},{"not_picked":["Cleave","Reckless Charge"],"picked":"Clothesline","floor":10},{"not_picked":["Disarm","Headbutt","Body Slam"],"picked":"SKIP","floor":11},{"not_picked":["Burning Pact","Thunderclap"],"picked":"Shrug It Off","floor":13},{"not_picked":["Burning Pact","Sever Soul","Cleave"],"picked":"SKIP","floor":14},{"not_picked":["Armaments","Perfected Strike"],"picked":"Heavy Blade","floor":15}],"player_experience":365141,"relics_obtained":[{"floor":6,"key":"Lantern"},{"floor":8,"key":"Bag of Marbles"},{"floor":9,"key":"Orichalcum"},{"floor":13,"key":"Dream Catcher"}],"event_choices":[{"damage_healed":0,"gold_gain":0,"player_choice":"Success","damage_taken":18,"relics_obtained":["Pen Nib"],"max_hp_gain":0,"max_hp_loss":0,"event_name":"Scrap Ooze","floor":2,"gold_loss":0},{"damage_healed":0,"gold_gain":0,"player_choice":"2 cards matched","damage_taken":0,"max_hp_gain":0,"max_hp_loss":0,"event_name":"Match and Keep!","floor":4,"gold_loss":0,"cards_obtained":["Juggernaut","Bash"]}],"is_beta":false,"boss_relics":[],"items_purged_floors":[7],"is_endless":false,"potions_floor_spawned":[6,8,14],"killed_by":"The Guardian","ascension_level":20}}