{"host":"0ueeacaatm8t6jyh","time":1613900950,"event":{"mods":["AchievementEnabler","BaseMod","Colored Powertips","Minty Spire (QoL Compilation)","Quick Restart","Rare Cards Sparkle","Shop Mod","StSLib"],"gold_per_floor":[119,119,132,57,77,77,92,92,92,2,25,43,43,62,62,133,133,144,144,69,79,95,95,95],"floor_reached":23,"language":"ZHS","playtime":800,"items_purged":["Defend_B"],"score":339,"play_id":"31caccf5-4aea-4f1e-ba2f-593b26803656","local_time":"20210221174910","is_ascension_mode":true,"campfire_choices":[{"data":"Dualcast","floor":6.0,"key":"SMITH"},{"data":"Ball Lightning","floor":8.0,"key":"SMITH"},{"data":"Double Energy","floor":13.0,"key":"SMITH"},{"data":"Hologram","floor":15.0,"key":"SMITH"}],"circlet_count":0,"master_deck":["AscendersBane","Strike_B","Strike_B","Strike_B","Defend_B","Defend_B","Defend_B","Zap","Dualcast+1","Ball Lightning+1","Meteor Strike","Consume","Double Energy+1","Hologram+1","Undo+1"],"relics":["Runic Pyramid","Bag of Marbles","Odd Mushroom","SlaversCollar"],"acts_visited":["Exordium","TheCity"],"potions_floor_usage":[],"damage_taken":[{"damage":1.0,"enemies":"Cultist","floor":1.0,"turns":3.0},{"damage":3.0,"enemies":"Small Slimes","floor":3.0,"turns":3.0},{"damage":4.0,"enemies":"2 Louse","floor":5.0,"turns":2.0},{"damage":10.0,"enemies":"Exordium Thugs","floor":7.0,"turns":5.0},{"damage":14.0,"enemies":"The Mushroom Lair","floor":11.0,"turns":4.0},{"damage":7.0,"enemies":"Gremlin Gang","floor":12.0,"turns":3.0},{"damage":1.0,"enemies":"Looter","floor":14.0,"turns":2.0},{"damage":15.0,"enemies":"Slime Boss","floor":16.0,"turns":8.0},{"damage":1.0,"enemies":"2 Thieves","floor":18.0,"turns":2.0},{"damage":0.0,"enemies":"Chosen","floor":21.0,"turns":5.0},{"damage":24.0,"enemies":"Snake Plant","floor":22.0,"turns":3.0},{"damage":44,"enemies":"Gremlin Leader","floor":23,"turns":6}],"seed_played":"-6831312477297541526","potions_obtained":[{"floor":3.0,"key":"Regen Potion"},{"floor":11.0,"key":"AttackPotion"},{"floor":12.0,"key":"Swift Potion"}],"is_trial":false,"path_per_floor":["M","$","M","?","M","R","M","R","T","$","?","M","R","M","R","B",null,"M","?","$","M","M","E"],"character_chosen":"DEFECT","items_purchased":["Meteor Strike"],"campfire_rested":0,"item_purchase_floors":[10],"current_hp_per_floor":[63,63,60,60,56,56,46,46,46,46,44,37,37,36,36,21,59,58,58,58,58,34,0,0],"gold":95,"neow_bonus":"BOSS_RELIC","is_daily":false,"chose_seed":false,"campfire_upgraded":4,"win_rate":0.0,"timestamp":1613900950,"path_taken":["M","$","M","?","M","R","M","R","T","$","?","M","R","M","R","BOSS","M","?","$","M","M","E"],"items_purchased_type":["Card"],"build_version":"2020-12-22","purchased_purges":1,"victory":false,"max_hp_per_floor":[71,71,71,71,71,71,71,71,71,71,71,71,71,71,71,71,71,71,71,71,71,71,71,71],"card_choices":[{"not_picked":["Barrage","Force Field"],"picked":"Ball Lightning","floor":1.0},{"not_picked":["Cold Snap","Steam","Compile Driver"],"picked":"SKIP","floor":3.0},{"not_picked":["Beam Cell","Stack","Cold Snap"],"picked":"SKIP","floor":5.0},{"not_picked":["Static Discharge","Go for the Eyes","Rebound"],"picked":"SKIP","floor":7.0},{"not_picked":["Chaos","Genetic Algorithm"],"picked":"Consume","floor":11.0},{"not_picked":["Sweeping Beam","Recycle"],"picked":"Double Energy","floor":12.0},{"not_picked":["FTL","Gash"],"picked":"Hologram","floor":14.0},{"not_picked":["Hello World","Heatsinks"],"picked":"Undo+1","floor":18.0},{"not_picked":["Lockon","Barrage","Doom and Gloom"],"picked":"SKIP","floor":21.0},{"not_picked":["Conserve Battery","Barrage+1","Cold Snap"],"picked":"SKIP","floor":22.0}],"player_experience":571856,"relics_obtained":[{"floor":9.0,"key":"Bag of Marbles"},{"floor":11.0,"key":"Odd Mushroom"}],"event_choices":[{"cards_removed":["Strike_B"],"damage_healed":0.0,"max_hp_gain":0.0,"max_hp_loss":0.0,"gold_gain":0.0,"event_name":"The Cleric","player_choice":"Card Removal","floor":4.0,"gold_loss":75.0,"damage_taken":0.0},{"damage_healed":0.0,"max_hp_gain":0.0,"max_hp_loss":0.0,"gold_gain":0.0,"event_name":"Mushrooms","player_choice":"Fought Mushrooms","floor":11.0,"gold_loss":0.0,"damage_taken":0.0},{"damage_healed":0.0,"max_hp_gain":0.0,"max_hp_loss":0.0,"gold_gain":0.0,"event_name":"The Mausoleum","player_choice":"Ignored","floor":19.0,"gold_loss":0.0,"damage_taken":0.0}],"is_beta":false,"boss_relics":[{"not_picked":["Coffee Dripper","SacredBark"],"picked":"SlaversCollar"}],"items_purged_floors":[20],"is_endless":false,"potions_floor_spawned":[3,11,12,16],"killed_by":"Gremlin Leader","ascension_level":17}}