{"host":"qp7xs8nuzfsyommi","time":1613946423,"event":{"mods":["2.2 Compatiblity","BaseMod","Colored Powertips","DeckTracker","Highlight Path","Minty Spire (QoL Compilation)","Permanent Neow","Quick Restart","StSLib","Weighted Paths"],"gold_per_floor":[366,382,402,229,242,242,274,29,29,29,39,339,349,382,382,382,382],"floor_reached":16,"language":"ENG","playtime":651,"items_purged":[],"score":224,"play_id":"3eb70acf-997a-48ca-ac6c-e900f7dc36e5","local_time":"20210221172703","is_ascension_mode":true,"campfire_choices":[{"data":"Zap","floor":6.0,"key":"SMITH"},{"floor":12.0,"key":"DIG"},{"floor":15.0,"key":"DIG"}],"circlet_count":0,"master_deck":["AscendersBane","Strike_B","Strike_B","Strike_B","Defend_B","Defend_B","Defend_B","Defend_B","Zap+1","Dualcast","Melter","Go for the Eyes","Gash","Compile Driver","Gash","Turbo","Leap","Beam Cell","Hologram"],"relics":["Cracked Core","OrangePellets","Shovel","Lee\u0027s Waffle","Turnip","Old Coin","Smiling Mask","InkBottle"],"acts_visited":["Exordium"],"potions_floor_usage":[],"damage_taken":[{"damage":0.0,"enemies":"Cultist","floor":1.0,"turns":3.0},{"damage":7.0,"enemies":"Small Slimes","floor":2.0,"turns":2.0},{"damage":2.0,"enemies":"Jaw Worm","floor":3.0,"turns":3.0},{"damage":6.0,"enemies":"3 Louse","floor":5.0,"turns":2.0},{"damage":7.0,"enemies":"3 Sentries","floor":7.0,"turns":9.0},{"damage":11.0,"enemies":"Lots of Slimes","floor":11.0,"turns":4.0},{"damage":10.0,"enemies":"Exordium Thugs","floor":13.0,"turns":4.0},{"damage":14.0,"enemies":"Gremlin Nob","floor":14.0,"turns":4.0},{"damage":43,"enemies":"The Guardian","floor":16,"turns":6}],"seed_played":"-4371764173529540105","potions_obtained":[{"floor":1.0,"key":"LiquidMemories"},{"floor":2.0,"key":"SkillPotion"},{"floor":7.0,"key":"Strength Potion"},{"floor":13.0,"key":"Block Potion"}],"is_trial":false,"path_per_floor":["M","M","M","$","M","R","E","$","T","?","M","R","M","E","R","B"],"character_chosen":"DEFECT","items_purchased":["OrangePellets","Lee\u0027s Waffle","Gash","Turbo"],"campfire_rested":0,"item_purchase_floors":[4,8,8,8],"current_hp_per_floor":[46,39,37,37,31,31,24,78,78,78,67,67,57,43,43,0,0],"gold":382,"neow_bonus":"TWO_FIFTY_GOLD","is_daily":false,"chose_seed":false,"campfire_upgraded":1,"win_rate":0.0,"timestamp":1613946423,"path_taken":["M","?","M","$","M","R","E","$","T","?","?","R","M","E","R","BOSS"],"items_purchased_type":["Relic","Relic","Card","Card"],"build_version":"2020-12-22","purchased_purges":0,"victory":false,"max_hp_per_floor":[71,71,71,71,71,71,71,78,78,78,78,78,78,78,78,78,78],"card_choices":[{"not_picked":["Reprogram","Leap"],"picked":"Melter","floor":1.0},{"not_picked":["Fusion","Skim"],"picked":"Go for the Eyes","floor":2.0},{"not_picked":["Static Discharge","Tempest","Storm"],"picked":"SKIP","floor":3.0},{"not_picked":["Stack","Undo"],"picked":"Gash","floor":5.0},{"not_picked":["Rebound","Steam Power"],"picked":"Compile Driver","floor":7.0},{"not_picked":["Steam","Rebound"],"picked":"Leap","floor":11.0},{"not_picked":["Force Field","Coolheaded"],"picked":"Beam Cell","floor":13.0},{"not_picked":["Go for the Eyes","Conserve Battery"],"picked":"Hologram","floor":14.0}],"player_experience":1468943,"relics_obtained":[{"floor":7.0,"key":"Shovel"},{"floor":9.0,"key":"Turnip"},{"floor":12.0,"key":"Old Coin"},{"floor":14.0,"key":"Smiling Mask"},{"floor":15.0,"key":"InkBottle"}],"event_choices":[{"cards_removed":["Strike_B"],"damage_healed":0.0,"max_hp_gain":0.0,"max_hp_loss":0.0,"gold_gain":0.0,"event_name":"Purifier","player_choice":"Purged","floor":10.0,"gold_loss":0.0,"damage_taken":0.0}],"is_beta":false,"boss_relics":[],"items_purged_floors":[],"is_endless":false,"potions_floor_spawned":[1,2,7,13],"killed_by":"The Guardian","ascension_level":20}}