{"host":"yhhyog5h1q67ienp","time":1613871672,"event":{"mods":["AchievementEnabler","BaseMod","Block Reminder","Colored Map","Colored Powertips","Minty Spire (QoL Compilation)","Quick Restart","Relic Stats","StSLib","ojb\u0027s Better Paths Mod","ojb\u0027s Info Mod"],"gold_per_floor":[114,114,37,55,55,55,84,99,99,127,140,140,165,165,165,244,244,254,254,266,46,46,46,79,79,79,108,108,8,18,30,30,109,109,128,143,143,168,168,168,187,187,214,242,242,275,275,308,308,308,308,308,308,10,42,42,42],"floor_reached":56,"language":"ENG","playtime":6526,"items_purged":["Pain","Strike_B","Strike_B"],"score":2074,"play_id":"4c349559-f463-4dbf-b8ba-860953a12b11","local_time":"20210220224112","is_ascension_mode":true,"campfire_choices":[{"data":"Rip and Tear","floor":6.0,"key":"SMITH"},{"floor":12.0,"key":"REST"},{"floor":15.0,"key":"REST"},{"data":"Biased Cognition","floor":23.0,"key":"SMITH"},{"floor":25.0,"key":"REST"},{"data":"Static Discharge","floor":28.0,"key":"SMITH"},{"data":"Static Discharge","floor":32.0,"key":"SMITH"},{"floor":40,"key":"RECALL"},{"data":"Sweeping Beam","floor":42,"key":"SMITH"},{"data":"Buffer","floor":49,"key":"SMITH"},{"data":"Finesse","floor":53,"key":"SMITH"}],"circlet_count":0,"master_deck":["AscendersBane","Strike_B","Defend_B","Defend_B","Defend_B","Zap","Dualcast","Rip and Tear+1","Doom and Gloom","Cold Snap","Sweeping Beam+1","Ball Lightning","Go for the Eyes","Static Discharge+1","Cold Snap+1","Biased Cognition+1","Aggregate+1","Cold Snap+1","Static Discharge+1","Finesse+1","Double Energy","Skim+1","Hologram+1","Sunder+1","Sweeping Beam+1","Meteor Strike+1","Purity","Defragment+1","Aggregate+1","Buffer+1","Consume"],"relics":["Cracked Core","NeowsBlessing","Letter Opener","Oddly Smooth Stone","Cables","Molten Egg 2","Snecko Eye","WarpedTongs","Centennial Puzzle","Mummified Hand","Blood Vial","Inserter","Bird Faced Urn","Lizard Tail","Juzu Bracelet","Bag of Preparation","Unceasing Top","OrangePellets","Art of War"],"acts_visited":["Exordium","TheCity","TheBeyond","TheEnding"],"potions_floor_usage":[38,44,48,50,56],"damage_taken":[{"damage":0.0,"enemies":"2 Louse","floor":1.0,"turns":1.0},{"damage":0.0,"enemies":"Cultist","floor":4.0,"turns":1.0},{"damage":0.0,"enemies":"Lagavulin","floor":7.0,"turns":1.0},{"damage":3.0,"enemies":"Small Slimes","floor":8.0,"turns":3.0},{"damage":24.0,"enemies":"3 Sentries","floor":10.0,"turns":5.0},{"damage":18.0,"enemies":"Exordium Thugs","floor":11.0,"turns":3.0},{"damage":33.0,"enemies":"Gremlin Nob","floor":13.0,"turns":4.0},{"damage":14.0,"enemies":"Hexaghost","floor":16.0,"turns":9.0},{"damage":0.0,"enemies":"Spheric Guardian","floor":18.0,"turns":2.0},{"damage":22.0,"enemies":"2 Thieves","floor":20.0,"turns":2.0},{"damage":16.0,"enemies":"Gremlin Leader","floor":24.0,"turns":5.0},{"damage":3.0,"enemies":"Book of Stabbing","floor":27.0,"turns":3.0},{"damage":0.0,"enemies":"Centurion and Healer","floor":30.0,"turns":5.0},{"damage":0.0,"enemies":"Sentry and Sphere","floor":31.0,"turns":3.0},{"damage":24.0,"enemies":"Collector","floor":33.0,"turns":6.0},{"damage":3,"enemies":"3 Darklings","floor":35,"turns":3},{"damage":0,"enemies":"3 Shapes","floor":36,"turns":1},{"damage":0,"enemies":"Mind Bloom Boss Battle","floor":38,"turns":5},{"damage":0,"enemies":"Maw","floor":41,"turns":5},{"damage":30,"enemies":"Reptomancer","floor":44,"turns":4},{"damage":15,"enemies":"Nemesis","floor":46,"turns":3},{"damage":3,"enemies":"Giant Head","floor":48,"turns":6},{"damage":95,"enemies":"Time Eater","floor":50,"turns":7},{"damage":0,"enemies":"Donu and Deca","floor":51,"turns":6},{"damage":27,"enemies":"Shield and Spear","floor":55,"turns":5},{"damage":49,"enemies":"The Heart","floor":56,"turns":5}],"seed_played":"1559087161943000467","potions_obtained":[{"floor":7.0,"key":"Ancient Potion"},{"floor":8.0,"key":"PowerPotion"},{"floor":13.0,"key":"PotionOfCapacity"},{"floor":18.0,"key":"LiquidBronze"},{"floor":30.0,"key":"AttackPotion"},{"floor":33.0,"key":"ColorlessPotion"},{"floor":36,"key":"Fire Potion"},{"floor":46,"key":"FocusPotion"},{"floor":48,"key":"PowerPotion"},{"floor":55,"key":"FocusPotion"}],"is_trial":false,"path_per_floor":["M","?","$","M","$","R","E","M","T","E","M","R","E","?","R","B",null,"M","?","M","$","?","R","E","R","T","E","R","$","M","M","R","B",null,"M","M","?","?","?","R","M","R","T","E","?","E","?","E","R","B","B",null,"R","$","E","B"],"character_chosen":"DEFECT","items_purchased":["Doom and Gloom","Static Discharge","Finesse","OrangePellets"],"campfire_rested":3,"item_purchase_floors":[3,21,21,54],"current_hp_per_floor":[64,60,60,60,60,60,60,57,57,33,15,36,3,3,24,10,56,56,56,34,34,34,34,18,39,39,36,36,36,38,40,40,18,58,57,59,49,51,51,51,61,61,61,41,41,34,58,57,57,8,20,49,49,49,34,0,0],"gold":42,"neow_bonus":"THREE_ENEMY_KILL","is_daily":false,"chose_seed":false,"campfire_upgraded":7,"win_rate":0.0,"timestamp":1613871672,"path_taken":["M","?","?","M","$","R","E","M","T","E","?","R","E","?","R","BOSS","M","?","?","$","?","R","E","R","T","E","R","$","M","M","R","BOSS","M","M","?","?","?","R","M","R","T","E","?","E","?","E","R","BOSS","BOSS","R","$","E","BOSS"],"items_purchased_type":["Card","Card","Card","Relic"],"build_version":"2020-12-22","purchased_purges":3,"victory":false,"max_hp_per_floor":[71,71,71,71,71,71,71,71,71,71,71,71,71,71,71,71,71,71,71,71,71,71,71,71,71,71,71,71,71,71,71,71,71,71,71,71,71,71,71,71,71,71,71,71,71,71,58,58,58,58,58,58,58,58,58,58,58],"relic_stats":{"Inserter":[25],"counters":[26,103],"Juzu Bracelet":1,"Bag of Preparation":[10],"Letter Opener":[209],"Cables":[76,44,20,6,6],"WarpedTongs":[72],"Blood Vial":25,"OrangePellets":[7],"Centennial Puzzle":[26],"Lizard Tail":29,"Mummified Hand":[100],"Bird Faced Urn":[62],"Snecko Eye":[151,158,137,154],"Art of War":[0],"obtain_stats":[{"Inserter":34,"NeowsBlessing":0,"Oddly Smooth Stone":9,"Juzu Bracelet":45,"Bag of Preparation":46,"Letter Opener":7,"Cables":10,"WarpedTongs":19,"Blood Vial":27,"OrangePellets":54,"Centennial Puzzle":24,"Lizard Tail":44,"Mummified Hand":26,"Bird Faced Urn":38,"Snecko Eye":17,"Molten Egg 2":13,"Art of War":55,"Cracked Core":0,"Unceasing Top":48},{"Inserter":15,"NeowsBlessing":0,"Oddly Smooth Stone":4,"Juzu Bracelet":20,"Bag of Preparation":21,"Letter Opener":3,"Cables":5,"WarpedTongs":9,"Blood Vial":12,"OrangePellets":24,"Centennial Puzzle":11,"Lizard Tail":20,"Mummified Hand":11,"Bird Faced Urn":18,"Snecko Eye":8,"Molten Egg 2":7,"Art of War":25,"Cracked Core":0,"Unceasing Top":22},{"Inserter":53,"NeowsBlessing":0,"Oddly Smooth Stone":6,"Juzu Bracelet":71,"Bag of Preparation":74,"Letter Opener":3,"Cables":11,"WarpedTongs":29,"Blood Vial":39,"OrangePellets":93,"Centennial Puzzle":36,"Lizard Tail":71,"Mummified Hand":36,"Bird Faced Urn":62,"Snecko Eye":27,"Molten Egg 2":18,"Art of War":98,"Cracked Core":0,"Unceasing Top":80}],"Unceasing Top":[23]},"card_choices":[{"not_picked":["Streamline","Turbo"],"picked":"Rip and Tear","floor":1.0},{"not_picked":["Chill","Turbo"],"picked":"Cold Snap","floor":4.0},{"not_picked":["Chaos","Coolheaded"],"picked":"Sweeping Beam","floor":7.0},{"not_picked":["Gash","Tempest"],"picked":"Ball Lightning","floor":8.0},{"not_picked":["Turbo","Fusion"],"picked":"Go for the Eyes","floor":10.0},{"not_picked":["Thunder Strike","Streamline"],"picked":"Static Discharge","floor":11.0},{"not_picked":["Redo","Force Field"],"picked":"Cold Snap+1","floor":13.0},{"not_picked":["Fission","Thunder Strike+1"],"picked":"Biased Cognition","floor":16.0},{"not_picked":["Leap","Consume"],"picked":"Aggregate+1","floor":18.0},{"not_picked":["Genetic Algorithm","FTL+1"],"picked":"Cold Snap+1","floor":20.0},{"not_picked":["Redo","Scrape+1"],"picked":"Skim+1","floor":24.0},{"not_picked":["Gash+1","Blizzard+1"],"picked":"Hologram+1","floor":27.0},{"not_picked":["Lockon+1","Scrape+1"],"picked":"Sunder+1","floor":30.0},{"not_picked":["Reprogram","Beam Cell+1"],"picked":"Sweeping Beam+1","floor":31.0},{"not_picked":["Rainbow","Core Surge+1"],"picked":"Meteor Strike+1","floor":33.0},{"not_picked":["Beam Cell+1","Chill","Cold Snap+1"],"picked":"SKIP","floor":35},{"not_picked":["Storm","Leap","Beam Cell+1"],"picked":"SKIP","floor":36},{"not_picked":["Panacea","Discovery"],"picked":"Purity","floor":37},{"not_picked":["Rip and Tear+1","Turbo"],"picked":"Defragment+1","floor":38},{"not_picked":["Sweeping Beam+1","Blizzard+1"],"picked":"Aggregate+1","floor":41},{"not_picked":["Self Repair","Chaos","Conserve Battery"],"picked":"SKIP","floor":44},{"not_picked":["Self Repair","Chaos","Conserve Battery"],"picked":"SKIP","floor":44},{"not_picked":["Lockon+1","Streamline+1","Tempest"],"picked":"SKIP","floor":46},{"not_picked":["Lockon+1","Streamline+1","Tempest"],"picked":"SKIP","floor":46},{"not_picked":["Sweeping Beam+1","Darkness+1"],"picked":"Buffer","floor":48},{"not_picked":["Stack","Reinforced Body+1"],"picked":"Consume","floor":55}],"player_experience":1498435,"relics_obtained":[{"floor":7.0,"key":"Letter Opener"},{"floor":9.0,"key":"Oddly Smooth Stone"},{"floor":10.0,"key":"Cables"},{"floor":13.0,"key":"Molten Egg 2"},{"floor":24.0,"key":"Centennial Puzzle"},{"floor":26.0,"key":"Mummified Hand"},{"floor":27.0,"key":"Blood Vial"},{"floor":38,"key":"Bird Faced Urn"},{"floor":44,"key":"Lizard Tail"},{"floor":45,"key":"Juzu Bracelet"},{"floor":46,"key":"Bag of Preparation"},{"floor":48,"key":"Unceasing Top"},{"floor":55,"key":"Art of War"}],"event_choices":[{"damage_healed":0.0,"max_hp_gain":0.0,"max_hp_loss":0.0,"gold_gain":0.0,"event_name":"The Woman in Blue","player_choice":"Bought 0 Potions","floor":2.0,"gold_loss":0.0,"damage_taken":0.0},{"damage_healed":0.0,"max_hp_gain":0.0,"max_hp_loss":0.0,"gold_gain":0.0,"event_name":"Dead Adventurer","player_choice":"Searched \u00270\u0027 times","floor":14.0,"gold_loss":0.0,"damage_taken":0.0},{"damage_healed":0.0,"max_hp_gain":0.0,"max_hp_loss":0.0,"gold_gain":0.0,"event_name":"Accursed Blacksmith","player_choice":"Rummage","floor":19.0,"gold_loss":0.0,"damage_taken":0.0,"relics_obtained":["WarpedTongs"],"cards_obtained":["Pain"]},{"damage_healed":0.0,"max_hp_gain":0.0,"max_hp_loss":0.0,"gold_gain":0.0,"cards_transformed":["Strike_B"],"event_name":"Transmorgrifier","player_choice":"Transformed","floor":22.0,"gold_loss":0.0,"damage_taken":0.0,"cards_obtained":["Double Energy"]},{"damage_healed":0,"gold_gain":0,"player_choice":"Memory 3","damage_taken":10,"max_hp_gain":0,"max_hp_loss":0,"event_name":"SensoryStone","floor":37,"gold_loss":0},{"damage_healed":0,"gold_gain":0,"player_choice":"Fight","damage_taken":0,"max_hp_gain":0,"max_hp_loss":0,"event_name":"MindBloom","floor":38,"gold_loss":0},{"cards_removed":["Defend_B"],"damage_healed":0,"gold_gain":0,"player_choice":"Removed Skill","damage_taken":0,"max_hp_gain":0,"max_hp_loss":0,"event_name":"Falling","floor":39,"gold_loss":0},{"damage_healed":0,"gold_gain":0,"player_choice":"Relic","damage_taken":0,"max_hp_gain":0,"max_hp_loss":0,"event_name":"Wheel of Change","floor":45,"gold_loss":0},{"damage_healed":58,"gold_gain":0,"player_choice":"Heal","damage_taken":0,"max_hp_gain":0,"max_hp_loss":13,"event_name":"The Moai Head","floor":47,"gold_loss":0}],"is_beta":false,"boss_relics":[{"not_picked":["FrozenCore","Philosopher\u0027s Stone"],"picked":"Snecko Eye"},{"not_picked":["Empty Cage","Tiny House"],"picked":"Inserter"}],"items_purged_floors":[21,29,54],"is_endless":false,"potions_floor_spawned":[7,8,13,18,30,33,36,46,48,55],"killed_by":"The Heart","ascension_level":20}}