{"host":"mhzgc0zma59jtmoj","time":1613922751,"event":{"mods":["BaseMod","BetterRewards","Custom Start","Glutton Mod","Ironclad Rager","Minty Spire (QoL Compilation)","Replay The Spire","Somnambulant","StSLib","The Cursed","The Hierophant","The Jungle","Treasure Hunter"],"gold_per_floor":[118,136,150,24,24,24,41,41,41,41,55,55,55],"floor_reached":12,"language":"ENG","playtime":523,"items_purged":["Survivor"],"score":77,"play_id":"01a6be5f-92fe-413c-9583-6cee503c79d8","local_time":"20210221105231","is_ascension_mode":true,"campfire_choices":[{"data":"Cloak And Dagger","floor":6,"key":"SMITH"},{"data":"ReplayTheSpireMod:The Works","floor":10,"key":"SMITH"}],"circlet_count":0,"master_deck":["Neutralize","ICR:VenomStrike+1","ICR:VenomStrike+1","ICR:VenomStrike+1","ICR:VenomStrike+1","ICR:VenomStrike+1","ICR:Dodge","ICR:Dodge","ICR:Dodge","ICR:Dodge","ICR:Dodge","Cloak And Dagger+1","Regret","ReplayTheSpireMod:The Works+1"],"relics":["Ring of the Snake","Molten Egg 2","Replay:Bottled Eggs"],"acts_visited":["Exordium"],"potions_floor_usage":[7],"damage_taken":[{"damage":10,"enemies":"Cultist","floor":1,"turns":4},{"damage":5,"enemies":"Jaw Worm","floor":2,"turns":4},{"damage":2,"enemies":"2 Louse","floor":3,"turns":4},{"damage":7,"enemies":"Looter","floor":7,"turns":3},{"damage":15,"enemies":"Large Slime","floor":11,"turns":6},{"damage":38,"enemies":"3 Sentries","floor":12,"turns":6}],"seed_played":"7156667027043296186","potions_obtained":[{"floor":3,"key":"Fire Potion"},{"floor":11,"key":"Milkshake"}],"is_trial":false,"path_per_floor":["M","M","M","$","?","R","M","$","T","R","M","E"],"character_chosen":"THE_SILENT","items_purchased":["Cloak And Dagger"],"campfire_rested":0,"item_purchase_floors":[4],"current_hp_per_floor":[60,55,53,53,53,53,46,46,46,46,31,0,0],"gold":55,"neow_bonus":"SILENT_POISONER","is_daily":false,"chose_seed":false,"campfire_upgraded":2,"win_rate":0.0,"timestamp":1613922751,"path_taken":["M","?","M","$","?","R","M","?","T","R","M","E"],"items_purchased_type":["Card"],"build_version":"2020-12-22","purchased_purges":1,"victory":false,"max_hp_per_floor":[70,70,70,70,70,70,70,70,70,70,70,70,70],"card_choices":[{"not_picked":["Flying Knee","Well Laid Plans","Backflip"],"picked":"SKIP","floor":1},{"not_picked":["Deflect","Escape Plan","Hidden Blade"],"picked":"SKIP","floor":2},{"not_picked":["Dagger Throw","Concentrate","Deadly Poison"],"picked":"SKIP","floor":3},{"not_picked":["Reflex","Acrobatics"],"picked":"ReplayTheSpireMod:The Works","floor":7},{"not_picked":["TH:Mimic","TH:BikiniMail"],"picked":"SKIP","floor":9},{"not_picked":["ReplayTheSpireMod:Scrap Shanks","Replay:Poison Smokescreen","Slice+1"],"picked":"SKIP","floor":11}],"player_experience":309169,"relics_obtained":[{"floor":9,"key":"Replay:Bottled Eggs"}],"event_choices":[{"damage_healed":0,"gold_gain":0,"player_choice":"Box","damage_taken":0,"relics_obtained":["Molten Egg 2"],"max_hp_gain":0,"max_hp_loss":0,"event_name":"Big Fish","floor":5,"gold_loss":0,"cards_obtained":["Regret"]}],"is_beta":false,"boss_relics":[],"items_purged_floors":[4],"is_endless":false,"potions_floor_spawned":[3,11],"killed_by":"3 Sentries","ascension_level":2}}