{"host":"ppqll9nf92xyjrj9","time":1613867779,"event":{"mods":["Act Like it!","Arknights","BaseMod","Bestiary","Better Third Choice","Bossed Relics","Curses Come First","Ekko","Evolution","Hermit","Jorbs\u0027s Wanderer Trilogy","Keyboard Shortcuts","Marked Mod","Minty Spire (QoL Compilation)","Relic Stats","Shapeshifter Mod","Spicy Shops","StS++","StSLib","The Marked","The Runesmith","Weighted Paths","【遗物卡牌】REMEMod"],"gold_per_floor":[18,18,28,38,53,80,80,80,80],"floor_reached":8,"language":"ENG","playtime":458,"items_purged":[],"score":58,"play_id":"467cf5ac-a7b1-4491-b74b-70ecad8f5984","local_time":"20210220163619","is_ascension_mode":false,"campfire_choices":[{"floor":7,"key":"REST"}],"circlet_count":0,"master_deck":["StSShapeShifter:RockSlide","StSShapeShifter:ShapeShifter_Strike","StSShapeShifter:ShapeShifter_Strike","StSShapeShifter:ShapeShifter_Strike","StSShapeShifter:ShapeShifter_Strike","StSShapeShifter:ShapeShifter_Defend","StSShapeShifter:ShapeShifter_Defend","StSShapeShifter:ShapeShifter_Defend","StSShapeShifter:ShapeShifter_Defend","StSShapeShifter:ShapeShifter_Defend","StSShapeShifter:Tortoise_Form+1","Scrawl","StSShapeShifter:Flourish","StSShapeShifter:HummingbirdForm","StSShapeShifter:BurstingSpore","StSShapeShifter:BladeOfGrass","StSShapeShifter:ThornedSkin"],"relics":["StSShapeShifter:AnimalHeart","StSShapeShifter:TheShapeShiftersMagnolia","EVO:Axolotl","REME_ComplimentaryCards","Incense Burner","StSpp:SailorCap"],"acts_visited":["Exordium"],"potions_floor_usage":[],"damage_taken":[{"damage":1,"enemies":"Jaw Worm","floor":1,"turns":3},{"damage":7,"enemies":"2 Louse","floor":3,"turns":4},{"damage":0,"enemies":"Cultist","floor":4,"turns":5},{"damage":11,"enemies":"Exordium Thugs","floor":5,"turns":7},{"damage":29,"enemies":"Lagavulin","floor":6,"turns":7},{"damage":80,"enemies":"Gremlin Nob","floor":8,"turns":6}],"seed_played":"-915114867752738715","potions_obtained":[{"floor":1,"key":"SpeedPotion"}],"is_trial":false,"path_per_floor":["M","?","M","M","M","E","R","E"],"character_chosen":"SHAPESHIFTER","items_purchased":[],"campfire_rested":1,"item_purchase_floors":[],"current_hp_per_floor":[77,77,70,70,59,30,53,0,0],"gold":80,"neow_bonus":"ONE_RARE_RELIC","is_daily":false,"chose_seed":false,"campfire_upgraded":0,"win_rate":0.0,"timestamp":1613867779,"path_taken":["M","?","M","M","M","E","R","E"],"items_purchased_type":[],"build_version":"2020-12-22","purchased_purges":0,"victory":false,"max_hp_per_floor":[78,78,78,78,78,78,78,78,78],"relic_stats":{"counters":[6,32],"obtain_stats":[{"StSShapeShifter:TheShapeShiftersMagnolia":0,"StSpp:SailorCap":6,"StSShapeShifter:AnimalHeart":0,"Incense Burner":0,"EVO:Axolotl":0,"REME_ComplimentaryCards":0},{"StSShapeShifter:TheShapeShiftersMagnolia":0,"StSpp:SailorCap":5,"StSShapeShifter:AnimalHeart":0,"Incense Burner":0,"EVO:Axolotl":0,"REME_ComplimentaryCards":0},{"StSShapeShifter:TheShapeShiftersMagnolia":0,"StSpp:SailorCap":26,"StSShapeShifter:AnimalHeart":0,"Incense Burner":0,"EVO:Axolotl":0,"REME_ComplimentaryCards":0}]},"card_choices":[{"not_picked":["StSShapeShifter:ThornToss","StSShapeShifter:PorcupineForm"],"picked":"StSShapeShifter:Flourish","floor":1},{"not_picked":["StSShapeShifter:Maul","StSShapeShifter:VineHandcuffs"],"picked":"StSShapeShifter:HummingbirdForm","floor":3},{"not_picked":["StSShapeShifter:Hunt","StSShapeShifter:FesteringBite"],"picked":"StSShapeShifter:BurstingSpore","floor":4},{"not_picked":["StSShapeShifter:ShiftingStrike","StSShapeShifter:Rest"],"picked":"StSShapeShifter:BladeOfGrass","floor":5},{"not_picked":["StSShapeShifter:VineHandcuffs","StSShapeShifter:ThrashAbout"],"picked":"StSShapeShifter:ThornedSkin","floor":6}],"player_experience":141550,"relics_obtained":[{"floor":6,"key":"StSpp:SailorCap"}],"event_choices":[],"is_beta":false,"boss_relics":[],"items_purged_floors":[],"is_endless":false,"potions_floor_spawned":[1],"killed_by":"Gremlin Nob","ascension_level":0}}