{"host":"nv1rw0372aj1kj6e","time":1613942973,"event":{"mods":["AchievementEnabler","BaseMod","Minty Spire (QoL Compilation)","Rare Cards Sparkle","Replay The Spire","StSLib","everything is the same but u backflip on backflip"],"gold_per_floor":[109,109,109,123,123,153,164,164,190,223,102,102,131,131,131,235,235,253,124,139,155,155,155,180,180,180,130,147,174,194,32,32,128,128,141,151,170,180,197,197,197,197,197,20,20,20,45,45,45,45],"floor_reached":51,"language":"ENG","playtime":3850,"items_purged":["Strike_R","Wild Strike","Spot Weakness"],"score":1161,"play_id":"e4690a94-eebc-4a11-91bf-7237a50ced4e","local_time":"20210221222933","is_ascension_mode":true,"campfire_choices":[{"data":"Armaments","floor":8,"key":"SMITH"},{"floor":12,"key":"REST"},{"floor":15,"key":"DIG"},{"data":"Armaments","floor":23,"key":"SMITH"},{"floor":32,"key":"REST"},{"floor":40,"key":"REST"},{"floor":42,"key":"REST"},{"data":"Rupture","floor":49,"key":"SMITH"}],"circlet_count":0,"master_deck":["Ghostly Armor","Armaments+1","Cleave","Rupture","Brutality","Armaments+1","Rampage","Pummel+1","Feed","Hemokinesis+1","Rupture+1","Hemokinesis+1","Hemogenesis+1","Brutality","Pommel Strike+1","Heavy Blade+1","Headbutt+1","Armaments+1","ReplayTheSpireMod:Limb From Limb+1","Bloodletting","Shrug It Off","Madness","Madness"],"relics":["Burning Blood","Happy Flower","Smiling Mask","Pen Nib","PreservedInsect","TungstenRod","Vajra","Pandora\u0027s Box","Snack Pack","Boot","Bronze Scales","Astrolabe","Replay:Rubber Ducky","Whetstone"],"acts_visited":["Exordium","TheCity","TheBeyond"],"potions_floor_usage":[7,7,10,10,10,16,20,24,28,38,38],"damage_taken":[{"damage":1,"enemies":"Cultist","floor":1,"turns":4},{"damage":7,"enemies":"Small Slimes","floor":4,"turns":3},{"damage":47,"enemies":"Gremlin Nob","floor":6,"turns":5},{"damage":0,"enemies":"2 Louse","floor":7,"turns":1},{"damage":25,"enemies":"3 Sentries","floor":10,"turns":8},{"damage":13,"enemies":"Lagavulin","floor":13,"turns":7},{"damage":0,"enemies":"Slime Boss","floor":16,"turns":6},{"damage":20,"enemies":"2 Thieves","floor":18,"turns":3},{"damage":6,"enemies":"Chosen","floor":20,"turns":4},{"damage":14,"enemies":"Sentry and Sphere","floor":21,"turns":4},{"damage":14,"enemies":"Gremlin Leader","floor":24,"turns":5},{"damage":21,"enemies":"Snake Plant","floor":28,"turns":3},{"damage":32,"enemies":"Book of Stabbing","floor":29,"turns":4},{"damage":8,"enemies":"3 Cultists","floor":30,"turns":4},{"damage":41,"enemies":"Pondfish","floor":33,"turns":6},{"damage":16,"enemies":"Orb Walker","floor":35,"turns":2},{"damage":23,"enemies":"3 Shapes","floor":36,"turns":8},{"damage":41,"enemies":"3 Darklings","floor":37,"turns":4},{"damage":19,"enemies":"Maw","floor":38,"turns":7},{"damage":42,"enemies":"Sphere and 2 Shapes","floor":39,"turns":7},{"damage":72,"enemies":"Donu and Deca","floor":50,"turns":6}],"seed_played":"-3357722806424962217","potions_obtained":[{"floor":4,"key":"Toxic Potion"},{"floor":6,"key":"EntropicBrew"},{"floor":7,"key":"Regen Potion"},{"floor":10,"key":"SpeedPotion"},{"floor":13,"key":"Swift Potion"},{"floor":20,"key":"Fruit Juice"},{"floor":24,"key":"AttackPotion"},{"floor":28,"key":"Dexterity Potion"},{"floor":37,"key":"Weak Potion"},{"floor":38,"key":"Explosive Potion"}],"is_trial":false,"path_per_floor":["M","?","?","M","?","E","M","R","T","E","$","R","E","?","R","B",null,"M","$","M","M","?","R","E","?","T","?","M","E","M","$","R","B",null,"M","M","M","M","M","R","?","R","T","$","?","$","T","?","R","B",null],"character_chosen":"IRONCLAD","items_purchased":["Rampage","Rupture","Brutality","Shrug It Off","Toxic Potion"],"campfire_rested":4,"item_purchase_floors":[11,19,31,44,44],"current_hp_per_floor":[80,73,73,72,77,36,42,42,42,38,38,63,56,56,56,62,85,75,75,83,75,75,75,67,67,67,67,54,30,34,34,64,46,101,93,91,56,60,31,62,62,93,93,93,81,81,81,86,86,37],"gold":45,"neow_bonus":"RANDOM_COMMON_RELIC","is_daily":false,"chose_seed":false,"campfire_upgraded":3,"win_rate":0.0,"timestamp":1613942973,"path_taken":["M","?","?","M","?","E","M","R","T","E","$","R","E","?","R","BOSS","M","$","M","M","?","R","E","?","T","?","?","E","M","$","R","BOSS","M","M","M","?","?","R","?","R","T","$","?","?","?","?","R","BOSS"],"items_purchased_type":["Card","Card","Card","Card","Potion"],"build_version":"2020-12-22","purchased_purges":3,"victory":true,"max_hp_per_floor":[80,80,80,80,85,85,85,85,85,85,85,85,85,85,85,85,85,89,89,97,97,97,97,97,97,97,97,97,97,101,101,101,101,101,101,105,105,105,105,105,105,105,105,105,105,105,105,105,105,105],"card_choices":[{"not_picked":["Havoc","Metallicize"],"picked":"Replay:Undeath\u0027s Touch","floor":1},{"not_picked":["Clash","Wild Strike"],"picked":"Ghostly Armor","floor":4},{"not_picked":["ReplayTheSpireMod:Muscle Training","Clothesline"],"picked":"Armaments","floor":6},{"not_picked":["Hemokinesis","Anger"],"picked":"Cleave","floor":7},{"not_picked":["Wild Strike","Reaper"],"picked":"Spot Weakness","floor":10},{"not_picked":["Perfected Strike","Pommel Strike","ReplayTheSpireMod:Strike From Hell"],"picked":"SKIP","floor":13},{"not_picked":["Hemogenesis","Offering"],"picked":"Brutality","floor":16},{"not_picked":["Replay:Undeath\u0027s Touch","Power Through"],"picked":"Hemokinesis+1","floor":18},{"not_picked":["Infernal Blade","Twin Strike","Havoc"],"picked":"SKIP","floor":20},{"not_picked":["Clothesline","Headbutt","Pommel Strike"],"picked":"SKIP","floor":21},{"not_picked":["ReplayTheSpireMod:Stacked","Havoc","Reckless Charge"],"picked":"SKIP","floor":24},{"not_picked":["Headbutt+1","True Grit"],"picked":"Hemokinesis+1","floor":28},{"not_picked":["Infernal Blade","Perfected Strike","Ghostly Armor+1"],"picked":"SKIP","floor":29},{"not_picked":["Shrug It Off","Anger"],"picked":"Hemogenesis","floor":30},{"not_picked":["Clash","Hemokinesis+1"],"picked":"Armaments+1","floor":35},{"not_picked":["Pommel Strike","Headbutt+1","Perfected Strike"],"picked":"SKIP","floor":36},{"not_picked":["Warcry","Flex+1","Body Slam"],"picked":"SKIP","floor":37},{"not_picked":["Clash","Evolve"],"picked":"ReplayTheSpireMod:Limb From Limb+1","floor":38},{"not_picked":["Headbutt","Spot Weakness+1"],"picked":"Bloodletting","floor":39}],"player_experience":232691,"relics_obtained":[{"floor":6,"key":"Smiling Mask"},{"floor":9,"key":"Pen Nib"},{"floor":10,"key":"PreservedInsect"},{"floor":13,"key":"TungstenRod"},{"floor":15,"key":"Vajra"},{"floor":24,"key":"Snack Pack"},{"floor":26,"key":"Boot"},{"floor":29,"key":"Bronze Scales"},{"floor":43,"key":"Replay:Rubber Ducky"},{"floor":47,"key":"Whetstone"}],"event_choices":[{"cards_removed":["Strike_R"],"damage_healed":0,"gold_gain":0,"player_choice":"Card Removal","damage_taken":7,"max_hp_gain":0,"max_hp_loss":0,"event_name":"Golden Wing","floor":2,"gold_loss":0},{"damage_healed":0,"gold_gain":0,"player_choice":"Ignored","damage_taken":0,"max_hp_gain":0,"max_hp_loss":0,"event_name":"Liars Game","floor":3,"gold_loss":0},{"damage_healed":0,"gold_gain":0,"player_choice":"Donut","damage_taken":0,"max_hp_gain":5,"max_hp_loss":0,"event_name":"Big Fish","floor":5,"gold_loss":0},{"damage_healed":0,"gold_gain":0,"cards_transformed":["Defend_R"],"player_choice":"Change","damage_taken":0,"max_hp_gain":0,"max_hp_loss":0,"event_name":"Living Wall","floor":14,"gold_loss":0,"cards_obtained":["Rupture"]},{"damage_healed":0,"gold_gain":0,"player_choice":"Ignored","damage_taken":0,"max_hp_gain":0,"max_hp_loss":0,"event_name":"Cursed Tome","floor":25,"gold_loss":0},{"damage_healed":0,"gold_gain":0,"player_choice":"Bet on Murderer","damage_taken":0,"max_hp_gain":0,"max_hp_loss":0,"event_name":"The Joust","floor":27,"gold_loss":50},{"damage_healed":0,"gold_gain":0,"player_choice":"Ignored","damage_taken":0,"max_hp_gain":0,"max_hp_loss":0,"event_name":"Tomb of Lord Red Mask","floor":41,"gold_loss":0},{"damage_healed":0,"gold_gain":0,"player_choice":"Embrace Madness","damage_taken":13,"max_hp_gain":0,"max_hp_loss":0,"event_name":"Winding Halls","floor":45,"gold_loss":0,"cards_obtained":["Madness","Madness"]},{"cards_removed":["Replay:Undeath\u0027s Touch"],"damage_healed":5,"gold_gain":0,"player_choice":"Offered Common","damage_taken":0,"max_hp_gain":0,"max_hp_loss":0,"event_name":"Bonfire Elementals","floor":48,"gold_loss":0},{"cards_removed":["Replay:Undeath\u0027s Touch"],"damage_healed":5,"gold_gain":0,"player_choice":"Offered Special","damage_taken":0,"max_hp_gain":0,"max_hp_loss":0,"event_name":"Bonfire Elementals","floor":48,"gold_loss":0}],"is_beta":false,"boss_relics":[{"not_picked":["Snecko Eye","Replay:Drink Me"],"picked":"Pandora\u0027s Box"},{"not_picked":["Replay:Wanted Poster","Replay:Bronze Core"],"picked":"Astrolabe"}],"items_purged_floors":[11,19,44],"is_endless":false,"potions_floor_spawned":[4,6,7,10,13,20,24,28,37,38],"ascension_level":4}}