{"host":"ksz6njxfowgsdugl","time":1613910853,"event":{"mods":["2.2 Compatiblity","Act Like it!","BaseMod","Downfall","Duelist Mod","Hubris","Jedi Mod","Minty Spire (QoL Compilation)","Reliquary","Replay The Spire","Robot Space Explorer","Ruina","StSLib","The Animator","The Marked","The Servant 0.9.4"],"gold_per_floor":[99,115,115,115,115,115,142,162,191,225,242,253,271,283,293,388,388,388,399,410,410,272,300,300,317,72,72,72,92,47,60,79,79,79],"floor_reached":33,"language":"ENG","playtime":2426,"items_purged":["Slimebound:SlimeBrawl","Slimebound:Tackle"],"score":296,"play_id":"c2a8085c-60e9-472b-bb59-da7cb19868e7","local_time":"20210221133413","is_ascension_mode":false,"campfire_choices":[{"floor":18,"key":"DIG"},{"floor":27,"key":"RECALL"}],"circlet_count":0,"master_deck":["Slimebound:Split","Slimebound:CorrosiveSpit","Slimebound:SplitLeeching","Slimebound:LivingWall+1","Slimebound:LeechingTouch+1","Slimebound:LevelUp","Slimebound:Replication","Slimebound:Schlurp","Slimebound:ComboTackle","Slimebound:ItLooksTasty","Slimebound:LeechEnergy","Slimebound:Equalize","Slimebound:Gluttony","Slimebound:LeechLife","Slimebound:DisruptingSlam","Slimebound:Teamwork","Slimebound:LeadByExample","Slimebound:SlimeSpikes+1","Slimebound:RejuvenatingLick+1","Slimebound:Schlurp","Slimebound:GoopSpray","Slimebound:SamplingLick","Slimebound:SplitAcid","Slimebound:PressTheAttack","Slimebound:Repurpose","Slimebound:Repurpose","Slimebound:LevelUp","expansioncontent:LastStand","Necronomicurse","Slimebound:SplitMire","Slimebound:RallyTheTroops","Slimebound:RainOfGoop","Slimebound:SplitBruiser+1","Slimebound:Prepare"],"relics":["Slimebound:AbsorbEndCombat","Regal Pillow","Pear","Guardian:PocketSentry","Odd Mushroom","hubris:Zylophone","Pandora\u0027s Box","Blue Doll","hubris:SlimyHat","Necronomicon"],"acts_visited":["Exordium","TheCity"],"potions_floor_usage":[11,12,16,22,31,33,33],"damage_taken":[{"damage":4,"enemies":"2 Louse","floor":2,"turns":4},{"damage":0,"enemies":"Small Slimes","floor":8,"turns":3},{"damage":0,"enemies":"The Mushroom Lair","floor":9,"turns":5},{"damage":0,"enemies":"Lagavulin","floor":10,"turns":6},{"damage":0,"enemies":"Cultist","floor":11,"turns":4},{"damage":0,"enemies":"2 Fungi Beasts","floor":12,"turns":3},{"damage":2,"enemies":"Exordium Thugs","floor":13,"turns":5},{"damage":0,"enemies":"Red Slaver","floor":14,"turns":3},{"damage":0,"enemies":"Blue Slaver","floor":15,"turns":3},{"damage":20,"enemies":"WA_ARCHETYPE_RETAIN","floor":16,"turns":9},{"damage":25,"enemies":"Chosen","floor":19,"turns":5},{"damage":10,"enemies":"3 Byrds","floor":20,"turns":4},{"damage":0,"enemies":"downfall:FleeingMerchant","floor":22,"turns":4},{"damage":14,"enemies":"theDuelist:KaibaA2","floor":23,"turns":5},{"damage":8,"enemies":"Shelled Parasite and Fungi","floor":25,"turns":8},{"damage":0,"enemies":"downfall:FleeingMerchant","floor":26,"turns":4},{"damage":17,"enemies":"Centurion and Healer","floor":29,"turns":8},{"damage":0,"enemies":"downfall:FleeingMerchant","floor":30,"turns":4},{"damage":15,"enemies":"Snecko","floor":31,"turns":6},{"damage":22,"enemies":"Sentry and Sphere","floor":32,"turns":5},{"damage":90,"enemies":"DF_ARCHETYPE_CLAW","floor":33,"turns":5}],"seed_played":"-7514522672935689964","potions_obtained":[{"floor":8,"key":"Explosive Potion"},{"floor":9,"key":"DistilledChaos"},{"floor":15,"key":"SneckoOil"},{"floor":19,"key":"Milkshake"},{"floor":20,"key":"FearPotion"},{"floor":29,"key":"BlessingOfTheForge"},{"floor":31,"key":"BlessingOfTheForge"},{"floor":32,"key":"PowerPotion"}],"is_trial":false,"path_per_floor":["R","M","?","?","?","?","T","M","?","E","M","M","M","M","M","B",null,"R","M","M","?","$","E","T","M","$","R","?","M","$","M","M","B"],"character_chosen":"SLIMEBOUND","items_purchased":["Slimebound:GoopSpray","Slimebound:Repurpose","Slimebound:LevelUp","expansioncontent:LastStand","Slimebound:RainOfGoop"],"campfire_rested":0,"item_purchase_floors":[22,26,26,26,30],"current_hp_per_floor":[65,63,63,66,66,66,66,70,75,75,75,75,75,75,75,62,75,75,56,68,68,74,65,65,75,75,75,59,71,75,68,54,0,0],"gold":79,"neow_bonus":"RANDOM_COMMON_RELIC","is_daily":false,"chose_seed":false,"campfire_upgraded":0,"win_rate":0.0,"timestamp":1613910853,"path_taken":["R","M","?","?","?","?","T","M","?","E","M","M","M","M","M","BOSS","R","M","M","?","$","E","T","?","$","R","?","M","$","M","M","BOSS"],"items_purchased_type":["Card","Card","Card","Card","Card"],"build_version":"2020-12-22","purchased_purges":2,"victory":false,"max_hp_per_floor":[65,65,65,75,75,75,75,75,75,75,75,75,75,75,75,75,75,75,75,75,75,75,75,75,75,75,75,75,75,75,75,75,75,75],"card_choices":[{"not_picked":["Slimebound:LeechEnergy","Slimebound:Prepare"],"picked":"Slimebound:LivingWall","floor":2},{"not_picked":["Slimebound:HauntingLick","Slimebound:Prepare"],"picked":"Slimebound:LevelUp","floor":8},{"not_picked":["Slimebound:HauntingLick","Slimebound:FinishingTackle"],"picked":"Slimebound:Replication","floor":9},{"not_picked":["Slimebound:ViciousTackle","Slimebound:ComboTackle"],"picked":"Slimebound:Schlurp","floor":10},{"not_picked":["Slimebound:WasteNot","Slimebound:SlimeBarrage"],"picked":"Slimebound:ComboTackle","floor":11},{"not_picked":["Slimebound:GoopSpray","Slimebound:Dissolve"],"picked":"Slimebound:ItLooksTasty","floor":12},{"not_picked":["Slimebound:HauntingLick","Slimebound:GoopSpray"],"picked":"Slimebound:LeechEnergy","floor":13},{"not_picked":["Slimebound:LeechingTouch","Slimebound:FormOfPuddle"],"picked":"Slimebound:Equalize","floor":14},{"not_picked":["Slimebound:FinishingTackle","Slimebound:LeechEnergy"],"picked":"Slimebound:Gluttony","floor":15},{"not_picked":["Slimebound:MassFeed","Slimebound:OneTwoCombo"],"picked":"Slimebound:LeechLife","floor":16},{"not_picked":["Slimebound:RejuvenatingLick","Slimebound:LeechEnergy"],"picked":"Slimebound:SlimeSpikes+1","floor":19},{"not_picked":["Slimebound:Gluttony","Slimebound:ComboTackle"],"picked":"Slimebound:RejuvenatingLick+1","floor":20},{"not_picked":["Slimebound:Nibble","Slimebound:ItLooksTasty"],"picked":"Slimebound:Schlurp","floor":22},{"not_picked":["Slimebound:ServeAndProtect","Slimebound:TongueLash+1"],"picked":"Slimebound:SamplingLick","floor":23},{"not_picked":["Slimebound:LeadByExample","Slimebound:GoopSpray"],"picked":"Slimebound:SplitAcid","floor":25},{"not_picked":["Slimebound:HauntingLick","Slimebound:FinishingTackle"],"picked":"Slimebound:PressTheAttack","floor":26},{"not_picked":["Slimebound:SplitBruiser","Slimebound:Chomp"],"picked":"Slimebound:SplitMire","floor":29},{"not_picked":["Slimebound:RainOfGoop","Slimebound:SamplingLick"],"picked":"Slimebound:RallyTheTroops","floor":30},{"not_picked":["Slimebound:LeechingTouch","Slimebound:Replication+1"],"picked":"Slimebound:SplitBruiser+1","floor":31},{"not_picked":["Slimebound:LeechingTouch","Slimebound:HauntingLick"],"picked":"Slimebound:Prepare","floor":32}],"player_experience":667437,"relics_obtained":[{"floor":7,"key":"Guardian:PocketSentry"},{"floor":9,"key":"Odd Mushroom"},{"floor":10,"key":"hubris:Zylophone"},{"floor":18,"key":"Blue Doll"},{"floor":23,"key":"hubris:SlimyHat"},{"floor":28,"key":"Necronomicon"}],"event_choices":[{"cards_removed":["Slimebound:Strike_Slimebound"],"damage_healed":0,"gold_gain":0,"player_choice":"Card Removal","damage_taken":0,"max_hp_gain":0,"max_hp_loss":0,"event_name":"The Cleric","floor":3,"gold_loss":0},{"damage_healed":0,"gold_gain":0,"player_choice":"Success","damage_taken":7,"relics_obtained":["Pear"],"max_hp_gain":0,"max_hp_loss":0,"event_name":"Scrap Ooze","floor":4,"gold_loss":0},{"damage_healed":0,"gold_gain":0,"player_choice":"Fought Mushrooms","damage_taken":0,"max_hp_gain":0,"max_hp_loss":0,"event_name":"Mushrooms","floor":9,"gold_loss":0},{"damage_healed":0,"gold_gain":0,"player_choice":"Ignored","damage_taken":0,"max_hp_gain":0,"max_hp_loss":0,"event_name":"NoteForYourself","floor":21,"gold_loss":0}],"is_beta":false,"boss_relics":[{"not_picked":["jedi:paperlyon","Honey Jar"],"picked":"Pandora\u0027s Box"}],"items_purged_floors":[22,26],"is_endless":false,"potions_floor_spawned":[8,9,15,19,20,25,29,31,32],"killed_by":"DF_ARCHETYPE_CLAW","ascension_level":0}}