{"host":"7cp3z5w0tcrrm8ys","time":1613875049,"event":{"mods":["AchievementEnabler","BaseMod","DeckTracker","Minty Spire (QoL Compilation)","StSLib","SuperFastMode"],"gold_per_floor":[213,12,28,28,41,74,74,74,145,145,158,177,189,201,201,272,272,285,304,64,64,64],"floor_reached":21,"language":"KOR","playtime":682,"items_purged":["Strike_R"],"score":366,"play_id":"5b3a2795-22d9-4cb7-9302-6f79480736d5","local_time":"20210221113729","is_ascension_mode":true,"campfire_choices":[{"data":"Uppercut","floor":7,"key":"SMITH"},{"data":"Cleave","floor":10,"key":"SMITH"},{"data":"Anger","floor":15,"key":"SMITH"}],"circlet_count":0,"master_deck":["AscendersBane","Strike_R","Strike_R","Strike_R","Defend_R","Defend_R","Defend_R","Defend_R","Bash","Headbutt","Power Through","Second Wind","Uppercut+1","Cleave+1","Warcry","Evolve","Anger+1","Impervious","Feel No Pain","Body Slam"],"relics":["Burning Blood","StrikeDummy","Happy Flower","Shuriken","SlaversCollar"],"acts_visited":["Exordium","TheCity"],"potions_floor_usage":[6,16,18,21,21],"damage_taken":[{"damage":17,"enemies":"Small Slimes","floor":1,"turns":5},{"damage":3,"enemies":"Cultist","floor":3,"turns":4},{"damage":0,"enemies":"Jaw Worm","floor":5,"turns":5},{"damage":25,"enemies":"3 Sentries","floor":6,"turns":6},{"damage":0,"enemies":"Blue Slaver","floor":11,"turns":3},{"damage":0,"enemies":"Exordium Wildlife","floor":12,"turns":2},{"damage":4,"enemies":"2 Fungi Beasts","floor":13,"turns":3},{"damage":15,"enemies":"Exordium Thugs","floor":14,"turns":4},{"damage":10,"enemies":"The Guardian","floor":16,"turns":11},{"damage":25,"enemies":"3 Byrds","floor":18,"turns":6},{"damage":27,"enemies":"Spheric Guardian","floor":19,"turns":5},{"damage":48,"enemies":"Cultist and Chosen","floor":21,"turns":6}],"seed_played":"-3262791331370816906","potions_obtained":[{"floor":5,"key":"DuplicationPotion"},{"floor":11,"key":"HeartOfIron"},{"floor":12,"key":"Regen Potion"}],"is_trial":false,"path_per_floor":["M","$","M","?","M","E","R","T","T","R","M","M","M","M","R","B",null,"M","M","$","M"],"character_chosen":"IRONCLAD","items_purchased":["Power Through","Second Wind","Uppercut","Block Potion","Body Slam","SkillPotion"],"campfire_rested":0,"item_purchase_floors":[2,2,2,20,20,20],"current_hp_per_floor":[57,57,60,60,66,47,47,47,47,47,53,59,61,52,52,48,68,64,43,43,0,0],"gold":64,"neow_bonus":"HUNDRED_GOLD","is_daily":false,"chose_seed":false,"campfire_upgraded":3,"win_rate":0.0,"timestamp":1613875049,"path_taken":["M","$","M","?","?","E","R","?","T","R","M","?","M","M","R","BOSS","M","M","$","M"],"items_purchased_type":["Card","Card","Card","Potion","Card","Potion"],"build_version":"2020-12-22","purchased_purges":1,"victory":false,"max_hp_per_floor":[75,75,75,75,75,75,75,75,75,75,75,75,75,75,75,75,75,75,75,75,75,75],"card_choices":[{"not_picked":["Thunderclap","Bloodletting"],"picked":"Headbutt","floor":1},{"not_picked":["Cleave","Iron Wave","Thunderclap"],"picked":"SKIP","floor":3},{"not_picked":["Thunderclap","Dual Wield"],"picked":"Cleave","floor":5},{"not_picked":["True Grit","Inflame","Thunderclap"],"picked":"SKIP","floor":6},{"not_picked":["Iron Wave","Clothesline"],"picked":"Warcry","floor":11},{"not_picked":["Second Wind","Warcry","Rampage"],"picked":"SKIP","floor":12},{"not_picked":["Demon Form","Anger"],"picked":"Evolve","floor":13},{"not_picked":["Second Wind","Clash"],"picked":"Anger","floor":14},{"not_picked":["Fiend Fire","Juggernaut"],"picked":"Impervious","floor":16},{"not_picked":["Cleave","Body Slam"],"picked":"Feel No Pain","floor":18},{"not_picked":["True Grit","Clothesline","Warcry"],"picked":"SKIP","floor":19}],"player_experience":832749,"relics_obtained":[{"floor":6,"key":"StrikeDummy"},{"floor":8,"key":"Happy Flower"},{"floor":9,"key":"Shuriken"}],"event_choices":[{"cards_removed":["Strike_R"],"damage_healed":0,"gold_gain":0,"player_choice":"Purged","damage_taken":0,"max_hp_gain":0,"max_hp_loss":0,"event_name":"Purifier","floor":4,"gold_loss":0}],"is_beta":false,"boss_relics":[{"not_picked":["Runic Dome","Cursed Key"],"picked":"SlaversCollar"}],"items_purged_floors":[20],"is_endless":false,"potions_floor_spawned":[5,11,12],"killed_by":"Cultist and Chosen","ascension_level":20}}