{"host":"rantoq7h0pygex6x","time":1613881731,"event":{"mods":["AchievementEnabler","BaseMod","BetterRewards","Minty Spire (QoL Compilation)","SuperFastMode"],"gold_per_floor":[118,118,43,43,56,56,84,99,123,40,40,40,51,51,51,126,126,140,5,17,17,17,17,29,29,56,84,84,84],"floor_reached":28,"language":"ENG","playtime":515,"items_purged":["Strike_R"],"score":568,"play_id":"f78c2b04-e5fd-4e2b-9a6c-0a1cc20c2872","local_time":"20210221122851","is_ascension_mode":true,"campfire_choices":[{"data":"Metallicize","floor":6.0,"key":"SMITH"},{"data":"Fire Breathing","floor":12.0,"key":"SMITH"},{"data":"Metallicize","floor":15.0,"key":"SMITH"},{"data":"Metallicize","floor":23.0,"key":"SMITH"},{"floor":25.0,"key":"REST"}],"circlet_count":0,"master_deck":["AscendersBane","Strike_R","Strike_R","Strike_R","Strike_R","Defend_R","Defend_R","Defend_R+1","Defend_R","Bash","Metallicize+1","Thunderclap","Cleave","Dropkick","Brutality","Regret","Fire Breathing+1","Metallicize+1","Parasite","Seeing Red+1","Exhume","Metallicize+1","Shrug It Off","Flame Barrier","Writhe","Shame","True Grit","Iron Wave+1"],"relics":["Burning Blood","Happy Flower","Bottled Flame","Orichalcum","Kunai","Mark of Pain","Strawberry","Ornamental Fan","War Paint","Molten Egg 2"],"acts_visited":["Exordium","TheCity"],"potions_floor_usage":[27],"damage_taken":[{"damage":9.0,"enemies":"Cultist","floor":1.0,"turns":5.0},{"damage":14.0,"enemies":"Jaw Worm","floor":5.0,"turns":4.0},{"damage":30.0,"enemies":"3 Sentries","floor":7.0,"turns":8.0},{"damage":2.0,"enemies":"2 Louse","floor":8.0,"turns":2.0},{"damage":6.0,"enemies":"Looter","floor":13.0,"turns":4.0},{"damage":45.0,"enemies":"Hexaghost","floor":16.0,"turns":9.0},{"damage":13.0,"enemies":"Spheric Guardian","floor":18.0,"turns":5.0},{"damage":20.0,"enemies":"Shell Parasite","floor":20.0,"turns":6.0},{"damage":24.0,"enemies":"Cultist and Chosen","floor":24.0,"turns":5.0},{"damage":37,"enemies":"Book of Stabbing","floor":27,"turns":6},{"damage":24,"enemies":"Sentry and Sphere","floor":28,"turns":9}],"seed_played":"-7725008210803303521","potions_obtained":[{"floor":5.0,"key":"AttackPotion"},{"floor":8.0,"key":"Fire Potion"},{"floor":16.0,"key":"SteroidPotion"},{"floor":18.0,"key":"BlessingOfTheForge"}],"is_trial":false,"path_per_floor":["M","?","$","?","M","R","E","M","T","$","?","R","M","T","R","B",null,"M","$","M","?","?","R","M","R","T","E","M"],"character_chosen":"IRONCLAD","items_purchased":["Metallicize","Thunderclap","Metallicize","Metallicize","Shrug It Off"],"campfire_rested":1,"item_purchase_floors":[0,0,10,19,19],"current_hp_per_floor":[65,65,65,65,57,57,33,37,37,37,55,55,55,55,55,16,60,53,53,39,46,46,46,28,52,52,21,0,0],"gold":84,"neow_bonus":"","is_daily":false,"chose_seed":false,"campfire_upgraded":4,"win_rate":0.0,"timestamp":1613881731,"path_taken":["M","?","?","?","M","R","E","M","T","$","?","R","M","?","R","BOSS","M","$","?","?","?","R","M","R","T","E","M"],"items_purchased_type":["Card","Card","Card","Card","Card"],"build_version":"2020-12-22","purchased_purges":1,"victory":false,"max_hp_per_floor":[75,75,75,75,75,75,75,75,75,75,75,75,75,75,75,75,75,75,75,75,82,82,82,82,82,82,82,82,82],"card_choices":[{"not_picked":["Ghostly Armor","Twin Strike"],"picked":"Cleave","floor":1.0},{"not_picked":["Headbutt","Twin Strike","Wild Strike"],"picked":"SKIP","floor":5.0},{"not_picked":["Dual Wield","Intimidate","Flex"],"picked":"SKIP","floor":7.0},{"not_picked":["Sword Boomerang","Clothesline"],"picked":"Fire Breathing","floor":8.0},{"not_picked":["Entrench","Sever Soul"],"picked":"Seeing Red","floor":13.0},{"not_picked":["Bludgeon","Fiend Fire"],"picked":"Exhume","floor":16.0},{"not_picked":["Pommel Strike","Iron Wave","Dark Embrace"],"picked":"SKIP","floor":18.0},{"not_picked":["Armaments","Second Wind+1"],"picked":"Flame Barrier","floor":20.0},{"not_picked":["Hemokinesis","Clash"],"picked":"True Grit","floor":24.0},{"not_picked":["Rampage+1","Whirlwind+1"],"picked":"Iron Wave+1","floor":27}],"player_experience":1008830,"relics_obtained":[{"floor":7.0,"key":"Bottled Flame"},{"floor":9.0,"key":"Orichalcum"},{"floor":14.0,"key":"Kunai"},{"floor":26.0,"key":"War Paint"},{"floor":27,"key":"Molten Egg 2"}],"event_choices":[{"damage_healed":0.0,"max_hp_gain":0.0,"max_hp_loss":0.0,"gold_gain":0.0,"event_name":"Match and Keep!","player_choice":"2 cards matched","floor":2.0,"gold_loss":0.0,"damage_taken":0.0,"cards_obtained":["Dropkick","Brutality"]},{"damage_healed":0.0,"max_hp_gain":0.0,"max_hp_loss":0.0,"gold_gain":0.0,"event_name":"Big Fish","player_choice":"Box","floor":4.0,"gold_loss":0.0,"damage_taken":0.0,"relics_obtained":["Happy Flower"],"cards_obtained":["Regret"]},{"damage_healed":18.0,"max_hp_gain":0.0,"max_hp_loss":0.0,"gold_gain":0.0,"event_name":"Mushrooms","player_choice":"Healed and dodged fight","floor":11.0,"gold_loss":0.0,"damage_taken":0.0,"cards_obtained":["Parasite"]},{"damage_healed":0.0,"max_hp_gain":0.0,"max_hp_loss":0.0,"gold_gain":0.0,"event_name":"The Mausoleum","player_choice":"Opened","floor":21.0,"gold_loss":0.0,"damage_taken":0.0,"relics_obtained":["Strawberry"],"cards_obtained":["Writhe"]},{"damage_healed":0.0,"max_hp_gain":0.0,"max_hp_loss":0.0,"gold_gain":0.0,"event_name":"Addict","player_choice":"Stole Relic","floor":22.0,"gold_loss":0.0,"damage_taken":0.0,"relics_obtained":["Ornamental Fan"],"cards_obtained":["Shame"]}],"is_beta":false,"boss_relics":[{"not_picked":["Black Blood","Black Star"],"picked":"Mark of Pain"}],"items_purged_floors":[3],"is_endless":false,"potions_floor_spawned":[5,8,16,18],"killed_by":"Sentry and Sphere","ascension_level":20}}