{"host":"7yyoe0ei0fseceei","time":1613935628,"event":{"mods":["BaseMod","Colored Map","Highlight Path","Minty Spire (QoL Compilation)","Quick Restart"],"gold_per_floor":[112,132,149,162,237,262,262,262,262],"floor_reached":8,"language":"ENG","playtime":234,"items_purged":[],"score":113,"play_id":"eaa7739c-4bc5-44d7-8ac0-9aa64a337f16","local_time":"20210221202708","is_ascension_mode":true,"campfire_choices":[{"floor":7,"key":"REST"}],"circlet_count":0,"master_deck":["AscendersBane","Strike_P","Strike_P","Strike_P","Strike_P","Defend_P","Defend_P","Defend_P","Defend_P","Eruption+1","Vigilance","ClearTheMind","FlurryOfBlows","FlurryOfBlows","Crescendo","ReachHeaven"],"relics":["PureWater","Shuriken"],"acts_visited":["Exordium"],"potions_floor_usage":[6,6],"damage_taken":[{"damage":0.0,"enemies":"Small Slimes","floor":1.0,"turns":2.0},{"damage":4.0,"enemies":"Jaw Worm","floor":2.0,"turns":4.0},{"damage":0.0,"enemies":"Cultist","floor":3.0,"turns":4.0},{"damage":11.0,"enemies":"Blue Slaver","floor":4.0,"turns":4.0},{"damage":7,"enemies":"3 Sentries","floor":6,"turns":4},{"damage":0,"enemies":"Gremlin Nob","floor":8,"turns":1}],"seed_played":"6446569283472144307","potions_obtained":[{"floor":2.0,"key":"PowerPotion"},{"floor":3.0,"key":"DuplicationPotion"},{"floor":6,"key":"Explosive Potion"}],"is_trial":false,"path_per_floor":["M","M","M","M","?","E","R","E"],"character_chosen":"WATCHER","items_purchased":[],"campfire_rested":1,"item_purchase_floors":[],"current_hp_per_floor":[61,57,57,46,35,28,48,48,48],"gold":262,"neow_bonus":"UPGRADE_CARD","is_daily":false,"chose_seed":false,"campfire_upgraded":0,"win_rate":0.0,"timestamp":1613935628,"path_taken":["M","M","M","M","?","E","R","E"],"items_purchased_type":[],"build_version":"2020-12-22","purchased_purges":0,"victory":false,"max_hp_per_floor":[68,68,68,68,68,68,68,68,68],"card_choices":[{"not_picked":["JustLucky","WaveOfTheHand"],"picked":"ClearTheMind","floor":1.0},{"not_picked":["Crescendo","Prostrate"],"picked":"FlurryOfBlows","floor":2.0},{"not_picked":["PathToVictory","EmptyBody"],"picked":"FlurryOfBlows","floor":3.0},{"not_picked":["EmptyBody","LikeWater"],"picked":"Crescendo","floor":4},{"not_picked":["Devotion","EmptyFist"],"picked":"ReachHeaven","floor":6}],"player_experience":968602,"relics_obtained":[{"floor":6,"key":"Shuriken"}],"event_choices":[{"damage_healed":0,"gold_gain":75,"player_choice":"Gather Gold","damage_taken":11,"max_hp_gain":0,"max_hp_loss":0,"event_name":"World of Goop","floor":5,"gold_loss":0}],"is_beta":false,"boss_relics":[],"items_purged_floors":[],"is_endless":false,"potions_floor_spawned":[2,3,6],"killed_by":"Gremlin Nob","ascension_level":19}}