{"host":"phy652c7lim9lcu2","time":1613912202,"event":{"mods":["BaseMod","Colored Powertips","Googly Eyes","Minty Spire (QoL Compilation)","Relic Stats","Spicy Shops","StSLib","everything is the same but u backflip on backflip"],"gold_per_floor":[115,127,145,155,175,210,210,238,238,238,71,3,14,31,31,110,110,124,142,142,162,181,181,181,181,181,31,31,51,83,101,101,174,174,189,202,202,202],"floor_reached":37,"language":"ENG","playtime":1215,"items_purged":["Writhe"],"score":817,"play_id":"052d63b1-6e8a-4f61-8def-e332fe2d074a","local_time":"20210221225642","is_ascension_mode":true,"campfire_choices":[{"data":"ConjureBlade","floor":7.0,"key":"SMITH"},{"data":"WreathOfFlame","floor":15.0,"key":"SMITH"},{"floor":23.0,"key":"REST"},{"data":"Wish","floor":25.0,"key":"SMITH"},{"floor":32,"key":"REST"}],"circlet_count":0,"master_deck":["AscendersBane","Strike_P+1","Strike_P+1","Strike_P+1","Strike_P+1","Defend_P+1","Defend_P+1","Defend_P+1","Defend_P+1","Eruption","Vigilance","WreathOfFlame+1","Tantrum","Conclude","Crescendo","ConjureBlade+1","Swivel","Vengeance","TalkToTheHand","Tantrum","ThirdEye","Wish+1","ThirdEye","Wallop","EmptyBody","SpiritShield","Wallop+1","EmptyBody","EmptyBody+1","Perseverance"],"relics":["PureWater","Nunchaku","Lizard Tail","Ornamental Fan","Smiling Mask","FaceOfCleric","Ice Cream","VioletLotus","Omamori","Pear","Akabeko","Blue Candle","Cursed Key"],"acts_visited":["Exordium","TheCity","TheBeyond"],"potions_floor_usage":[],"damage_taken":[{"damage":0.0,"enemies":"Small Slimes","floor":1.0,"turns":2.0},{"damage":0.0,"enemies":"Cultist","floor":2.0,"turns":4.0},{"damage":2.0,"enemies":"2 Louse","floor":3.0,"turns":3.0},{"damage":6.0,"enemies":"Looter","floor":4.0,"turns":2.0},{"damage":11.0,"enemies":"Blue Slaver","floor":5.0,"turns":4.0},{"damage":0.0,"enemies":"Gremlin Nob","floor":6.0,"turns":2.0},{"damage":12.0,"enemies":"3 Sentries","floor":8.0,"turns":4.0},{"damage":0.0,"enemies":"3 Louse","floor":13.0,"turns":1.0},{"damage":0.0,"enemies":"Looter","floor":14.0,"turns":2.0},{"damage":0.0,"enemies":"Slime Boss","floor":16.0,"turns":4.0},{"damage":21.0,"enemies":"Chosen","floor":18.0,"turns":5.0},{"damage":14.0,"enemies":"2 Thieves","floor":19.0,"turns":4.0},{"damage":14.0,"enemies":"Snake Plant","floor":21.0,"turns":3.0},{"damage":17.0,"enemies":"Snecko","floor":22.0,"turns":7.0},{"damage":1.0,"enemies":"Chosen and Byrds","floor":29.0,"turns":4.0},{"damage":19.0,"enemies":"Slavers","floor":30.0,"turns":3.0},{"damage":39,"enemies":"Sentry and Sphere","floor":31,"turns":7},{"damage":110,"enemies":"Collector","floor":33,"turns":7},{"damage":3,"enemies":"Orb Walker","floor":35,"turns":3},{"damage":52,"enemies":"3 Darklings","floor":36,"turns":9},{"damage":30,"enemies":"Spire Growth","floor":37,"turns":4}],"seed_played":"4930792964207703292","potions_obtained":[{"floor":1.0,"key":"Strength Potion"},{"floor":3.0,"key":"FairyPotion"},{"floor":13.0,"key":"DuplicationPotion"},{"floor":19.0,"key":"AttackPotion"},{"floor":29.0,"key":"Strength Potion"}],"is_trial":false,"path_per_floor":["M","M","M","M","M","E","R","E","T","?","$","$","M","M","R","B",null,"M","M","?","M","M","R","?","R","T","$","?","M","E","M","R","B",null,"M","M","M"],"character_chosen":"WATCHER","items_purchased":["Ice Cream","TalkToTheHand","Akabeko"],"campfire_rested":2,"item_purchase_floors":[11,12,27],"current_hp_per_floor":[65,65,63,57,46,46,46,34,34,34,34,34,35,36,36,37,66,46,33,33,20,4,27,27,27,37,37,37,37,19,17,44,47,82,80,29,0,0],"gold":202,"neow_bonus":"RANDOM_COMMON_RELIC","is_daily":false,"chose_seed":true,"campfire_upgraded":3,"win_rate":0.0,"timestamp":1613912202,"path_taken":["M","M","M","M","M","E","R","E","T","?","?","$","M","M","R","BOSS","M","M","?","M","M","R","?","R","T","$","?","M","E","M","R","BOSS","M","M","M"],"items_purchased_type":["Relic","Card","Relic"],"build_version":"2020-12-22","purchased_purges":1,"victory":false,"max_hp_per_floor":[72,72,72,72,72,72,72,72,72,72,72,72,73,74,74,75,75,76,77,77,78,79,79,79,79,89,89,89,90,91,92,92,93,93,94,95,95,95],"relic_stats":{"Nunchaku":[12],"Lizard Tail":46,"FaceOfCleric":13,"counters":[21,84],"Ornamental Fan":[40],"Blue Candle":[1],"VioletLotus":[4],"Smiling Mask":25,"Cursed Key":0,"obtain_stats":[{"Ice Cream":11,"Pear":26,"Blue Candle":30,"Omamori":24,"Smiling Mask":9,"Cursed Key":34,"Akabeko":27,"Nunchaku":0,"Lizard Tail":6,"FaceOfCleric":10,"Ornamental Fan":8,"VioletLotus":17,"PureWater":0},{"Ice Cream":7,"Pear":14,"Blue Candle":16,"Omamori":14,"Smiling Mask":7,"Cursed Key":18,"Akabeko":14,"Nunchaku":0,"Lizard Tail":6,"FaceOfCleric":7,"Ornamental Fan":7,"VioletLotus":10,"PureWater":0},{"Ice Cream":21,"Pear":47,"Blue Candle":54,"Omamori":47,"Smiling Mask":21,"Cursed Key":68,"Akabeko":47,"Nunchaku":0,"Lizard Tail":17,"FaceOfCleric":21,"Ornamental Fan":21,"VioletLotus":28,"PureWater":0}]},"card_choices":[{"not_picked":["EmptyMind","Halt"],"picked":"WreathOfFlame","floor":1.0},{"not_picked":["DeceiveReality","Consecrate"],"picked":"Tantrum","floor":2.0},{"not_picked":["PathToVictory","Crescendo"],"picked":"Conclude","floor":3.0},{"not_picked":["PathToVictory","Halt"],"picked":"Crescendo","floor":4.0},{"not_picked":["Fasting2","SashWhip"],"picked":"ConjureBlade","floor":5.0},{"not_picked":["EmptyBody","Prostrate"],"picked":"Swivel","floor":6.0},{"not_picked":["CutThroughFate","Conclude"],"picked":"Vengeance","floor":8.0},{"not_picked":["EmptyBody","PathToVictory"],"picked":"Tantrum","floor":13.0},{"not_picked":["CutThroughFate","Protect"],"picked":"ThirdEye","floor":14.0},{"not_picked":["LessonLearned","Brilliance"],"picked":"Wish","floor":16.0},{"not_picked":["Swivel","PathToVictory"],"picked":"ThirdEye","floor":18.0},{"not_picked":["BowlingBash","Weave"],"picked":"Wallop","floor":19.0},{"not_picked":["Consecrate","Collect+1","Pray"],"picked":"SKIP","floor":21.0},{"not_picked":["BowlingBash","CrushJoints"],"picked":"EmptyBody","floor":22.0},{"not_picked":["InnerPeace","JustLucky+1"],"picked":"SpiritShield","floor":29.0},{"not_picked":["CrushJoints","Protect"],"picked":"Wallop+1","floor":30.0},{"not_picked":["CrushJoints","BowlingBash"],"picked":"EmptyBody","floor":31},{"not_picked":["CutThroughFate","Halt"],"picked":"EmptyBody+1","floor":35},{"not_picked":["DeceiveReality","FlurryOfBlows"],"picked":"Perseverance","floor":36}],"player_experience":351674,"relics_obtained":[{"floor":6.0,"key":"Lizard Tail"},{"floor":8.0,"key":"Ornamental Fan"},{"floor":9.0,"key":"Smiling Mask"},{"floor":26.0,"key":"Pear"},{"floor":30.0,"key":"Blue Candle"}],"event_choices":[{"damage_healed":0.0,"max_hp_gain":0.0,"max_hp_loss":0.0,"gold_gain":0.0,"event_name":"FaceTrader","player_choice":"Trade","floor":10.0,"gold_loss":0.0,"damage_taken":0.0,"relics_obtained":["FaceOfCleric"]},{"damage_healed":0.0,"max_hp_gain":0.0,"max_hp_loss":0.0,"gold_gain":0.0,"event_name":"Vampires","player_choice":"Ignored","floor":20.0,"gold_loss":0.0,"damage_taken":0.0},{"damage_healed":0.0,"max_hp_gain":0.0,"max_hp_loss":0.0,"gold_gain":0.0,"event_name":"The Mausoleum","player_choice":"Opened","floor":24.0,"gold_loss":0.0,"damage_taken":0.0,"relics_obtained":["Omamori"]},{"damage_healed":0.0,"max_hp_gain":0.0,"max_hp_loss":0.0,"gold_gain":0.0,"event_name":"Back to Basics","player_choice":"Simplicity","floor":28.0,"gold_loss":0.0,"damage_taken":0.0,"cards_upgraded":["Strike_P","Strike_P","Strike_P","Strike_P","Defend_P","Defend_P","Defend_P","Defend_P"]}],"is_beta":false,"boss_relics":[{"not_picked":["SlaversCollar","Busted Crown"],"picked":"VioletLotus"},{"not_picked":["Velvet Choker","Coffee Dripper"],"picked":"Cursed Key"}],"items_purged_floors":[11],"is_endless":false,"potions_floor_spawned":[1,3,13,16,19,29],"killed_by":"Spire Growth","ascension_level":13}}