{"host":"x6tlfgqpy55vgxdn","time":1613910620,"event":{"mods":["AchievementEnabler","BaseMod","DeckTracker","Minty Spire (QoL Compilation)","Permanent Neow","Quick Restart","StSLib","SuperFastMode"],"gold_per_floor":[114,114,114,134,59,100,0,33,113,157,157,32,47,61,61,181,181,196,216,216,216,216,216,256,256,256,296,314,314,338,379,379,502,502,522,522,522,542,560,560,560],"floor_reached":40,"language":"KOR","playtime":1792,"items_purged":["Defend_B","Defend_B","Strike_B"],"score":471,"play_id":"8039334d-4590-409c-85d8-88fdcda108bc","local_time":"20210221213020","is_ascension_mode":true,"campfire_choices":[{"data":"Fusion","floor":11.0,"key":"SMITH"},{"data":"Fission","floor":15.0,"key":"SMITH"},{"data":"Double Energy","floor":23.0,"key":"SMITH"},{"data":"Dualcast","floor":25.0,"key":"SMITH"},{"data":"Defragment","floor":32.0,"key":"SMITH"}],"circlet_count":0,"master_deck":["Strike_B","Defend_B","Dualcast+1","Compile Driver","Double Energy+1","Cold Snap","FTL","Biased Cognition+1","Fusion+1","Barrage","Fission+1","Reboot","Loop+1","Defragment+1","Go for the Eyes+1"],"relics":["FrozenCore","Golden Idol","PreservedInsect","Art of War","Mercury Hourglass","Enchiridion","Omamori","Red Mask","Eternal Feather","The Courier","Black Star"],"acts_visited":["Exordium","TheCity","TheBeyond"],"potions_floor_usage":[39],"damage_taken":[{"damage":7.0,"enemies":"Jaw Worm","floor":1.0,"turns":3.0},{"damage":0.0,"enemies":"2 Louse","floor":4.0,"turns":2.0},{"damage":26.0,"enemies":"Lagavulin","floor":6.0,"turns":5.0},{"damage":10.0,"enemies":"3 Sentries","floor":8.0,"turns":6.0},{"damage":0.0,"enemies":"Gremlin Nob","floor":10.0,"turns":2.0},{"damage":0.0,"enemies":"Small Slimes","floor":13.0,"turns":2.0},{"damage":1.0,"enemies":"3 Louse","floor":14.0,"turns":2.0},{"damage":3.0,"enemies":"Slime Boss","floor":16.0,"turns":8.0},{"damage":0.0,"enemies":"Chosen","floor":18.0,"turns":3.0},{"damage":14.0,"enemies":"3 Byrds","floor":19.0,"turns":4.0},{"damage":16.0,"enemies":"Masked Bandits","floor":24.0,"turns":3.0},{"damage":1.0,"enemies":"Gremlin Leader","floor":27.0,"turns":4.0},{"damage":0.0,"enemies":"Snecko","floor":28.0,"turns":4.0},{"damage":13.0,"enemies":"Sentry and Sphere","floor":30.0,"turns":4.0},{"damage":12.0,"enemies":"Book of Stabbing","floor":31.0,"turns":4.0},{"damage":22.0,"enemies":"Collector","floor":33.0,"turns":9.0},{"damage":6,"enemies":"Orb Walker","floor":35,"turns":3},{"damage":7,"enemies":"3 Shapes","floor":38,"turns":3},{"damage":14,"enemies":"Maw","floor":39,"turns":11},{"damage":33,"enemies":"Giant Head","floor":40,"turns":9}],"seed_played":"-544545632589256594","potions_obtained":[{"floor":8.0,"key":"SpeedPotion"},{"floor":10.0,"key":"SneckoOil"},{"floor":13.0,"key":"Regen Potion"},{"floor":19.0,"key":"FairyPotion"},{"floor":27.0,"key":"PowerPotion"},{"floor":35,"key":"SkillPotion"}],"is_trial":false,"path_per_floor":["M","?","?","M","$","E","$","E","T","E","R","$","M","M","R","B",null,"M","M","?","T","?","R","?","R","T","E","M","?","M","E","R","B",null,"M","?","?","M","M","E"],"character_chosen":"DEFECT","items_purchased":[],"campfire_rested":0,"item_purchase_floors":[],"current_hp_per_floor":[61,43,43,43,43,17,17,7,7,7,7,7,7,6,6,17,61,61,47,31,31,31,31,15,15,15,14,14,14,1,22,31,9,59,53,53,53,46,32,0,0],"gold":560,"neow_bonus":"REMOVE_CARD","is_daily":false,"chose_seed":true,"campfire_upgraded":5,"win_rate":0.0,"timestamp":1613910620,"path_taken":["M","?","?","M","$","E","$","E","T","E","R","?","M","M","R","BOSS","M","M","?","?","?","R","?","R","T","E","M","?","?","E","R","BOSS","M","?","?","M","?","E"],"items_purchased_type":[],"build_version":"2020-12-22","purchased_purges":3,"victory":false,"max_hp_per_floor":[75,75,75,75,75,75,75,75,75,75,75,75,75,75,75,75,75,75,75,75,75,75,75,75,75,75,75,75,75,75,75,75,75,75,75,75,75,75,75,75,75],"card_choices":[{"not_picked":["Hologram","Leap"],"picked":"Compile Driver","floor":1.0},{"not_picked":["Beam Cell","Melter"],"picked":"Cold Snap","floor":4.0},{"not_picked":["Static Discharge","Lockon"],"picked":"FTL","floor":6.0},{"not_picked":["Rip and Tear","Ball Lightning"],"picked":"Biased Cognition","floor":8.0},{"not_picked":["Gash","Beam Cell"],"picked":"Fusion","floor":10.0},{"not_picked":["Barrage","Heatsinks","Redo"],"picked":"SKIP","floor":13.0},{"not_picked":["Heatsinks","Redo"],"picked":"Barrage","floor":13.0},{"not_picked":["Consume","Turbo"],"picked":"Fission","floor":14.0},{"not_picked":["Buffer","Electrodynamics"],"picked":"Reboot","floor":16.0},{"not_picked":["Streamline","Rebound","Beam Cell"],"picked":"SKIP","floor":18.0},{"not_picked":["Coolheaded","Go for the Eyes","Genetic Algorithm+1"],"picked":"SKIP","floor":19.0},{"not_picked":["Hologram+1","Turbo"],"picked":"Loop+1","floor":27.0},{"not_picked":["Barrage","Stack","Rip and Tear"],"picked":"SKIP","floor":28.0},{"not_picked":["Rip and Tear","Compile Driver","Redo"],"picked":"SKIP","floor":30.0},{"not_picked":["Rip and Tear","Compile Driver","Redo"],"picked":"SKIP","floor":30.0},{"not_picked":["Heatsinks","Compile Driver"],"picked":"Defragment","floor":31.0},{"not_picked":["BootSequence","Rebound+1","Leap"],"picked":"SKIP","floor":35},{"not_picked":["Fusion","Stack+1","Conserve Battery+1"],"picked":"SKIP","floor":38},{"not_picked":["Gash","White Noise"],"picked":"Go for the Eyes+1","floor":39}],"player_experience":260360,"relics_obtained":[{"floor":6.0,"key":"PreservedInsect"},{"floor":8.0,"key":"Art of War"},{"floor":10.0,"key":"Mercury Hourglass"},{"floor":20.0,"key":"Enchiridion"},{"floor":21.0,"key":"Omamori"},{"floor":24.0,"key":"Red Mask"},{"floor":26.0,"key":"Eternal Feather"},{"floor":27.0,"key":"The Courier"}],"event_choices":[{"damage_healed":0.0,"max_hp_gain":0.0,"max_hp_loss":0.0,"gold_gain":0.0,"event_name":"Golden Idol","player_choice":"Take Damage","floor":2.0,"gold_loss":0.0,"damage_taken":18.0,"relics_obtained":["Golden Idol"]},{"damage_healed":0.0,"max_hp_gain":0.0,"max_hp_loss":0.0,"gold_gain":0.0,"cards_transformed":["Strike_B"],"event_name":"Living Wall","player_choice":"Change","floor":3.0,"gold_loss":0.0,"damage_taken":0.0,"cards_obtained":["Double Energy"]},{"damage_healed":0.0,"max_hp_gain":0.0,"max_hp_loss":0.0,"gold_gain":0.0,"event_name":"Cursed Tome","player_choice":"Obtained Book","floor":20.0,"gold_loss":0.0,"damage_taken":16.0},{"damage_healed":0.0,"max_hp_gain":0.0,"max_hp_loss":0.0,"gold_gain":0.0,"event_name":"Vampires","player_choice":"Ignored","floor":22.0,"gold_loss":0.0,"damage_taken":0.0},{"damage_healed":0.0,"max_hp_gain":0.0,"max_hp_loss":0.0,"gold_gain":0.0,"event_name":"Masked Bandits","player_choice":"Fought Bandits","floor":24.0,"gold_loss":0.0,"damage_taken":0.0},{"cards_removed":["Defend_B"],"damage_healed":0.0,"max_hp_gain":0.0,"max_hp_loss":0.0,"gold_gain":0.0,"event_name":"Back to Basics","player_choice":"Elegance","floor":29.0,"gold_loss":0.0,"damage_taken":0.0},{"cards_removed":["Zap"],"damage_healed":0,"gold_gain":0,"player_choice":"Removed Skill","damage_taken":0,"max_hp_gain":0,"max_hp_loss":0,"event_name":"Falling","floor":36,"gold_loss":0},{"damage_healed":0,"gold_gain":0,"player_choice":"Upgraded","damage_taken":0,"max_hp_gain":0,"max_hp_loss":0,"event_name":"Upgrade Shrine","floor":37,"gold_loss":0,"cards_upgraded":["Biased Cognition"]}],"is_beta":false,"boss_relics":[{"not_picked":["Sozu","Nuclear Battery"],"picked":"FrozenCore"},{"not_picked":["Pandora\u0027s Box","SacredBark"],"picked":"Black Star"}],"items_purged_floors":[5,7,12],"is_endless":false,"potions_floor_spawned":[8,10,13,19,24,27,35],"killed_by":"Giant Head","ascension_level":9}}