{"host":"ul3z8ex5o8l5j7mh","time":1613904896,"event":{"mods":["2.2 Compatiblity","AchievementEnabler","BaseMod","Bestiary","Colored Map","Colored Powertips","Curses Come First","DeckTracker","Highlight Path","Keyboard Shortcuts","Minty Spire (QoL Compilation)","Relic Sorter","Relic Stats","StSLib","SuperFastMode"],"gold_per_floor":[112,122,122,134,151,180,180,180,231,247,247,247,257,277,277,378,378,365,365,365,365,365],"floor_reached":21,"language":"ENG","playtime":972,"items_purged":[],"score":199,"play_id":"37f23cdd-2eed-4a5e-98b5-1a5592498fa1","local_time":"20210221115456","is_ascension_mode":true,"campfire_choices":[{"floor":7.0,"key":"REST"},{"floor":15,"key":"RECALL"}],"circlet_count":0,"master_deck":["Strike_G","Strike_G","Strike_G","Strike_G","Defend_G","Defend_G","Defend_G","Defend_G","Survivor","Neutralize","Crippling Poison","Flechettes","Bouncing Flask","Tools of the Trade","Bane","Poisoned Stab","Tactician","A Thousand Cuts","Deflect","Corpse Explosion","Writhe","Predator+1","Accuracy+1","Tactician"],"relics":["Black Star","Sundial","Akabeko","Meat on the Bone","Astrolabe"],"acts_visited":["Exordium","TheCity"],"potions_floor_usage":[16,18],"damage_taken":[{"damage":3.0,"enemies":"2 Louse","floor":1.0,"turns":4.0},{"damage":0.0,"enemies":"Cultist","floor":2.0,"turns":5.0},{"damage":5.0,"enemies":"Small Slimes","floor":4.0,"turns":3.0},{"damage":4.0,"enemies":"3 Louse","floor":5.0,"turns":2.0},{"damage":43.0,"enemies":"3 Sentries","floor":6.0,"turns":13.0},{"damage":7.0,"enemies":"Blue Slaver","floor":10.0,"turns":3.0},{"damage":4.0,"enemies":"Large Slime","floor":13.0,"turns":6.0},{"damage":11,"enemies":"Looter","floor":14,"turns":2},{"damage":23,"enemies":"Hexaghost","floor":16,"turns":9},{"damage":14,"enemies":"2 Thieves","floor":18,"turns":4},{"damage":53,"enemies":"Masked Bandits","floor":21,"turns":3}],"seed_played":"-1643719295574561234","potions_obtained":[{"floor":1.0,"key":"BlessingOfTheForge"},{"floor":2.0,"key":"Fire Potion"},{"floor":13.0,"key":"SneckoOil"},{"floor":16,"key":"FearPotion"}],"is_trial":false,"path_per_floor":["M","M","?","M","M","E","R","?","T","M","?","T","M","M","R","B",null,"M","?","?","?"],"character_chosen":"THE_SILENT","items_purchased":[],"campfire_rested":1,"item_purchase_floors":[],"current_hp_per_floor":[67,67,67,62,58,15,36,36,36,29,46,46,42,43,43,32,67,53,53,53,0,0],"gold":365,"neow_bonus":"BOSS_RELIC","is_daily":false,"chose_seed":false,"campfire_upgraded":0,"win_rate":0.0,"timestamp":1613904896,"path_taken":["M","M","?","M","?","E","R","?","T","M","?","?","M","M","R","BOSS","M","?","?","?"],"items_purchased_type":[],"build_version":"2020-12-22","purchased_purges":0,"victory":false,"max_hp_per_floor":[70,70,70,70,70,70,70,70,70,70,70,70,70,70,70,70,67,67,67,67,67,67],"relic_stats":{"counters":[11,54],"Sundial":[2],"Astrolabe":["Writhe","Predator","Accuracy"],"Black Star":1,"obtain_stats":[{"Sundial":6,"Astrolabe":17,"Black Star":0,"Akabeko":6,"Ring of the Snake":0,"Meat on the Bone":12},{"Sundial":5,"Astrolabe":9,"Black Star":0,"Akabeko":5,"Ring of the Snake":0,"Meat on the Bone":6},{"Sundial":27,"Astrolabe":47,"Black Star":0,"Akabeko":27,"Ring of the Snake":0,"Meat on the Bone":30}],"Meat on the Bone":24},"card_choices":[{"not_picked":["Cloak And Dagger","Flechettes"],"picked":"Crippling Poison","floor":1.0},{"not_picked":["Cloak And Dagger","Eviscerate"],"picked":"Flechettes","floor":2.0},{"not_picked":["Acrobatics","Blade Dance"],"picked":"Bane","floor":4.0},{"not_picked":["Sucker Punch","Prepared"],"picked":"Poisoned Stab","floor":5.0},{"not_picked":["Malaise","Deadly Poison"],"picked":"Tactician","floor":6.0},{"not_picked":["Infinite Blades","Dodge and Roll","Slice"],"picked":"SKIP","floor":10.0},{"not_picked":["Cloak And Dagger","Bane"],"picked":"A Thousand Cuts","floor":13.0},{"not_picked":["Accuracy","Cloak And Dagger"],"picked":"Deflect","floor":14},{"not_picked":["Malaise","Glass Knife"],"picked":"Corpse Explosion","floor":16},{"not_picked":["Flying Knee","Dagger Spray"],"picked":"Tactician","floor":18}],"player_experience":413468,"relics_obtained":[{"floor":6.0,"key":"Sundial"},{"floor":6.0,"key":"Akabeko"},{"floor":12.0,"key":"Meat on the Bone"}],"event_choices":[{"damage_healed":0.0,"max_hp_gain":0.0,"max_hp_loss":0.0,"gold_gain":0.0,"event_name":"Match and Keep!","player_choice":"2 cards matched","floor":3.0,"gold_loss":0.0,"damage_taken":0.0,"cards_obtained":["Bouncing Flask","Tools of the Trade"]},{"damage_healed":0.0,"max_hp_gain":0.0,"max_hp_loss":0.0,"gold_gain":0.0,"event_name":"Match and Keep!","player_choice":"2 cards matched","floor":3.0,"gold_loss":0.0,"damage_taken":0.0,"cards_obtained":["Bouncing Flask","Tools of the Trade"]},{"damage_healed":0.0,"max_hp_gain":0.0,"max_hp_loss":0.0,"gold_gain":0.0,"event_name":"Golden Wing","player_choice":"Ignored","floor":8.0,"gold_loss":0.0,"damage_taken":0.0},{"damage_healed":17.0,"max_hp_gain":0.0,"max_hp_loss":0.0,"gold_gain":0.0,"event_name":"Mushrooms","player_choice":"Healed and dodged fight","floor":11.0,"gold_loss":0.0,"damage_taken":0.0,"cards_obtained":["Parasite"]},{"damage_healed":0,"gold_gain":0,"player_choice":"Ignored","damage_taken":0,"max_hp_gain":0,"max_hp_loss":0,"event_name":"Vampires","floor":19,"gold_loss":0},{"damage_healed":0,"gold_gain":0,"player_choice":"Ignored","damage_taken":0,"max_hp_gain":0,"max_hp_loss":0,"event_name":"Ghosts","floor":20,"gold_loss":0},{"damage_healed":0,"gold_gain":0,"player_choice":"Fought Bandits","damage_taken":0,"max_hp_gain":0,"max_hp_loss":0,"event_name":"Masked Bandits","floor":21,"gold_loss":0}],"is_beta":false,"boss_relics":[{"not_picked":["Tiny House","Coffee Dripper"],"picked":"Astrolabe"}],"items_purged_floors":[],"is_endless":false,"potions_floor_spawned":[1,2,13,16],"killed_by":"Masked Bandits","ascension_level":2}}