{"host":"7cp3z5w0tcrrm8ys","time":1613875855,"event":{"mods":["AchievementEnabler","BaseMod","DeckTracker","Minty Spire (QoL Compilation)","StSLib","SuperFastMode"],"gold_per_floor":[114,124,136,153,167,167,194,194,217,236,236,236,265,276,276,355,355,368,400,450,467,24,24,56,67,67,92,92,92,92,109,109,109,109],"floor_reached":33,"language":"KOR","playtime":798,"items_purged":["Strike_R"],"score":698,"play_id":"f6dc6a6b-13d4-4b6e-8333-164f607708b7","local_time":"20210221115055","is_ascension_mode":true,"campfire_choices":[{"data":"Immolate","floor":6,"key":"SMITH"},{"data":"Burning Pact","floor":8,"key":"SMITH"},{"data":"Carnage","floor":11,"key":"SMITH"},{"data":"Bash","floor":15,"key":"SMITH"},{"data":"Seeing Red","floor":23,"key":"SMITH"},{"floor":29,"key":"REST"},{"floor":32,"key":"REST"}],"circlet_count":0,"master_deck":["AscendersBane","Strike_R","Defend_R","Defend_R","Defend_R","Bash+1","Carnage+1","Spot Weakness","Anger","Immolate+1","Burning Pact+1","Flame Barrier","Barricade+1","Seeing Red+1","Impervious","Flex+1","Spot Weakness+1","Immolate+1","Whirlwind+1","Dark Embrace+1","Shrug It Off","Finesse","Shrug It Off+1","Exhume+1","Body Slam","Sentinel+1"],"relics":["Burning Blood","Orichalcum","Frozen Egg 2","Dream Catcher","Akabeko","Astrolabe","Red Mask","ClockworkSouvenir","Toy Ornithopter","Toxic Egg 2","Unceasing Top"],"acts_visited":["Exordium","TheCity"],"potions_floor_usage":[7,16,16,18,24,27,27,30,33],"damage_taken":[{"damage":15,"enemies":"Cultist","floor":1,"turns":5},{"damage":8,"enemies":"Small Slimes","floor":2,"turns":3},{"damage":0,"enemies":"2 Louse","floor":3,"turns":2},{"damage":5,"enemies":"Looter","floor":4,"turns":3},{"damage":14,"enemies":"Lots of Slimes","floor":5,"turns":5},{"damage":4,"enemies":"Gremlin Nob","floor":7,"turns":3},{"damage":16,"enemies":"Large Slime","floor":10,"turns":5},{"damage":7,"enemies":"3 Sentries","floor":13,"turns":4},{"damage":8,"enemies":"3 Louse","floor":14,"turns":2},{"damage":0,"enemies":"Slime Boss","floor":16,"turns":5},{"damage":0,"enemies":"Chosen","floor":18,"turns":3},{"damage":6,"enemies":"Masked Bandits","floor":19,"turns":2},{"damage":10,"enemies":"2 Thieves","floor":21,"turns":2},{"damage":5,"enemies":"Slavers","floor":24,"turns":2},{"damage":15,"enemies":"Centurion and Healer","floor":25,"turns":4},{"damage":42,"enemies":"Book of Stabbing","floor":27,"turns":5},{"damage":0,"enemies":"Snake Plant","floor":30,"turns":1},{"damage":20,"enemies":"Snecko","floor":31,"turns":6},{"damage":75,"enemies":"Collector","floor":33,"turns":5}],"seed_played":"-5515746174398764661","potions_obtained":[{"floor":1,"key":"Fire Potion"},{"floor":2,"key":"ColorlessPotion"},{"floor":10,"key":"Fire Potion"},{"floor":16,"key":"FearPotion"},{"floor":21,"key":"Energy Potion"},{"floor":24,"key":"Swift Potion"},{"floor":27,"key":"SmokeBomb"},{"floor":31,"key":"Weak Potion"}],"is_trial":false,"path_per_floor":["M","M","M","M","M","R","E","R","T","M","R","?","E","M","R","B",null,"M","?","?","M","$","R","E","M","T","E","?","R","M","M","R","B"],"character_chosen":"IRONCLAD","items_purchased":["ClockworkSouvenir","Shrug It Off","Swift Potion","Finesse"],"campfire_rested":2,"item_purchase_floors":[22,22,22,22],"current_hp_per_floor":[59,57,63,64,56,56,58,58,58,48,48,48,47,45,45,51,69,75,75,68,64,64,64,65,56,56,30,30,52,63,49,71,0,0],"gold":109,"neow_bonus":"RANDOM_COMMON_RELIC","is_daily":false,"chose_seed":false,"campfire_upgraded":5,"win_rate":0.0,"timestamp":1613875855,"path_taken":["M","M","M","M","?","R","E","R","T","M","R","?","E","M","R","BOSS","M","?","?","M","$","R","E","?","T","E","?","R","M","M","R","BOSS"],"items_purchased_type":["Relic","Card","Potion","Card"],"build_version":"2020-12-22","purchased_purges":1,"victory":false,"max_hp_per_floor":[75,75,75,75,75,75,75,75,75,75,75,75,75,75,75,75,75,75,75,75,75,75,75,75,75,75,75,75,75,75,75,75,75,75],"card_choices":[{"not_picked":["Infernal Blade","Combust"],"picked":"Carnage","floor":1},{"not_picked":["Pommel Strike","Power Through"],"picked":"Spot Weakness","floor":2},{"not_picked":["Flex","Intimidate","Shockwave"],"picked":"SKIP","floor":3},{"not_picked":["Iron Wave","Headbutt"],"picked":"Anger","floor":4},{"not_picked":["Armaments","Inflame"],"picked":"Immolate","floor":5},{"not_picked":["Anger","Warcry"],"picked":"Burning Pact","floor":7},{"not_picked":["Dropkick","Sword Boomerang"],"picked":"Flame Barrier","floor":10},{"not_picked":["Reckless Charge","Combust+1"],"picked":"Barricade+1","floor":13},{"not_picked":["Anger","Dropkick"],"picked":"Seeing Red","floor":14},{"not_picked":["Fiend Fire","Exhume"],"picked":"Impervious","floor":16},{"not_picked":["Havoc","Carnage+1"],"picked":"Whirlwind+1","floor":18},{"not_picked":["Wild Strike","Havoc+1"],"picked":"Dark Embrace+1","floor":21},{"not_picked":["Thunderclap","Havoc","Pommel Strike"],"picked":"SKIP","floor":24},{"not_picked":["Warcry","Armaments","Flex"],"picked":"SKIP","floor":25},{"not_picked":["Bloodletting+1","Battle Trance+1"],"picked":"Shrug It Off+1","floor":27},{"not_picked":["Thunderclap","Dark Embrace+1"],"picked":"Body Slam","floor":29},{"not_picked":["Blood for Blood","Twin Strike"],"picked":"Sentinel+1","floor":31}],"player_experience":833431,"relics_obtained":[{"floor":7,"key":"Frozen Egg 2"},{"floor":9,"key":"Dream Catcher"},{"floor":13,"key":"Akabeko"},{"floor":19,"key":"Red Mask"},{"floor":24,"key":"Toy Ornithopter"},{"floor":26,"key":"Toxic Egg 2"},{"floor":27,"key":"Unceasing Top"}],"event_choices":[{"cards_removed":["Strike_R"],"damage_healed":0,"gold_gain":0,"player_choice":"Forget","damage_taken":0,"max_hp_gain":0,"max_hp_loss":0,"event_name":"Living Wall","floor":12,"gold_loss":0},{"damage_healed":0,"gold_gain":0,"player_choice":"Fought Bandits","damage_taken":0,"max_hp_gain":0,"max_hp_loss":0,"event_name":"Masked Bandits","floor":19,"gold_loss":0},{"damage_healed":0,"gold_gain":50,"player_choice":"Touch","damage_taken":7,"max_hp_gain":0,"max_hp_loss":0,"event_name":"FaceTrader","floor":20,"gold_loss":0},{"damage_healed":0,"gold_gain":0,"player_choice":"Read","damage_taken":0,"max_hp_gain":0,"max_hp_loss":0,"event_name":"The Library","floor":28,"gold_loss":0,"cards_obtained":["Exhume"]}],"is_beta":false,"boss_relics":[{"not_picked":["Calling Bell","Mark of Pain"],"picked":"Astrolabe"}],"items_purged_floors":[22],"is_endless":false,"potions_floor_spawned":[1,2,10,14,16,21,24,27,31],"killed_by":"Collector","ascension_level":20}}