{"host":"h49usdrjeju7gyhi","time":1613916578,"event":{"mods":["Act Like it!","BaseMod","Minty Spire (QoL Compilation)","Ruina","SOS???????","StSLib"],"gold_per_floor":[131,306,306,217,126,126,182,53,53,87,87,145,145,176,176,129,129,145,56,114,114,57,94,176,241,241,63,136,136,195,90,90,206,206,247,323,348,395,294,294,327,327,327,230,230,258,275,275,275,275,275,275,31,62,62],"floor_reached":56,"language":"ENG","playtime":28751,"items_purged":["Normality"],"score":2237,"play_id":"0bfb41f6-6f28-4f6d-9909-b35ab70fabc2","local_time":"20210221090938","is_ascension_mode":true,"campfire_choices":[{"data":"Redorb","floor":6,"key":"SMITH"},{"data":"CoyoteA","floor":11,"key":"SMITH"},{"data":"Stylechange","floor":13,"key":"SMITH"},{"data":"Gunstinger","floor":15,"key":"SMITH"},{"data":"Provocation","floor":29,"key":"SMITH"},{"data":"Enemystep","floor":32,"key":"SMITH"},{"floor":40,"key":"RECALL"},{"data":"Dash1","floor":42,"key":"SMITH"},{"data":"Airtrick","floor":49,"key":"SMITH"},{"data":"Attack_b","floor":52,"key":"SMITH"}],"circlet_count":0,"master_deck":["AscendersBane","Attack_a","Attack_a","Attack_b+1","Shoot","Shoot","Provocation+1","Defend_Dante","Defend_Dante","Purpleorb","CoyoteA+1","Dash1+1","Gunstinger+1","Royaldefend","Royalguard","Stylechange+1","Airtrick","EbonyIvory+1","Enemystep+1","Airtrick+1","Doubt","Honeycombofire+1","Enemystep","Demonreform","Clumsy"],"relics":["SSS","Combocheck","Spirit Poop","WingedGreaves","Pantograph","Mango","Cursed Key","The Courier","Nunchaku","StrikeDummy","Tiny Chest","Empty Cage","Incense Burner","Juzu Bracelet","Boot","Centennial Puzzle","Bag of Marbles","Bronze Scales","Anchor","Lantern","Vajra"],"acts_visited":["Exordium","Exordium","TheBeyond","TheEnding"],"potions_floor_usage":[4,10,23,24,33,55,55],"damage_taken":[{"damage":4,"enemies":"Small Slimes","floor":1,"turns":4},{"damage":4,"enemies":"Jaw Worm","floor":4,"turns":3},{"damage":0,"enemies":"Cultist","floor":5,"turns":3},{"damage":1,"enemies":"Blue Slaver","floor":7,"turns":2},{"damage":4,"enemies":"Red Slaver","floor":8,"turns":3},{"damage":0,"enemies":"Lagavulin","floor":10,"turns":3},{"damage":6,"enemies":"Gremlin Nob","floor":12,"turns":3},{"damage":0,"enemies":"3 Louse","floor":14,"turns":1},{"damage":0,"enemies":"Hexaghost","floor":16,"turns":2},{"damage":0,"enemies":"ruina:BadWolf","floor":18,"turns":3},{"damage":0,"enemies":"ruina:3_Bats","floor":19,"turns":2},{"damage":0,"enemies":"ruina:QueenOfHate","floor":20,"turns":3},{"damage":0,"enemies":"ruina:KnightOfDespair","floor":22,"turns":2},{"damage":0,"enemies":"ruina:RoadHome","floor":23,"turns":2},{"damage":0,"enemies":"ruina:Mountain","floor":24,"turns":5},{"damage":1,"enemies":"ruina:KingOfGreed","floor":25,"turns":2},{"damage":0,"enemies":"ruina:RoadHome","floor":28,"turns":3},{"damage":0,"enemies":"ruina:3_Scarecrows","floor":30,"turns":2},{"damage":0,"enemies":"ruina:ServantOfWrath","floor":31,"turns":1},{"damage":6,"enemies":"ruina:Red_and_Wolf","floor":33,"turns":4},{"damage":0,"enemies":"3 Darklings","floor":35,"turns":1},{"damage":0,"enemies":"Mind Bloom Boss Battle","floor":36,"turns":1},{"damage":0,"enemies":"Orb Walker","floor":38,"turns":2},{"damage":0,"enemies":"Spire Growth","floor":39,"turns":2},{"damage":0,"enemies":"Reptomancer","floor":41,"turns":4},{"damage":48,"enemies":"Nemesis","floor":44,"turns":6},{"damage":0,"enemies":"Giant Head","floor":46,"turns":1},{"damage":0,"enemies":"Maw","floor":47,"turns":3},{"damage":0,"enemies":"Awakened One","floor":50,"turns":5},{"damage":0,"enemies":"Shield and Spear","floor":54,"turns":2},{"damage":19,"enemies":"The Heart","floor":55,"turns":5}],"seed_played":"-6932489007018205500","potions_obtained":[{"floor":1,"key":"Energy Potion"},{"floor":5,"key":"LiquidBronze"},{"floor":8,"key":"ColorlessPotion"},{"floor":10,"key":"ColorlessPotion"},{"floor":12,"key":"Weak Potion"},{"floor":24,"key":"Strength Potion"},{"floor":28,"key":"SkillPotion"},{"floor":33,"key":"SteroidPotion"}],"is_trial":false,"path_per_floor":["M","?","?","M","M","R","M","M","T","E","R","E","R","M","R","B",null,"M","M","M","?","M","E","E","M","T","$","E","R","M","E","R","B",null,"M","?","T","M","M","R","E","R","T","E","?","E","M","T","R","B",null,"R","$","E","B",null],"character_chosen":"DANTE","items_purchased":["Nunchaku","Anchor","Lantern"],"campfire_rested":0,"item_purchase_floors":[27,53,53],"current_hp_per_floor":[68,68,68,64,64,64,63,59,59,59,59,67,67,67,67,92,94,94,94,94,94,94,94,94,93,93,93,93,93,93,93,93,88,93,93,94,94,94,94,94,94,94,94,46,46,46,73,73,73,94,94,94,94,94,93],"gold":62,"neow_bonus":"ONE_RANDOM_RARE_CARD","is_daily":false,"chose_seed":false,"campfire_upgraded":9,"win_rate":0.0,"timestamp":1613916578,"path_taken":["M","?","?","M","M","R","M","M","T","E","R","E","R","?","R","BOSS","M","M","M","?","M","E","E","M","T","$","E","R","?","E","R","BOSS","M","?","?","M","M","R","E","R","T","E","?","E","M","?","R","BOSS","R","$","E","BOSS"],"items_purchased_type":["Relic","Relic","Relic"],"build_version":"2020-12-22","purchased_purges":1,"victory":true,"max_hp_per_floor":[80,80,80,80,80,80,80,80,80,80,80,94,94,94,94,94,94,94,94,94,94,94,94,94,94,94,94,94,94,94,94,94,94,94,94,94,94,94,94,94,94,94,94,94,94,94,94,94,94,94,94,94,94,94,94],"card_choices":[{"not_picked":["LucifercomboD","Weaponupgrade"],"picked":"CoyoteA","floor":1},{"not_picked":["DT","DevilstarS"],"picked":"Dash1","floor":4},{"not_picked":["Millionstab","LucifercomboB"],"picked":"Gunstinger","floor":5},{"not_picked":["Honeycombofire","Airhike"],"picked":"Royaldefend","floor":7},{"not_picked":["VitalstarM","CoyoteA"],"picked":"Royalguard","floor":8},{"not_picked":["VitalstarM","Shock","Stinger"],"picked":"SKIP","floor":10},{"not_picked":["Purpleorb","Millionkick"],"picked":"Stylechange","floor":12},{"not_picked":["DT","Chargeshoot2","Holywater"],"picked":"SKIP","floor":14},{"not_picked":["Demonreform","Goldorb"],"picked":"Airtrick","floor":16},{"not_picked":["Shock","Whiteorb","Fullhouse+1"],"picked":"SKIP","floor":18},{"not_picked":["Weaponupgrade","Straight","Dash1"],"picked":"SKIP","floor":19},{"not_picked":["CoyoteA+1","BeastUppercut","Whiteorb+1"],"picked":"SKIP","floor":20},{"not_picked":["Millionkick+1","LucifercomboD+1","Dash1"],"picked":"SKIP","floor":22},{"not_picked":["Airhike","Purpleorb"],"picked":"EbonyIvory+1","floor":23},{"not_picked":["EbonyIvory","VitalstarM","Whiteorb"],"picked":"SKIP","floor":24},{"not_picked":["Chargeshoot2+1","Kick13"],"picked":"Enemystep","floor":25},{"not_picked":["Pandora","LucifercomboA","DevilstarS"],"picked":"SKIP","floor":28},{"not_picked":["Weaponupgrade+1","Dash1","LucifercomboD"],"picked":"SKIP","floor":30},{"not_picked":["Rebellion+1","Weaponupgrade","LucifercomboD"],"picked":"SKIP","floor":31},{"not_picked":["DevilstarL","Goldorb"],"picked":"Airtrick","floor":33},{"not_picked":["BeastUppercut+1","Kick13+1","Straight"],"picked":"SKIP","floor":35},{"not_picked":["Rebellion+1","Millionkick+1"],"picked":"Honeycombofire+1","floor":38},{"not_picked":["Hightime","Shock","DT"],"picked":"SKIP","floor":39},{"not_picked":["Swordmaster+1","Honeycombofire"],"picked":"Enemystep","floor":41},{"not_picked":["LucifercomboC","Dash2","Kick13"],"picked":"SKIP","floor":44},{"not_picked":["Hightime+1","Airhike"],"picked":"Demonreform","floor":46},{"not_picked":["Weaponupgrade+1","Straight","VitalstarM"],"picked":"SKIP","floor":47},{"not_picked":["Weaponupgrade","Swordcombo","Dash1+1"],"picked":"SKIP","floor":54}],"player_experience":1162617,"relics_obtained":[{"floor":9,"key":"WingedGreaves"},{"floor":10,"key":"Pantograph"},{"floor":12,"key":"Mango"},{"floor":23,"key":"The Courier"},{"floor":28,"key":"StrikeDummy"},{"floor":31,"key":"Tiny Chest"},{"floor":36,"key":"Incense Burner"},{"floor":37,"key":"Juzu Bracelet"},{"floor":41,"key":"Boot"},{"floor":44,"key":"Centennial Puzzle"},{"floor":46,"key":"Bag of Marbles"},{"floor":48,"key":"Bronze Scales"},{"floor":54,"key":"Vajra"}],"event_choices":[{"damage_healed":0,"gold_gain":175,"player_choice":"AGREE","damage_taken":0,"max_hp_gain":0,"max_hp_loss":0,"event_name":"Liars Game","floor":2,"gold_loss":0,"cards_obtained":["Doubt"]},{"cards_removed":["Doubt"],"damage_healed":0,"gold_gain":0,"player_choice":"Offered Curse","damage_taken":0,"relics_obtained":["Spirit Poop"],"max_hp_gain":0,"max_hp_loss":0,"event_name":"Bonfire Elementals","floor":3,"gold_loss":0},{"damage_healed":0,"gold_gain":0,"player_choice":"Fight","damage_taken":0,"max_hp_gain":0,"max_hp_loss":0,"event_name":"MindBloom","floor":36,"gold_loss":0},{"cards_removed":["Redorb"],"damage_healed":0,"gold_gain":0,"player_choice":"Removed Skill","damage_taken":0,"max_hp_gain":0,"max_hp_loss":0,"event_name":"Falling","floor":45,"gold_loss":0}],"is_beta":false,"boss_relics":[{"not_picked":["Runic Dome","Velvet Choker"],"picked":"Cursed Key"},{"not_picked":["Fusion Hammer","Runic Pyramid"],"picked":"Empty Cage"}],"items_purged_floors":[27],"is_endless":false,"potions_floor_spawned":[1,5,8,10,12,18,20,24,28,33,36,39,41,47,54],"ascension_level":10}}