{"host":"t9zjxed0utvsfjwc","time":1613891528,"event":{"mods":["2.2 Compatiblity","Act Like it!","Aspiration","BaseMod","Better Altar","Better Match","Better Note","Better Sensory Stone","Better Skull","Better Third Choice","Block Reminder","Colored Map","Colored Powertips","Conspire","Defuse TimeMaze Blight","Energized Spire","GifTheSpireLib","Hermit","Highlight Path","Hubris","Infinite Spire","Marked Mod","Minty Spire (QoL Compilation)","Quick Restart","Rare Cards Sparkle","Relic Sorter","Relic Stats","Reliquary","Replay The Spire","Ruina","StSLib","Stuff the Spire","The Blue Laboratory","The Jungle","The Marked","Unceasing Turn Reminder","Wandering Minibosses","everything is the same but u backflip on backflip"],"gold_per_floor":[115,129,129,146,159,193,193,219,297,297,322,92,92,111,111,209,209,228,228,228,228,228,228,228,228],"floor_reached":24,"language":"ENG","playtime":783,"items_purged":["Strike_R"],"score":223,"play_id":"1efb8e8a-d589-4424-924d-3782f1857eac","local_time":"20210221071208","is_ascension_mode":true,"campfire_choices":[{"floor":7,"key":"REST"},{"floor":10,"key":"REST"},{"data":"Thunderclap","floor":13,"key":"SMITH"},{"data":"Bash","floor":15,"key":"SMITH"},{"data":"Madness","floor":23,"key":"SMITH"}],"circlet_count":0,"master_deck":["Strike_R","Strike_R","Strike_R","Strike_R","Defend_R","Defend_R","Defend_R","Defend_R","Bash+1","Twin Strike","theMarked:EmpowerWeapon+1","Thunderclap+1","Demon Form","Iron Wave","StuffTheSpire:BrainWave","theMarked:SwordAndMagic","Madness+1"],"relics":["Burning Blood","aspiration:Nostalgia","PureWater","aspiration:Lifesprig","reliquary:Crutches","hubris:PeanutButter","Omamori","conspire:RoyalGoblet"],"acts_visited":["Exordium","TheCity"],"potions_floor_usage":[5,14,24],"damage_taken":[{"damage":1,"enemies":"Jaw Worm","floor":1,"turns":3},{"damage":0,"enemies":"Cultist","floor":2,"turns":3},{"damage":0,"enemies":"conspire:RoseBush","floor":4,"turns":3},{"damage":16,"enemies":"Exordium Thugs","floor":5,"turns":4},{"damage":24,"enemies":"Gremlin Nob","floor":6,"turns":4},{"damage":35,"enemies":"3 Sentries","floor":8,"turns":7},{"damage":23,"enemies":"Lagavulin","floor":11,"turns":5},{"damage":0,"enemies":"Large Slime","floor":14,"turns":3},{"damage":50,"enemies":"Hexaghost","floor":16,"turns":9},{"damage":23,"enemies":"Shell Parasite","floor":18,"turns":6},{"damage":64,"enemies":"Slavers","floor":24,"turns":6}],"seed_played":"6579554951610108723","potions_obtained":[{"floor":2,"key":"blueLaboratory:PolymorphPotion"},{"floor":5,"key":"blueLaboratory:NullPotion"},{"floor":6,"key":"blueLaboratory:NullPotion"},{"floor":8,"key":"Explosive Potion"},{"floor":16,"key":"blueLaboratory:PyrophylliteBrew"}],"is_trial":false,"path_per_floor":["M","M","?","M","M","E","R","E","T","R","E","$","R","M","R","B",null,"M","?","?","?","?","R","E"],"character_chosen":"IRONCLAD","items_purchased":["Omamori"],"campfire_rested":2,"item_purchase_floors":[12],"current_hp_per_floor":[80,80,80,80,70,52,76,47,47,71,54,54,54,60,60,16,80,63,63,63,63,63,63,0,0],"gold":228,"neow_bonus":"NOSTALGIA","is_daily":false,"chose_seed":false,"campfire_upgraded":3,"win_rate":0.0,"timestamp":1613891528,"path_taken":["M","M","?","?","?","E","R","E","T","R","E","?","R","M","R","BOSS","M","?","?","?","?","R","E"],"items_purchased_type":["Relic"],"build_version":"2020-12-22","purchased_purges":1,"victory":false,"max_hp_per_floor":[80,80,80,80,80,80,80,80,80,80,80,80,80,80,80,80,80,80,80,80,80,80,80,80,80],"relic_stats":{"counters":[11,53],"obtain_stats":[{"reliquary:Crutches":8,"aspiration:Lifesprig":6,"conspire:RoyalGoblet":17,"aspiration:Nostalgia":0,"hubris:PeanutButter":9,"Omamori":12,"PureWater":0,"Burning Blood":0,"infinitespire:PuzzleCube":11},{"reliquary:Crutches":6,"aspiration:Lifesprig":5,"conspire:RoyalGoblet":9,"aspiration:Nostalgia":0,"hubris:PeanutButter":6,"Omamori":7,"PureWater":0,"Burning Blood":0,"infinitespire:PuzzleCube":7},{"reliquary:Crutches":24,"aspiration:Lifesprig":17,"conspire:RoyalGoblet":41,"aspiration:Nostalgia":0,"hubris:PeanutButter":24,"Omamori":29,"PureWater":0,"Burning Blood":0,"infinitespire:PuzzleCube":29}],"Burning Blood":43},"card_choices":[{"not_picked":["Disarm","Clash"],"picked":"Twin Strike","floor":1},{"not_picked":["Clash","Dark Embrace","Warcry"],"picked":"SKIP","floor":2},{"not_picked":["ReplayTheSpireMod:Strike From Hell","Metallicize","Hemokinesis"],"picked":"SKIP","floor":4},{"not_picked":["Abandon","True Grit","Feel No Pain"],"picked":"SKIP","floor":5},{"not_picked":["Fire Breathing","ReplayTheSpireMod:Strike From Hell","StuffTheSpire:BloodClot"],"picked":"SKIP","floor":6},{"not_picked":["StuffTheSpire:Slingshot","Hemogenesis"],"picked":"Thunderclap","floor":8},{"not_picked":["ReplayTheSpireMod:Stacked","Bloodletting","Headbutt"],"picked":"SKIP","floor":11},{"not_picked":["Rupture","Dropkick","Evolve"],"picked":"SKIP","floor":14},{"not_picked":["Brutality","Berserk"],"picked":"Demon Form","floor":16},{"not_picked":["Headbutt","Pommel Strike"],"picked":"Iron Wave","floor":18},{"not_picked":["StuffTheSpire:Innocence","StuffTheSpire:Perfection"],"picked":"StuffTheSpire:BrainWave","floor":19},{"not_picked":["HandOfGreed","Sadistic Nature"],"picked":"Madness","floor":21}],"player_experience":501915,"relics_obtained":[{"floor":6,"key":"aspiration:Lifesprig"},{"floor":8,"key":"reliquary:Crutches"},{"floor":9,"key":"hubris:PeanutButter"},{"floor":11,"key":"infinitespire:PuzzleCube"}],"event_choices":[{"cards_removed":["Bash"],"damage_healed":0,"gold_gain":0,"player_choice":"Take \u0026 Give","damage_taken":0,"max_hp_gain":0,"max_hp_loss":0,"event_name":"betterNote:BetterNote","floor":3,"gold_loss":0,"cards_obtained":["theMarked:EmpowerWeapon"]},{"damage_healed":0,"gold_gain":0,"player_choice":"Read","damage_taken":0,"max_hp_gain":0,"max_hp_loss":0,"event_name":"The Library","floor":20,"gold_loss":0,"cards_obtained":["theMarked:SwordAndMagic"]},{"damage_healed":0,"gold_gain":2,"player_choice":"1","damage_taken":0,"max_hp_gain":0,"max_hp_loss":0,"event_name":"betterStone:BetterStone","floor":21,"gold_loss":0},{"damage_healed":0,"gold_gain":0,"player_choice":"Ignored","damage_taken":0,"max_hp_gain":0,"max_hp_loss":0,"event_name":"Ghosts","floor":22,"gold_loss":0}],"is_beta":false,"boss_relics":[{"not_picked":["Snecko Eye","energizedSpire:NeverEndingSparkler"],"picked":"conspire:RoyalGoblet"}],"items_purged_floors":[12],"is_endless":false,"potions_floor_spawned":[2,5,6,8,16],"killed_by":"Slavers","ascension_level":1}}