{"host":"lxu17chzujqn8whl","time":1613889370,"event":{"mods":["BaseMod","Minty Spire (QoL Compilation)","Relic Stats","StSLib"],"gold_per_floor":[109,284,300,300,318,318,346,43,96,115,140,140,200,216,216,216,216],"floor_reached":16,"language":"ENG","playtime":358,"items_purged":["Doubt"],"score":110,"play_id":"38ace8c9-f907-4142-bf13-ed1e5feb35fd","local_time":"20210220223610","is_ascension_mode":false,"campfire_choices":[{"data":"Conserve Battery","floor":6,"key":"SMITH"},{"floor":12,"key":"REST"},{"floor":15,"key":"REST"}],"circlet_count":0,"master_deck":["Strike_B","Strike_B","Strike_B","Strike_B","Defend_B","Defend_B","Defend_B","Defend_B","Zap","Dualcast","Turbo","Auto Shields","Doom and Gloom","Conserve Battery+1","Ball Lightning","Hologram","Sweeping Beam","Conserve Battery","Hologram"],"relics":["Cracked Core","Prayer Wheel","Smiling Mask","Symbiotic Virus","Ancient Tea Set","Nunchaku"],"acts_visited":["Exordium"],"potions_floor_usage":[11],"damage_taken":[{"damage":2,"enemies":"Jaw Worm","floor":1,"turns":5},{"damage":0,"enemies":"Small Slimes","floor":3,"turns":3},{"damage":8,"enemies":"2 Louse","floor":5,"turns":3},{"damage":28,"enemies":"Gremlin Nob","floor":7,"turns":5},{"damage":3,"enemies":"Blue Slaver","floor":10,"turns":4},{"damage":12,"enemies":"Lagavulin","floor":11,"turns":7},{"damage":4,"enemies":"2 Fungi Beasts","floor":14,"turns":2},{"damage":22,"enemies":"Hexaghost","floor":16,"turns":5}],"seed_played":"3247738003112337433","potions_obtained":[{"floor":1,"key":"SmokeBomb"},{"floor":7,"key":"ColorlessPotion"},{"floor":14,"key":"GamblersBrew"}],"is_trial":false,"path_per_floor":["M","?","M","?","M","R","E","$","T","M","E","R","?","M","R","B"],"character_chosen":"DEFECT","items_purchased":["Symbiotic Virus"],"campfire_rested":2,"item_purchase_floors":[8],"current_hp_per_floor":[66,66,66,71,63,63,35,35,35,32,20,41,41,37,58,36,36],"gold":216,"neow_bonus":"ONE_RARE_RELIC","is_daily":false,"chose_seed":false,"campfire_upgraded":1,"win_rate":0.0,"timestamp":1613889370,"path_taken":["M","?","M","?","M","R","E","$","T","M","E","R","?","M","R","BOSS"],"items_purchased_type":["Relic"],"build_version":"2020-12-22","purchased_purges":1,"victory":false,"max_hp_per_floor":[68,68,68,73,73,73,73,73,73,73,73,73,73,73,73,73,73],"relic_stats":{"Nunchaku":[1],"counters":[8,34],"Prayer Wheel":5,"Smiling Mask":25,"obtain_stats":[{"Nunchaku":11,"Prayer Wheel":0,"Cracked Core":0,"Smiling Mask":7,"Symbiotic Virus":8,"Ancient Tea Set":9},{"Nunchaku":6,"Prayer Wheel":0,"Cracked Core":0,"Smiling Mask":4,"Symbiotic Virus":4,"Ancient Tea Set":4},{"Nunchaku":27,"Prayer Wheel":0,"Cracked Core":0,"Smiling Mask":16,"Symbiotic Virus":16,"Ancient Tea Set":16}]},"card_choices":[{"not_picked":["Go for the Eyes","Redo"],"picked":"Turbo","floor":1},{"not_picked":["Force Field","Compile Driver"],"picked":"Auto Shields","floor":1},{"not_picked":["Coolheaded","Gash"],"picked":"Doom and Gloom","floor":3},{"not_picked":["Static Discharge","Recycle","Barrage"],"picked":"SKIP","floor":3},{"not_picked":["Compile Driver","Reprogram"],"picked":"Conserve Battery","floor":5},{"not_picked":["Storm","All For One"],"picked":"Ball Lightning","floor":5},{"not_picked":["Conserve Battery","Heatsinks"],"picked":"Hologram","floor":7},{"not_picked":["Genetic Algorithm","Beam Cell"],"picked":"Sweeping Beam","floor":10},{"not_picked":["Steam","Redo","Blizzard"],"picked":"SKIP","floor":10},{"not_picked":["Machine Learning","Rip and Tear","Reprogram"],"picked":"SKIP","floor":11},{"not_picked":["Storm","Melter"],"picked":"Conserve Battery","floor":14},{"not_picked":["Darkness","Reinforced Body"],"picked":"Hologram","floor":14}],"player_experience":724511,"relics_obtained":[{"floor":7,"key":"Smiling Mask"},{"floor":9,"key":"Ancient Tea Set"},{"floor":11,"key":"Nunchaku"}],"event_choices":[{"damage_healed":0,"gold_gain":175,"player_choice":"AGREE","damage_taken":0,"max_hp_gain":0,"max_hp_loss":0,"event_name":"Liars Game","floor":2,"gold_loss":0,"cards_obtained":["Doubt"]},{"damage_healed":0,"gold_gain":0,"player_choice":"Donut","damage_taken":0,"max_hp_gain":5,"max_hp_loss":0,"event_name":"Big Fish","floor":4,"gold_loss":0},{"damage_healed":0,"gold_gain":60,"player_choice":"Gained Gold","damage_taken":0,"max_hp_gain":0,"max_hp_loss":0,"event_name":"Golden Wing","floor":13,"gold_loss":0}],"is_beta":false,"boss_relics":[],"items_purged_floors":[8],"is_endless":false,"potions_floor_spawned":[1,7,14],"killed_by":"Hexaghost","ascension_level":0}}