{"host":"c97twqu0op5dg8i4","time":1613871640,"event":{"mods":["AchievementEnabler","BaseMod","Colored Map","Minty Spire (QoL Compilation)","Permanent Neow"],"gold_per_floor":[118,137,137,137,148,180,180,212,212,212,20,20,50,50,5,5,126,189,210,210,223,138,138,151,151,76,99,122,166,166,66,81,81,81,205,205,225,225,239,302,302,302,346,346,418,436,456,456,456,491,491,491,491],"floor_reached":52,"language":"ENG","playtime":1552,"items_purged":["Strike_B","Strike_B"],"score":894,"play_id":"86272b6c-6f2f-4ce6-ba1b-8e8444431fe2","local_time":"20210220204039","is_ascension_mode":true,"campfire_choices":[{"floor":7.0,"key":"REST"},{"floor":12.0,"key":"REST"},{"data":"1","floor":16.0,"key":"LIFT"},{"floor":25.0,"key":"REST"},{"data":"Go for the Eyes","floor":30.0,"key":"SMITH"},{"data":"2","floor":33.0,"key":"LIFT"},{"data":"Gash","floor":34.0,"key":"SMITH"},{"data":"3","floor":42.0,"key":"LIFT"},{"data":"Gash","floor":44.0,"key":"SMITH"},{"floor":49.0,"key":"REST"},{"data":"Zap","floor":51,"key":"SMITH"}],"circlet_count":0,"master_deck":["AscendersBane","Defend_B","Defend_B","Defend_B","Defend_B","Zap+1","Dualcast","Gash+1","FTL+1","Scrape","Gash+1","Self Repair+1","Go for the Eyes+1","Machine Learning+1","Conserve Battery+1","Gash","Coolheaded+1","Scrape+1","Beam Cell+1","Electrodynamics+1","Leap+1","Reboot+1","Hologram+1","Glacier+1"],"relics":["Cracked Core","Girya","Toxic Egg 2","MealTicket","Mummified Hand","Frozen Egg 2","Golden Idol","Omamori","Akabeko","Tiny House","Regal Pillow","DataDisk","Whetstone","Runic Pyramid","Prayer Wheel","PreservedInsect","Darkstone Periapt","Cables"],"acts_visited":["Exordium","TheCity","TheBeyond"],"potions_floor_usage":[],"damage_taken":[{"damage":0.0,"enemies":"2 Louse","floor":1.0,"turns":2.0},{"damage":2.0,"enemies":"Small Slimes","floor":2.0,"turns":3.0},{"damage":2.0,"enemies":"Jaw Worm","floor":5.0,"turns":3.0},{"damage":33.0,"enemies":"Lagavulin","floor":6.0,"turns":6.0},{"damage":18.0,"enemies":"3 Sentries","floor":8.0,"turns":6.0},{"damage":23.0,"enemies":"Hexaghost","floor":17.0,"turns":9.0},{"damage":10.0,"enemies":"Spheric Guardian","floor":19.0,"turns":4.0},{"damage":17.0,"enemies":"Shell Parasite","floor":21.0,"turns":4.0},{"damage":18.0,"enemies":"Centurion and Healer","floor":24.0,"turns":5.0},{"damage":0.0,"enemies":"Cultist and Chosen","floor":28.0,"turns":4.0},{"damage":18.0,"enemies":"Gremlin Leader","floor":29.0,"turns":5.0},{"damage":5.0,"enemies":"Snecko","floor":32.0,"turns":5.0},{"damage":34.0,"enemies":"Collector","floor":35.0,"turns":7.0},{"damage":14.0,"enemies":"3 Darklings","floor":37.0,"turns":3.0},{"damage":0.0,"enemies":"3 Shapes","floor":39.0,"turns":1.0},{"damage":3.0,"enemies":"Mind Bloom Boss Battle","floor":40.0,"turns":6.0},{"damage":33.0,"enemies":"Nemesis","floor":43.0,"turns":5.0},{"damage":27.0,"enemies":"Maw","floor":46.0,"turns":5.0},{"damage":18.0,"enemies":"Spire Growth","floor":47.0,"turns":3.0},{"damage":0.0,"enemies":"Giant Head","floor":50.0,"turns":5.0},{"damage":74,"enemies":"Donu and Deca","floor":52,"turns":6}],"seed_played":"-8005361403181203862","potions_obtained":[{"floor":1.0,"key":"EssenceOfSteel"},{"floor":6.0,"key":"SteroidPotion"},{"floor":8.0,"key":"EssenceOfSteel"},{"floor":17.0,"key":"LiquidMemories"},{"floor":28.0,"key":"AttackPotion"},{"floor":32.0,"key":"LiquidMemories"},{"floor":43.0,"key":"SpeedPotion"}],"is_trial":false,"path_per_floor":["M","M","?","?","M","E","R","E","T","?","$","R","?","?","$","R","B",null,"M","?","M","?","?","M","R","$","T","M","E","R","$","M","R","R","B",null,"M","$","M","?","?","R","E","R","T","M","M","?","R","E","R","B"],"character_chosen":"DEFECT","items_purchased":["Self Repair+1","Omamori","Go for the Eyes"],"campfire_rested":4,"item_purchase_floors":[11,11,15],"current_hp_per_floor":[50,48,48,36,34,1,23,5,5,5,20,40,40,33,48,48,35,66,56,42,25,25,25,17,55,70,70,79,71,71,79,79,79,79,55,73,59,74,74,79,79,79,56,56,56,39,31,31,69,69,69,0,0],"gold":491,"neow_bonus":"ONE_RARE_RELIC","is_daily":false,"chose_seed":false,"campfire_upgraded":4,"win_rate":0.0,"timestamp":1613871639,"path_taken":["M","M","?","?","M","E","R","E","T","?","$","R","?","?","$","R","BOSS","M","?","M","?","?","M","R","$","T","M","E","R","$","M","R","R","BOSS","M","$","M","?","?","R","E","R","T","M","M","?","R","E","R","BOSS"],"items_purchased_type":["Card","Relic","Card"],"build_version":"2020-12-22","purchased_purges":2,"victory":false,"max_hp_per_floor":[75,75,75,75,75,75,75,75,75,69,69,69,69,69,69,69,69,74,74,79,79,79,79,79,79,79,79,79,79,79,79,79,79,79,79,79,79,79,79,79,79,79,79,79,79,79,79,79,79,79,79,79,79],"card_choices":[{"not_picked":["Sunder","Sweeping Beam"],"picked":"Gash","floor":1.0},{"not_picked":["Lockon","Rip and Tear"],"picked":"FTL","floor":2.0},{"not_picked":["Steam+1","Undo+1"],"picked":"Scrape","floor":5.0},{"not_picked":["Rebound","Leap+1"],"picked":"Gash","floor":6.0},{"not_picked":["Sunder","Amplify+1","Aggregate+1"],"picked":"SKIP","floor":8.0},{"not_picked":["Amplify+1","Buffer+1"],"picked":"Machine Learning+1","floor":17.0},{"not_picked":["Stack+1","Barrage"],"picked":"Conserve Battery+1","floor":18.0},{"not_picked":["Compile Driver","Heatsinks+1"],"picked":"Gash","floor":19.0},{"not_picked":["Force Field+1","Go for the Eyes"],"picked":"Coolheaded+1","floor":21.0},{"not_picked":["Streamline","Steam+1"],"picked":"Scrape","floor":24.0},{"not_picked":["Storm+1","Hologram+1"],"picked":"Beam Cell","floor":28.0},{"not_picked":["Ball Lightning","Creative AI+1","Stack+1"],"picked":"SKIP","floor":29.0},{"not_picked":["Lockon+1","BootSequence+1","Hello World+1"],"picked":"SKIP","floor":32.0},{"not_picked":["Fission+1","Creative AI+1"],"picked":"Electrodynamics+1","floor":35.0},{"not_picked":["Turbo+1","Cold Snap"],"picked":"Leap+1","floor":37.0},{"not_picked":["Storm+1","Barrage","Heatsinks+1"],"picked":"SKIP","floor":39.0},{"not_picked":["Compile Driver","Turbo+1","Barrage"],"picked":"SKIP","floor":43.0},{"not_picked":["Undo+1","Leap+1"],"picked":"Reboot+1","floor":46.0},{"not_picked":["Rebound","Barrage","Darkness+1"],"picked":"SKIP","floor":46.0},{"not_picked":["Defragment+1","Doom and Gloom","Fusion+1"],"picked":"SKIP","floor":47.0},{"not_picked":["Ball Lightning+1","Hologram+1","Storm+1"],"picked":"SKIP","floor":47.0},{"not_picked":["Ball Lightning+1","Storm+1"],"picked":"Hologram+1","floor":47.0},{"not_picked":["Defragment+1","Doom and Gloom","Fusion+1"],"picked":"SKIP","floor":47.0},{"not_picked":["Undo+1","Leap+1"],"picked":"Glacier+1","floor":50.0}],"player_experience":417760,"relics_obtained":[{"floor":6.0,"key":"MealTicket"},{"floor":8.0,"key":"Mummified Hand"},{"floor":9.0,"key":"Frozen Egg 2"},{"floor":27.0,"key":"DataDisk"},{"floor":29.0,"key":"Whetstone"},{"floor":40.0,"key":"Prayer Wheel"},{"floor":43.0,"key":"PreservedInsect"},{"floor":45.0,"key":"Darkstone Periapt"},{"floor":50.0,"key":"Cables"}],"event_choices":[{"damage_healed":0.0,"max_hp_gain":0.0,"max_hp_loss":0.0,"gold_gain":0.0,"cards_transformed":["Strike_B"],"event_name":"Living Wall","player_choice":"Change","floor":3.0,"gold_loss":0.0,"damage_taken":0.0,"cards_obtained":["Hello World"]},{"damage_healed":0.0,"max_hp_gain":0.0,"max_hp_loss":0.0,"gold_gain":0.0,"event_name":"Scrap Ooze","player_choice":"Success","floor":4.0,"gold_loss":0.0,"damage_taken":12.0,"relics_obtained":["Toxic Egg 2"]},{"damage_healed":0.0,"max_hp_gain":0.0,"max_hp_loss":6.0,"gold_gain":0.0,"event_name":"Golden Idol","player_choice":"Lose Max HP","floor":10.0,"gold_loss":0.0,"damage_taken":0.0,"relics_obtained":["Golden Idol"]},{"damage_healed":0.0,"max_hp_gain":0.0,"max_hp_loss":0.0,"gold_gain":30.0,"event_name":"Dead Adventurer","player_choice":"Searched \u00273\u0027 times","floor":13.0,"gold_loss":0.0,"damage_taken":0.0,"relics_obtained":["Akabeko"]},{"cards_removed":["Hello World"],"damage_healed":0.0,"max_hp_gain":0.0,"max_hp_loss":0.0,"gold_gain":0.0,"event_name":"Golden Wing","player_choice":"Card Removal","floor":14.0,"gold_loss":0.0,"damage_taken":7.0},{"damage_healed":0.0,"max_hp_gain":5.0,"max_hp_loss":0.0,"gold_gain":0.0,"event_name":"Forgotten Altar","player_choice":"Shed Blood","floor":20.0,"gold_loss":0.0,"damage_taken":19.0},{"damage_healed":0.0,"max_hp_gain":0.0,"max_hp_loss":0.0,"gold_gain":0.0,"event_name":"Addict","player_choice":"Obtained Relic","floor":22.0,"gold_loss":85.0,"damage_taken":0.0,"relics_obtained":["Regal Pillow"]},{"cards_removed":["Strike_B"],"damage_healed":0.0,"max_hp_gain":0.0,"max_hp_loss":0.0,"gold_gain":0.0,"event_name":"Back to Basics","player_choice":"Elegance","floor":23.0,"gold_loss":0.0,"damage_taken":0.0},{"damage_healed":0.0,"max_hp_gain":0.0,"max_hp_loss":0.0,"gold_gain":0.0,"event_name":"MindBloom","player_choice":"Fight","floor":40.0,"gold_loss":0.0,"damage_taken":0.0},{"damage_healed":0.0,"max_hp_gain":0.0,"max_hp_loss":0.0,"gold_gain":0.0,"event_name":"Tomb of Lord Red Mask","player_choice":"Ignored","floor":41.0,"gold_loss":0.0,"damage_taken":0.0},{"damage_healed":0.0,"max_hp_gain":0.0,"max_hp_loss":0.0,"gold_gain":0.0,"event_name":"Mysterious Sphere","player_choice":"Ignored","floor":48.0,"gold_loss":0.0,"damage_taken":0.0}],"is_beta":false,"boss_relics":[{"not_picked":["SlaversCollar","Astrolabe"],"picked":"Tiny House"},{"not_picked":["SacredBark","Calling Bell"],"picked":"Runic Pyramid"}],"items_purged_floors":[26,31],"is_endless":false,"potions_floor_spawned":[1,6,8,17,28,32,37,39,43],"killed_by":"Donu and Deca","ascension_level":12}}