{"host":"bpu2gs45py12xda8","time":1613928594,"event":{"mods":["BaseMod","Minty Spire (QoL Compilation)","StSLib"],"gold_per_floor":[114,129,145,157,43,72,84,84,129,129,148,158,191,33,33,132,132,132,132,132,132,132,132,82,82,82,82,32,32,32,32,32,32,32],"floor_reached":33,"language":"ENG","playtime":3733,"items_purged":["Strike_R","Strike_R","Writhe"],"score":394,"play_id":"ad14cda0-ce04-4ea8-8fc8-6e53ece2480f","local_time":"20210221192954","is_ascension_mode":true,"campfire_choices":[{"data":"Shockwave","floor":8,"key":"SMITH"},{"floor":15,"key":"REST"},{"data":"Ghostly Armor","floor":30,"key":"SMITH"},{"data":"Spot Weakness","floor":32,"key":"SMITH"}],"circlet_count":0,"master_deck":["Strike_R+1","Strike_R+1","Strike_R+1","Defend_R+1","Defend_R+1","Defend_R+1","Defend_R+1","Bash","Feed","Spot Weakness+1","Second Wind+1","Shockwave+1","True Grit","Inflame","Armaments","Cleave","Offering","Wild Strike+1","Immolate+1","Exhume","Iron Wave+1","Rupture+1","Ghostly Armor+1","Headbutt+1","Pummel+1"],"relics":["Burning Blood","Question Card","Smiling Mask","Molten Egg 2","Ectoplasm","PreservedInsect","CeramicFish","Bag of Marbles","Bottled Lightning"],"acts_visited":["Exordium","TheCity"],"potions_floor_usage":[11,13,21,23,25,27,33],"damage_taken":[{"damage":12,"enemies":"Jaw Worm","floor":1,"turns":5},{"damage":1,"enemies":"Cultist","floor":2,"turns":3},{"damage":1,"enemies":"2 Louse","floor":3,"turns":2},{"damage":5,"enemies":"2 Fungi Beasts","floor":4,"turns":3},{"damage":49,"enemies":"Lagavulin","floor":6,"turns":9},{"damage":19,"enemies":"Lots of Slimes","floor":7,"turns":8},{"damage":10,"enemies":"Exordium Thugs","floor":11,"turns":6},{"damage":35,"enemies":"Gremlin Gang","floor":12,"turns":6},{"damage":10,"enemies":"Gremlin Nob","floor":13,"turns":3},{"damage":15,"enemies":"The Guardian","floor":16,"turns":11},{"damage":5,"enemies":"3 Byrds","floor":18,"turns":4},{"damage":21,"enemies":"Shell Parasite","floor":21,"turns":5},{"damage":6,"enemies":"Chosen and Byrds","floor":22,"turns":6},{"damage":20,"enemies":"Gremlin Leader","floor":23,"turns":6},{"damage":13,"enemies":"Slavers","floor":25,"turns":2},{"damage":28,"enemies":"Snake Plant","floor":27,"turns":4},{"damage":23,"enemies":"Centurion and Healer","floor":31,"turns":3},{"damage":46,"enemies":"Automaton","floor":33,"turns":10}],"seed_played":"-3646911481445937578","potions_obtained":[{"floor":1,"key":"SkillPotion"},{"floor":11,"key":"DistilledChaos"},{"floor":13,"key":"Energy Potion"},{"floor":16,"key":"LiquidBronze"},{"floor":20,"key":"Regen Potion"},{"floor":21,"key":"DistilledChaos"},{"floor":31,"key":"HeartOfIron"}],"is_trial":false,"path_per_floor":["M","M","M","M","$","E","M","R","T","?","M","M","E","$","R","B",null,"M","?","?","M","M","E","$","E","T","M","$","?","R","M","R","B"],"character_chosen":"IRONCLAD","items_purchased":["Inflame","Immolate+1"],"campfire_rested":1,"item_purchase_floors":[5,14],"current_hp_per_floor":[77,85,89,92,92,49,39,39,39,39,38,12,8,8,38,29,101,104,104,104,89,89,78,78,79,79,57,57,57,57,43,43,0,0],"gold":32,"neow_bonus":"ONE_RANDOM_RARE_CARD","is_daily":false,"chose_seed":false,"campfire_upgraded":3,"win_rate":0.0,"timestamp":1613928594,"path_taken":["M","M","M","M","$","E","M","R","T","?","M","M","E","$","R","BOSS","M","?","?","M","?","E","$","E","T","M","$","?","R","M","R","BOSS"],"items_purchased_type":["Card","Card"],"build_version":"2020-12-22","purchased_purges":3,"victory":false,"max_hp_per_floor":[83,86,89,92,92,92,95,95,95,95,98,101,101,101,101,101,101,104,104,104,104,104,107,107,110,110,110,110,110,110,113,113,113,113],"card_choices":[{"not_picked":["Warcry","Clothesline"],"picked":"Spot Weakness","floor":1},{"not_picked":["Shrug It Off","Havoc"],"picked":"Second Wind","floor":2},{"not_picked":["Cleave","Clothesline"],"picked":"Shockwave","floor":3},{"not_picked":["Shrug It Off","Pommel Strike"],"picked":"True Grit","floor":4},{"not_picked":["Flex","Wild Strike"],"picked":"Armaments","floor":6},{"not_picked":["Heavy Blade","Clash","Iron Wave"],"picked":"Cleave","floor":7},{"not_picked":["Burning Pact","Iron Wave","Combust"],"picked":"Offering","floor":11},{"not_picked":["Burning Pact","Entrench","True Grit","Thunderclap"],"picked":"SKIP","floor":12},{"not_picked":["Thunderclap+1","Dual Wield","Armaments"],"picked":"Wild Strike+1","floor":13},{"not_picked":["Berserk","Juggernaut","Reaper+1"],"picked":"Exhume","floor":16},{"not_picked":["Cleave+1","Clothesline+1","Armaments+1"],"picked":"Iron Wave+1","floor":18},{"not_picked":["Combust","True Grit","Iron Wave+1","Rage"],"picked":"SKIP","floor":21},{"not_picked":["Anger+1","Perfected Strike+1","Reckless Charge+1"],"picked":"Rupture+1","floor":22},{"not_picked":["True Grit","Barricade","Sever Soul+1"],"picked":"Ghostly Armor","floor":23},{"not_picked":["Wild Strike+1","Perfected Strike+1","Sever Soul+1"],"picked":"Headbutt+1","floor":25},{"not_picked":["Disarm","Rupture+1","Flex+1"],"picked":"Pummel+1","floor":27},{"not_picked":["Clothesline+1","Heavy Blade+1","Shrug It Off","Warcry"],"picked":"SKIP","floor":31}],"player_experience":288880,"relics_obtained":[{"floor":6,"key":"Question Card"},{"floor":9,"key":"Smiling Mask"},{"floor":13,"key":"Molten Egg 2"},{"floor":23,"key":"CeramicFish"},{"floor":25,"key":"Bag of Marbles"},{"floor":26,"key":"Bottled Lightning"}],"event_choices":[{"damage_healed":0,"gold_gain":0,"player_choice":"Upgraded","damage_taken":0,"max_hp_gain":0,"max_hp_loss":0,"event_name":"Upgrade Shrine","floor":10,"gold_loss":0,"cards_upgraded":["Second Wind"]},{"damage_healed":0,"gold_gain":0,"player_choice":"Opened","damage_taken":0,"relics_obtained":["PreservedInsect"],"max_hp_gain":0,"max_hp_loss":0,"event_name":"The Mausoleum","floor":19,"gold_loss":0,"cards_obtained":["Writhe"]},{"damage_healed":0,"gold_gain":0,"player_choice":"Got Potions","damage_taken":0,"max_hp_gain":0,"max_hp_loss":0,"event_name":"Lab","floor":20,"gold_loss":0},{"damage_healed":0,"gold_gain":0,"player_choice":"Simplicity","damage_taken":0,"max_hp_gain":0,"max_hp_loss":0,"event_name":"Back to Basics","floor":29,"gold_loss":0,"cards_upgraded":["Strike_R","Strike_R","Strike_R","Defend_R","Defend_R","Defend_R","Defend_R"]}],"is_beta":false,"boss_relics":[{"not_picked":["Runic Pyramid","Empty Cage"],"picked":"Ectoplasm"}],"items_purged_floors":[5,24,28],"is_endless":false,"potions_floor_spawned":[1,11,13,16,21,31],"killed_by":"Automaton","ascension_level":3}}