{"host":"g5ocrzbvbwpvypv7","time":1613891469,"event":{"mods":["AchievementEnabler","BaseMod","Colored Map","Custom Start","DeckTracker","KOR Keyword Fix","Minty Spire (QoL Compilation)","Rare Cards Sparkle","StSLib","SuperFastMode","everything is the same but u backflip on backflip"],"gold_per_floor":[109,109,109,126,138,138,148,165,165,179,213,213,230,249,249,350,350,366,366,11,11,26,52,151,179,179,208,224,249,89,107,107,208,208,223,249,268,53,73,105,105,55,55,5,5,23,52,72,72,72,72,72,22,52,52],"floor_reached":56,"language":"KOR","playtime":2946,"items_purged":["Writhe","Strike_B","Strike_B","Strike_B","Defend_B","Strike_B+1"],"score":1765,"play_id":"fdfe206d-8b44-4bba-9a17-6afc8f262643","local_time":"20210221161109","is_ascension_mode":true,"campfire_choices":[{"data":"Defragment","floor":6.0,"key":"SMITH"},{"data":"Defragment","floor":12.0,"key":"SMITH"},{"data":"Genetic Algorithm","floor":15.0,"key":"SMITH"},{"data":"Seek","floor":32.0,"key":"SMITH"},{"floor":41.0,"key":"RECALL"},{"data":"Apotheosis","floor":45.0,"key":"SMITH"},{"data":"Seek","floor":49.0,"key":"SMITH"},{"data":"Storm","floor":52.0,"key":"SMITH"}],"circlet_count":0,"master_deck":["Defend_B","Defend_B","Defend_B","Zap","Dualcast","Defragment+1","Cold Snap+1","Genetic Algorithm+1","Defragment+1","Coolheaded","Leap","Cold Snap","Echo Form","Turbo","Blizzard","Chill","Heatsinks","Glacier","Chaos+1","White Noise","Seek+1","Capacitor","Seek+1","Coolheaded+1","Apotheosis+1","Amplify","Storm+1","Barrage+1","Echo Form","White Noise+1"],"relics":["Coffee Dripper","Blood Vial","Bottled Lightning","Kunai","Runic Pyramid","Regal Pillow","Membership Card","PreservedInsect","Boot","Darkstone Periapt","DataDisk","Smiling Mask","Toy Ornithopter","Whetstone","Inserter","Oddly Smooth Stone","Medical Kit","Emotion Chip","StrikeDummy","Cables"],"acts_visited":["Exordium","TheCity","TheBeyond","TheEnding"],"potions_floor_usage":[55],"damage_taken":[{"damage":8.0,"enemies":"Jaw Worm","floor":1.0,"turns":4.0},{"damage":15.0,"enemies":"2 Louse","floor":4.0,"turns":3.0},{"damage":0.0,"enemies":"Cultist","floor":5.0,"turns":4.0},{"damage":3.0,"enemies":"Gremlin Gang","floor":7.0,"turns":3.0},{"damage":9.0,"enemies":"Large Slime","floor":8.0,"turns":7.0},{"damage":4.0,"enemies":"Exordium Wildlife","floor":10.0,"turns":5.0},{"damage":40.0,"enemies":"Gremlin Nob","floor":11.0,"turns":5.0},{"damage":0.0,"enemies":"Looter","floor":13.0,"turns":4.0},{"damage":0.0,"enemies":"Blue Slaver","floor":14.0,"turns":5.0},{"damage":2.0,"enemies":"Hexaghost","floor":16.0,"turns":15.0},{"damage":0.0,"enemies":"3 Byrds","floor":18.0,"turns":5.0},{"damage":0.0,"enemies":"Spheric Guardian","floor":22.0,"turns":7.0},{"damage":0.0,"enemies":"Book of Stabbing","floor":23.0,"turns":8.0},{"damage":26.0,"enemies":"Slavers","floor":25.0,"turns":6.0},{"damage":0.0,"enemies":"Book of Stabbing","floor":27.0,"turns":7.0},{"damage":0.0,"enemies":"Snake Plant","floor":28.0,"turns":5.0},{"damage":0.0,"enemies":"Slavers","floor":29.0,"turns":5.0},{"damage":0.0,"enemies":"Cultist and Chosen","floor":31.0,"turns":9.0},{"damage":4.0,"enemies":"Champ","floor":33.0,"turns":13.0},{"damage":8.0,"enemies":"3 Darklings","floor":35.0,"turns":7.0},{"damage":0.0,"enemies":"3 Shapes","floor":37.0,"turns":6.0},{"damage":0.0,"enemies":"3 Darklings","floor":39.0,"turns":6.0},{"damage":7.0,"enemies":"Reptomancer","floor":40.0,"turns":6.0},{"damage":0.0,"enemies":"Transient","floor":46.0,"turns":5.0},{"damage":0.0,"enemies":"Giant Head","floor":47.0,"turns":6.0},{"damage":1.0,"enemies":"Spire Growth","floor":48.0,"turns":4.0},{"damage":36.0,"enemies":"Donu and Deca","floor":50.0,"turns":7.0},{"damage":24.0,"enemies":"Shield and Spear","floor":54.0,"turns":5.0},{"damage":34,"enemies":"The Heart","floor":55,"turns":6}],"seed_played":"4778701054622076298","potions_obtained":[{"floor":1.0,"key":"SkillPotion"},{"floor":4.0,"key":"Fire Potion"},{"floor":10.0,"key":"Block Potion"},{"floor":13.0,"key":"Regen Potion"},{"floor":14.0,"key":"Explosive Potion"},{"floor":16.0,"key":"BlessingOfTheForge"},{"floor":18.0,"key":"LiquidBronze"},{"floor":25.0,"key":"Swift Potion"},{"floor":37.0,"key":"SteroidPotion"},{"floor":39.0,"key":"CultistPotion"},{"floor":40.0,"key":"Block Potion"},{"floor":47.0,"key":"PotionOfCapacity"}],"is_trial":false,"path_per_floor":["M","?","?","M","M","R","M","M","T","M","E","R","M","M","R","B",null,"M","?","$","?","M","E","?","E","T","E","M","E","$","M","R","B",null,"M","T","M","$","M","E","R","$","T","$","R","M","E","M","R","B",null,"R","$","E","B",null],"character_chosen":"DEFECT","items_purchased":["Membership Card","PreservedInsect","Blizzard","Chill","Heatsinks","Capacitor","Whetstone","Apotheosis","Medical Kit"],"campfire_rested":0,"item_purchase_floors":[20,20,20,20,20,30,30,38,38],"current_hp_per_floor":[60,35,75,60,62,62,61,54,54,52,14,14,16,18,18,33,65,67,67,67,67,69,71,71,47,47,49,51,53,53,55,55,53,70,64,64,66,66,68,63,63,63,63,63,63,65,67,73,73,39,66,66,66,44,17],"gold":52,"neow_bonus":"BOSS_RELIC","is_daily":false,"chose_seed":false,"campfire_upgraded":7,"win_rate":0.0,"timestamp":1613891469,"path_taken":["M","?","?","M","M","R","?","M","T","M","E","R","?","M","R","BOSS","M","?","$","?","M","E","?","E","T","E","M","E","?","M","R","BOSS","M","?","?","?","?","E","R","$","T","$","R","M","E","M","R","BOSS","R","$","E","BOSS"],"items_purchased_type":["Relic","Relic","Card","Card","Card","Card","Relic","Card","Relic"],"build_version":"2020-12-22","purchased_purges":6,"victory":true,"max_hp_per_floor":[75,75,75,75,75,75,75,75,75,75,75,75,75,75,75,75,75,75,75,75,75,75,75,75,75,75,75,75,75,75,75,75,75,75,75,75,75,75,75,75,75,75,75,75,75,75,75,75,75,75,75,75,75,75,75],"card_choices":[{"not_picked":["Undo","Sweeping Beam"],"picked":"Defragment","floor":1.0},{"not_picked":["Leap","Double Energy"],"picked":"Cold Snap","floor":4.0},{"not_picked":["Barrage","Rebound","Meteor Strike"],"picked":"SKIP","floor":5.0},{"not_picked":["Stack","Rebound"],"picked":"Genetic Algorithm","floor":7.0},{"not_picked":["Coolheaded","Go for the Eyes"],"picked":"Defragment","floor":8.0},{"not_picked":["Stack","Tempest"],"picked":"Coolheaded","floor":10.0},{"not_picked":["Barrage","Machine Learning"],"picked":"Leap","floor":11.0},{"not_picked":["Leap","Consume","Reinforced Body"],"picked":"SKIP","floor":13.0},{"not_picked":["Tempest","Melter"],"picked":"Cold Snap","floor":14.0},{"not_picked":["Core Surge","Rainbow"],"picked":"Echo Form","floor":16.0},{"not_picked":["Lockon+1","Gash"],"picked":"Turbo","floor":18.0},{"not_picked":["Ball Lightning","Scrape"],"picked":"Chaos+1","floor":22.0},{"not_picked":["Cold Snap+1","Leap","Conserve Battery"],"picked":"SKIP","floor":23.0},{"not_picked":["Cold Snap+1","Consume"],"picked":"White Noise","floor":25.0},{"not_picked":["Sunder+1","Gash"],"picked":"Seek","floor":27.0},{"not_picked":["Leap","Static Discharge+1","Rebound"],"picked":"SKIP","floor":28.0},{"not_picked":["Steam","Undo","Genetic Algorithm"],"picked":"SKIP","floor":29.0},{"not_picked":["Undo","Cold Snap","Beam Cell"],"picked":"SKIP","floor":31.0},{"not_picked":["Hyperbeam","Reboot"],"picked":"Seek","floor":33.0},{"not_picked":["Rebound","Redo+1"],"picked":"Coolheaded+1","floor":35.0},{"not_picked":["Steam","Reprogram+1","Stack"],"picked":"SKIP","floor":37.0},{"not_picked":["Cold Snap+1","Stack+1"],"picked":"Amplify","floor":39.0},{"not_picked":["Cold Snap","Streamline"],"picked":"Storm","floor":40.0},{"not_picked":["Go for the Eyes","Gash+1"],"picked":"Barrage+1","floor":46.0},{"not_picked":["Double Energy","Leap"],"picked":"Echo Form","floor":47.0},{"not_picked":["Ball Lightning+1","Redo","Static Discharge+1"],"picked":"SKIP","floor":48.0},{"not_picked":["Go for the Eyes","Darkness"],"picked":"White Noise+1","floor":54.0}],"player_experience":362051,"relics_obtained":[{"floor":9.0,"key":"Bottled Lightning"},{"floor":11.0,"key":"Kunai"},{"floor":23.0,"key":"Boot"},{"floor":25.0,"key":"Darkstone Periapt"},{"floor":26.0,"key":"DataDisk"},{"floor":27.0,"key":"Smiling Mask"},{"floor":29.0,"key":"Toy Ornithopter"},{"floor":36.0,"key":"Oddly Smooth Stone"},{"floor":40.0,"key":"Emotion Chip"},{"floor":47.0,"key":"StrikeDummy"},{"floor":54.0,"key":"Cables"}],"event_choices":[{"damage_healed":0.0,"max_hp_gain":0.0,"max_hp_loss":0.0,"gold_gain":0.0,"event_name":"Scrap Ooze","player_choice":"Success","floor":2.0,"gold_loss":0.0,"damage_taken":25.0,"relics_obtained":["Blood Vial"]},{"damage_healed":40.0,"max_hp_gain":0.0,"max_hp_loss":0.0,"gold_gain":0.0,"event_name":"Wheel of Change","player_choice":"Full Heal","floor":3.0,"gold_loss":0.0,"damage_taken":0.0},{"damage_healed":0.0,"max_hp_gain":0.0,"max_hp_loss":0.0,"gold_gain":0.0,"event_name":"The Mausoleum","player_choice":"Opened","floor":19.0,"gold_loss":0.0,"damage_taken":0.0,"relics_obtained":["Regal Pillow"],"cards_obtained":["Writhe"]},{"damage_healed":0.0,"max_hp_gain":0.0,"max_hp_loss":0.0,"gold_gain":0.0,"event_name":"The Library","player_choice":"Read","floor":21.0,"gold_loss":0.0,"damage_taken":0.0,"cards_obtained":["Glacier"]},{"damage_healed":0.0,"max_hp_gain":0.0,"max_hp_loss":0.0,"gold_gain":99.0,"event_name":"Nest","player_choice":"Stole From Cult","floor":24.0,"gold_loss":0.0,"damage_taken":0.0}],"is_beta":false,"boss_relics":[{"not_picked":["Cursed Key","Velvet Choker"],"picked":"Runic Pyramid"},{"not_picked":["Nuclear Battery","Busted Crown"],"picked":"Inserter"}],"items_purged_floors":[20,30,38,42,44,53],"is_endless":false,"potions_floor_spawned":[1,4,10,13,14,16,18,22,25,37,39,40,47],"ascension_level":8}}