{"host":"vnz4608r4gf5d2ow","time":1613882532,"event":{"mods":["BaseMod","Minty Spire (QoL Compilation)"],"gold_per_floor":[114,63,13,23,36,61,61,61,61,75,75,91,91,101,101,196,196,213,138,128,43,63,63,63],"floor_reached":23,"language":"ENG","playtime":1336,"items_purged":[],"score":193,"play_id":"2b24ff75-15e4-4d3d-a305-1872d9d050bc","local_time":"20210220234212","is_ascension_mode":false,"campfire_choices":[{"floor":8,"key":"REST"},{"data":"Defragment","floor":13,"key":"SMITH"},{"data":"Conserve Battery","floor":15,"key":"SMITH"}],"circlet_count":0,"master_deck":["Strike_B","Strike_B+1","Defend_B","Defend_B+1","Defend_B","Defend_B","Zap","Dualcast","Lockon+1","Sweeping Beam","Glacier","Conserve Battery+1","Rebound","Defragment+1","Creative AI","Cold Snap","Coolheaded","Go for the Eyes"],"relics":["Cracked Core","TungstenRod","Mummified Hand","Inserter","Ice Cream"],"acts_visited":["Exordium","TheCity"],"potions_floor_usage":[6,14,18,22],"damage_taken":[{"damage":0.0,"enemies":"Cultist","floor":1.0,"turns":3.0},{"damage":11.0,"enemies":"Jaw Worm","floor":4.0,"turns":3.0},{"damage":0.0,"enemies":"Small Slimes","floor":5.0,"turns":2.0},{"damage":18,"enemies":"Gremlin Nob","floor":6,"turns":3},{"damage":4,"enemies":"2 Fungi Beasts","floor":10,"turns":3},{"damage":4,"enemies":"Lots of Slimes","floor":12,"turns":2},{"damage":0,"enemies":"3 Louse","floor":14,"turns":3},{"damage":4,"enemies":"The Guardian","floor":16,"turns":10},{"damage":5,"enemies":"3 Byrds","floor":18,"turns":6},{"damage":18,"enemies":"2 Thieves","floor":20,"turns":4},{"damage":26,"enemies":"3 Cultists","floor":22,"turns":6},{"damage":44,"enemies":"Slavers","floor":23,"turns":4}],"seed_played":"-2637489535073140602","potions_obtained":[{"floor":5.0,"key":"SpeedPotion"},{"floor":6,"key":"Block Potion"},{"floor":16,"key":"Weak Potion"},{"floor":20,"key":"Swift Potion"}],"is_trial":false,"path_per_floor":["M","$","?","M","M","E","?","R","T","M","?","M","R","M","R","B",null,"M","?","M","?","M","E"],"character_chosen":"DEFECT","items_purchased":["Strength Potion"],"campfire_rested":1,"item_purchase_floors":[2],"current_hp_per_floor":[68,68,68,57,57,39,22,48,48,44,44,40,40,40,40,36,89,84,84,66,66,40,0,0],"gold":63,"neow_bonus":"TWENTY_PERCENT_HP_BONUS","is_daily":false,"chose_seed":false,"campfire_upgraded":2,"win_rate":0.0,"timestamp":1613882532,"path_taken":["M","?","?","M","M","E","?","R","T","M","?","M","R","?","R","BOSS","M","?","M","?","M","E"],"items_purchased_type":["Potion"],"build_version":"2020-12-22","purchased_purges":0,"victory":false,"max_hp_per_floor":[89,89,89,89,89,89,89,89,89,89,89,89,89,89,89,89,89,89,89,89,89,89,89,89],"card_choices":[{"not_picked":["Stack","Aggregate"],"picked":"Lockon","floor":1.0},{"not_picked":["Double Energy","Stack"],"picked":"Sweeping Beam","floor":4.0},{"not_picked":["Hologram","Streamline"],"picked":"Glacier","floor":5.0},{"not_picked":["Barrage","Rip and Tear"],"picked":"Conserve Battery","floor":6},{"not_picked":["Streamline","Aggregate"],"picked":"Rebound","floor":10},{"not_picked":["Double Energy","Chill"],"picked":"Defragment","floor":12},{"not_picked":["Fusion","Steam","Compile Driver"],"picked":"SKIP","floor":14},{"not_picked":["Meteor Strike","Amplify"],"picked":"Creative AI","floor":16},{"not_picked":["Streamline+1","Redo+1"],"picked":"Cold Snap","floor":18},{"not_picked":["Hologram","Lockon"],"picked":"Coolheaded","floor":20},{"not_picked":["Beam Cell","Cold Snap"],"picked":"Go for the Eyes","floor":22}],"player_experience":985426,"relics_obtained":[{"floor":6,"key":"TungstenRod"},{"floor":9,"key":"Mummified Hand"}],"event_choices":[{"cards_removed":["Strike_B"],"damage_healed":0.0,"max_hp_gain":0.0,"max_hp_loss":0.0,"gold_gain":0.0,"event_name":"The Cleric","player_choice":"Card Removal","floor":3.0,"gold_loss":50.0,"damage_taken":0.0},{"damage_healed":0,"gold_gain":0,"player_choice":"Entered Light","damage_taken":18,"max_hp_gain":0,"max_hp_loss":0,"event_name":"Shining Light","floor":7,"gold_loss":0,"cards_upgraded":["Defend_B","Strike_B"]},{"damage_healed":0,"gold_gain":0,"player_choice":"Forge","damage_taken":0,"max_hp_gain":0,"max_hp_loss":0,"event_name":"Accursed Blacksmith","floor":11,"gold_loss":0,"cards_upgraded":["Lockon"]},{"cards_removed":["Strike_B"],"damage_healed":0,"gold_gain":0,"player_choice":"Gave Gold","damage_taken":0,"max_hp_gain":0,"max_hp_loss":0,"event_name":"Beggar","floor":19,"gold_loss":75},{"damage_healed":0,"gold_gain":0,"player_choice":"Obtained Relic","damage_taken":0,"relics_obtained":["Ice Cream"],"max_hp_gain":0,"max_hp_loss":0,"event_name":"Addict","floor":21,"gold_loss":85}],"is_beta":false,"boss_relics":[{"not_picked":["SacredBark","Cursed Key"],"picked":"Inserter"}],"items_purged_floors":[],"is_endless":false,"potions_floor_spawned":[5,6,16,20],"killed_by":"Slavers","ascension_level":0}}