{"host":"en4narc5947t7k9n","time":1613893244,"event":{"mods":["AchievementEnabler","BaseMod","Colored Map","Minty Spire (QoL Compilation)","SuperFastMode"],"gold_per_floor":[119,119,131,210,228,263,276,451,476,15,32,32,49,60,60,158,158,176,21,41,41,41,41,41,41,66,66,66,66,76,76,76,76,76],"floor_reached":33,"language":"KOR","playtime":1255,"items_purged":["Doubt"],"score":295,"play_id":"027b5877-ccef-485d-853f-37088c82b1de","local_time":"20210221164044","is_ascension_mode":false,"campfire_choices":[{"floor":12,"key":"RECALL"},{"data":"Zap","floor":15,"key":"SMITH"},{"data":"Machine Learning","floor":23,"key":"SMITH"},{"data":"Self Repair","floor":25,"key":"SMITH"},{"data":"Redo","floor":32,"key":"SMITH"}],"circlet_count":0,"master_deck":["Strike_B","Strike_B","Defend_B","Defend_B","Defend_B","Defend_B+1","Zap+1","Dualcast","Barrage","Defragment","Storm","Ball Lightning","Melter","Tempest","Dramatic Entrance","Static Discharge","Leap+1","Auto Shields","Redo+1","Steam","Machine Learning+1","Cold Snap","Zap+1","Self Repair+1","Conserve Battery","Writhe"],"relics":["Cracked Core","NeowsBlessing","Mercury Hourglass","MawBank","Toolbox","Busted Crown","DollysMirror","Boot","War Paint"],"acts_visited":["Exordium","TheCity"],"potions_floor_usage":[6,16,16,16,33],"damage_taken":[{"damage":0,"enemies":"Cultist","floor":1,"turns":1},{"damage":0,"enemies":"2 Louse","floor":3,"turns":1},{"damage":0,"enemies":"Jaw Worm","floor":5,"turns":1},{"damage":22,"enemies":"Lagavulin","floor":6,"turns":8},{"damage":25,"enemies":"Exordium Thugs","floor":7,"turns":3},{"damage":0,"enemies":"3 Louse","floor":11,"turns":1},{"damage":0,"enemies":"Large Slime","floor":13,"turns":3},{"damage":6,"enemies":"Blue Slaver","floor":14,"turns":2},{"damage":0,"enemies":"Slime Boss","floor":16,"turns":5},{"damage":0,"enemies":"Spheric Guardian","floor":18,"turns":3},{"damage":14,"enemies":"2 Thieves","floor":20,"turns":3},{"damage":3,"enemies":"Centurion and Healer","floor":30,"turns":6},{"damage":72,"enemies":"Champ","floor":33,"turns":8}],"seed_played":"-2017009306369401065","potions_obtained":[{"floor":3,"key":"Fire Potion"},{"floor":5,"key":"Weak Potion"},{"floor":11,"key":"Dexterity Potion"},{"floor":13,"key":"CultistPotion"},{"floor":20,"key":"Fire Potion"}],"is_trial":false,"path_per_floor":["M","$","M","T","M","E","M","?","T","$","M","R","M","M","R","B",null,"M","$","M","?","?","R","$","R","T","?","$","?","M","?","R","B"],"character_chosen":"DEFECT","items_purchased":["Tempest","Dramatic Entrance","Toolbox","Static Discharge","Leap","DollysMirror"],"campfire_rested":0,"item_purchase_floors":[10,10,10,10,10,19],"current_hp_per_floor":[75,75,75,75,75,53,28,28,28,28,28,28,28,22,22,22,75,75,75,61,61,61,61,61,61,61,45,45,45,52,52,52,0,0],"gold":76,"neow_bonus":"THREE_ENEMY_KILL","is_daily":false,"chose_seed":false,"campfire_upgraded":4,"win_rate":0.0,"timestamp":1613893244,"path_taken":["M","$","M","?","M","E","M","?","T","$","?","R","M","M","R","BOSS","M","$","M","?","?","R","$","R","T","?","?","?","?","?","R","BOSS"],"items_purchased_type":["Card","Card","Relic","Card","Card","Relic"],"build_version":"2020-12-22","purchased_purges":1,"victory":false,"max_hp_per_floor":[75,75,75,75,75,75,75,75,75,75,75,75,75,75,75,75,75,75,75,75,75,75,75,75,75,75,75,75,75,75,75,75,75,75],"card_choices":[{"not_picked":["Compile Driver","Hologram"],"picked":"Barrage","floor":1},{"not_picked":["Rebound","Skim"],"picked":"Defragment","floor":3},{"not_picked":["Rebound","Steam"],"picked":"Storm","floor":5},{"not_picked":["Heatsinks","Steam"],"picked":"Ball Lightning","floor":6},{"not_picked":["Defragment","Steam Power"],"picked":"Melter","floor":7},{"not_picked":["Coolheaded","Creative AI"],"picked":"Auto Shields","floor":11},{"not_picked":["Fusion","Hologram"],"picked":"Redo","floor":13},{"not_picked":["Beam Cell","Barrage"],"picked":"Steam","floor":14},{"not_picked":["Meteor Strike","Amplify"],"picked":"Machine Learning","floor":16},{"not_picked":[],"picked":"Cold Snap","floor":18},{"not_picked":["Cold Snap"],"picked":"SKIP","floor":20},{"not_picked":["Defragment"],"picked":"SKIP","floor":30}],"player_experience":115621,"relics_obtained":[{"floor":6,"key":"Mercury Hourglass"},{"floor":9,"key":"MawBank"},{"floor":26,"key":"Boot"}],"event_choices":[{"damage_healed":0,"gold_gain":175,"player_choice":"AGREE","damage_taken":0,"max_hp_gain":0,"max_hp_loss":0,"event_name":"Liars Game","floor":8,"gold_loss":0,"cards_obtained":["Doubt"]},{"damage_healed":0,"gold_gain":0,"player_choice":"Read","damage_taken":0,"max_hp_gain":0,"max_hp_loss":0,"event_name":"The Library","floor":21,"gold_loss":0,"cards_obtained":["Self Repair"]},{"cards_removed":["Strike_B"],"damage_healed":0,"gold_gain":0,"player_choice":"Elegance","damage_taken":0,"max_hp_gain":0,"max_hp_loss":0,"event_name":"Back to Basics","floor":22,"gold_loss":0},{"damage_healed":0,"gold_gain":0,"player_choice":"Obtained Book","damage_taken":16,"max_hp_gain":0,"max_hp_loss":0,"event_name":"Cursed Tome","floor":27,"gold_loss":0},{"damage_healed":0,"gold_gain":0,"cards_transformed":["Strike_B"],"player_choice":"Transformed","damage_taken":0,"max_hp_gain":0,"max_hp_loss":0,"event_name":"Transmorgrifier","floor":29,"gold_loss":0,"cards_obtained":["Conserve Battery"]},{"damage_healed":0,"gold_gain":0,"player_choice":"Opened","damage_taken":0,"relics_obtained":["War Paint"],"max_hp_gain":0,"max_hp_loss":0,"event_name":"The Mausoleum","floor":31,"gold_loss":0,"cards_obtained":["Writhe"]}],"is_beta":false,"boss_relics":[{"not_picked":["Cursed Key","FrozenCore"],"picked":"Busted Crown"}],"items_purged_floors":[10],"is_endless":false,"potions_floor_spawned":[3,5,11,13,20],"killed_by":"Champ","ascension_level":0}}