{"host":"4ia4wmtvbzfrqeuq","time":1613950906,"event":{"mods":["Aspiration","BaseMod","Beaked The Cultist","Better Skull","Better Third Choice","BetterRewards","Card Forge","Conspire","Dio Mod","Downfall","Halation","Hermit","Hubris","Infinite Spire","Lobotomy","LobotomyExtend","Luminous","Mimic Mod","Minty Spire (QoL Compilation)","Replay The Spire","Shop Mod","Spicy Shops","StSLib","The Animator","The Cursed","The Disciple","The Dragon Tamer","The Elementalist","The Necromancer","The Runesmith","Wandering Minibosses"],"gold_per_floor":[119,119,139,139,159,189,205,235,258,258,273,12,0,0,0,102,102,102,32,32,47,47,47,82,82,105,105,121,121,136,146,146,247,247,266,266,277,277,277,312,329,329,329,329,629,629,629,644,644,644,644,644,67,96,96],"floor_reached":56,"language":"ENG","playtime":7467,"items_purged":["beaked:Strike_Y","beaked:Strike_Y","beaked:Strike_Y","beaked:Strike_Y","beaked:Defend_Y","beaked:Defend_Y"],"score":1301,"play_id":"baf8d09e-9576-4c6f-91d6-69424f287f02","local_time":"20210221154146","is_ascension_mode":false,"campfire_choices":[{"floor":10,"key":"RECALL"},{"floor":15,"key":"REST"},{"floor":23,"key":"REST"},{"data":"beaked:MimicMachine","floor":25,"key":"SMITH"},{"floor":27,"key":"REST"},{"data":"beaked:Foresight","floor":32,"key":"SMITH"},{"data":"beaked:Defend_Y","floor":42,"key":"SMITH"},{"data":"beaked:Defend_Y","floor":44,"key":"SMITH"},{"data":"beaked:FakeOut","floor":46,"key":"SMITH"},{"floor":49,"key":"REST"},{"data":"beaked:Strike_Y","floor":52,"key":"SMITH"}],"circlet_count":0,"master_deck":["beaked:Strike_Y+1","beaked:Strike_Y+1","beaked:Defend_Y+1","beaked:Defend_Y+1","beaked:Ceremony+1","beaked:Ceremony+1","beaked:Ceremony+1","Flash of Steel+1","beaked:MaddeningMurmurs+1","beaked:KnowThyFoe+1","beaked:Foresight+1","beaked:Hexing+1","beaked:SacrificialScars+1","beaked:MimicMachine+1","beaked:DigDeep+1","beaked:Foresight+1","beaked:FakeOut+1","beaked:MachineSpirit+1","beaked:TuckingFeathers+1","beaked:Insight+1"],"relics":["beaked:MendingPlumage","Hammer of Thor","Seething Fire","Anvil of the Gods","Chemical X","Whetstone","HandDrill","Bag of Preparation","halation:BottledLove","Strange Spoon","aspiration:EmptySkull","LetterFromLob","halation:PinkSoulGem","conspire:TopHat","BargainBundle","Ring of Fangs","Ring of Chaos","Shuriken","ReplayFunnel","halation:PapillonHeart","Prayer Wheel","hubris:MysteriousPyramids","conspire:DeflatedDodgeball","MerchantsRug","Mummified Hand","Kunai","Black Star","Runesmith:Nanobots","Mango"],"acts_visited":["Exordium","TheCity","TheBeyond","TheEnding"],"potions_floor_usage":[6,16,24,33,50,54],"damage_taken":[{"damage":6,"enemies":"Jaw Worm","floor":1,"turns":3},{"damage":0,"enemies":"Small Slimes","floor":3,"turns":3},{"damage":5,"enemies":"Cultist","floor":5,"turns":5},{"damage":40,"enemies":"Lagavulin","floor":6,"turns":7},{"damage":16,"enemies":"Blue Slaver","floor":7,"turns":5},{"damage":4,"enemies":"Replay:BlueRogue","floor":8,"turns":7},{"damage":15,"enemies":"2 Fungi Beasts","floor":11,"turns":5},{"damage":10,"enemies":"Looter","floor":13,"turns":4},{"damage":57,"enemies":"The Guardian","floor":16,"turns":8},{"damage":21,"enemies":"Shell Parasite","floor":21,"turns":7},{"damage":48,"enemies":"Replay:Snechameleon","floor":24,"turns":6},{"damage":40,"enemies":"3 Byrds","floor":28,"turns":8},{"damage":42,"enemies":"Snake Plant","floor":30,"turns":6},{"damage":23,"enemies":"Snecko","floor":31,"turns":10},{"damage":26,"enemies":"Champ","floor":33,"turns":12},{"damage":35,"enemies":"Orb Walker","floor":35,"turns":9},{"damage":64,"enemies":"3 Shapes","floor":37,"turns":7},{"damage":24,"enemies":"Giant Head","floor":40,"turns":8},{"damage":52,"enemies":"Spire Growth","floor":41,"turns":8},{"damage":61,"enemies":"Writhing Mass","floor":48,"turns":6},{"damage":101,"enemies":"Awakened One","floor":50,"turns":11},{"damage":77,"enemies":"Shield and Spear","floor":54,"turns":6},{"damage":63,"enemies":"The Heart","floor":55,"turns":6}],"seed_played":"-6854694207594980497","potions_obtained":[{"floor":1,"key":"SneckoOil"},{"floor":3,"key":"Energy Potion"},{"floor":21,"key":"Fire Potion"},{"floor":31,"key":"Swift Potion"},{"floor":37,"key":"sneckomod:MuddlingPotion"},{"floor":48,"key":"FearPotion"}],"is_trial":false,"path_per_floor":["M","?","M","?","M","E","M","E","T","R","M","$","M","?","R","B",null,"M","$","?","M","?","R","E","R","T","R","M","?","M","M","R","B",null,"M","?","M","?","?","E","M","R","T","R","$","R","AVR","M","R","B",null,"R","$","E","B",null],"character_chosen":"BEAKED_THE_CULTIST","items_purchased":["Chemical X","Flash of Steel","Whetstone","HandDrill","Bag of Preparation","halation:BottledLove","Strange Spoon","aspiration:EmptySkull","BargainBundle","FearPotion","LiquidBronze","beaked:MimicMachine","MerchantsRug","Mummified Hand","Kunai","Runesmith:Nanobots","Fruit Juice","beaked:Insight+1"],"campfire_rested":4,"item_purchase_floors":[0,0,0,0,0,0,0,0,12,12,12,19,45,45,45,53,53,53],"current_hp_per_floor":[21,21,29,29,37,20,17,36,36,36,37,37,40,40,50,11,50,50,50,50,36,36,52,22,22,22,39,55,61,62,65,65,47,74,70,77,69,69,69,65,51,51,51,51,51,51,51,47,71,81,85,85,85,64,72],"gold":96,"neow_bonus":"","is_daily":false,"chose_seed":false,"campfire_upgraded":6,"win_rate":0.0,"timestamp":1613950906,"path_taken":["M","?","M","?","?","E","M","E","T","R","M","$","M","?","R","BOSS","M","$","?","M","?","R","E","R","T","R","M","?","M","?","R","BOSS","M","?","M","?","?","E","M","R","T","R","$","R","AVR","M","R","BOSS","R","$","E","BOSS"],"items_purchased_type":["Relic","Card","Relic","Relic","Relic","Relic","Relic","Relic","Relic","Potion","Potion","Card","Relic","Relic","Relic","Relic","Potion","Card"],"build_version":"2020-12-22","purchased_purges":6,"victory":true,"max_hp_per_floor":[50,50,50,50,50,50,50,50,50,50,50,50,50,50,50,50,50,50,50,50,56,56,56,59,59,59,59,62,62,62,65,65,74,74,77,77,80,76,76,79,82,82,82,82,82,82,82,82,82,85,85,85,85,104,107],"card_choices":[{"not_picked":["beaked:MimicWarrior","beaked:SurvivalInstinct","beaked:Evade"],"picked":"SKIP","floor":1},{"not_picked":["beaked:Recite","beaked:Windmill","beaked:BraceForImpact"],"picked":"SKIP","floor":3},{"not_picked":["beaked:Poke","beaked:Negation"],"picked":"beaked:MaddeningMurmurs","floor":5},{"not_picked":["beaked:BloodRitual","beaked:SacrificialDive"],"picked":"beaked:KnowThyFoe","floor":6},{"not_picked":["beaked:Brace","beaked:HuntressEssence","ReplayTheSpireMod:Wings of Steel"],"picked":"SKIP","floor":7},{"not_picked":["beaked:FullHouse","beaked:SacrificialScars"],"picked":"beaked:Foresight","floor":8},{"not_picked":["beaked:Tweet","beaked:Poke","beaked:Cower"],"picked":"SKIP","floor":11},{"not_picked":["beaked:MaddeningMurmurs","beaked:Foresight"],"picked":"beaked:Hexing","floor":13},{"not_picked":["beaked:Sacrifice","beaked:VolatileMisfortune"],"picked":"beaked:SacrificialScars","floor":16},{"not_picked":["beaked:WarriorEssence","beaked:SurvivalInstinct","beaked:FeelMyPain"],"picked":"SKIP","floor":21},{"not_picked":["beaked:Evade","beaked:BloodForTheGods"],"picked":"beaked:DigDeep+1","floor":24},{"not_picked":["beaked:Insight","beaked:Overexert"],"picked":"beaked:Foresight+1","floor":28},{"not_picked":["beaked:FeelMyPain","beaked:Windmill","beaked:KnowThyFoe"],"picked":"SKIP","floor":30},{"not_picked":["beaked:MimicWarrior+1","beaked:HuntressEssence+1","beaked:Tradeoff"],"picked":"SKIP","floor":31},{"not_picked":["beaked:KnowThyFoe","beaked:Sacrifice"],"picked":"beaked:FakeOut","floor":33},{"not_picked":["ReplayTheSpireMod:Wings of Steel","beaked:Tradeoff+1"],"picked":"beaked:MachineSpirit+1","floor":35},{"not_picked":["beaked:Foresight","beaked:Redirect","beaked:Brace"],"picked":"SKIP","floor":37},{"not_picked":["beaked:Poke","beaked:Brace+1","beaked:Foresight+1"],"picked":"SKIP","floor":40},{"not_picked":["beaked:SacrificialAttack+1","beaked:BraceForImpact"],"picked":"beaked:TuckingFeathers+1","floor":41},{"not_picked":["beaked:Devastation+1","ReplayTheSpireMod:Wings of Steel","beaked:BloodForTheGods"],"picked":"SKIP","floor":41},{"not_picked":["ReplayTheSpireMod:Owlgaze","beaked:Resilience+1","beaked:Molting+1"],"picked":"SKIP","floor":48},{"not_picked":["beaked:Redirect","beaked:DesperateSwing+1","beaked:DigDeeper+1"],"picked":"SKIP","floor":48},{"not_picked":["beaked:Cower+1","beaked:RitualOfBody","beaked:Resilience"],"picked":"SKIP","floor":54}],"player_experience":657324,"relics_obtained":[{"floor":1,"key":"LetterFromLob"},{"floor":6,"key":"conspire:TopHat"},{"floor":14,"key":"Ring of Fangs"},{"floor":24,"key":"Shuriken"},{"floor":26,"key":"ReplayFunnel"},{"floor":40,"key":"hubris:MysteriousPyramids"},{"floor":43,"key":"conspire:DeflatedDodgeball"},{"floor":54,"key":"Mango"}],"event_choices":[{"damage_healed":0,"gold_gain":0,"player_choice":"Upgraded","damage_taken":0,"max_hp_gain":0,"max_hp_loss":0,"event_name":"Upgrade Shrine","floor":4,"gold_loss":0,"cards_upgraded":["beaked:Ceremony"]}],"is_beta":false,"boss_relics":[{"not_picked":["halation:SmartPhone","Philosopher\u0027s Stone"],"picked":"Ring of Chaos"},{"not_picked":["hubris:TerracottaHorce","halation:LoveArrow"],"picked":"Runic Pyramid"}],"items_purged_floors":[0,0,0,12,45,53],"is_endless":false,"potions_floor_spawned":[1,3,21,31,37,48],"ascension_level":0}}