{"host":"v0dnu0zs4qo0v13s","time":1613950103,"event":{"mods":["BaseMod","Colored Map","Colored Powertips","Minty Spire (QoL Compilation)","Relic Stats","StSLib","SuperFastMode","everything is the same but u backflip on backflip"],"gold_per_floor":[117,130,149,149,161,161,195,195,195,195,210,228,228,241,241,340,340,351,28,28,41,52,81,81,99,99,124,138,18,18,50,50,50,50],"floor_reached":33,"language":"ENG","playtime":1700,"items_purged":["Strike_G"],"score":476,"play_id":"f24f39e5-af32-4bc2-96b7-7f80e5196db5","local_time":"20210221182823","is_ascension_mode":true,"campfire_choices":[{"data":"Bane","floor":6.0,"key":"SMITH"},{"data":"Well Laid Plans","floor":8.0,"key":"SMITH"},{"floor":10.0,"key":"REST"},{"data":"Envenom","floor":15.0,"key":"SMITH"},{"floor":24.0,"key":"REST"},{"floor":30,"key":"REST"},{"floor":32,"key":"REST"}],"circlet_count":0,"master_deck":["Strike_G","Strike_G","Strike_G","Strike_G","Defend_G","Defend_G","Defend_G","Defend_G","Defend_G","Survivor","Neutralize","Crippling Poison","Bane+1","Expertise","Poisoned Stab","Well Laid Plans+1","Dagger Throw","Acrobatics","Envenom+1","Corpse Explosion","Accuracy+1","Deadly Poison+1","Concentrate","Terror","Dash","Catalyst","Backflip","Dagger Spray+1","Caltrops+1"],"relics":["Ring of the Snake","NeowsBlessing","Pear","FossilizedHelix","Mummified Hand","SacredBark","The Specimen","Ninja Scroll","Mango","Molten Egg 2","StoneCalendar"],"acts_visited":["Exordium","TheCity"],"potions_floor_usage":[28],"damage_taken":[{"damage":0.0,"enemies":"Cultist","floor":1.0,"turns":1.0},{"damage":0.0,"enemies":"Small Slimes","floor":2.0,"turns":1.0},{"damage":0.0,"enemies":"Jaw Worm","floor":3.0,"turns":1.0},{"damage":5.0,"enemies":"Red Slaver","floor":5.0,"turns":4.0},{"damage":18.0,"enemies":"Gremlin Nob","floor":7.0,"turns":4.0},{"damage":0.0,"enemies":"2 Fungi Beasts","floor":11.0,"turns":3.0},{"damage":0.0,"enemies":"Looter","floor":12.0,"turns":2.0},{"damage":1.0,"enemies":"Exordium Wildlife","floor":14.0,"turns":4.0},{"damage":29.0,"enemies":"The Guardian","floor":16.0,"turns":9.0},{"damage":6.0,"enemies":"Chosen","floor":18.0,"turns":4.0},{"damage":27.0,"enemies":"3 Byrds","floor":21.0,"turns":3.0},{"damage":34.0,"enemies":"Centurion and Healer","floor":22.0,"turns":5.0},{"damage":10.0,"enemies":"Gremlin Leader","floor":23.0,"turns":5.0},{"damage":0.0,"enemies":"Snecko","floor":25.0,"turns":3.0},{"damage":68.0,"enemies":"Book of Stabbing","floor":27.0,"turns":6.0},{"damage":0,"enemies":"3 Cultists","floor":28,"turns":4},{"damage":18,"enemies":"Gremlin Leader","floor":31,"turns":4},{"damage":50,"enemies":"Collector","floor":33,"turns":5}],"seed_played":"-4203414999947137850","potions_obtained":[{"floor":2.0,"key":"Poison Potion"},{"floor":11.0,"key":"Regen Potion"},{"floor":12.0,"key":"PowerPotion"},{"floor":16.0,"key":"Dexterity Potion"},{"floor":27.0,"key":"ColorlessPotion"}],"is_trial":false,"path_per_floor":["M","M","M","T","M","R","E","R","T","R","M","M","?","M","R","B",null,"M","$","?","M","M","E","R","M","T","E","M","$","R","E","R","B"],"character_chosen":"THE_SILENT","items_purchased":["The Specimen","Deadly Poison","Dagger Spray+1"],"campfire_rested":4,"item_purchase_floors":[19,19,29],"current_hp_per_floor":[63,63,63,73,68,68,50,50,50,74,74,74,79,78,78,49,76,70,70,70,43,49,39,64,64,78,10,10,10,39,21,50,0,0],"gold":50,"neow_bonus":"THREE_ENEMY_KILL","is_daily":false,"chose_seed":false,"campfire_upgraded":3,"win_rate":0.0,"timestamp":1613950103,"path_taken":["M","M","M","?","M","R","E","R","T","R","M","M","?","M","R","BOSS","M","$","?","?","M","E","R","M","T","E","M","$","R","E","R","BOSS"],"items_purchased_type":["Relic","Card","Card"],"build_version":"2020-12-22","purchased_purges":1,"victory":false,"max_hp_per_floor":[70,70,70,80,80,80,80,80,80,80,80,80,85,85,85,85,85,85,85,85,85,85,85,85,85,99,99,99,99,99,99,99,99,99],"relic_stats":{"counters":[18,68],"Mummified Hand":[25],"StoneCalendar":[0],"obtain_stats":[{"Pear":4,"NeowsBlessing":0,"The Specimen":19,"Mummified Hand":9,"Ninja Scroll":23,"SacredBark":17,"Mango":26,"Molten Egg 2":27,"StoneCalendar":31,"FossilizedHelix":7,"Ring of the Snake":0},{"Pear":3,"NeowsBlessing":0,"The Specimen":10,"Mummified Hand":5,"Ninja Scroll":13,"SacredBark":9,"Mango":14,"Molten Egg 2":15,"StoneCalendar":17,"FossilizedHelix":5,"Ring of the Snake":0},{"Pear":3,"NeowsBlessing":0,"The Specimen":33,"Mummified Hand":11,"Ninja Scroll":46,"SacredBark":29,"Mango":49,"Molten Egg 2":55,"StoneCalendar":63,"FossilizedHelix":11,"Ring of the Snake":0}],"Ring of the Snake":[36]},"card_choices":[{"not_picked":["Blade Dance","Acrobatics"],"picked":"Crippling Poison","floor":1.0},{"not_picked":["Calculated Gamble","Underhanded Strike"],"picked":"Bane","floor":2.0},{"not_picked":["Reflex","Tactician"],"picked":"Expertise","floor":3.0},{"not_picked":["Deflect","Escape Plan"],"picked":"Poisoned Stab","floor":5.0},{"not_picked":["Quick Slash","Setup"],"picked":"Well Laid Plans","floor":7.0},{"not_picked":["Flechettes","Deflect"],"picked":"Dagger Throw","floor":11.0},{"not_picked":["Flying Knee","Poisoned Stab"],"picked":"Acrobatics","floor":12.0},{"not_picked":["Blade Dance","Dash"],"picked":"Envenom","floor":14.0},{"not_picked":["Die Die Die","Doppelganger"],"picked":"Corpse Explosion","floor":16.0},{"not_picked":["Blur","Acrobatics"],"picked":"Accuracy+1","floor":18.0},{"not_picked":["Dodge and Roll+1","Reflex"],"picked":"Concentrate","floor":21.0},{"not_picked":["Setup","Deadly Poison"],"picked":"Terror","floor":22.0},{"not_picked":["Quick Slash+1","Grand Finale"],"picked":"Dash","floor":23.0},{"not_picked":["Footwork","Masterful Stab"],"picked":"Catalyst","floor":25.0},{"not_picked":["Deadly Poison","Acrobatics"],"picked":"Backflip","floor":27.0},{"not_picked":["Bane+1","Underhanded Strike+1","Masterful Stab+1"],"picked":"SKIP","floor":28},{"not_picked":["Sucker Punch+1","Finisher+1"],"picked":"Caltrops+1","floor":31}],"player_experience":774829,"relics_obtained":[{"floor":4.0,"key":"Pear"},{"floor":7.0,"key":"FossilizedHelix"},{"floor":9.0,"key":"Mummified Hand"},{"floor":23.0,"key":"Ninja Scroll"},{"floor":26.0,"key":"Mango"},{"floor":27.0,"key":"Molten Egg 2"},{"floor":31,"key":"StoneCalendar"}],"event_choices":[{"damage_healed":0.0,"max_hp_gain":5.0,"max_hp_loss":0.0,"gold_gain":0.0,"event_name":"Big Fish","player_choice":"Donut","floor":13.0,"gold_loss":0.0,"damage_taken":0.0},{"damage_healed":0.0,"max_hp_gain":0.0,"max_hp_loss":0.0,"gold_gain":0.0,"event_name":"Upgrade Shrine","player_choice":"Upgraded","floor":20.0,"gold_loss":0.0,"damage_taken":0.0,"cards_upgraded":["Deadly Poison"]}],"is_beta":false,"boss_relics":[{"not_picked":["SlaversCollar","Ectoplasm"],"picked":"SacredBark"}],"items_purged_floors":[29],"is_endless":false,"potions_floor_spawned":[2,11,12,16,18,21,27],"killed_by":"Collector","ascension_level":7}}