{"host":"g3js2eermvvpeiqn","time":1613886093,"event":{"mods":["BaseMod","DeckTracker","Downfall","Minty Spire (QoL Compilation)","Quick Restart","StSLib"],"gold_per_floor":[116,116,134,134,284,284,296,330,379,379,379,389,389,389,389,465,465,476,502,427,446,446,48,74,74,74,90,90,100,100,112,112,112,112],"floor_reached":33,"language":"ENG","playtime":1932,"items_purged":["Defend_B"],"score":526,"play_id":"701773ec-1135-4b63-be73-3f7ee7074eaf","local_time":"20210220234133","is_ascension_mode":true,"campfire_choices":[{"data":"Beam Cell","floor":6.0,"key":"SMITH"},{"floor":10.0,"key":"REST"},{"data":"Defragment","floor":13.0,"key":"SMITH"},{"data":"Zap","floor":15.0,"key":"SMITH"},{"data":"Biased Cognition","floor":30,"key":"SMITH"},{"data":"Double Energy","floor":32,"key":"SMITH"}],"circlet_count":0,"master_deck":["AscendersBane","Strike_B","Strike_B","Strike_B","Defend_B","Defend_B+1","Defend_B","Zap+1","Dualcast","Core Surge","Cold Snap","Beam Cell+1","Seek+1","Defragment+1","Biased Cognition+1","Skim","Coolheaded","Self Repair","Double Energy+1","Gash","Multi-Cast"],"relics":["Cracked Core","War Paint","Eternal Feather","Nuclear Battery","Red Mask","Lee\u0027s Waffle","Juzu Bracelet","Pear","Nloth\u0027s Gift"],"acts_visited":["Exordium","TheCity"],"potions_floor_usage":[27,29],"damage_taken":[{"damage":8.0,"enemies":"2 Louse","floor":1.0,"turns":3.0},{"damage":0.0,"enemies":"Cultist","floor":3.0,"turns":3.0},{"damage":5.0,"enemies":"Jaw Worm","floor":7.0,"turns":2.0},{"damage":42.0,"enemies":"Gremlin Nob","floor":8.0,"turns":4.0},{"damage":0.0,"enemies":"2 Fungi Beasts","floor":12.0,"turns":2.0},{"damage":50.0,"enemies":"Hexaghost","floor":16.0,"turns":13.0},{"damage":14.0,"enemies":"3 Byrds","floor":18.0,"turns":4.0},{"damage":28.0,"enemies":"Masked Bandits","floor":19.0,"turns":4.0},{"damage":0.0,"enemies":"Spheric Guardian","floor":21.0,"turns":3.0},{"damage":24.0,"enemies":"Slavers","floor":24.0,"turns":6.0},{"damage":17,"enemies":"Cultist and Chosen","floor":27,"turns":6},{"damage":20,"enemies":"Chosen and Byrds","floor":29,"turns":6},{"damage":6,"enemies":"Centurion and Healer","floor":31,"turns":8},{"damage":86,"enemies":"Automaton","floor":33,"turns":12}],"seed_played":"-6754586358940504954","potions_obtained":[{"floor":8.0,"key":"EssenceOfSteel"},{"floor":12.0,"key":"Regen Potion"},{"floor":16.0,"key":"Regen Potion"},{"floor":19.0,"key":"Explosive Potion"},{"floor":21.0,"key":"SpeedPotion"},{"floor":24.0,"key":"champ:CounterPotion"}],"is_trial":false,"path_per_floor":["M","?","M","$","?","R","M","E","T","R","?","M","R","T","R","B",null,"M","?","?","M","?","$","E","?","T","M","?","M","R","M","R","B"],"character_chosen":"DEFECT","items_purchased":["Lee\u0027s Waffle","Juzu Bracelet"],"campfire_rested":1,"item_purchase_floors":[23,23],"current_hp_per_floor":[56,56,56,56,56,56,51,9,9,30,30,30,30,30,39,4,54,40,24,24,24,38,78,71,71,71,61,61,48,60,61,73,0,0],"gold":112,"neow_bonus":"THREE_RARE_CARDS","is_daily":false,"chose_seed":false,"campfire_upgraded":5,"win_rate":0.0,"timestamp":1613886093,"path_taken":["M","?","?","$","?","R","M","E","T","R","?","M","R","?","R","BOSS","M","?","?","?","?","$","E","?","T","M","?","M","R","M","R","BOSS"],"items_purchased_type":["Relic","Relic"],"build_version":"2020-12-22","purchased_purges":1,"victory":false,"max_hp_per_floor":[71,71,71,71,71,71,71,71,71,71,71,71,71,71,71,71,71,71,71,71,71,71,78,88,88,88,88,88,88,88,88,88,88,88],"card_choices":[{"not_picked":["Reboot","Rainbow"],"picked":"Core Surge","floor":0.0},{"not_picked":["Go for the Eyes","FTL","Chaos"],"picked":"SKIP","floor":1.0},{"not_picked":["Rip and Tear","Compile Driver"],"picked":"Beam Cell","floor":3.0},{"not_picked":["Doom and Gloom","Hello World"],"picked":"Seek","floor":7.0},{"not_picked":["Barrage","Gash"],"picked":"Defragment","floor":8.0},{"not_picked":["Heatsinks","Rip and Tear","Sweeping Beam"],"picked":"SKIP","floor":12.0},{"not_picked":["Seek","Buffer"],"picked":"Biased Cognition","floor":16.0},{"not_picked":["Sweeping Beam","Hologram"],"picked":"Skim","floor":18.0},{"not_picked":["Fusion","Rip and Tear"],"picked":"Coolheaded","floor":19.0},{"not_picked":["Conserve Battery","Buffer"],"picked":"Self Repair","floor":21.0},{"not_picked":["Lockon","Steam Power"],"picked":"Double Energy","floor":24.0},{"not_picked":["BootSequence","Compile Driver","Redo+1"],"picked":"SKIP","floor":27},{"not_picked":["Doom and Gloom","Conserve Battery"],"picked":"Gash","floor":29},{"not_picked":["Conserve Battery","Compile Driver"],"picked":"Multi-Cast","floor":31}],"player_experience":1527898,"relics_obtained":[{"floor":8.0,"key":"Centennial Puzzle"},{"floor":9.0,"key":"War Paint"},{"floor":14.0,"key":"Eternal Feather"},{"floor":19.0,"key":"Red Mask"},{"floor":24.0,"key":"Pear"}],"event_choices":[{"damage_healed":0.0,"max_hp_gain":0.0,"max_hp_loss":0.0,"gold_gain":0.0,"cards_transformed":["Strike_B"],"event_name":"Transmorgrifier","player_choice":"Transformed","floor":2.0,"gold_loss":0.0,"damage_taken":0.0,"cards_obtained":["Cold Snap"]},{"damage_healed":0.0,"max_hp_gain":0.0,"max_hp_loss":0.0,"gold_gain":150.0,"event_name":"Liars Game","player_choice":"AGREE","floor":5.0,"gold_loss":0.0,"damage_taken":0.0,"cards_obtained":["Doubt"]},{"cards_removed":["Doubt"],"damage_healed":0.0,"max_hp_gain":0.0,"max_hp_loss":0.0,"gold_gain":0.0,"event_name":"Living Wall","player_choice":"Forget","floor":11.0,"gold_loss":0.0,"damage_taken":0.0},{"damage_healed":0.0,"max_hp_gain":0.0,"max_hp_loss":0.0,"gold_gain":0.0,"event_name":"Masked Bandits","player_choice":"Fought Bandits","floor":19.0,"gold_loss":0.0,"damage_taken":0.0},{"cards_removed":["Decay"],"damage_healed":0.0,"max_hp_gain":0.0,"max_hp_loss":0.0,"gold_gain":0.0,"event_name":"Beggar","player_choice":"Gave Gold","floor":20.0,"gold_loss":75.0,"damage_taken":0.0},{"damage_healed":14.0,"max_hp_gain":0.0,"max_hp_loss":0.0,"gold_gain":0.0,"event_name":"The Library","player_choice":"Heal","floor":22.0,"gold_loss":0.0,"damage_taken":0.0},{"damage_healed":0.0,"max_hp_gain":0.0,"max_hp_loss":0.0,"gold_gain":0.0,"event_name":"The Mausoleum","player_choice":"Ignored","floor":25.0,"gold_loss":0.0,"damage_taken":0.0},{"damage_healed":0,"gold_gain":0,"player_choice":"Traded Relic","damage_taken":0,"relics_obtained":["Nloth\u0027s Gift"],"max_hp_gain":0,"max_hp_loss":0,"event_name":"N\u0027loth","floor":28,"relics_lost":["Centennial Puzzle"],"gold_loss":0}],"is_beta":false,"boss_relics":[{"not_picked":["Cursed Key","Empty Cage"],"picked":"Nuclear Battery"}],"items_purged_floors":[23],"is_endless":false,"potions_floor_spawned":[8,12,16,19,21,24],"killed_by":"Automaton","ascension_level":20}}