{"host":"lnfs5t5iydkm2lft","time":1613951851,"event":{"mods":["AchievementEnabler","Aspiration","BaseMod","Better Third Choice","BetterRewards","Colored Powertips","Downfall","Hermit","Hubris","Infinite Spire","Marisa????????","Minty Spire (QoL Compilation)","Quick Restart","Reliquary","Replay The Spire","StSLib","The Runesmith","TheBandit","everything is the same but u backflip on backflip"],"gold_per_floor":[368,83,83,96,108,108,138,148,175,193,193,193,193],"floor_reached":12,"language":"ENG","playtime":320,"items_purged":["CommonCold"],"score":96,"play_id":"2cb2425b-5387-4595-9b84-8c38d69ad528","local_time":"20210221175731","is_ascension_mode":true,"campfire_choices":[{"data":"Consume","floor":6,"key":"SMITH"}],"circlet_count":0,"master_deck":["Strike_B","Strike_B","Strike_B","Strike_B","Defend_B","Defend_B","Defend_B","Defend_B","Zap","Dualcast","Consume+1","Leap+1","Discovery+1","Doom and Gloom","Capacitor","Heatsinks"],"relics":["Cracked Core","ReplayTheSpireMod:Lightbulb","hubris:Towel"],"acts_visited":["Exordium"],"potions_floor_usage":[12,12],"damage_taken":[{"damage":4,"enemies":"2 Louse","floor":1,"turns":3},{"damage":5,"enemies":"Small Slimes","floor":4,"turns":3},{"damage":0,"enemies":"Jaw Worm","floor":5,"turns":2},{"damage":23,"enemies":"Gremlin Nob","floor":7,"turns":4},{"damage":2,"enemies":"3 Louse","floor":8,"turns":2},{"damage":16,"enemies":"Looter","floor":10,"turns":4},{"damage":30,"enemies":"3 Sentries","floor":12,"turns":4}],"seed_played":"2615345152384328809","potions_obtained":[{"floor":4,"key":"Swift Potion"},{"floor":10,"key":"Adrenaline Potion"}],"is_trial":false,"path_per_floor":["M","$","?","M","M","R","E","M","T","M","?","E"],"character_chosen":"DEFECT","items_purchased":["Leap+1","Discovery","Doom and Gloom"],"campfire_rested":0,"item_purchase_floors":[2,2,2],"current_hp_per_floor":[71,71,71,66,66,66,43,41,41,25,25,0,0],"gold":193,"neow_bonus":"TWO_FIFTY_GOLD","is_daily":false,"chose_seed":false,"campfire_upgraded":1,"win_rate":0.0,"timestamp":1613951851,"path_taken":["M","$","?","M","M","R","E","M","T","M","?","E"],"items_purchased_type":["Card","Card","Card"],"build_version":"2020-12-22","purchased_purges":1,"victory":false,"max_hp_per_floor":[75,75,75,75,75,75,75,75,75,75,75,75,75],"card_choices":[{"not_picked":["Coolheaded","Sweeping Beam"],"picked":"Consume","floor":1},{"not_picked":["Barrage","Streamline","Turbo"],"picked":"SKIP","floor":4},{"not_picked":["Consume","ReplayTheSpireMod:Reroute Power","BasicCrystalCard"],"picked":"SKIP","floor":5},{"not_picked":["ReplaySort","Ball Lightning"],"picked":"Capacitor","floor":7},{"not_picked":["Cold Snap","Rebound"],"picked":"Heatsinks","floor":8},{"not_picked":["Compile Driver","ReplayTheSpireMod:Reroute Power","Go for the Eyes"],"picked":"SKIP","floor":10}],"player_experience":423889,"relics_obtained":[{"floor":7,"key":"ReplayTheSpireMod:Lightbulb"}],"event_choices":[],"is_beta":false,"boss_relics":[],"items_purged_floors":[2],"is_endless":false,"potions_floor_spawned":[4,10],"killed_by":"3 Sentries","ascension_level":4}}