{"host":"3po7ngt2j61s4rmj","time":1613951050,"event":{"mods":["BaseMod","Hermit","Minty Spire (QoL Compilation)","Relic Stats","Shade Mod","StSLib","The Cursed","The Jungle"],"gold_per_floor":[112,126,143,218,235,235,268,268,291,291,302,302,328,338,338,338,338],"floor_reached":16,"language":"ENG","playtime":1011,"items_purged":[],"score":252,"play_id":"b76037ee-1c0b-4c92-85df-bade8d8290f1","local_time":"20210221164410","is_ascension_mode":true,"campfire_choices":[{"data":"hermit:FlashPowder","floor":6,"key":"SMITH"},{"data":"hermit:TakeCover","floor":10,"key":"SMITH"},{"data":"hermit:Showdown","floor":12,"key":"SMITH"},{"data":"hermit:Vantage","floor":15,"key":"SMITH"}],"circlet_count":0,"master_deck":["hermit:Strike_Hermit","hermit:Strike_Hermit","hermit:Strike_Hermit","hermit:Strike_Hermit","hermit:Defend_Hermit","hermit:Defend_Hermit","hermit:Defend_Hermit","hermit:Defend_Hermit","hermit:Snapshot","hermit:Covet","hermit:FlashPowder+1","hermit:TakeCover+1","hermit:Shortfuse","hermit:Showdown+1","hermit:Snipe","hermit:Vantage+1","hermit:DeadOrAlive"],"relics":["SacredBark","Centennial Puzzle","CultistMask","Tiny Chest","Regal Pillow"],"acts_visited":["Exordium"],"potions_floor_usage":[5,7,7,7,7,7,7,13,13],"damage_taken":[{"damage":1,"enemies":"Cultist","floor":1,"turns":4},{"damage":0,"enemies":"2 Louse","floor":2,"turns":2},{"damage":1,"enemies":"Small Slimes","floor":3,"turns":7},{"damage":15,"enemies":"Gremlin Gang","floor":5,"turns":5},{"damage":0,"enemies":"Gremlin Nob","floor":7,"turns":3},{"damage":1,"enemies":"Blue Slaver","floor":11,"turns":4},{"damage":0,"enemies":"Lagavulin","floor":13,"turns":4},{"damage":0,"enemies":"Large Slime","floor":14,"turns":6},{"damage":45,"enemies":"Slime Boss","floor":16,"turns":6}],"seed_played":"7862739852838514406","potions_obtained":[{"floor":1,"key":"EntropicBrew"},{"floor":3,"key":"Block Potion"},{"floor":5,"key":"EntropicBrew"},{"floor":7,"key":"PowerPotion"}],"is_trial":false,"path_per_floor":["M","M","M","?","M","R","E","?","T","R","M","R","E","M","R","B"],"character_chosen":"HERMIT","items_purchased":[],"campfire_rested":0,"item_purchase_floors":[],"current_hp_per_floor":[67,67,66,55,40,40,40,40,40,40,39,39,39,39,39,0,0],"gold":338,"neow_bonus":"BOSS_RELIC","is_daily":false,"chose_seed":false,"campfire_upgraded":4,"win_rate":0.0,"timestamp":1613951050,"path_taken":["M","M","?","?","M","R","E","?","T","R","?","R","E","M","R","BOSS"],"items_purchased_type":[],"build_version":"2020-12-22","purchased_purges":0,"victory":false,"max_hp_per_floor":[75,75,75,75,75,75,75,75,75,75,75,75,75,75,75,75,75],"relic_stats":{"Centennial Puzzle":[6],"Regal Pillow":0,"counters":[9,41],"Tiny Chest":0,"obtain_stats":[{"Centennial Puzzle":7,"Regal Pillow":13,"SacredBark":0,"Tiny Chest":9,"CultistMask":8,"hermit:Momento":0},{"Centennial Puzzle":5,"Regal Pillow":7,"SacredBark":0,"Tiny Chest":5,"CultistMask":5,"hermit:Momento":0},{"Centennial Puzzle":21,"Regal Pillow":29,"SacredBark":0,"Tiny Chest":21,"CultistMask":21,"hermit:Momento":0}]},"card_choices":[{"not_picked":["hermit:Horror","hermit:Glare"],"picked":"hermit:FlashPowder","floor":1},{"not_picked":["hermit:Desperado","hermit:FlashPowder"],"picked":"hermit:TakeCover","floor":2},{"not_picked":["hermit:LowProfile","hermit:Malice"],"picked":"hermit:Shortfuse","floor":3},{"not_picked":["hermit:Ricochet","hermit:Glare"],"picked":"hermit:Showdown","floor":5},{"not_picked":["hermit:Ricochet","hermit:Desperado"],"picked":"hermit:Snipe","floor":7},{"not_picked":["hermit:Coalescence","hermit:BodyArmor","hermit:DeadMansHand"],"picked":"SKIP","floor":11},{"not_picked":["hermit:ItchyTrigger","hermit:Virtue"],"picked":"hermit:Vantage","floor":13},{"not_picked":["hermit:Snipe","hermit:Roulette"],"picked":"hermit:DeadOrAlive","floor":14}],"player_experience":1265717,"relics_obtained":[{"floor":7,"key":"Centennial Puzzle"},{"floor":9,"key":"Tiny Chest"},{"floor":13,"key":"Regal Pillow"}],"event_choices":[{"damage_healed":0,"gold_gain":75,"player_choice":"Gather Gold","damage_taken":11,"max_hp_gain":0,"max_hp_loss":0,"event_name":"World of Goop","floor":4,"gold_loss":0},{"damage_healed":0,"gold_gain":0,"player_choice":"Trade","damage_taken":0,"relics_obtained":["CultistMask"],"max_hp_gain":0,"max_hp_loss":0,"event_name":"FaceTrader","floor":8,"gold_loss":0}],"is_beta":false,"boss_relics":[],"items_purged_floors":[],"is_endless":false,"potions_floor_spawned":[1,3,5,7],"killed_by":"Slime Boss","ascension_level":7}}