{"host":"l2dnabsh5e0fsksb","time":1613883718,"event":{"mods":["2.2 Compatiblity","BaseMod","Downfall","Minty Spire (QoL Compilation)","Quick Restart","StSLib"],"gold_per_floor":[99,115,128,142,127,227,254,333,133,143,153,178,192,218,237,237,237,237],"floor_reached":16,"language":"ENG","playtime":858,"items_purged":[],"score":177,"play_id":"b3a9ba70-1887-47be-8830-54a9a0fca9ec","local_time":"20210221153158","is_ascension_mode":true,"campfire_choices":[{"floor":1,"key":"RECALL"},{"data":"hexamod:WildfireWeapon","floor":9,"key":"SMITH"}],"circlet_count":0,"master_deck":["AscendersBane","hexamod:Strike","hexamod:Strike","hexamod:Strike","hexamod:Strike","hexamod:Defend","hexamod:Defend","hexamod:Defend","hexamod:Defend","hexamod:Sear","hexamod:Float","hexamod:SkipABeat","hexamod:GhostOfSpirePast","hexamod:BurningTouch","hexamod:WildfireWeapon+1","hexamod:StepThrough","hexamod:ThermalTransfer","hexamod:FlamesFromBeyond+1","hexamod:GhostflameBarrier+1","hexamod:Hexaguard+1"],"relics":["hexamod:SpiritBrand","Omamori","hexamod:BolsterEngine","downfall:HeartBlessingBlue","downfall:HeartBlessingRed","Toxic Egg 2","Pocketwatch"],"acts_visited":["Exordium"],"potions_floor_usage":[12,14,15],"damage_taken":[{"damage":0,"enemies":"Cultist","floor":2,"turns":3},{"damage":7,"enemies":"Jaw Worm","floor":3,"turns":3},{"damage":3,"enemies":"Small Slimes","floor":4,"turns":3},{"damage":0,"enemies":"downfall:FleeingMerchant","floor":5,"turns":4},{"damage":4,"enemies":"downfall:LooterAlt","floor":10,"turns":4},{"damage":22,"enemies":"Exordium Thugs","floor":11,"turns":5},{"damage":16,"enemies":"3 Sentries","floor":12,"turns":6},{"damage":3,"enemies":"3 Louse","floor":13,"turns":3},{"damage":15,"enemies":"Lagavulin","floor":14,"turns":6},{"damage":11,"enemies":"Gremlin Gang","floor":15,"turns":4},{"damage":9,"enemies":"DF_ARCHETYPE_STREAMLINE","floor":16,"turns":3}],"seed_played":"-1686305598609742962","potions_obtained":[{"floor":2,"key":"SteroidPotion"},{"floor":4,"key":"DistilledChaos"},{"floor":14,"key":"Regen Potion"}],"is_trial":false,"path_per_floor":["R","M","M","M","$","?","T","T","R","M","M","E","M","E","M","B"],"character_chosen":"THE_SPIRIT","items_purchased":[],"campfire_rested":0,"item_purchase_floors":[],"current_hp_per_floor":[63,63,56,53,53,53,53,53,63,59,37,21,18,3,6,0,0,0],"gold":237,"neow_bonus":"RANDOM_COMMON_RELIC","is_daily":false,"chose_seed":false,"campfire_upgraded":1,"win_rate":0.0,"timestamp":1613883718,"path_taken":["R","M","?","M","?","?","T","?","R","?","M","E","M","E","M","BOSS"],"items_purchased_type":[],"build_version":"2020-12-22","purchased_purges":0,"victory":false,"max_hp_per_floor":[70,70,70,70,70,70,70,70,80,80,80,80,80,80,80,80,80,80],"card_choices":[{"not_picked":["hexamod:AdvancingGuard","hexamod:GhostOfSpirePast"],"picked":"hexamod:SkipABeat","floor":2},{"not_picked":["hexamod:GhostLash","hexamod:BurningTouch"],"picked":"hexamod:GhostOfSpirePast","floor":3},{"not_picked":["hexamod:FastForward","hexamod:SuperheatedStrike"],"picked":"hexamod:BurningTouch","floor":4},{"not_picked":["hexamod:PhantomFireball","hexamod:Again"],"picked":"hexamod:WildfireWeapon","floor":5},{"not_picked":["hexamod:FourthSeal","hexamod:BacktrackSmack"],"picked":"hexamod:StepThrough","floor":10},{"not_picked":["hexamod:SwordOfDarkness","hexamod:ThirdSeal"],"picked":"hexamod:ThermalTransfer","floor":11},{"not_picked":["hexamod:PowerFromBeyond+1","hexamod:NightmareGuise+1"],"picked":"hexamod:FlamesFromBeyond+1","floor":12},{"not_picked":["hexamod:PhantomFireball","hexamod:GhostOfSpirePast","hexamod:BacktrackSmack"],"picked":"SKIP","floor":13},{"not_picked":["hexamod:BacktrackSmack","hexamod:SwordOfDarkness"],"picked":"hexamod:GhostflameBarrier+1","floor":14},{"not_picked":["hexamod:HeatMetal","hexamod:InspiringFlames+1"],"picked":"hexamod:Hexaguard+1","floor":15}],"player_experience":1959151,"relics_obtained":[{"floor":7,"key":"hexamod:BolsterEngine"},{"floor":12,"key":"Toxic Egg 2"},{"floor":14,"key":"Pocketwatch"}],"event_choices":[],"is_beta":false,"boss_relics":[],"items_purged_floors":[],"is_endless":false,"potions_floor_spawned":[2,4,14],"killed_by":"DF_ARCHETYPE_STREAMLINE","ascension_level":11}}