{"host":"vx488ommchhibo3k","time":1613895366,"event":{"mods":["BaseMod","BetterRewards","Colored Map","Colored Powertips","Highlight Path","Minty Spire (QoL Compilation)","Quick Restart","Rare Cards Sparkle","Shop Mod","StSLib","SuperFastMode"],"gold_per_floor":[109,30,42,61,361,361,395,412,491,510,527,539,550,580,580,679,679,691,707,358,369,369,397,78,78,133,158,258,274,287,287,287,287,287],"floor_reached":33,"language":"JPN","playtime":2063,"items_purged":[],"score":366,"play_id":"71ce2866-e133-4d8e-9741-f0cbe20a8c21","local_time":"20210221171606","is_ascension_mode":true,"campfire_choices":[{"data":"Seeing Red","floor":6,"key":"SMITH"},{"data":"Bash","floor":15,"key":"SMITH"},{"floor":25,"key":"RECALL"},{"data":"Offering","floor":32,"key":"SMITH"}],"circlet_count":0,"master_deck":["Bash+1","Pommel Strike","Seeing Red+1","Twin Strike","Battle Trance","Spot Weakness","Inflame+1","Power Through","Combust+1","Feel No Pain+1","Ghostly Armor","Barricade+1","Heavy Blade","Pommel Strike","Shrug It Off","Corruption+1","Dropkick","Body Slam","Second Wind","Immolate","Brutality+1","Infernal Blade","Power Through","Shrug It Off","Inflame+1","Havoc+1","Twin Strike+1","Fire Breathing+1","Heavy Blade","Dramatic Entrance","Headbutt+1","Burning Pact+1","Uppercut","Offering+1","Shrug It Off+1","Sentinel","Disarm"],"relics":["Burning Blood","Unceasing Top","Frozen Egg 2","MerchantsRug","Bag of Preparation","HandDrill","Toy Ornithopter","Potion Belt","Lantern","Red Skull","Juzu Bracelet","Girya","InkBottle"],"acts_visited":["Exordium","TheCity"],"potions_floor_usage":[16,16,28,28,33,33,33],"damage_taken":[{"damage":1,"enemies":"Jaw Worm","floor":1,"turns":4},{"damage":0,"enemies":"Cultist","floor":3,"turns":3},{"damage":11,"enemies":"2 Louse","floor":4,"turns":3},{"damage":31,"enemies":"Lagavulin","floor":7,"turns":9},{"damage":5,"enemies":"Looter","floor":8,"turns":3},{"damage":6,"enemies":"3 Louse","floor":10,"turns":4},{"damage":1,"enemies":"2 Fungi Beasts","floor":11,"turns":4},{"damage":6,"enemies":"Looter","floor":12,"turns":4},{"damage":9,"enemies":"Blue Slaver","floor":13,"turns":2},{"damage":27,"enemies":"Gremlin Nob","floor":14,"turns":4},{"damage":8,"enemies":"The Guardian","floor":16,"turns":8},{"damage":8,"enemies":"Spheric Guardian","floor":18,"turns":6},{"damage":7,"enemies":"3 Byrds","floor":19,"turns":3},{"damage":13,"enemies":"Snake Plant","floor":21,"turns":5},{"damage":5,"enemies":"Book of Stabbing","floor":23,"turns":5},{"damage":28,"enemies":"Slavers","floor":27,"turns":4},{"damage":15,"enemies":"Colosseum Slavers","floor":28,"turns":2},{"damage":6,"enemies":"Colosseum Nobs","floor":28,"turns":3},{"damage":1,"enemies":"Snecko","floor":29,"turns":2},{"damage":7,"enemies":"Cultist and Chosen","floor":30,"turns":2},{"damage":66,"enemies":"Automaton","floor":33,"turns":6}],"seed_played":"-3451379187410602069","potions_obtained":[{"floor":4,"key":"FearPotion"},{"floor":7,"key":"Swift Potion"},{"floor":8,"key":"DuplicationPotion"},{"floor":10,"key":"Energy Potion"},{"floor":16,"key":"AttackPotion"},{"floor":18,"key":"EssenceOfSteel"},{"floor":27,"key":"BlessingOfTheForge"},{"floor":28,"key":"LiquidMemories"},{"floor":29,"key":"Dexterity Potion"}],"is_trial":false,"path_per_floor":["M","$","M","M","?","R","E","M","T","M","M","M","M","E","R","B",null,"M","M","$","M","?","E","$","R","T","E","?","M","M","?","R","B"],"character_chosen":"IRONCLAD","items_purchased":["Frozen Egg 2","Strawberry","MerchantsRug","Pommel Strike","Seeing Red","Battle Trance","Spot Weakness","HandDrill","Toy Ornithopter","Fire Breathing+1","Heavy Blade","Dramatic Entrance","Potion Belt","Lantern","Uppercut"],"campfire_rested":0,"item_purchase_floors":[0,0,0,0,0,2,2,20,20,20,20,20,24,24,24],"current_hp_per_floor":[56,56,62,57,57,57,32,33,33,33,38,38,35,14,14,12,87,85,84,84,77,60,61,61,61,61,39,40,45,44,44,44,0,0],"gold":287,"neow_bonus":"","is_daily":false,"chose_seed":false,"campfire_upgraded":3,"win_rate":0.0,"timestamp":1613895366,"path_taken":["M","$","M","M","?","R","E","M","T","?","M","?","M","E","R","BOSS","M","M","$","M","?","E","$","R","T","E","?","M","M","?","R","BOSS"],"items_purchased_type":["Relic","Relic","Relic","Card","Card","Card","Card","Relic","Relic","Card","Card","Card","Relic","Relic","Card"],"build_version":"2020-12-22","purchased_purges":0,"victory":false,"max_hp_per_floor":[87,87,87,87,87,87,87,87,87,87,87,87,87,87,87,87,87,87,87,87,87,92,92,92,92,92,92,92,92,92,92,92,92,92],"card_choices":[{"not_picked":["Sword Boomerang","Metallicize+1"],"picked":"Twin Strike","floor":1},{"not_picked":["Heavy Blade","Warcry"],"picked":"Inflame+1","floor":3},{"not_picked":["Havoc","Sword Boomerang"],"picked":"Power Through","floor":4},{"not_picked":["Headbutt","Cleave"],"picked":"Combust+1","floor":7},{"not_picked":["Sword Boomerang","Bloodletting"],"picked":"Feel No Pain+1","floor":8},{"not_picked":["Rage","Battle Trance"],"picked":"Ghostly Armor","floor":10},{"not_picked":["Sentinel","Pummel"],"picked":"Barricade+1","floor":11},{"not_picked":["Rage","Shrug It Off"],"picked":"Heavy Blade","floor":12},{"not_picked":["Sword Boomerang","Warcry"],"picked":"Pommel Strike","floor":13},{"not_picked":["Metallicize+1","Inflame+1"],"picked":"Shrug It Off","floor":14},{"not_picked":["Limit Break","Offering"],"picked":"Corruption+1","floor":16},{"not_picked":["Fire Breathing+1","Headbutt"],"picked":"Havoc+1","floor":18},{"not_picked":["Wild Strike+1","Bloodletting"],"picked":"Twin Strike+1","floor":19},{"not_picked":["Cleave","Flex"],"picked":"Headbutt+1","floor":21},{"not_picked":["Reckless Charge+1","Armaments"],"picked":"Burning Pact+1","floor":23},{"not_picked":["Berserk+1","Second Wind"],"picked":"Offering","floor":27},{"not_picked":["Anger+1","Cleave"],"picked":"Shrug It Off+1","floor":28},{"not_picked":["Fire Breathing+1","Dual Wield"],"picked":"Sentinel","floor":29},{"not_picked":["Blood for Blood","Clash"],"picked":"Disarm","floor":30}],"player_experience":148864,"relics_obtained":[{"floor":5,"key":"Old Coin"},{"floor":7,"key":"Art of War"},{"floor":14,"key":"Bag of Preparation"},{"floor":23,"key":"MawBank"},{"floor":26,"key":"Red Skull"},{"floor":27,"key":"Juzu Bracelet"},{"floor":28,"key":"Girya"},{"floor":28,"key":"InkBottle"}],"event_choices":[{"damage_healed":0,"gold_gain":0,"player_choice":"Relic","damage_taken":0,"max_hp_gain":0,"max_hp_loss":0,"event_name":"Wheel of Change","floor":5,"gold_loss":0},{"damage_healed":0,"gold_gain":0,"player_choice":"Shed Blood","damage_taken":22,"max_hp_gain":5,"max_hp_loss":0,"event_name":"Forgotten Altar","floor":22,"gold_loss":0},{"damage_healed":0,"gold_gain":0,"player_choice":"Fight","damage_taken":0,"max_hp_gain":0,"max_hp_loss":0,"event_name":"Colosseum","floor":28,"gold_loss":0},{"damage_healed":0,"gold_gain":0,"player_choice":"Fought Nobs","damage_taken":0,"max_hp_gain":0,"max_hp_loss":0,"event_name":"Colosseum","floor":28,"gold_loss":0},{"damage_healed":0,"gold_gain":0,"player_choice":"Ignored","damage_taken":0,"max_hp_gain":0,"max_hp_loss":0,"event_name":"Ghosts","floor":31,"gold_loss":0}],"is_beta":false,"boss_relics":[{"not_picked":["Sozu","Mark of Pain"],"picked":"Pandora\u0027s Box"}],"items_purged_floors":[],"is_endless":false,"potions_floor_spawned":[4,7,8,10,12,16,18,27,28,28,29],"killed_by":"Automaton","ascension_level":1}}