{"host":"4ds1zdmwd19pifst","time":1613870851,"event":{"mods":["BaseMod","Highlight Path","Minty Spire (QoL Compilation)","Permanent Neow","Relic Sorter","StSLib","Synergy Search"],"gold_per_floor":[111,111,34,44,44,44,72,72,99,118,136,136,152,152,152],"floor_reached":14,"language":"ENG","playtime":425,"items_purged":[],"score":99,"play_id":"f5b36c3e-623c-46a8-9344-50fefa333912","local_time":"20210220172731","is_ascension_mode":true,"campfire_choices":[{"data":"Darkness","floor":6,"key":"SMITH"},{"floor":12,"key":"REST"}],"circlet_count":0,"master_deck":["Strike_B","Strike_B","Strike_B","Strike_B","Defend_B","Defend_B","Defend_B","Defend_B","Zap","Dualcast","Darkness+1","Loop","Rebound","Hologram","Darkness","Stack","Seek"],"relics":["Inserter","CultistMask","Symbiotic Virus","Pantograph","Vajra"],"acts_visited":["Exordium"],"potions_floor_usage":[7,14,14],"damage_taken":[{"damage":8,"enemies":"Jaw Worm","floor":1,"turns":4},{"damage":4,"enemies":"2 Louse","floor":4,"turns":2},{"damage":17,"enemies":"Gremlin Nob","floor":7,"turns":4},{"damage":8,"enemies":"Cultist","floor":10,"turns":4},{"damage":18,"enemies":"Large Slime","floor":11,"turns":4},{"damage":33,"enemies":"2 Fungi Beasts","floor":13,"turns":6},{"damage":4,"enemies":"3 Sentries","floor":14,"turns":3}],"seed_played":"3585628420112206","potions_obtained":[{"floor":1,"key":"SkillPotion"},{"floor":11,"key":"PowerPotion"},{"floor":13,"key":"Weak Potion"}],"is_trial":false,"path_per_floor":["M","?","$","M","?","R","E","?","T","M","M","R","M","E"],"character_chosen":"DEFECT","items_purchased":["Loop"],"campfire_rested":1,"item_purchase_floors":[3],"current_hp_per_floor":[67,34,34,30,55,55,38,38,38,30,12,34,1,0,0],"gold":152,"neow_bonus":"BOSS_RELIC","is_daily":false,"chose_seed":false,"campfire_upgraded":1,"win_rate":0.0,"timestamp":1613870851,"path_taken":["M","?","$","M","?","R","E","?","T","?","M","R","M","E"],"items_purchased_type":["Card"],"build_version":"2020-12-22","purchased_purges":0,"victory":false,"max_hp_per_floor":[75,75,75,75,75,75,75,75,75,75,75,75,75,75,75],"card_choices":[{"not_picked":["Cold Snap","Consume"],"picked":"Darkness","floor":1},{"not_picked":["Scrape","Aggregate"],"picked":"Rebound","floor":4},{"not_picked":["Cold Snap","Fusion"],"picked":"Hologram","floor":7},{"not_picked":["Go for the Eyes","Turbo"],"picked":"Darkness","floor":10},{"not_picked":["Cold Snap","Force Field"],"picked":"Stack","floor":11},{"not_picked":["Coolheaded","White Noise"],"picked":"Seek","floor":13}],"player_experience":76449,"relics_obtained":[{"floor":7,"key":"Pantograph"},{"floor":9,"key":"Vajra"}],"event_choices":[{"damage_healed":0,"gold_gain":0,"player_choice":"Success","damage_taken":33,"relics_obtained":["Symbiotic Virus"],"max_hp_gain":0,"max_hp_loss":0,"event_name":"Scrap Ooze","floor":2,"gold_loss":0},{"damage_healed":25,"gold_gain":0,"player_choice":"Banana","damage_taken":0,"max_hp_gain":0,"max_hp_loss":0,"event_name":"Big Fish","floor":5,"gold_loss":0},{"damage_healed":0,"gold_gain":0,"player_choice":"Trade","damage_taken":0,"relics_obtained":["CultistMask"],"max_hp_gain":0,"max_hp_loss":0,"event_name":"FaceTrader","floor":8,"gold_loss":0}],"is_beta":false,"boss_relics":[],"items_purged_floors":[],"is_endless":false,"potions_floor_spawned":[1,11,13],"killed_by":"3 Sentries","ascension_level":2}}