{"host":"2se5dq1do2gp0x9k","time":1613893982,"event":{"mods":["AchievementEnabler","BaseMod","Block Reminder","Colored Map","Colored Powertips","Minty Spire (QoL Compilation)","Relic Stats","StSLib","SuperFastMode"],"gold_per_floor":[111,33,33,33,51,79,95,95,95,95,124,124,137,156,156,227,227,244,169,184,258,6,36,36,36,36],"floor_reached":25,"language":"ENG","playtime":608,"items_purged":[],"score":508,"play_id":"b8b6ae5f-18cd-4af1-9714-5d1fd3fb21ca","local_time":"20210220235302","is_ascension_mode":true,"campfire_choices":[{"data":"Dagger Spray","floor":10,"key":"SMITH"},{"data":"Noxious Fumes","floor":12,"key":"SMITH"},{"data":"Predator","floor":15,"key":"SMITH"},{"data":"Tactician","floor":24,"key":"SMITH"}],"circlet_count":0,"master_deck":["AscendersBane","Strike_G","Strike_G","Strike_G","Defend_G","Defend_G","Defend_G","Defend_G","Defend_G","Survivor","Neutralize","Predator+1","Noxious Fumes+1","Dagger Spray+1","Dagger Spray+1","Burst","Dagger Spray","Acrobatics","Envenom","CurseOfTheBell","Prepared","Deflect","Footwork","Tactician+1"],"relics":["Ring of the Snake","NeowsBlessing","Peace Pipe","Pantograph","Ginger","Calling Bell","Akabeko","Darkstone Periapt","Du-Vu Doll","White Beast Statue","Lee\u0027s Waffle","Anchor"],"acts_visited":["Exordium","TheCity"],"potions_floor_usage":[11,16,16,20],"damage_taken":[{"damage":0,"enemies":"Jaw Worm","floor":1,"turns":1},{"damage":0,"enemies":"2 Louse","floor":5,"turns":1},{"damage":0,"enemies":"Gremlin Nob","floor":6,"turns":1},{"damage":9,"enemies":"Small Slimes","floor":7,"turns":2},{"damage":10,"enemies":"3 Sentries","floor":11,"turns":4},{"damage":0,"enemies":"3 Louse","floor":13,"turns":1},{"damage":5,"enemies":"Exordium Thugs","floor":14,"turns":5},{"damage":57,"enemies":"Hexaghost","floor":16,"turns":10},{"damage":47,"enemies":"Spheric Guardian","floor":18,"turns":8},{"damage":2,"enemies":"3 Byrds","floor":20,"turns":3},{"damage":42,"enemies":"Gremlin Leader","floor":23,"turns":6},{"damage":44,"enemies":"Book of Stabbing","floor":25,"turns":4}],"seed_played":"-3924434153926383153","potions_obtained":[{"floor":6,"key":"CultistPotion"},{"floor":7,"key":"Fruit Juice"},{"floor":11,"key":"AttackPotion"},{"floor":18,"key":"Weak Potion"},{"floor":23,"key":"Energy Potion"}],"is_trial":false,"path_per_floor":["M","$","?","?","M","E","M","?","T","R","E","R","M","M","R","B",null,"M","?","M","T","$","E","R","E"],"character_chosen":"THE_SILENT","items_purchased":["Noxious Fumes","Footwork","Lee\u0027s Waffle"],"campfire_rested":0,"item_purchase_floors":[2,22,22],"current_hp_per_floor":[59,59,52,57,57,57,48,48,48,48,43,43,43,38,38,6,59,12,12,10,10,83,41,41,0,0],"gold":36,"neow_bonus":"THREE_ENEMY_KILL","is_daily":false,"chose_seed":false,"campfire_upgraded":4,"win_rate":0.0,"timestamp":1613893982,"path_taken":["M","$","?","?","M","E","M","?","T","R","E","R","M","M","R","BOSS","M","?","M","?","$","E","R","E"],"items_purchased_type":["Card","Card","Relic"],"build_version":"2020-12-22","purchased_purges":0,"victory":false,"max_hp_per_floor":[66,66,66,71,71,71,71,71,71,71,76,76,76,76,76,76,76,76,76,76,76,83,83,83,83,83],"relic_stats":{"Peace Pipe":0,"Darkstone Periapt":0,"Lee\u0027s Waffle":73,"counters":[12,46],"Pantograph":25,"Ginger":[0],"obtain_stats":[{"Peace Pipe":6,"Calling Bell":17,"Darkstone Periapt":17,"Du-Vu Doll":17,"Lee\u0027s Waffle":22,"Anchor":23,"NeowsBlessing":0,"Pantograph":9,"Ginger":11,"Akabeko":17,"White Beast Statue":21,"Ring of the Snake":0},{"Peace Pipe":3,"Calling Bell":8,"Darkstone Periapt":8,"Du-Vu Doll":8,"Lee\u0027s Waffle":10,"Anchor":11,"NeowsBlessing":0,"Pantograph":4,"Ginger":5,"Akabeko":8,"White Beast Statue":10,"Ring of the Snake":0},{"Peace Pipe":3,"Calling Bell":25,"Darkstone Periapt":25,"Du-Vu Doll":25,"Lee\u0027s Waffle":36,"Anchor":42,"NeowsBlessing":0,"Pantograph":5,"Ginger":9,"Akabeko":25,"White Beast Statue":36,"Ring of the Snake":0}],"Ring of the Snake":[24]},"card_choices":[{"not_picked":["Outmaneuver","Dodge and Roll"],"picked":"Predator","floor":1},{"not_picked":["Terror","Dagger Throw"],"picked":"Dagger Spray","floor":5},{"not_picked":["Deadly Poison","Distraction"],"picked":"Dagger Spray","floor":6},{"not_picked":["Dodge and Roll","Deflect"],"picked":"Burst","floor":7},{"not_picked":["Acrobatics","Sucker Punch"],"picked":"Dagger Spray","floor":11},{"not_picked":["Slice","Choke","Quick Slash"],"picked":"SKIP","floor":13},{"not_picked":["Dagger Throw","Slice"],"picked":"Acrobatics","floor":14},{"not_picked":["Venomology","Grand Finale"],"picked":"Envenom","floor":16},{"not_picked":["Backflip","Sucker Punch"],"picked":"Prepared","floor":18},{"not_picked":["Catalyst","Outmaneuver"],"picked":"Deflect","floor":20},{"not_picked":["Slice","Outmaneuver+1"],"picked":"Tactician","floor":23}],"player_experience":4095433,"relics_obtained":[{"floor":6,"key":"Peace Pipe"},{"floor":9,"key":"Pantograph"},{"floor":11,"key":"Ginger"},{"floor":17,"key":"Akabeko"},{"floor":17,"key":"Darkstone Periapt"},{"floor":17,"key":"Du-Vu Doll"},{"floor":21,"key":"White Beast Statue"},{"floor":23,"key":"Anchor"}],"event_choices":[{"cards_removed":["Strike_G"],"damage_healed":0,"gold_gain":0,"player_choice":"Card Removal","damage_taken":7,"max_hp_gain":0,"max_hp_loss":0,"event_name":"Golden Wing","floor":3,"gold_loss":0},{"damage_healed":0,"gold_gain":0,"player_choice":"Donut","damage_taken":0,"max_hp_gain":5,"max_hp_loss":0,"event_name":"Big Fish","floor":4,"gold_loss":0},{"damage_healed":0,"gold_gain":0,"player_choice":"Grow","damage_taken":0,"max_hp_gain":0,"max_hp_loss":0,"event_name":"Living Wall","floor":8,"gold_loss":0,"cards_upgraded":["Dagger Spray"]},{"cards_removed":["Strike_G"],"damage_healed":0,"gold_gain":0,"player_choice":"Gave Gold","damage_taken":0,"max_hp_gain":0,"max_hp_loss":0,"event_name":"Beggar","floor":19,"gold_loss":75}],"is_beta":false,"boss_relics":[{"not_picked":["Empty Cage","WristBlade"],"picked":"Calling Bell"}],"items_purged_floors":[],"is_endless":false,"potions_floor_spawned":[6,7,11,14,18,23],"killed_by":"Book of Stabbing","ascension_level":20}}