{"host":"ssbj2e5691x5ub3h","time":1613931091,"event":{"mods":["BaseMod","Downfall","Minty Spire (QoL Compilation)","Quick Restart","StSLib","SuperFastMode"],"gold_per_floor":[99,116,116,216,226,242,242,253,253,191,211,225,239,256,266,367,367,367,381,393,408,408,426,426,446,446,446,446],"floor_reached":26,"language":"ENG","playtime":2018,"items_purged":[],"score":208,"play_id":"b42ab698-fbaa-4ad5-9270-112e88d4cbb8","local_time":"20210221151131","is_ascension_mode":false,"campfire_choices":[{"data":"bronze:Goto","floor":1,"key":"SMITH"},{"data":"bronze:Overload","floor":9,"key":"SMITH"},{"floor":18,"key":"RECALL"}],"circlet_count":0,"master_deck":["bronze:Strike","bronze:Strike","bronze:Strike","bronze:Strike","bronze:Defend","bronze:Defend","bronze:Defend","bronze:Defend","bronze:Replicate","bronze:Goto+1","bronze:Backtrace","bronze:WhirlingStrike","bronze:Overheat","bronze:Overload+1","bronze:Repair","bronze:OilSpill","bronze:FineTuning","bronze:Flail","bronze:BronzeOrb","bronze:ShipIt","bronze:Branch","bronze:DigitalCarnage","Finesse","bronze:ChosenStrike"],"relics":["bronze:BronzeCore","PreservedInsect","Fusion Hammer","The Courier"],"acts_visited":["Exordium","TheCity"],"potions_floor_usage":[13,13,16],"damage_taken":[{"damage":2,"enemies":"2 Louse","floor":2,"turns":4},{"damage":3,"enemies":"Small Slimes","floor":5,"turns":2},{"damage":0,"enemies":"Cultist","floor":6,"turns":2},{"damage":1,"enemies":"2 Fungi Beasts","floor":8,"turns":2},{"damage":5,"enemies":"downfall:FleeingMerchant","floor":10,"turns":4},{"damage":8,"enemies":"Blue Slaver","floor":11,"turns":3},{"damage":2,"enemies":"downfall:LooterAlt","floor":12,"turns":2},{"damage":12,"enemies":"Gremlin Gang","floor":13,"turns":3},{"damage":2,"enemies":"Large Slime","floor":14,"turns":3},{"damage":5,"enemies":"downfall:LooterAlt","floor":15,"turns":2},{"damage":62,"enemies":"DF_ARCHETYPE_STREAMLINE","floor":16,"turns":9},{"damage":5,"enemies":"downfall:LooterAlt2","floor":19,"turns":3},{"damage":2,"enemies":"Spheric Guardian","floor":20,"turns":3},{"damage":14,"enemies":"Snecko","floor":21,"turns":4},{"damage":26,"enemies":"Shelled Parasite and Fungi","floor":23,"turns":6},{"damage":13,"enemies":"Centurion and Healer","floor":25,"turns":5},{"damage":30,"enemies":"Snake Plant","floor":26,"turns":3}],"seed_played":"4164778613974202450","potions_obtained":[{"floor":2,"key":"Energy Potion"},{"floor":5,"key":"LiquidMemories"},{"floor":11,"key":"bronze:BuildAFunctionPotion"},{"floor":13,"key":"BlessingOfTheForge"},{"floor":15,"key":"FearPotion"},{"floor":19,"key":"sneckomod:MuddlingPotion"},{"floor":20,"key":"bronze:CleanCodePotion"}],"is_trial":false,"path_per_floor":["R","M","?","?","M","M","T","M","R","$","M","M","M","M","M","B",null,"R","M","M","M","?","M","T","M","M"],"character_chosen":"THE_AUTOMATON","items_purchased":["bronze:OilSpill"],"campfire_rested":0,"item_purchase_floors":[10],"current_hp_per_floor":[77,75,75,75,72,72,72,71,71,66,65,70,65,70,65,10,77,77,72,75,61,61,35,35,29,0,0,0],"gold":446,"neow_bonus":"TEN_PERCENT_HP_BONUS","is_daily":false,"chose_seed":false,"campfire_upgraded":2,"win_rate":0.0,"timestamp":1613931091,"path_taken":["R","M","?","?","M","M","T","M","R","$","M","M","M","M","M","BOSS","R","M","M","M","?","M","T","M","?"],"items_purchased_type":["Card"],"build_version":"2020-12-22","purchased_purges":0,"victory":false,"max_hp_per_floor":[77,77,77,77,77,77,77,77,77,77,77,77,77,77,77,77,77,77,77,77,77,77,77,77,77,77,77,77],"card_choices":[{"not_picked":["bronze:BitShift","bronze:WildBeam"],"picked":"bronze:Backtrace","floor":2},{"not_picked":["bronze:BuggyMess","bronze:Turbo"],"picked":"bronze:WhirlingStrike","floor":5},{"not_picked":["bronze:BronzeArmor","bronze:Invalidate"],"picked":"bronze:Overheat","floor":6},{"not_picked":["bronze:WhirlingStrike","bronze:ForLoop"],"picked":"bronze:Overload","floor":8},{"not_picked":["bronze:Fortify","bronze:ChildClass"],"picked":"bronze:Repair","floor":10},{"not_picked":["bronze:Turbo","bronze:Shield"],"picked":"bronze:FineTuning","floor":11},{"not_picked":["bronze:Allocate","bronze:BugBarrage"],"picked":"bronze:Flail","floor":12},{"not_picked":["bronze:ClassDefault","bronze:NullPointer","bronze:ForceShield"],"picked":"SKIP","floor":13},{"not_picked":["bronze:FineTuning","bronze:Repulsor","bronze:FindAndReplace"],"picked":"SKIP","floor":14},{"not_picked":["bronze:FineTuning","bronze:Deprecate"],"picked":"bronze:BronzeOrb","floor":15},{"not_picked":["bronze:AlphaBuild","bronze:FindAndReplace"],"picked":"bronze:ShipIt","floor":16},{"not_picked":["bronze:FineTuning","bronze:DelayedGuard"],"picked":"bronze:Branch","floor":19},{"not_picked":["bronze:BuggyMess","bronze:Deprecate","bronze:BugBarrage"],"picked":"SKIP","floor":20},{"not_picked":["bronze:MaxOutput","bronze:Safeguard"],"picked":"bronze:DigitalCarnage","floor":21},{"not_picked":["bronze:Turbo","bronze:BugBarrage","bronze:WhirlingStrike"],"picked":"SKIP","floor":23},{"not_picked":["bronze:Shield","bronze:Turbo"],"picked":"bronze:ChosenStrike","floor":25}],"player_experience":157972,"relics_obtained":[{"floor":7,"key":"PreservedInsect"},{"floor":24,"key":"The Courier"}],"event_choices":[],"is_beta":false,"boss_relics":[{"not_picked":["Coffee Dripper","Astrolabe"],"picked":"Fusion Hammer"}],"items_purged_floors":[],"is_endless":false,"potions_floor_spawned":[2,5,11,13,15,19,20],"killed_by":"Snake Plant","ascension_level":0}}