{"host":"kda2p2afd6bvz6qo","time":1613874989,"event":{"mods":["BaseMod","Colored Map","Minty Spire (QoL Compilation)","Relic Stats"],"gold_per_floor":[114,114,114,114,114,147,147,173,199,230,40,58,89,104,104,182,182,192,372,138,151,151,176,7,7,60,94,94,113,124,155,155,234,234,250,265,1264,546,558,587,178,208,234,234,246,246,271,286,286,286,286],"floor_reached":50,"language":"ENG","playtime":2342,"items_purged":["Strike_G","Strike_G","Strike_G","Normality"],"score":1428,"play_id":"fd730901-e5ce-4524-af6e-f21a2b03a826","local_time":"20210221023629","is_ascension_mode":true,"campfire_choices":[{"data":"Heel Hook","floor":7.0,"key":"SMITH"},{"data":"Blade Dance","floor":15.0,"key":"SMITH"},{"data":"Cloak And Dagger","floor":25.0,"key":"SMITH"},{"data":"Malaise","floor":28.0,"key":"SMITH"},{"floor":32.0,"key":"REST"},{"floor":46,"key":"RECALL"},{"floor":49,"key":"REST"}],"circlet_count":0,"master_deck":["AscendersBane","Strike_G","Strike_G+1","Defend_G+1","Defend_G","Defend_G","Defend_G","Survivor","Neutralize+1","Slice","Heel Hook+1","Blade Dance+1","Riddle With Holes+1","Riddle With Holes","Caltrops","PiercingWail","Glass Knife+1","Cloak And Dagger","Malaise+1","Choke","Cloak And Dagger+1","Infinite Blades","Prepared+1","Slice+1","Leg Sweep+1","Corpse Explosion","Normality","Prepared+1","Accuracy+1","Well Laid Plans","Slice+1","Distraction+1","After Image","Trip","Storm of Steel","Shame","Backflip","Blur+1","After Image"],"relics":["Ring of the Snake","NeowsBlessing","Darkstone Periapt","CultistMask","Vajra","MealTicket","Ancient Tea Set","Nunchaku","Gremlin Horn","WristBlade","Potion Belt","HandDrill","Whetstone","Mummified Hand","Ninja Scroll","Cursed Key","HornCleat","Orrery","Anchor","Letter Opener","Toxic Egg 2"],"acts_visited":["Exordium","TheCity","TheBeyond"],"potions_floor_usage":[42,47,50,50,50],"damage_taken":[{"damage":0.0,"enemies":"2 Louse","floor":1.0,"turns":1.0},{"damage":0.0,"enemies":"Lagavulin","floor":6.0,"turns":1.0},{"damage":0.0,"enemies":"3 Sentries","floor":8.0,"turns":1.0},{"damage":11.0,"enemies":"Gremlin Nob","floor":10.0,"turns":3.0},{"damage":0.0,"enemies":"Jaw Worm","floor":12.0,"turns":2.0},{"damage":10.0,"enemies":"Lagavulin","floor":13.0,"turns":5.0},{"damage":0.0,"enemies":"Small Slimes","floor":14.0,"turns":3.0},{"damage":30.0,"enemies":"The Guardian","floor":16.0,"turns":16.0},{"damage":0.0,"enemies":"Chosen","floor":18.0,"turns":2.0},{"damage":13.0,"enemies":"2 Thieves","floor":21.0,"turns":4.0},{"damage":6.0,"enemies":"Slavers","floor":23.0,"turns":4.0},{"damage":0.0,"enemies":"Gremlin Leader","floor":27.0,"turns":5.0},{"damage":0.0,"enemies":"Snecko","floor":29.0,"turns":3.0},{"damage":14.0,"enemies":"Snake Plant","floor":30.0,"turns":4.0},{"damage":8.0,"enemies":"Book of Stabbing","floor":31.0,"turns":6.0},{"damage":43.0,"enemies":"Champ","floor":33.0,"turns":7.0},{"damage":0.0,"enemies":"3 Darklings","floor":35.0,"turns":1.0},{"damage":0.0,"enemies":"Orb Walker","floor":36.0,"turns":1.0},{"damage":2.0,"enemies":"Sphere and 2 Shapes","floor":39.0,"turns":3.0},{"damage":8.0,"enemies":"Reptomancer","floor":40.0,"turns":6.0},{"damage":27,"enemies":"Nemesis","floor":42,"turns":5},{"damage":0,"enemies":"4 Shapes","floor":45,"turns":6},{"damage":23,"enemies":"Giant Head","floor":47,"turns":6},{"damage":25,"enemies":"Spire Growth","floor":48,"turns":5},{"damage":42,"enemies":"Donu and Deca","floor":50,"turns":7}],"seed_played":"9016691831541453408","potions_obtained":[{"floor":10.0,"key":"PowerPotion"},{"floor":12.0,"key":"SpeedPotion"},{"floor":18.0,"key":"FearPotion"},{"floor":29.0,"key":"FearPotion"},{"floor":30.0,"key":"Block Potion"},{"floor":31.0,"key":"Block Potion"},{"floor":39.0,"key":"DuplicationPotion"},{"floor":42,"key":"ColorlessPotion"},{"floor":48,"key":"SkillPotion"}],"is_trial":false,"path_per_floor":["M","?","?","T","?","E","R","E","T","E","$","M","E","M","R","B",null,"M","?","$","M","?","E","$","R","T","E","R","M","M","E","R","B",null,"M","M","?","$","M","E","$","E","T","?","M","R","E","M","R","B"],"character_chosen":"THE_SILENT","items_purchased":["Riddle With Holes","Caltrops","Cloak And Dagger","Infinite Blades","HandDrill","HornCleat","DistilledChaos","Energy Potion","Orrery","After Image","Trip"],"campfire_rested":2,"item_purchase_floors":[11,11,20,20,24,38,38,38,38,41,41],"current_hp_per_floor":[59,59,39,39,39,39,39,39,39,28,43,43,33,33,33,3,50,50,31,46,33,46,40,55,55,55,55,55,55,41,33,52,9,52,52,52,64,78,76,68,78,51,57,57,57,57,34,9,34,0,0],"gold":286,"neow_bonus":"THREE_ENEMY_KILL","is_daily":false,"chose_seed":false,"campfire_upgraded":4,"win_rate":0.0,"timestamp":1613874989,"path_taken":["M","?","?","?","?","E","R","E","T","E","$","M","E","?","R","BOSS","M","?","$","?","?","E","?","R","T","E","R","M","?","E","R","BOSS","M","M","?","$","M","E","$","E","T","?","M","R","E","M","R","BOSS"],"items_purchased_type":["Card","Card","Card","Card","Relic","Relic","Potion","Potion","Relic","Card","Card"],"build_version":"2020-12-22","purchased_purges":4,"victory":false,"max_hp_per_floor":[66,66,66,66,66,66,66,66,66,66,66,66,66,66,66,66,66,66,66,66,66,66,66,66,66,66,66,66,66,66,66,66,66,66,66,66,78,78,78,78,78,78,84,84,84,84,84,84,84,84,84],"relic_stats":{"Darkstone Periapt":18,"Nunchaku":[29],"Gremlin Horn":[21,21],"counters":[25,107],"Mummified Hand":[39],"MealTicket":69,"HandDrill":[26],"Whetstone":["Glass Knife","Riddle With Holes"],"Letter Opener":[76],"Cursed Key":1,"obtain_stats":[{"Darkstone Periapt":4,"Potion Belt":23,"NeowsBlessing":0,"Gremlin Horn":13,"Vajra":6,"Whetstone":26,"Letter Opener":42,"Ancient Tea Set":9,"Cursed Key":34,"Nunchaku":10,"Anchor":40,"HornCleat":38,"WristBlade":17,"Mummified Hand":27,"Ninja Scroll":31,"Orrery":38,"MealTicket":8,"CultistMask":5,"HandDrill":24,"Toxic Egg 2":47,"Ring of the Snake":0},{"Darkstone Periapt":1,"Potion Belt":11,"NeowsBlessing":0,"Gremlin Horn":6,"Vajra":2,"Whetstone":11,"Letter Opener":21,"Ancient Tea Set":3,"Cursed Key":16,"Nunchaku":4,"Anchor":20,"HornCleat":18,"WristBlade":8,"Mummified Hand":12,"Ninja Scroll":15,"Orrery":18,"MealTicket":3,"CultistMask":1,"HandDrill":11,"Toxic Egg 2":23,"Ring of the Snake":0},{"Darkstone Periapt":1,"Potion Belt":42,"NeowsBlessing":0,"Gremlin Horn":13,"Vajra":2,"Whetstone":42,"Letter Opener":83,"Ancient Tea Set":3,"Cursed Key":67,"Nunchaku":6,"Anchor":78,"HornCleat":69,"WristBlade":32,"Mummified Hand":47,"Ninja Scroll":60,"Orrery":69,"MealTicket":3,"CultistMask":1,"HandDrill":42,"Toxic Egg 2":95,"Ring of the Snake":0}],"Ring of the Snake":[50]},"card_choices":[{"not_picked":["Prepared","Finisher"],"picked":"Slice","floor":1.0},{"not_picked":["Bane","Slice"],"picked":"Heel Hook","floor":6.0},{"not_picked":["Wraith Form v2","Grand Finale"],"picked":"Blade Dance","floor":8.0},{"not_picked":["Choke","Flying Knee"],"picked":"Riddle With Holes","floor":10.0},{"not_picked":["Eviscerate","Deadly Poison"],"picked":"PiercingWail","floor":12.0},{"not_picked":["PiercingWail","Flechettes"],"picked":"Glass Knife","floor":13.0},{"not_picked":["Eviscerate","Choke"],"picked":"Cloak And Dagger","floor":14.0},{"not_picked":["Adrenaline","Bullet Time"],"picked":"Malaise","floor":16.0},{"not_picked":["Poisoned Stab","Quick Slash"],"picked":"Choke","floor":18.0},{"not_picked":["Acrobatics","Underhanded Strike"],"picked":"Prepared+1","floor":21.0},{"not_picked":["Underhanded Strike","Venomology"],"picked":"Slice+1","floor":23.0},{"not_picked":["Caltrops+1","Outmaneuver"],"picked":"Leg Sweep+1","floor":27.0},{"not_picked":["Underhanded Strike","Prepared","Deadly Poison"],"picked":"SKIP","floor":29.0},{"not_picked":["Dagger Spray","Choke","Noxious Fumes"],"picked":"SKIP","floor":30.0},{"not_picked":["Skewer+1","Masterful Stab","Slice"],"picked":"SKIP","floor":31.0},{"not_picked":["Wraith Form v2","Malaise"],"picked":"Corpse Explosion","floor":33.0},{"not_picked":["Poisoned Stab","Underhanded Strike","Deflect"],"picked":"SKIP","floor":35.0},{"not_picked":["Dagger Spray+1","Riddle With Holes","Dagger Throw"],"picked":"SKIP","floor":36.0},{"not_picked":["Calculated Gamble","Bouncing Flask"],"picked":"Prepared+1","floor":38.0},{"not_picked":["Blade Dance","Heel Hook"],"picked":"Accuracy+1","floor":38.0},{"not_picked":["Unload","Dagger Throw"],"picked":"Well Laid Plans","floor":38.0},{"not_picked":["Prepared","Backstab"],"picked":"Slice+1","floor":38.0},{"not_picked":["Riddle With Holes","Heel Hook","Prepared"],"picked":"SKIP","floor":39.0},{"not_picked":["Die Die Die","Deadly Poison"],"picked":"Distraction+1","floor":40.0},{"not_picked":["Backstab","Poisoned Stab"],"picked":"Storm of Steel","floor":42},{"not_picked":["Slice","Concentrate+1"],"picked":"Backflip","floor":45},{"not_picked":["Quick Slash","Well Laid Plans"],"picked":"Blur+1","floor":47},{"not_picked":["Backstab","Underhanded Strike"],"picked":"After Image","floor":48}],"player_experience":279010,"relics_obtained":[{"floor":4.0,"key":"Darkstone Periapt"},{"floor":6.0,"key":"Vajra"},{"floor":8.0,"key":"MealTicket"},{"floor":9.0,"key":"Ancient Tea Set"},{"floor":10.0,"key":"Nunchaku"},{"floor":13.0,"key":"Gremlin Horn"},{"floor":23.0,"key":"Potion Belt"},{"floor":26.0,"key":"Whetstone"},{"floor":27.0,"key":"Mummified Hand"},{"floor":31.0,"key":"Ninja Scroll"},{"floor":40.0,"key":"Anchor"},{"floor":42,"key":"Letter Opener"},{"floor":47,"key":"Toxic Egg 2"}],"event_choices":[{"damage_healed":0.0,"max_hp_gain":0.0,"max_hp_loss":0.0,"gold_gain":0.0,"event_name":"Living Wall","player_choice":"Grow","floor":2.0,"gold_loss":0.0,"damage_taken":0.0,"cards_upgraded":["Neutralize"]},{"damage_healed":0.0,"max_hp_gain":0.0,"max_hp_loss":0.0,"gold_gain":0.0,"event_name":"Shining Light","player_choice":"Entered Light","floor":3.0,"gold_loss":0.0,"damage_taken":20.0,"cards_upgraded":["Defend_G","Strike_G"]},{"damage_healed":0.0,"max_hp_gain":0.0,"max_hp_loss":0.0,"gold_gain":0.0,"event_name":"FaceTrader","player_choice":"Trade","floor":5.0,"gold_loss":0.0,"damage_taken":0.0,"relics_obtained":["CultistMask"]},{"damage_healed":0.0,"max_hp_gain":0.0,"max_hp_loss":0.0,"gold_gain":180.0,"event_name":"Knowing Skull","player_choice":"GOLD GOLD ","floor":19.0,"potions_obtained":[],"gold_loss":0.0,"damage_taken":19.0,"cards_obtained":[]},{"damage_healed":13.0,"max_hp_gain":0.0,"max_hp_loss":0.0,"gold_gain":0.0,"event_name":"The Library","player_choice":"Heal","floor":22.0,"gold_loss":0.0,"damage_taken":0.0},{"damage_healed":0.0,"max_hp_gain":0.0,"max_hp_loss":0.0,"gold_gain":999.0,"event_name":"MindBloom","player_choice":"Gold","floor":37.0,"gold_loss":0.0,"damage_taken":0.0,"cards_obtained":["Normality","Normality"]},{"cards_removed":["Defend_G"],"damage_healed":0,"gold_gain":0,"player_choice":"Removed Skill","damage_taken":0,"max_hp_gain":0,"max_hp_loss":0,"event_name":"Falling","floor":44,"gold_loss":0}],"is_beta":false,"boss_relics":[{"not_picked":["Coffee Dripper","Calling Bell"],"picked":"WristBlade"},{"not_picked":["Ring of the Serpent","SlaversCollar"],"picked":"Cursed Key"}],"items_purged_floors":[11,20,38,41],"is_endless":false,"potions_floor_spawned":[10,12,14,18,29,30,31,39,42,48],"killed_by":"Donu and Deca","ascension_level":20}}