{"host":"uv5ws9rdk87e8i5k","time":1613941186,"event":{"mods":["AchievementEnabler","BaseMod","Colored Map","Minty Spire (QoL Compilation)","Permanent Neow","Quick Restart","StSLib","SuperFastMode","The Necromancer","The Saiyan"],"gold_per_floor":[18,34,54,65,40,67,86,117,117,117,148,165,193,209,209,308,308,323,333,63,63,81,81,81,81,81,81,112,123,139,164,164,261,261,276,276,276],"floor_reached":36,"language":"ENG","playtime":802,"items_purged":["Strike_G"],"score":599,"play_id":"727e0d62-6b58-48dd-8106-0ccd9359041b","local_time":"20210221145946","is_ascension_mode":true,"campfire_choices":[{"floor":15,"key":"REST"},{"data":"Predator","floor":23,"key":"SMITH"},{"floor":25,"key":"REST"},{"data":"Adrenaline","floor":32,"key":"SMITH"}],"circlet_count":0,"master_deck":["Survivor","Neutralize+1","Die Die Die","Poisoned Stab","Quick Slash","PiercingWail","Bane","Deadly Poison","Adrenaline+1","Noxious Fumes","Deadly Poison","Footwork","Burst","Poisoned Stab","Predator+1","Predator","Predator+1","Necronomicurse","Writhe","Eviscerate","Underhanded Strike","Night Terror","Distraction","Infinite Blades","Footwork","Noxious Fumes","Finisher","PiercingWail","Concentrate","Corpse Explosion","Cloak And Dagger"],"relics":["Ring of the Snake","Vajra","Turnip","Gremlin Horn","Nunchaku","Tingsha","Snecko Eye","DollysMirror","Necronomicon","Meat on the Bone","Art of War","Bottled Lightning","Pandora\u0027s Box"],"acts_visited":["Exordium","TheCity","TheBeyond"],"potions_floor_usage":[6,8,11,13,13,14,14,16,16,19,28,33,33],"damage_taken":[{"damage":0.0,"enemies":"2 Louse","floor":1.0,"turns":1.0},{"damage":0.0,"enemies":"Jaw Worm","floor":2.0,"turns":3.0},{"damage":0.0,"enemies":"Small Slimes","floor":3.0,"turns":1.0},{"damage":1.0,"enemies":"Blue Slaver","floor":4.0,"turns":4.0},{"damage":12,"enemies":"Gremlin Nob","floor":6,"turns":3},{"damage":1,"enemies":"Large Slime","floor":7,"turns":6},{"damage":6,"enemies":"3 Sentries","floor":8,"turns":6},{"damage":2,"enemies":"Lagavulin","floor":11,"turns":5},{"damage":6,"enemies":"Looter","floor":12,"turns":2},{"damage":0,"enemies":"3 Sentries","floor":13,"turns":4},{"damage":8,"enemies":"Exordium Thugs","floor":14,"turns":3},{"damage":3,"enemies":"The Guardian","floor":16,"turns":7},{"damage":9,"enemies":"Shell Parasite","floor":18,"turns":6},{"damage":0,"enemies":"2 Thieves","floor":19,"turns":2},{"damage":5,"enemies":"Cultist and Chosen","floor":22,"turns":4},{"damage":4,"enemies":"Gremlin Leader","floor":28,"turns":3},{"damage":5,"enemies":"Snecko","floor":29,"turns":3},{"damage":10,"enemies":"Shelled Parasite and Fungi","floor":30,"turns":2},{"damage":20,"enemies":"Slavers","floor":31,"turns":3},{"damage":19,"enemies":"Champ","floor":33,"turns":7},{"damage":28,"enemies":"3 Shapes","floor":35,"turns":4},{"damage":0,"enemies":"2 Orb Walkers","floor":36,"turns":1}],"seed_played":"-4787001885586211104","potions_obtained":[{"floor":4.0,"key":"Swift Potion"},{"floor":6,"key":"SpeedPotion"},{"floor":7,"key":"EntropicBrew"},{"floor":8,"key":"SpeedPotion"},{"floor":11,"key":"Energy Potion"},{"floor":12,"key":"ColorlessPotion"},{"floor":18,"key":"DuplicationPotion"},{"floor":22,"key":"Explosive Potion"},{"floor":28,"key":"Weak Potion"},{"floor":29,"key":"CultistPotion"}],"is_trial":false,"path_per_floor":["M","M","M","M","$","E","M","E","T","?","E","M","E","M","R","B",null,"M","M","$","?","M","R","?","R","T","?","E","M","M","E","R","B",null,"M","?"],"character_chosen":"THE_SILENT","items_purchased":["Bane","Predator","DollysMirror"],"campfire_rested":2,"item_purchase_floors":[5,20,20],"current_hp_per_floor":[63,63,63,62,62,50,49,43,43,29,27,21,21,13,34,31,60,51,51,51,51,46,46,30,51,51,51,47,42,44,36,36,29,60,44,44,44],"gold":276,"neow_bonus":"THREE_RARE_CARDS","is_daily":false,"chose_seed":false,"campfire_upgraded":2,"win_rate":0.0,"timestamp":1613941186,"path_taken":["M","M","M","M","$","E","M","E","T","?","E","M","E","M","R","BOSS","M","M","$","?","M","R","?","R","T","?","E","?","M","E","R","BOSS","M","?"],"items_purchased_type":["Card","Card","Relic"],"build_version":"2020-12-22","purchased_purges":1,"victory":false,"max_hp_per_floor":[70,70,70,70,70,70,70,70,70,70,70,70,70,70,70,70,70,70,70,70,70,70,70,70,70,70,70,70,70,70,70,70,70,70,70,70,70],"card_choices":[{"not_picked":["Grand Finale","Storm of Steel"],"picked":"Die Die Die","floor":0.0},{"not_picked":["Underhanded Strike","Dagger Spray"],"picked":"Poisoned Stab","floor":1.0},{"not_picked":["Blade Dance","Dagger Spray"],"picked":"Quick Slash","floor":2.0},{"not_picked":["Cloak And Dagger","Prepared"],"picked":"PiercingWail","floor":3.0},{"not_picked":["Tactician","Well Laid Plans","Terror"],"picked":"SKIP","floor":4.0},{"not_picked":["Blur","Accuracy","Outmaneuver"],"picked":"SKIP","floor":6},{"not_picked":["Endless Agony","Deflect"],"picked":"Deadly Poison","floor":7},{"not_picked":["Night Terror","Backflip"],"picked":"Adrenaline","floor":8},{"not_picked":["Masterful Stab","Distraction"],"picked":"Noxious Fumes","floor":11},{"not_picked":["Underhanded Strike","Sucker Punch"],"picked":"Deadly Poison","floor":12},{"not_picked":["PiercingWail","Cloak And Dagger"],"picked":"Footwork","floor":13},{"not_picked":["Terror","Sucker Punch","Bane"],"picked":"SKIP","floor":14},{"not_picked":["Tools of the Trade","Grand Finale"],"picked":"Burst","floor":16},{"not_picked":["Prepared","Deadly Poison"],"picked":"Poisoned Stab","floor":18},{"not_picked":["Quick Slash","Flying Knee+1","Masterful Stab+1"],"picked":"SKIP","floor":19},{"not_picked":["Slice","Deadly Poison"],"picked":"Predator+1","floor":22},{"not_picked":["Prepared","Sucker Punch","Accuracy"],"picked":"SKIP","floor":28},{"not_picked":["Dagger Spray+1","Expertise"],"picked":"Eviscerate","floor":29},{"not_picked":["Deflect","Bane"],"picked":"Underhanded Strike","floor":30},{"not_picked":["Prepared","Phantasmal Killer","Deadly Poison"],"picked":"SKIP","floor":31},{"not_picked":["Glass Knife","Storm of Steel"],"picked":"Night Terror","floor":33},{"not_picked":["Slice","Reflex+1","Backflip"],"picked":"SKIP","floor":35}],"player_experience":237148,"relics_obtained":[{"floor":6,"key":"Vajra"},{"floor":8,"key":"Turnip"},{"floor":9,"key":"Gremlin Horn"},{"floor":11,"key":"Nunchaku"},{"floor":13,"key":"Tingsha"},{"floor":24,"key":"Necronomicon"},{"floor":28,"key":"Art of War"},{"floor":31,"key":"Bottled Lightning"}],"event_choices":[{"damage_healed":0,"gold_gain":0,"player_choice":"Entered Light","damage_taken":14,"max_hp_gain":0,"max_hp_loss":0,"event_name":"Shining Light","floor":10,"gold_loss":0,"cards_upgraded":["Neutralize","Defend_G"]},{"damage_healed":0,"gold_gain":0,"player_choice":"Simplicity","damage_taken":0,"max_hp_gain":0,"max_hp_loss":0,"event_name":"Back to Basics","floor":21,"gold_loss":0,"cards_upgraded":["Strike_G","Strike_G","Strike_G","Strike_G","Defend_G","Defend_G","Defend_G","Defend_G"]},{"damage_healed":0,"gold_gain":0,"player_choice":"Obtained Book","damage_taken":16,"max_hp_gain":0,"max_hp_loss":0,"event_name":"Cursed Tome","floor":24,"gold_loss":0},{"damage_healed":0,"gold_gain":0,"player_choice":"Opened","damage_taken":0,"relics_obtained":["Meat on the Bone"],"max_hp_gain":0,"max_hp_loss":0,"event_name":"The Mausoleum","floor":27,"gold_loss":0,"cards_obtained":["Writhe"]},{"damage_healed":0,"gold_gain":0,"player_choice":"Fight","damage_taken":0,"max_hp_gain":0,"max_hp_loss":0,"event_name":"Mysterious Sphere","floor":36,"gold_loss":0}],"is_beta":false,"boss_relics":[{"not_picked":["SlaversCollar","Sozu"],"picked":"Snecko Eye"},{"not_picked":["Cursed Key","Velvet Choker"],"picked":"Pandora\u0027s Box"}],"items_purged_floors":[20],"is_endless":false,"potions_floor_spawned":[4,6,7,8,11,12,18,22,28,29],"killed_by":"2 Orb Walkers","ascension_level":6}}