{"host":"prxrhpgaxnj4om9r","time":1613870775,"event":{"mods":["AchievementEnabler","BaseMod","Colored Map","DeckTracker","Minty Spire (QoL Compilation)"],"gold_per_floor":[361,341,360,78,148,175,175,275,322,354,354,374,374,399,399,530,530,553,603,626,253,253,253,33,53,76,76,104,131,131,160,160,294,294,326,350,111,129,138,138,35,35,44,76,0,0,0],"floor_reached":46,"language":"KOR","playtime":1423,"items_purged":[],"score":501,"play_id":"5805d278-6cea-4376-9ee9-e169189010e2","local_time":"20210221102615","is_ascension_mode":false,"campfire_choices":[{"data":"White Noise","floor":7,"key":"SMITH"},{"floor":11,"key":"REST"},{"floor":15,"key":"REST"},{"data":"Zap","floor":23,"key":"SMITH"},{"data":"Storm","floor":27,"key":"SMITH"},{"floor":32,"key":"REST"},{"data":"Recycle","floor":40,"key":"SMITH"},{"floor":42,"key":"RECALL"}],"circlet_count":0,"master_deck":["Strike_B","Strike_B","Strike_B","Strike_B","Defend_B","Defend_B","Defend_B","Defend_B","Zap+1","Dualcast","Melter","Sunder","Conserve Battery","White Noise+1","Melter","Ball Lightning","Darkness","Buffer","Hologram","Steam Power","Defragment","Sweeping Beam","Doom and Gloom","Storm+1","Streamline","Turbo+1","Fusion","Seek","Stack+1","Self Repair+1","Recycle+1","Aggregate","Madness","Madness","Trip","Shame","Redo+1"],"relics":["Cracked Core","Letter Opener","InkBottle","Anchor","Vajra","Mummified Hand","Golden Idol","Cursed Key","Shuriken","Oddly Smooth Stone","CeramicFish","Inserter","Lee\u0027s Waffle","Red Mask"],"acts_visited":["Exordium","TheCity","TheBeyond"],"potions_floor_usage":[6,6,25,25,33,33,36,41],"damage_taken":[{"damage":2,"enemies":"2 Louse","floor":1,"turns":2},{"damage":1,"enemies":"Cultist","floor":3,"turns":3},{"damage":10,"enemies":"3 Sentries","floor":6,"turns":4},{"damage":29,"enemies":"Gremlin Nob","floor":10,"turns":4},{"damage":1,"enemies":"Jaw Worm","floor":12,"turns":2},{"damage":0,"enemies":"Blue Slaver","floor":14,"turns":2},{"damage":40,"enemies":"Hexaghost","floor":16,"turns":9},{"damage":13,"enemies":"3 Byrds","floor":18,"turns":4},{"damage":2,"enemies":"Shell Parasite","floor":20,"turns":3},{"damage":0,"enemies":"Centurion and Healer","floor":25,"turns":3},{"damage":25,"enemies":"Snake Plant","floor":28,"turns":3},{"damage":0,"enemies":"Cultist and Chosen","floor":29,"turns":4},{"damage":7,"enemies":"Snecko","floor":31,"turns":3},{"damage":48,"enemies":"Champ","floor":33,"turns":7},{"damage":0,"enemies":"Orb Walker","floor":35,"turns":2},{"damage":0,"enemies":"3 Shapes","floor":36,"turns":2},{"damage":37,"enemies":"Maw","floor":44,"turns":7},{"damage":54,"enemies":"3 Darklings","floor":46,"turns":3}],"seed_played":"-6127180661512846018","potions_obtained":[{"floor":1,"key":"DistilledChaos"},{"floor":2,"key":"Regen Potion"},{"floor":16,"key":"DistilledChaos"},{"floor":18,"key":"Fire Potion"},{"floor":28,"key":"ColorlessPotion"},{"floor":31,"key":"FocusPotion"},{"floor":33,"key":"GamblersBrew"},{"floor":35,"key":"FearPotion"},{"floor":44,"key":"GamblersBrew"}],"is_trial":false,"path_per_floor":["M","?","M","$","T","E","R","?","T","E","R","M","?","M","R","B",null,"M","?","M","$","?","R","$","M","T","R","M","M","?","M","R","B",null,"M","M","$","?","?","R","$","R","T","M","?","M"],"character_chosen":"DEFECT","items_purchased":["Letter Opener","Conserve Battery","Shuriken","Defragment","Sweeping Beam","Oddly Smooth Stone","Doom and Gloom","Lee\u0027s Waffle","Recycle","Aggregate","Fruit Juice"],"campfire_rested":3,"item_purchase_floors":[4,4,21,21,21,24,24,37,37,37,41],"current_hp_per_floor":[52,52,51,51,51,53,53,53,53,24,46,45,27,27,49,9,75,62,62,60,60,60,60,60,60,60,60,35,35,35,28,50,2,75,75,75,82,72,72,72,77,77,77,50,50,0,0],"gold":0,"neow_bonus":"TWO_FIFTY_GOLD","is_daily":false,"chose_seed":false,"campfire_upgraded":4,"win_rate":0.0,"timestamp":1613870775,"path_taken":["M","?","?","$","?","E","R","?","T","E","R","?","?","M","R","BOSS","M","?","?","$","?","R","$","M","T","R","M","M","?","M","R","BOSS","M","?","$","?","?","R","?","R","T","M","?","M"],"items_purchased_type":["Relic","Card","Relic","Card","Card","Relic","Card","Relic","Card","Card","Potion"],"build_version":"2020-12-22","purchased_purges":0,"victory":false,"max_hp_per_floor":[75,75,75,75,75,75,75,75,75,75,75,75,75,75,75,75,75,75,75,75,75,75,75,75,75,75,75,75,75,75,75,75,75,75,75,75,82,82,82,82,87,87,87,87,87,87,87],"card_choices":[{"not_picked":["Barrage","Rebound"],"picked":"Melter","floor":1},{"not_picked":["Barrage","Beam Cell"],"picked":"Sunder","floor":3},{"not_picked":["Hologram","Multi-Cast"],"picked":"White Noise","floor":6},{"not_picked":["FTL","Steam"],"picked":"Melter","floor":10},{"not_picked":["Leap","Cold Snap"],"picked":"Ball Lightning","floor":12},{"not_picked":["Turbo","Sunder"],"picked":"Darkness","floor":14},{"not_picked":["Echo Form","Amplify"],"picked":"Buffer","floor":16},{"not_picked":["Sunder","Rebound"],"picked":"Hologram","floor":18},{"not_picked":["Beam Cell","Go for the Eyes+1"],"picked":"Steam Power","floor":20},{"not_picked":["Conserve Battery","Ball Lightning"],"picked":"Storm","floor":25},{"not_picked":["Consume","Cold Snap"],"picked":"Streamline","floor":28},{"not_picked":["Ball Lightning+1","Go for the Eyes"],"picked":"Turbo+1","floor":29},{"not_picked":["Auto Shields","Double Energy"],"picked":"Fusion","floor":31},{"not_picked":["Core Surge","Amplify"],"picked":"Seek","floor":33},{"not_picked":["Steam+1","Force Field+1"],"picked":"Stack+1","floor":35},{"not_picked":["Barrage","Storm+1"],"picked":"Self Repair+1","floor":36},{"not_picked":["Enlightenment","Jack Of All Trades"],"picked":"Trip","floor":39},{"not_picked":["Turbo","Blizzard"],"picked":"Redo+1","floor":44}],"player_experience":562649,"relics_obtained":[{"floor":5,"key":"InkBottle"},{"floor":6,"key":"Anchor"},{"floor":9,"key":"Vajra"},{"floor":10,"key":"Mummified Hand"},{"floor":26,"key":"CeramicFish"}],"event_choices":[{"damage_healed":0,"gold_gain":0,"player_choice":"Bought 1 Potion","damage_taken":0,"max_hp_gain":0,"max_hp_loss":0,"event_name":"The Woman in Blue","floor":2,"gold_loss":0},{"damage_healed":0,"gold_gain":100,"player_choice":"Pray","damage_taken":0,"max_hp_gain":0,"max_hp_loss":0,"event_name":"Golden Shrine","floor":8,"gold_loss":0},{"damage_healed":0,"gold_gain":0,"player_choice":"Take Damage","damage_taken":18,"relics_obtained":["Golden Idol"],"max_hp_gain":0,"max_hp_loss":0,"event_name":"Golden Idol","floor":13,"gold_loss":0},{"damage_healed":0,"gold_gain":100,"player_choice":"Bet on Murderer","damage_taken":0,"max_hp_gain":0,"max_hp_loss":0,"event_name":"The Joust","floor":19,"gold_loss":50},{"damage_healed":0,"gold_gain":0,"player_choice":"Ignored","damage_taken":0,"max_hp_gain":0,"max_hp_loss":0,"event_name":"Vampires","floor":22,"gold_loss":0},{"cards_removed":["Writhe"],"damage_healed":0,"gold_gain":0,"player_choice":"Removed Curses","damage_taken":0,"max_hp_gain":0,"max_hp_loss":0,"event_name":"Fountain of Cleansing","floor":30,"gold_loss":0},{"damage_healed":0,"gold_gain":0,"player_choice":"Embrace Madness","damage_taken":10,"max_hp_gain":0,"max_hp_loss":0,"event_name":"Winding Halls","floor":38,"gold_loss":0,"cards_obtained":["Madness","Madness"]},{"damage_healed":0,"gold_gain":0,"player_choice":"Memory 1","damage_taken":0,"max_hp_gain":0,"max_hp_loss":0,"event_name":"SensoryStone","floor":39,"gold_loss":0},{"damage_healed":0,"gold_gain":0,"player_choice":"Paid","damage_taken":0,"relics_obtained":["Red Mask"],"max_hp_gain":0,"max_hp_loss":0,"event_name":"Tomb of Lord Red Mask","floor":45,"gold_loss":76}],"is_beta":false,"boss_relics":[{"not_picked":["Sozu","Fusion Hammer"],"picked":"Cursed Key"},{"not_picked":["SlaversCollar","Velvet Choker"],"picked":"Inserter"}],"items_purged_floors":[],"is_endless":false,"potions_floor_spawned":[1,16,18,28,31,33,35,44],"killed_by":"3 Darklings","ascension_level":0}}