{"host":"jmumkimrafwvkspb","time":1613867298,"event":{"mods":["AchievementEnabler","BaseMod","Colored Map","Minty Spire (QoL Compilation)"],"gold_per_floor":[113,113,133,149,9,34,34,50,50,50,50,76,76,96,96,172,172,191,209,222,222,222,254,254,288,288,288,288,299,299,330,330,403,403,416,416,429,446,465,465,465],"floor_reached":40,"language":"ENG","playtime":1732,"items_purged":[],"score":922,"play_id":"456fb9f3-cf8e-4471-9658-7e563dbec9a8","local_time":"20210221012818","is_ascension_mode":true,"campfire_choices":[{"floor":7.0,"key":"REST"},{"data":"Wraith Form v2","floor":10.0,"key":"SMITH"},{"data":"Poisoned Stab","floor":15.0,"key":"SMITH"},{"data":"Wraith Form v2","floor":24.0,"key":"SMITH"},{"data":"Footwork","floor":27.0,"key":"SMITH"},{"data":"Deadly Poison","floor":32.0,"key":"SMITH"}],"circlet_count":0,"master_deck":["AscendersBane","Strike_G+1","Strike_G+1","Strike_G+1","Strike_G+1","Strike_G+1","Defend_G+1","Defend_G+1","Defend_G+1","Defend_G+1","Defend_G+1","Survivor","Neutralize+1","Deflect","Wraith Form v2+1","Poisoned Stab+1","Terror","Slice","Dagger Throw","Tactician","Footwork+1","Wraith Form v2+1","Deadly Poison+1","Underhanded Strike","Dagger Spray+1","PiercingWail","Corpse Explosion","Dodge and Roll+1","Bullet Time","PiercingWail","Parasite","Calculated Gamble"],"relics":["Ring of the Snake","Potion Belt","StrikeDummy","Pear","Meat on the Bone","SlaversCollar","Ginger","Sundial","Ninja Scroll","Red Mask","HoveringKite","Tingsha"],"acts_visited":["Exordium","TheCity","TheBeyond"],"potions_floor_usage":[40],"damage_taken":[{"damage":6.0,"enemies":"Small Slimes","floor":1.0,"turns":5.0},{"damage":5.0,"enemies":"Cultist","floor":3.0,"turns":5.0},{"damage":5.0,"enemies":"Jaw Worm","floor":4.0,"turns":6.0},{"damage":34.0,"enemies":"Lagavulin","floor":6.0,"turns":10.0},{"damage":0.0,"enemies":"2 Fungi Beasts","floor":8.0,"turns":2.0},{"damage":33.0,"enemies":"Gremlin Nob","floor":12.0,"turns":5.0},{"damage":4.0,"enemies":"Exordium Wildlife","floor":14.0,"turns":8.0},{"damage":7.0,"enemies":"Hexaghost","floor":16.0,"turns":9.0},{"damage":16.0,"enemies":"3 Byrds","floor":18.0,"turns":8.0},{"damage":15.0,"enemies":"Shell Parasite","floor":19.0,"turns":8.0},{"damage":30.0,"enemies":"Shelled Parasite and Fungi","floor":20.0,"turns":6.0},{"damage":0.0,"enemies":"Gremlin Leader","floor":23.0,"turns":5.0},{"damage":20.0,"enemies":"Slavers","floor":25.0,"turns":9.0},{"damage":6.0,"enemies":"Centurion and Healer","floor":29.0,"turns":7.0},{"damage":4.0,"enemies":"Masked Bandits","floor":31.0,"turns":4.0},{"damage":30.0,"enemies":"Champ","floor":33.0,"turns":14.0},{"damage":13.0,"enemies":"3 Shapes","floor":35.0,"turns":6.0},{"damage":7.0,"enemies":"Orb Walker","floor":37.0,"turns":6.0},{"damage":11.0,"enemies":"Jaw Worm Horde","floor":38.0,"turns":5.0},{"damage":25.0,"enemies":"Writhing Mass","floor":39.0,"turns":9.0},{"damage":72,"enemies":"Giant Head","floor":40,"turns":9}],"seed_played":"1239022136999044811","potions_obtained":[{"floor":3.0,"key":"EntropicBrew"},{"floor":16.0,"key":"Ancient Potion"},{"floor":19.0,"key":"BlessingOfTheForge"},{"floor":28.0,"key":"CunningPotion"},{"floor":28.0,"key":"GhostInAJar"},{"floor":29.0,"key":"SteroidPotion"},{"floor":33.0,"key":"BlessingOfTheForge"},{"floor":38.0,"key":"Energy Potion"},{"floor":39.0,"key":"Fire Potion"}],"is_trial":false,"path_per_floor":["M","?","M","M","$","E","R","M","T","R","?","E","?","M","R","B",null,"M","M","M","?","?","E","R","E","T","R","?","M","T","?","R","B",null,"M","?","M","M","M","E"],"character_chosen":"THE_SILENT","items_purchased":["Terror","Slice"],"campfire_rested":1,"item_purchase_floors":[5,5],"current_hp_per_floor":[53,53,48,43,43,9,28,28,38,38,38,5,5,13,13,18,62,46,43,25,25,25,37,37,29,29,29,29,35,35,43,43,25,63,50,50,43,44,31,0,0],"gold":465,"neow_bonus":"RANDOM_COMMON_RELIC","is_daily":false,"chose_seed":false,"campfire_upgraded":5,"win_rate":0.0,"timestamp":1613867298,"path_taken":["M","?","M","M","?","E","R","M","T","R","?","E","?","?","R","BOSS","M","M","M","?","?","E","R","E","T","R","?","?","?","?","R","BOSS","M","?","M","M","M","E"],"items_purchased_type":["Card","Card"],"build_version":"2020-12-22","purchased_purges":0,"victory":false,"max_hp_per_floor":[66,66,66,66,66,66,66,66,76,76,76,76,76,76,76,76,76,76,76,76,76,76,76,76,76,76,76,76,76,76,76,76,76,76,76,76,76,76,76,76,76],"card_choices":[{"not_picked":["Underhanded Strike","Finisher"],"picked":"Deflect","floor":1.0},{"not_picked":["Deflect","Prepared"],"picked":"Wraith Form v2","floor":3.0},{"not_picked":["Quick Slash","Slice"],"picked":"Poisoned Stab","floor":4.0},{"not_picked":["Slice","Deflect"],"picked":"Dagger Throw","floor":6.0},{"not_picked":["Choke","Skewer"],"picked":"Tactician","floor":8.0},{"not_picked":["Backflip","Terror"],"picked":"Footwork","floor":12.0},{"not_picked":["Unload","Slice","Quick Slash"],"picked":"SKIP","floor":14.0},{"not_picked":["Tools of the Trade","Unload"],"picked":"Wraith Form v2","floor":16.0},{"not_picked":["Slice","Flechettes"],"picked":"Deadly Poison","floor":18.0},{"not_picked":["Flying Knee","Concentrate"],"picked":"Underhanded Strike","floor":19.0},{"not_picked":["Endless Agony","Bane"],"picked":"Dagger Spray+1","floor":20.0},{"not_picked":["Prepared","Flechettes"],"picked":"PiercingWail","floor":23.0},{"not_picked":["Terror","Poisoned Stab+1","Distraction"],"picked":"SKIP","floor":25.0},{"not_picked":["Dodge and Roll","Bane+1"],"picked":"Corpse Explosion","floor":29.0},{"not_picked":["Dagger Spray","Cloak And Dagger"],"picked":"Dodge and Roll+1","floor":31.0},{"not_picked":["Unload","A Thousand Cuts"],"picked":"Bullet Time","floor":33.0},{"not_picked":["Sucker Punch","Dagger Throw+1","Distraction"],"picked":"SKIP","floor":35.0},{"not_picked":["Cloak And Dagger+1","Dash","Dodge and Roll"],"picked":"SKIP","floor":37.0},{"not_picked":["Prepared","Concentrate"],"picked":"PiercingWail","floor":38.0},{"not_picked":["Slice+1","Dagger Spray"],"picked":"Calculated Gamble","floor":39.0}],"player_experience":1672196,"relics_obtained":[{"floor":6.0,"key":"StrikeDummy"},{"floor":9.0,"key":"Pear"},{"floor":12.0,"key":"Meat on the Bone"},{"floor":23.0,"key":"Ginger"},{"floor":25.0,"key":"Sundial"},{"floor":26.0,"key":"Ninja Scroll"},{"floor":31.0,"key":"Red Mask"}],"event_choices":[{"damage_healed":0.0,"max_hp_gain":0.0,"max_hp_loss":0.0,"gold_gain":0.0,"event_name":"Accursed Blacksmith","player_choice":"Forge","floor":2.0,"gold_loss":0.0,"damage_taken":0.0,"cards_upgraded":["Neutralize"]},{"damage_healed":0.0,"max_hp_gain":0.0,"max_hp_loss":0.0,"gold_gain":0.0,"event_name":"Liars Game","player_choice":"Ignored","floor":11.0,"gold_loss":0.0,"damage_taken":0.0},{"damage_healed":0.0,"max_hp_gain":0.0,"max_hp_loss":0.0,"gold_gain":0.0,"event_name":"Scrap Ooze","player_choice":"Fled","floor":13.0,"gold_loss":0.0,"damage_taken":0.0},{"damage_healed":0.0,"max_hp_gain":0.0,"max_hp_loss":0.0,"gold_gain":0.0,"event_name":"Back to Basics","player_choice":"Simplicity","floor":21.0,"gold_loss":0.0,"damage_taken":0.0,"cards_upgraded":["Strike_G","Strike_G","Strike_G","Strike_G","Strike_G","Defend_G","Defend_G","Defend_G","Defend_G","Defend_G"]},{"damage_healed":0.0,"max_hp_gain":0.0,"max_hp_loss":0.0,"gold_gain":0.0,"event_name":"Vampires","player_choice":"Ignored","floor":22.0,"gold_loss":0.0,"damage_taken":0.0},{"damage_healed":0.0,"max_hp_gain":0.0,"max_hp_loss":0.0,"gold_gain":0.0,"event_name":"Lab","player_choice":"Got Potions","floor":28.0,"gold_loss":0.0,"damage_taken":0.0},{"damage_healed":0.0,"max_hp_gain":0.0,"max_hp_loss":0.0,"gold_gain":0.0,"event_name":"Masked Bandits","player_choice":"Fought Bandits","floor":31.0,"gold_loss":0.0,"damage_taken":0.0},{"damage_healed":0.0,"max_hp_gain":0.0,"max_hp_loss":0.0,"gold_gain":0.0,"event_name":"WeMeetAgain","player_choice":"Gave Potion","floor":36.0,"gold_loss":0.0,"damage_taken":0.0,"relics_obtained":["Tingsha"]}],"is_beta":false,"boss_relics":[{"not_picked":["Astrolabe","Sozu"],"picked":"SlaversCollar"},{"not_picked":["Ring of the Serpent","SacredBark"],"picked":"HoveringKite"}],"items_purged_floors":[],"is_endless":false,"potions_floor_spawned":[3,16,19,29,33,38,39],"killed_by":"Giant Head","ascension_level":20}}