{"host":"fs9fti79x98y0ceq","time":1613916378,"event":{"mods":["AchievementEnabler","BaseMod","Colored Map","Custom Start","DeckTracker","Hermit","KOR Keyword Fix","Minty Spire (QoL Compilation)","Relic Stats","StSLib","SuperFastMode","everything is the same but u backflip on backflip"],"gold_per_floor":[118,193,208,208,219,219,253,271,271,288,388,313,331,342,342,342,342],"floor_reached":16,"language":"KOR","playtime":411,"items_purged":["Defend_P"],"score":177,"play_id":"00da00a8-e4b3-4176-ba3d-e1d2739c122b","local_time":"20210221230618","is_ascension_mode":true,"campfire_choices":[{"data":"Eruption","floor":6,"key":"SMITH"},{"data":"Strike_P","floor":15,"key":"PURGE"}],"circlet_count":0,"master_deck":["AscendersBane","Strike_P","Strike_P+1","Strike_P+1","Defend_P","Defend_P","Defend_P","Eruption+1","Vigilance","Bandage Up","EmptyFist","Wallop"],"relics":["PureWater","Peace Pipe","Singing Bowl"],"acts_visited":["Exordium"],"potions_floor_usage":[7,16,16],"damage_taken":[{"damage":14,"enemies":"Jaw Worm","floor":1,"turns":8},{"damage":2,"enemies":"2 Louse","floor":3,"turns":3},{"damage":0,"enemies":"Small Slimes","floor":5,"turns":2},{"damage":15,"enemies":"3 Sentries","floor":7,"turns":11},{"damage":0,"enemies":"Red Slaver","floor":8,"turns":2},{"damage":6,"enemies":"2 Fungi Beasts","floor":10,"turns":4},{"damage":1,"enemies":"Exordium Thugs","floor":13,"turns":3},{"damage":12,"enemies":"Looter","floor":14,"turns":4},{"damage":54,"enemies":"Slime Boss","floor":16,"turns":7}],"seed_played":"5807581386341552099","potions_obtained":[{"floor":1,"key":"StancePotion"},{"floor":5,"key":"Regen Potion"},{"floor":10,"key":"Swift Potion"}],"is_trial":false,"path_per_floor":["M","?","M","?","M","R","E","M","T","M","?","$","M","M","R","B"],"character_chosen":"WATCHER","items_purchased":[],"campfire_rested":0,"item_purchase_floors":[],"current_hp_per_floor":[51,40,42,28,28,28,32,36,36,36,36,36,41,35,35,0,0],"gold":342,"neow_bonus":"RANDOM_COLORLESS","is_daily":false,"chose_seed":false,"campfire_upgraded":1,"win_rate":0.0,"timestamp":1613916378,"path_taken":["M","?","M","?","M","R","E","M","T","M","?","$","?","M","R","BOSS"],"items_purchased_type":[],"build_version":"2020-12-22","purchased_purges":1,"victory":false,"max_hp_per_floor":[68,68,68,68,68,68,68,68,68,70,70,70,72,74,74,74,74],"relic_stats":{"Peace Pipe":1,"Singing Bowl":6,"counters":[9,44],"obtain_stats":[{"Peace Pipe":7,"Singing Bowl":9,"PureWater":0},{"Peace Pipe":4,"Singing Bowl":5,"PureWater":0},{"Peace Pipe":24,"Singing Bowl":26,"PureWater":0}]},"card_choices":[{"not_picked":["Deep Breath","Forethought"],"picked":"Bandage Up","floor":0},{"not_picked":["Protect","ThirdEye"],"picked":"EmptyFist","floor":1},{"not_picked":["WreathOfFlame","Crescendo","Consecrate"],"picked":"SKIP","floor":3},{"not_picked":["FlyingSleeves","WaveOfTheHand"],"picked":"Wallop","floor":5},{"not_picked":["CrushJoints","DevaForm","CutThroughFate"],"picked":"SKIP","floor":7},{"not_picked":["PathToVictory","CutThroughFate","Protect"],"picked":"SKIP","floor":8},{"not_picked":["EmptyFist","Vengeance","WindmillStrike"],"picked":"Singing Bowl","floor":10},{"not_picked":["ClearTheMind","Collect","FlyingSleeves"],"picked":"Singing Bowl","floor":13},{"not_picked":["Vengeance","Consecrate","FollowUp"],"picked":"Singing Bowl","floor":14}],"player_experience":419983,"relics_obtained":[{"floor":7,"key":"Peace Pipe"},{"floor":9,"key":"Singing Bowl"}],"event_choices":[{"damage_healed":0,"gold_gain":75,"player_choice":"Gather Gold","damage_taken":11,"max_hp_gain":0,"max_hp_loss":0,"event_name":"World of Goop","floor":2,"gold_loss":0},{"damage_healed":0,"gold_gain":0,"player_choice":"Entered Light","damage_taken":14,"max_hp_gain":0,"max_hp_loss":0,"event_name":"Shining Light","floor":4,"gold_loss":0,"cards_upgraded":["Strike_P","Strike_P"]},{"damage_healed":0,"gold_gain":100,"player_choice":"Pray","damage_taken":0,"max_hp_gain":0,"max_hp_loss":0,"event_name":"Golden Shrine","floor":11,"gold_loss":0}],"is_beta":false,"boss_relics":[],"items_purged_floors":[12],"is_endless":false,"potions_floor_spawned":[1,5,10,13],"killed_by":"Slime Boss","ascension_level":14}}