{"host":"en4narc5947t7k9n","time":1613888033,"event":{"mods":["AchievementEnabler","BaseMod","Colored Map","Minty Spire (QoL Compilation)","SuperFastMode"],"gold_per_floor":[111,111,123,139,55,55,74,104,130,147,222,222,45,58,58,160,160,172,183,203,56,56,56,8,8,54,54,88,28,41,54,54,54,54],"floor_reached":33,"language":"KOR","playtime":1839,"items_purged":[],"score":267,"play_id":"0922520e-0bf2-4355-99e2-cec277467f31","local_time":"20210221151353","is_ascension_mode":false,"campfire_choices":[{"floor":6,"key":"RECALL"},{"data":"Redo","floor":15,"key":"SMITH"},{"data":"Reboot","floor":23,"key":"SMITH"},{"data":"Hello World","floor":25,"key":"SMITH"},{"floor":32,"key":"REST"}],"circlet_count":0,"master_deck":["Strike_B","Strike_B","Strike_B","Defend_B","Defend_B","Defend_B","Defend_B","Zap+1","Dualcast","Cold Snap","Rebound","Core Surge","Bandage Up","Hologram","Amplify","Barrage","Redo+1","Hello World+1","Biased Cognition","Loop+1","Streamline+1","Lockon+1","Go for the Eyes+1","Defragment","Reprogram","Reboot+1","Compile Driver","Ball Lightning","Blizzard","Steam","Redo+1","Machine Learning"],"relics":["Cracked Core","MealTicket","Bronze Scales","NlothsMask","HandDrill","Nuclear Battery","Orrery","Dream Catcher","Sundial"],"acts_visited":["Exordium","TheCity"],"potions_floor_usage":[8,16,16,20],"damage_taken":[{"damage":0,"enemies":"2 Louse","floor":1,"turns":4},{"damage":2,"enemies":"Cultist","floor":3,"turns":4},{"damage":0,"enemies":"Small Slimes","floor":4,"turns":2},{"damage":24,"enemies":"Exordium Thugs","floor":7,"turns":4},{"damage":30,"enemies":"Lagavulin","floor":8,"turns":9},{"damage":11,"enemies":"Blue Slaver","floor":10,"turns":4},{"damage":0,"enemies":"Large Slime","floor":14,"turns":5},{"damage":14,"enemies":"Slime Boss","floor":16,"turns":10},{"damage":21,"enemies":"Shell Parasite","floor":18,"turns":5},{"damage":5,"enemies":"Spheric Guardian","floor":19,"turns":3},{"damage":32,"enemies":"Centurion and Healer","floor":20,"turns":6},{"damage":38,"enemies":"Book of Stabbing","floor":28,"turns":5},{"damage":0,"enemies":"Snecko","floor":30,"turns":4},{"damage":8,"enemies":"Cultist and Chosen","floor":31,"turns":4},{"damage":52,"enemies":"Champ","floor":33,"turns":10}],"seed_played":"3905443181834321792","potions_obtained":[{"floor":3,"key":"Swift Potion"},{"floor":7,"key":"PotionOfCapacity"},{"floor":14,"key":"LiquidBronze"},{"floor":18,"key":"Fire Potion"},{"floor":28,"key":"EssenceOfSteel"}],"is_trial":false,"path_per_floor":["M","?","M","M","$","R","M","E","T","M","?","?","$","M","R","B",null,"M","M","M","$","?","R","$","R","T","?","E","?","M","M","R","B"],"character_chosen":"DEFECT","items_purchased":["Bandage Up","Redo","HandDrill","Orrery","Ball Lightning"],"campfire_rested":1,"item_purchase_floors":[5,13,13,21,24],"current_hp_per_floor":[75,75,73,73,75,75,51,25,25,18,7,7,22,26,26,16,75,58,57,29,44,44,44,59,59,59,59,25,25,25,21,43,0,0],"gold":54,"neow_bonus":"RANDOM_COMMON_RELIC","is_daily":false,"chose_seed":false,"campfire_upgraded":3,"win_rate":0.0,"timestamp":1613888033,"path_taken":["M","?","?","M","$","R","M","E","T","M","?","?","$","M","R","BOSS","M","M","M","$","?","R","?","R","T","?","E","?","?","M","R","BOSS"],"items_purchased_type":["Card","Card","Relic","Relic","Card"],"build_version":"2020-12-22","purchased_purges":0,"victory":false,"max_hp_per_floor":[75,75,75,75,75,75,75,75,75,75,75,75,75,75,75,75,75,75,75,75,75,75,75,75,75,75,75,75,75,75,75,75,75,75],"card_choices":[{"not_picked":["Stack","Rebound"],"picked":"Cold Snap","floor":1},{"not_picked":["Steam Power","Stack"],"picked":"Rebound","floor":3},{"not_picked":["Leap","Beam Cell"],"picked":"Core Surge","floor":4},{"not_picked":["Go for the Eyes","Compile Driver"],"picked":"Hologram","floor":7},{"not_picked":["Sweeping Beam","Cold Snap"],"picked":"Amplify","floor":8},{"not_picked":["Hologram","Steam"],"picked":"Barrage","floor":10},{"not_picked":["Coolheaded","Rebound"],"picked":"Hello World","floor":14},{"not_picked":["Amplify","Multi-Cast"],"picked":"Biased Cognition","floor":16},{"not_picked":["Beam Cell","Hologram"],"picked":"Loop+1","floor":18},{"not_picked":["Tempest","Chill"],"picked":"Streamline+1","floor":19},{"not_picked":["Leap","Storm"],"picked":"Lockon+1","floor":20},{"not_picked":["Gash","Reinforced Body"],"picked":"Go for the Eyes+1","floor":21},{"not_picked":["Scrape","Hologram"],"picked":"Defragment","floor":21},{"not_picked":["Echo Form","Barrage"],"picked":"Reprogram","floor":21},{"not_picked":["Hologram","Barrage+1"],"picked":"Reboot","floor":21},{"not_picked":["Hologram","Beam Cell"],"picked":"Compile Driver","floor":21},{"not_picked":["Streamline+1","Go for the Eyes"],"picked":"Blizzard","floor":28},{"not_picked":["Streamline","Force Field+1"],"picked":"Steam","floor":30},{"not_picked":["Sweeping Beam","Barrage"],"picked":"Redo+1","floor":31},{"not_picked":["Recycle+1","Gash+1"],"picked":"Machine Learning","floor":32}],"player_experience":111526,"relics_obtained":[{"floor":8,"key":"Bronze Scales"},{"floor":28,"key":"Dream Catcher"}],"event_choices":[{"cards_removed":["Strike_B"],"damage_healed":0,"gold_gain":0,"player_choice":"Purged","damage_taken":0,"max_hp_gain":0,"max_hp_loss":0,"event_name":"Purifier","floor":2,"gold_loss":0},{"damage_healed":0,"gold_gain":75,"player_choice":"Gather Gold","damage_taken":11,"max_hp_gain":0,"max_hp_loss":0,"event_name":"World of Goop","floor":11,"gold_loss":0},{"damage_healed":0,"gold_gain":0,"player_choice":"Trade","damage_taken":0,"relics_obtained":["NlothsMask"],"max_hp_gain":0,"max_hp_loss":0,"event_name":"FaceTrader","floor":12,"gold_loss":0},{"damage_healed":0,"gold_gain":0,"player_choice":"Upgraded","damage_taken":0,"max_hp_gain":0,"max_hp_loss":0,"event_name":"Upgrade Shrine","floor":22,"gold_loss":0,"cards_upgraded":["Zap"]},{"damage_healed":0,"gold_gain":0,"player_choice":"Paid Gold","damage_taken":0,"relics_obtained":["Sundial"],"max_hp_gain":0,"max_hp_loss":0,"event_name":"WeMeetAgain","floor":29,"gold_loss":60}],"is_beta":false,"boss_relics":[{"not_picked":["Busted Crown","FrozenCore"],"picked":"Nuclear Battery"}],"items_purged_floors":[],"is_endless":false,"potions_floor_spawned":[3,7,14,18,28],"killed_by":"Champ","ascension_level":0}}