{"host":"phy652c7lim9lcu2","time":1613910468,"event":{"mods":["BaseMod","Colored Powertips","Googly Eyes","Minty Spire (QoL Compilation)","Relic Stats","Spicy Shops","StSLib","everything is the same but u backflip on backflip"],"gold_per_floor":[114,125,139,150,100,100,126,126,126,143,143,158,170,70,70,145,145,158,177,27,27,27,27,27,62,62,62,62,62],"floor_reached":28,"language":"ENG","playtime":804,"items_purged":["Strike_P","Strike_P"],"score":434,"play_id":"810875a7-2410-4d1b-9b5d-5a99c245aff8","local_time":"20210221222748","is_ascension_mode":true,"campfire_choices":[{"data":"Eruption","floor":6.0,"key":"SMITH"},{"data":"Conclude","floor":8.0,"key":"SMITH"},{"data":"BowlingBash","floor":11.0,"key":"SMITH"},{"data":"Alpha","floor":15.0,"key":"SMITH"},{"data":"ConjureBlade","floor":23.0,"key":"SMITH"}],"circlet_count":0,"master_deck":["AscendersBane","Eruption+1","Vigilance","SashWhip","Conclude+1","BowlingBash+1","JustLucky","DeusExMachina","Protect","Alpha+1","ConjureBlade+1","DevaForm","LikeWater","Omniscience","Sanctity+1","MentalFortress","Crescendo","Evaluate","Meditate"],"relics":["PureWater","MealTicket","Smiling Mask","Pandora\u0027s Box","Chemical X","Bottled Tornado"],"acts_visited":["Exordium","TheCity"],"potions_floor_usage":[28],"damage_taken":[{"damage":0.0,"enemies":"2 Louse","floor":1.0,"turns":1.0},{"damage":0.0,"enemies":"Small Slimes","floor":2.0,"turns":3.0},{"damage":0.0,"enemies":"Cultist","floor":3.0,"turns":3.0},{"damage":7.0,"enemies":"2 Fungi Beasts","floor":4.0,"turns":3.0},{"damage":20.0,"enemies":"Lagavulin","floor":7.0,"turns":5.0},{"damage":0.0,"enemies":"Large Slime","floor":10.0,"turns":2.0},{"damage":0.0,"enemies":"Lots of Slimes","floor":12.0,"turns":1.0},{"damage":8.0,"enemies":"Exordium Thugs","floor":13.0,"turns":4.0},{"damage":15.0,"enemies":"Hexaghost","floor":16.0,"turns":6.0},{"damage":12.0,"enemies":"3 Byrds","floor":18.0,"turns":3.0},{"damage":2.0,"enemies":"Spheric Guardian","floor":19.0,"turns":3.0},{"damage":23.0,"enemies":"Gremlin Leader","floor":25.0,"turns":3.0},{"damage":37,"enemies":"Slavers","floor":28,"turns":3}],"seed_played":"2093687671533951418","potions_obtained":[{"floor":3.0,"key":"StancePotion"},{"floor":4.0,"key":"SteroidPotion"},{"floor":7.0,"key":"GamblersBrew"},{"floor":25.0,"key":"Dexterity Potion"}],"is_trial":false,"path_per_floor":["M","M","M","M","?","R","E","R","T","M","R","M","M","$","R","B",null,"M","M","$","?","?","R","$","E","T","?","E"],"character_chosen":"WATCHER","items_purchased":["Chemical X"],"campfire_rested":0,"item_purchase_floors":[20],"current_hp_per_floor":[65,65,65,58,58,58,38,38,38,38,38,38,30,45,45,30,62,50,48,63,63,63,63,72,49,49,36,0,0],"gold":62,"neow_bonus":"THREE_CARDS","is_daily":false,"chose_seed":false,"campfire_upgraded":5,"win_rate":0.0,"timestamp":1613910468,"path_taken":["M","M","M","M","?","R","E","R","T","M","R","M","M","$","R","BOSS","M","M","$","?","?","R","$","E","T","?","E"],"items_purchased_type":["Relic"],"build_version":"2020-12-22","purchased_purges":2,"victory":false,"max_hp_per_floor":[72,72,72,72,72,72,72,72,72,72,72,72,72,72,72,72,72,72,72,72,72,72,72,72,72,72,77,77,77],"relic_stats":{"counters":[13,40],"MealTicket":39,"Pandora\u0027s Box":["FearNoEvil","DevaForm","LikeWater","Omniscience","Weave"],"Chemical X":[2],"Smiling Mask":75,"obtain_stats":[{"MealTicket":7,"Pandora\u0027s Box":17,"Chemical X":20,"PureWater":0,"Bottled Tornado":25,"Smiling Mask":9},{"MealTicket":5,"Pandora\u0027s Box":9,"Chemical X":11,"PureWater":0,"Bottled Tornado":12,"Smiling Mask":5},{"MealTicket":15,"Pandora\u0027s Box":28,"Chemical X":34,"PureWater":0,"Bottled Tornado":37,"Smiling Mask":15}]},"card_choices":[{"not_picked":["JustLucky","Evaluate"],"picked":"SashWhip","floor":0.0},{"not_picked":["EmptyFist","JustLucky"],"picked":"Conclude","floor":1.0},{"not_picked":["FlurryOfBlows","Halt"],"picked":"FearNoEvil","floor":2.0},{"not_picked":["EmptyFist","Prostrate"],"picked":"BowlingBash","floor":3.0},{"not_picked":["Evaluate","Halt"],"picked":"JustLucky","floor":4.0},{"not_picked":["EmptyMind","SignatureMove"],"picked":"DeusExMachina","floor":7.0},{"not_picked":["Evaluate","ForeignInfluence"],"picked":"Protect","floor":10.0},{"not_picked":["PathToVictory","ClearTheMind"],"picked":"Alpha","floor":12.0},{"not_picked":["Fasting2","Conclude","Swivel"],"picked":"SKIP","floor":13.0},{"not_picked":["DevaForm","Devotion"],"picked":"ConjureBlade","floor":16.0},{"not_picked":["BowlingBash","FlurryOfBlows"],"picked":"Sanctity+1","floor":18.0},{"not_picked":["InnerPeace","SignatureMove"],"picked":"MentalFortress","floor":19.0},{"not_picked":["ClearTheMind","Blasphemy"],"picked":"Meditate","floor":25.0}],"player_experience":350560,"relics_obtained":[{"floor":7.0,"key":"MealTicket"},{"floor":9.0,"key":"Smiling Mask"},{"floor":25.0,"key":"Bottled Tornado"}],"event_choices":[{"cards_removed":["Defend_P"],"damage_healed":0.0,"max_hp_gain":0.0,"max_hp_loss":0.0,"gold_gain":0.0,"event_name":"The Cleric","player_choice":"Card Removal","floor":5.0,"gold_loss":50.0,"damage_taken":0.0},{"cards_removed":["Weave"],"damage_healed":0.0,"max_hp_gain":0.0,"max_hp_loss":0.0,"gold_gain":0.0,"event_name":"Back to Basics","player_choice":"Elegance","floor":21.0,"gold_loss":0.0,"damage_taken":0.0},{"damage_healed":0.0,"max_hp_gain":0.0,"max_hp_loss":0.0,"gold_gain":0.0,"cards_transformed":["FearNoEvil","FearNoEvil"],"event_name":"Drug Dealer","player_choice":"Became Test Subject","floor":22.0,"gold_loss":0.0,"damage_taken":0.0,"cards_obtained":["Crescendo","Evaluate"]},{"damage_healed":0.0,"max_hp_gain":5.0,"max_hp_loss":0.0,"gold_gain":0.0,"event_name":"Forgotten Altar","player_choice":"Shed Blood","floor":27.0,"gold_loss":0.0,"damage_taken":18.0}],"is_beta":false,"boss_relics":[{"not_picked":["Philosopher\u0027s Stone","VioletLotus"],"picked":"Pandora\u0027s Box"}],"items_purged_floors":[14,14],"is_endless":false,"potions_floor_spawned":[3,4,7,16,18,25],"killed_by":"Slavers","ascension_level":13}}