{"host":"ow66nzv2xecjoor3","time":1613867496,"event":{"mods":["BaseMod","Bestiary","Block Reminder","Colored Powertips","Curses Come First","Highlight Path","Keyboard Shortcuts","Minty Spire (QoL Compilation)","Permanent Neow","Relic Stats","StSLib","UnlockEverythingMod"],"gold_per_floor":[115,127,147,162,162,191,191,218,268,296,306,44,78,92,92,164,164,180,198,30,43,62,62,62,62],"floor_reached":24,"language":"ENG","playtime":896,"items_purged":[],"score":610,"play_id":"4964cd08-72ce-4f9a-bbb3-b14bc6a382a1","local_time":"20210220183136","is_ascension_mode":true,"campfire_choices":[{"data":"Eruption","floor":7.0,"key":"SMITH"},{"data":"WheelKick","floor":15.0,"key":"SMITH"},{"floor":23,"key":"REST"}],"circlet_count":0,"master_deck":["AscendersBane","Eruption+1","Vigilance","Wireheading","FlyingSleeves","EmptyFist","Perseverance","FlurryOfBlows","FollowUp","WheelKick+1","Fasting2","FearNoEvil","DevaForm","BattleHymn","ClearTheMind","Devotion","Crescendo","WreathOfFlame","FlurryOfBlows","SandsOfTime","Halt+1","BowlingBash+1","DevaForm"],"relics":["Velvet Choker","Torii","Pantograph","Blood Vial","Centennial Puzzle","Question Card","Yang","Pandora\u0027s Box","TheAbacus"],"acts_visited":["Exordium","TheCity"],"potions_floor_usage":[22],"damage_taken":[{"damage":6.0,"enemies":"Small Slimes","floor":1.0,"turns":6.0},{"damage":6.0,"enemies":"Cultist","floor":2.0,"turns":5.0},{"damage":0.0,"enemies":"2 Louse","floor":3.0,"turns":2.0},{"damage":17.0,"enemies":"Exordium Thugs","floor":4.0,"turns":5.0},{"damage":2.0,"enemies":"Lagavulin","floor":6.0,"turns":7.0},{"damage":11.0,"enemies":"3 Sentries","floor":8.0,"turns":6.0},{"damage":2.0,"enemies":"Lagavulin","floor":10.0,"turns":6.0},{"damage":0.0,"enemies":"Blue Slaver","floor":11.0,"turns":2.0},{"damage":0.0,"enemies":"3 Sentries","floor":13.0,"turns":3.0},{"damage":0.0,"enemies":"Large Slime","floor":14.0,"turns":2.0},{"damage":0.0,"enemies":"Slime Boss","floor":16.0,"turns":4.0},{"damage":17.0,"enemies":"Shell Parasite","floor":18.0,"turns":4.0},{"damage":15,"enemies":"Chosen","floor":19,"turns":4},{"damage":6,"enemies":"3 Cultists","floor":21,"turns":3},{"damage":27,"enemies":"Shelled Parasite and Fungi","floor":22,"turns":2},{"damage":34,"enemies":"Slavers","floor":24,"turns":1}],"seed_played":"1153529718259886594","potions_obtained":[{"floor":1.0,"key":"SteroidPotion"},{"floor":6.0,"key":"DistilledChaos"},{"floor":10.0,"key":"Explosive Potion"},{"floor":16.0,"key":"Weak Potion"},{"floor":18.0,"key":"LiquidMemories"},{"floor":19,"key":"LiquidBronze"}],"is_trial":false,"path_per_floor":["M","M","M","M","?","E","R","E","T","E","M","$","E","M","R","B",null,"M","M","$","M","M","R","E"],"character_chosen":"WATCHER","items_purchased":["Question Card","TheAbacus"],"campfire_rested":1,"item_purchase_floors":[12,20],"current_hp_per_floor":[55,49,49,32,32,30,30,19,19,19,21,21,23,25,25,52,64,49,36,36,32,7,27,0,0],"gold":62,"neow_bonus":"BOSS_RELIC","is_daily":false,"chose_seed":false,"campfire_upgraded":2,"win_rate":0.0,"timestamp":1613867496,"path_taken":["M","M","M","M","?","E","R","E","T","E","M","$","E","M","R","BOSS","M","M","$","M","M","R","E"],"items_purchased_type":["Relic","Relic"],"build_version":"2020-12-22","purchased_purges":0,"victory":false,"max_hp_per_floor":[68,68,68,68,68,68,68,68,68,68,68,68,68,68,68,68,68,68,68,68,68,68,68,68,68],"relic_stats":{"Blood Vial":20,"Centennial Puzzle":[15],"TheAbacus":[0],"Torii":6,"counters":[16,62],"Pantograph":25,"Yang":[57],"Pandora\u0027s Box":["BattleHymn","ClearTheMind","Devotion","Crescendo","WreathOfFlame","FlurryOfBlows","SandsOfTime"],"Question Card":7,"obtain_stats":[{"Blood Vial":9,"Centennial Puzzle":10,"TheAbacus":20,"Torii":6,"Pantograph":8,"Velvet Choker":0,"Yang":13,"Pandora\u0027s Box":17,"PureWater":0,"Question Card":12},{"Blood Vial":6,"Centennial Puzzle":7,"TheAbacus":13,"Torii":5,"Pantograph":6,"Velvet Choker":0,"Yang":9,"Pandora\u0027s Box":11,"PureWater":0,"Question Card":8},{"Blood Vial":31,"Centennial Puzzle":37,"TheAbacus":56,"Torii":25,"Pantograph":31,"Velvet Choker":0,"Yang":42,"Pandora\u0027s Box":48,"PureWater":0,"Question Card":39}]},"card_choices":[{"not_picked":["MentalFortress","Halt"],"picked":"Wireheading","floor":1.0},{"not_picked":["PathToVictory","Pray"],"picked":"FlyingSleeves","floor":2.0},{"not_picked":["BowlingBash","FollowUp"],"picked":"EmptyFist","floor":3.0},{"not_picked":["FlyingSleeves","Adaptation"],"picked":"Perseverance","floor":4.0},{"not_picked":["EmptyBody","SashWhip","ForeignInfluence"],"picked":"SKIP","floor":6.0},{"not_picked":["FollowUp","Collect","Evaluate"],"picked":"SKIP","floor":8.0},{"not_picked":["Collect","Evaluate"],"picked":"FollowUp","floor":8.0},{"not_picked":["CutThroughFate","EmptyFist"],"picked":"WheelKick","floor":10.0},{"not_picked":["Protect","Nirvana"],"picked":"Fasting2","floor":11.0},{"not_picked":["CutThroughFate","Establishment","FlyingSleeves"],"picked":"FearNoEvil","floor":13.0},{"not_picked":["WreathOfFlame","DeceiveReality","BowlingBash","SashWhip"],"picked":"SKIP","floor":14.0},{"not_picked":["Blasphemy","Devotion","Judgement"],"picked":"DevaForm","floor":16.0},{"not_picked":["Consecrate","ForeignInfluence","EmptyBody"],"picked":"Halt+1","floor":18.0},{"not_picked":["FollowUp","WindmillStrike","EmptyBody","FlurryOfBlows"],"picked":"SKIP","floor":19},{"not_picked":["BattleHymn","CutThroughFate","FlyingSleeves"],"picked":"BowlingBash+1","floor":21},{"not_picked":["DeceiveReality","Nirvana","EmptyFist"],"picked":"DevaForm","floor":22}],"player_experience":2914420,"relics_obtained":[{"floor":6.0,"key":"Torii"},{"floor":8.0,"key":"Pantograph"},{"floor":9.0,"key":"Blood Vial"},{"floor":10.0,"key":"Centennial Puzzle"},{"floor":13.0,"key":"Yang"}],"event_choices":[{"damage_healed":0.0,"max_hp_gain":0.0,"max_hp_loss":0.0,"gold_gain":0.0,"cards_transformed":["Strike_P"],"event_name":"Living Wall","player_choice":"Change","floor":5.0,"gold_loss":0.0,"damage_taken":0.0,"cards_obtained":["FlurryOfBlows"]}],"is_beta":false,"boss_relics":[{"not_picked":["Ectoplasm","VioletLotus"],"picked":"Pandora\u0027s Box"}],"items_purged_floors":[],"is_endless":false,"potions_floor_spawned":[1,6,10,11,16,18,19],"killed_by":"Slavers","ascension_level":20}}