{"host":"p48otulg9rbkrcsk","time":1613906988,"event":{"mods":["BaseMod","Colored Map","Downfall","Minty Spire (QoL Compilation)","Quick Restart","StSLib","[功能]功能增强和修复MOD"],"gold_per_floor":[99,99,99,79,79,79,79,64,81,98,115,128,28,8,31,31,31,31],"floor_reached":16,"language":"ZHS","playtime":700,"items_purged":["Guardian:Strike_Guardian","Guardian:Strike_Guardian","Guardian:Defend_Guardian","Guardian:Defend_Guardian","Guardian:Strike_Guardian"],"score":95,"play_id":"366d4367-7362-42cb-9e8e-f03ff07214f5","local_time":"20210221192948","is_ascension_mode":true,"campfire_choices":[{"floor":1,"key":"RECALL"},{"data":"Guardian:TimeCapacitor","floor":6,"key":"SMITH"},{"data":"Guardian:TwinSlam","floor":13,"key":"SMITH"}],"circlet_count":0,"master_deck":["Guardian:Defend_Guardian+1","Guardian:Defend_Guardian","Guardian:CurlUp","Guardian:TwinSlam+1","Guardian:Incinerate","Guardian:TimeBomb+1","Guardian:TimeCapacitor+1","Guardian:WalkerClaw","Guardian:Gem_Synthetic","Guardian:CrystalBeam","Guardian:Emergency","Guardian:Incinerate","Guardian:PrismaticBarrier"],"relics":["Guardian:ModeShifter","downfall:HeartsMalice","Slimebound:StickyStick","Peace Pipe","bronze:DonusWashers","Bottled Tornado","HandDrill","bronze:DecasWashers","Guardian:StasisCodex","downfall:HeartBlessingRed","War Paint","Guardian:PickAxe","Toolbox"],"acts_visited":["Exordium"],"potions_floor_usage":[],"damage_taken":[{"damage":0,"enemies":"Small Slimes","floor":2,"turns":1},{"damage":0,"enemies":"Cultist","floor":3,"turns":1},{"damage":0,"enemies":"downfall:FleeingMerchant","floor":4,"turns":1},{"damage":5,"enemies":"downfall:FleeingMerchant","floor":8,"turns":4},{"damage":5,"enemies":"2 Louse","floor":9,"turns":2},{"damage":7,"enemies":"Blue Slaver","floor":10,"turns":4},{"damage":10,"enemies":"downfall:LooterAlt","floor":11,"turns":2},{"damage":4,"enemies":"Gremlin Gang","floor":12,"turns":3},{"damage":5,"enemies":"downfall:FleeingMerchant","floor":14,"turns":4},{"damage":0,"enemies":"Blue Slaver","floor":15,"turns":1},{"damage":0,"enemies":"IC_STATUS_ARCHETYPE","floor":16,"turns":1}],"seed_played":"-9088479490728909542","potions_obtained":[{"floor":9,"key":"Explosive Potion"},{"floor":9,"key":"DuplicationPotion"},{"floor":10,"key":"LiquidMemories"}],"is_trial":false,"path_per_floor":["R","M","M","$","?","R","T","$","M","M","M","M","R","$","M","B"],"character_chosen":"GUARDIAN","items_purchased":["Slimebound:StickyStick","Peace Pipe","Guardian:Gem_Red","Guardian:Incinerate","Guardian:TimeBomb","Guardian:TimeCapacitor","bronze:DonusWashers","HandDrill","bronze:DecasWashers","Guardian:StasisCodex","Guardian:Gem_Synthetic","Guardian:Gem_Red","War Paint","Guardian:PickAxe","Toolbox"],"campfire_rested":0,"item_purchase_floors":[4,4,4,4,4,4,4,8,8,8,8,8,14,14,14],"current_hp_per_floor":[80,80,80,80,80,80,80,75,70,63,53,49,49,44,44,44,44,44],"gold":31,"neow_bonus":"THREE_ENEMY_KILL","is_daily":false,"chose_seed":false,"campfire_upgraded":2,"win_rate":0.0,"timestamp":1613906988,"path_taken":["R","M","M","$","?","R","T","$","M","M","M","?","R","$","M","BOSS"],"items_purchased_type":["Relic","Relic","Card","Card","Card","Card","Relic","Relic","Relic","Relic","Card","Card","Relic","Relic","Relic"],"build_version":"2020-12-22","purchased_purges":5,"victory":false,"max_hp_per_floor":[80,80,80,80,80,80,80,80,80,80,80,80,80,80,80,80,80,80],"card_choices":[{"not_picked":["Guardian:Planning","Guardian:PiercingHide"],"picked":"Guardian:Gem_Yellow","floor":2},{"not_picked":["Guardian:Gem_Fragmented","Guardian:DonusPower"],"picked":"Guardian:Gem_White","floor":3},{"not_picked":["Guardian:ShieldSpikes","Guardian:Reroute","Guardian:EvasiveProtocol"],"picked":"SKIP","floor":4},{"not_picked":["Guardian:Recover","Guardian:VentSteam","Guardian:Reroute"],"picked":"SKIP","floor":8},{"not_picked":["Guardian:RollAttack","Guardian:PrimingBeam","Guardian:WalkerClaw"],"picked":"SKIP","floor":9},{"not_picked":["Guardian:TemporalShield","Guardian:FloatingOrbs"],"picked":"Guardian:CrystalBeam","floor":10},{"not_picked":["Guardian:TemporalShield","Guardian:Planning"],"picked":"Guardian:Emergency","floor":11},{"not_picked":["Guardian:PrismaticBeam","Guardian:ShieldSpikes","Guardian:Incinerate"],"picked":"SKIP","floor":12},{"not_picked":["Guardian:BronzeArmor","Guardian:Planning"],"picked":"Guardian:Incinerate","floor":14},{"not_picked":["Guardian:VentSteam","Guardian:ShieldCharger"],"picked":"Guardian:PrismaticBarrier","floor":15}],"player_experience":192980,"relics_obtained":[{"floor":7,"key":"Bottled Tornado"}],"event_choices":[],"is_beta":false,"boss_relics":[],"items_purged_floors":[4,4,4,4,14],"is_endless":false,"potions_floor_spawned":[9,9,10,11,11,12,15],"killed_by":"IC_STATUS_ARCHETYPE","ascension_level":1}}