{"host":"6p0attdrtjqaih7v","time":1613939812,"event":{"mods":["2.2 Compatiblity","AchievementEnabler","BaseMod","Better Skull","Better Third Choice","Card Filter","Colored Powertips","Hermit","Highlight Path","Hubris","Key Reminder","Minty Spire (QoL Compilation)","Permanent Neow","Quick Restart","Random Character Button","Relic Filter","Relic Stats","Reliquary","Replay The Spire","Robot Space Explorer","StSLib","The Construct","The Gatherer","The Hayseed","The Runesmith","The Witch"],"gold_per_floor":[112,128,49,62,112,141,158,190,217,217,217,217,217,251,251,322,322,336,354,354,226,226,359,359,359,408,420,452,496,128,147,147,223,223,243,243,254,33,33,59,71,106,188,221,221,233,0,14,14,14,14],"floor_reached":52,"language":"ENG","playtime":1724,"items_purged":["RobotSpaceExplorer:Defend","RobotSpaceExplorer:Strike","RobotSpaceExplorer:Defend"],"score":2592,"play_id":"f761d1da-03db-482a-af84-aa764f706c0b","local_time":"20210221153652","is_ascension_mode":true,"campfire_choices":[{"data":"RobotSpaceExplorer:ChargingLaser","floor":10,"key":"SMITH"},{"data":"Deep Breath","floor":12,"key":"SMITH"},{"data":"RobotSpaceExplorer:ShovelStrike","floor":15,"key":"SMITH"},{"data":"RobotSpaceExplorer:Blitz","floor":25,"key":"SMITH"},{"data":"RobotSpaceExplorer:MiniLasers","floor":27,"key":"SMITH"},{"data":"RobotSpaceExplorer:ChargingLaser","floor":32,"key":"SMITH"},{"data":"RobotSpaceExplorer:ShockMissile","floor":49,"key":"SMITH"}],"circlet_count":0,"master_deck":["AscendersBane","RobotSpaceExplorer:Strike+1","RobotSpaceExplorer:Scan","RobotSpaceExplorer:MiniLasers+1","Deep Breath+1","RobotSpaceExplorer:Blitz+1","RobotSpaceExplorer:SlimeMissile","RobotSpaceExplorer:ShovelStrike+1","RobotSpaceExplorer:ChargingLaser+1","RobotSpaceExplorer:MiniDrones","RobotSpaceExplorer:ScrapToss","RobotSpaceExplorer:ChargingLaser+1","RobotSpaceExplorer:ScrapShield","RobotSpaceExplorer:ScrapToss","RobotSpaceExplorer:ScrapMissile","RobotSpaceExplorer:StunGrenade","RobotSpaceExplorer:ShockMissile+1","RobotSpaceExplorer:MiniDrones","Dramatic Entrance","RobotSpaceExplorer:StarLightning+1"],"relics":["RobotSpaceExplorer:RoboCore","hubris:Metronome","Whetstone","Omamori","hubris:CrystalStatue","hubris:CuriousFeather","Replay:Grab Bag","Coffee Dripper","hubris:Backtick","Ornamental Fan","Toy Ornithopter","hubris:Icosahedron","InkBottle","MutagenicStrength","MawBank","reliquary:Spinner","Bag of Preparation","Replay:Drink Me","hubris:Towel","Bag of Marbles","Potion Belt","Molten Egg 2","Juzu Bracelet","Red Mask"],"acts_visited":["Exordium","TheCity","TheBeyond"],"potions_floor_usage":[6,8,23,23,29,33],"damage_taken":[{"damage":1,"enemies":"Cultist","floor":1,"turns":3},{"damage":0,"enemies":"Small Slimes","floor":2,"turns":3},{"damage":0,"enemies":"2 Louse","floor":4,"turns":2},{"damage":14,"enemies":"Gremlin Nob","floor":6,"turns":3},{"damage":2,"enemies":"Exordium Wildlife","floor":7,"turns":5},{"damage":6,"enemies":"3 Sentries","floor":8,"turns":10},{"damage":0,"enemies":"Gremlin Nob","floor":14,"turns":2},{"damage":3,"enemies":"Hexaghost","floor":16,"turns":5},{"damage":0,"enemies":"3 Byrds","floor":18,"turns":4},{"damage":0,"enemies":"Chosen","floor":19,"turns":3},{"damage":15,"enemies":"Replay:Snechameleon","floor":23,"turns":2},{"damage":0,"enemies":"Centurion and Healer","floor":28,"turns":2},{"damage":0,"enemies":"Book of Stabbing","floor":29,"turns":1},{"damage":0,"enemies":"Snecko","floor":31,"turns":1},{"damage":0,"enemies":"Champ","floor":33,"turns":3},{"damage":0,"enemies":"3 Darklings","floor":35,"turns":1},{"damage":0,"enemies":"3 Shapes","floor":37,"turns":1},{"damage":0,"enemies":"Reptomancer","floor":40,"turns":1},{"damage":0,"enemies":"Spire Growth","floor":41,"turns":1},{"damage":0,"enemies":"Nemesis","floor":42,"turns":1},{"damage":0,"enemies":"R_Hoarder","floor":44,"turns":1},{"damage":0,"enemies":"3 Darklings","floor":46,"turns":1},{"damage":0,"enemies":"Jaw Worm Horde","floor":48,"turns":1},{"damage":0,"enemies":"Awakened One","floor":50,"turns":4},{"damage":0,"enemies":"Donu and Deca","floor":51,"turns":3}],"seed_played":"4655709190219371464","potions_obtained":[{"floor":2,"key":"Death Potion"},{"floor":6,"key":"Death Potion"},{"floor":8,"key":"SpeedPotion"},{"floor":28,"key":"Milkshake"},{"floor":31,"key":"BlessingOfTheForge"},{"floor":33,"key":"Block Potion"},{"floor":37,"key":"RobotSpaceExplorer:RecyclePotion"},{"floor":46,"key":"Elixir"}],"is_trial":false,"path_per_floor":["M","M","$","M","?","E","M","E","T","R","?","R","?","E","R","B",null,"M","M","?","$","?","E","?","R","T","R","M","E","$","M","R","B",null,"M","?","M","$","?","E","M","E","T","E","?","M","?","M","R","B","B",null],"character_chosen":"RobotSpaceExplorer","items_purchased":["EssenceOfSteel","Fire Potion","RobotSpaceExplorer:ScrapMissile","Bag of Preparation","Strength Potion","Dramatic Entrance"],"campfire_rested":0,"item_purchase_floors":[3,21,30,30,30,38],"current_hp_per_floor":[63,63,63,63,63,49,47,41,41,41,41,41,23,23,23,20,58,58,58,58,58,58,53,53,53,53,53,53,58,58,58,58,63,54,54,54,54,54,54,54,54,54,54,54,54,54,54,54,54,54,54],"gold":14,"neow_bonus":"RANDOM_COLORLESS","is_daily":false,"chose_seed":false,"campfire_upgraded":7,"win_rate":0.0,"timestamp":1613939812,"path_taken":["M","M","$","?","?","E","?","E","T","R","?","R","?","E","R","BOSS","M","M","?","$","?","E","?","R","T","R","M","E","$","M","R","BOSS","M","?","M","$","?","E","M","E","T","E","?","M","?","M","R","BOSS","BOSS"],"items_purchased_type":["Potion","Potion","Card","Relic","Potion","Card"],"build_version":"2020-12-22","purchased_purges":3,"victory":true,"max_hp_per_floor":[71,71,71,71,71,71,71,71,71,71,71,71,71,71,71,71,71,71,71,71,71,71,71,71,71,71,71,71,71,71,71,71,71,54,54,54,54,54,54,54,54,54,54,54,54,54,54,54,54,54,54],"relic_stats":{"counters":[25,64],"Ornamental Fan":[212],"Bag of Preparation":[24],"Juzu Bracelet":0,"Whetstone":["RobotSpaceExplorer:Strike","RobotSpaceExplorer:Strike"],"MawBank":48,"obtain_stats":[{"Potion Belt":42,"hubris:Metronome":6,"hubris:CrystalStatue":13,"Replay:Grab Bag":17,"RobotSpaceExplorer:RoboCore":0,"Omamori":9,"Bag of Preparation":30,"Juzu Bracelet":44,"Whetstone":8,"reliquary:Spinner":29,"hubris:Towel":36,"MawBank":26,"hubris:Backtick":17,"hubris:Icosahedron":22,"Ornamental Fan":17,"MutagenicStrength":24,"Molten Egg 2":43,"hubris:CuriousFeather":14,"Coffee Dripper":17,"Bag of Marbles":40,"Red Mask":47,"Replay:Drink Me":34,"Toy Ornithopter":20,"InkBottle":23},{"Potion Belt":20,"hubris:Metronome":4,"hubris:CrystalStatue":6,"Replay:Grab Bag":8,"RobotSpaceExplorer:RoboCore":0,"Omamori":6,"Bag of Preparation":13,"Juzu Bracelet":21,"Whetstone":6,"reliquary:Spinner":13,"hubris:Towel":16,"MawBank":11,"hubris:Backtick":8,"hubris:Icosahedron":10,"Ornamental Fan":8,"MutagenicStrength":11,"Molten Egg 2":20,"hubris:CuriousFeather":7,"Coffee Dripper":8,"Bag of Marbles":18,"Red Mask":22,"Replay:Drink Me":15,"Toy Ornithopter":10,"InkBottle":11},{"Potion Belt":54,"hubris:Metronome":11,"hubris:CrystalStatue":26,"Replay:Grab Bag":33,"RobotSpaceExplorer:RoboCore":0,"Omamori":26,"Bag of Preparation":45,"Juzu Bracelet":55,"Whetstone":26,"reliquary:Spinner":45,"hubris:Towel":50,"MawBank":42,"hubris:Backtick":33,"hubris:Icosahedron":40,"Ornamental Fan":33,"MutagenicStrength":42,"Molten Egg 2":54,"hubris:CuriousFeather":28,"Coffee Dripper":33,"Bag of Marbles":52,"Red Mask":56,"Replay:Drink Me":49,"Toy Ornithopter":40,"InkBottle":42}],"Toy Ornithopter":20,"InkBottle":[16]},"card_choices":[{"not_picked":["Purity","Panacea"],"picked":"Deep Breath","floor":0},{"not_picked":["RobotSpaceExplorer:TurboDodge","RobotSpaceExplorer:SurgingStrike"],"picked":"RobotSpaceExplorer:Blitz","floor":1},{"not_picked":["RobotSpaceExplorer:FrostMissile","RobotSpaceExplorer:Pulsar"],"picked":"RobotSpaceExplorer:SlimeMissile","floor":2},{"not_picked":["RobotSpaceExplorer:FreezingShield","RobotSpaceExplorer:SwiftStep"],"picked":"RobotSpaceExplorer:ShovelStrike","floor":4},{"not_picked":["RobotSpaceExplorer:Blitz","RobotSpaceExplorer:BigMissile","RobotSpaceExplorer:Jetpack"],"picked":"SKIP","floor":6},{"not_picked":["RobotSpaceExplorer:DualCore","RobotSpaceExplorer:SurgingStrike"],"picked":"RobotSpaceExplorer:ChargingLaser","floor":7},{"not_picked":["RobotSpaceExplorer:Ammunition","RobotSpaceExplorer:SurgingStrike"],"picked":"RobotSpaceExplorer:MiniDrones","floor":8},{"not_picked":["RobotSpaceExplorer:MetalStrike","RobotSpaceExplorer:TurboDodge"],"picked":"RobotSpaceExplorer:ScrapToss","floor":14},{"not_picked":["RobotSpaceExplorer:Blaster","RobotSpaceExplorer:BlastShield"],"picked":"RobotSpaceExplorer:ChargingLaser","floor":16},{"not_picked":["RobotSpaceExplorer:BigMissile","RobotSpaceExplorer:ImprovisedAttack","RobotSpaceExplorer:FrostMissile+1"],"picked":"SKIP","floor":18},{"not_picked":["RobotSpaceExplorer:Counterblock+1","RobotSpaceExplorer:Reload"],"picked":"RobotSpaceExplorer:ScrapShield","floor":19},{"not_picked":["RobotSpaceExplorer:MakeshiftVolley+1","RobotSpaceExplorer:PowerGlove"],"picked":"RobotSpaceExplorer:ScrapToss","floor":23},{"not_picked":["RobotSpaceExplorer:StarDust","RobotSpaceExplorer:Counterblock","RobotSpaceExplorer:ShockKick"],"picked":"SKIP","floor":28},{"not_picked":["RobotSpaceExplorer:Reload","RobotSpaceExplorer:DoubleBlock","RobotSpaceExplorer:Discharger"],"picked":"SKIP","floor":29},{"not_picked":["RobotSpaceExplorer:ShovelStrike","RobotSpaceExplorer:Counterblock"],"picked":"RobotSpaceExplorer:StunGrenade","floor":31},{"not_picked":["RobotSpaceExplorer:Arsenal","RobotSpaceExplorer:Accelerator"],"picked":"RobotSpaceExplorer:ShockMissile","floor":33},{"not_picked":["RobotSpaceExplorer:FrostMissile","RobotSpaceExplorer:GearShield"],"picked":"RobotSpaceExplorer:MiniDrones","floor":35},{"not_picked":["RobotSpaceExplorer:SlimeMissile","RobotSpaceExplorer:Smokescreen","RobotSpaceExplorer:GlueShot"],"picked":"SKIP","floor":37},{"not_picked":["RobotSpaceExplorer:DualCore","RobotSpaceExplorer:Discharger+1","RobotSpaceExplorer:StunGrenade+1"],"picked":"SKIP","floor":40},{"not_picked":["RobotSpaceExplorer:DualCore","RobotSpaceExplorer:Discharger+1","RobotSpaceExplorer:StunGrenade+1"],"picked":"SKIP","floor":40},{"not_picked":["RobotSpaceExplorer:ToxicBomb","RobotSpaceExplorer:Probe","RobotSpaceExplorer:Discharger"],"picked":"SKIP","floor":41},{"not_picked":["RobotSpaceExplorer:StunGrenade","RobotSpaceExplorer:SwiftStep","RobotSpaceExplorer:DroneSwarm"],"picked":"SKIP","floor":42},{"not_picked":["RobotSpaceExplorer:SelfCleaning","RobotSpaceExplorer:SlimeMissile+1","RobotSpaceExplorer:FrostMissile+1"],"picked":"SKIP","floor":44},{"not_picked":["RobotSpaceExplorer:StarLightning+1","RobotSpaceExplorer:Pulsar","RobotSpaceExplorer:Counterblock"],"picked":"SKIP","floor":46},{"not_picked":["RobotSpaceExplorer:Pulsar","RobotSpaceExplorer:Counterblock"],"picked":"RobotSpaceExplorer:StarLightning+1","floor":46},{"not_picked":["RobotSpaceExplorer:SwiftStep","RobotSpaceExplorer:MetalStrike+1","RobotSpaceExplorer:PowerGlove"],"picked":"SKIP","floor":48}],"player_experience":1231461,"relics_obtained":[{"floor":6,"key":"hubris:Metronome"},{"floor":8,"key":"Whetstone"},{"floor":9,"key":"Omamori"},{"floor":14,"key":"hubris:CuriousFeather"},{"floor":23,"key":"InkBottle"},{"floor":26,"key":"MawBank"},{"floor":29,"key":"reliquary:Spinner"},{"floor":40,"key":"Bag of Marbles"},{"floor":42,"key":"Potion Belt"},{"floor":43,"key":"Molten Egg 2"},{"floor":44,"key":"Juzu Bracelet"}],"event_choices":[{"damage_healed":0,"gold_gain":50,"player_choice":"Pray","damage_taken":0,"max_hp_gain":0,"max_hp_loss":0,"event_name":"Golden Shrine","floor":5,"gold_loss":0},{"damage_healed":0,"gold_gain":0,"player_choice":"Ignored","damage_taken":0,"max_hp_gain":0,"max_hp_loss":0,"event_name":"Liars Game","floor":11,"gold_loss":0},{"damage_healed":0,"gold_gain":1,"player_choice":"Relic ","damage_taken":18,"max_hp_gain":0,"max_hp_loss":0,"event_name":"betterThird:BetterScrap","floor":13,"gold_loss":0,"cards_obtained":["Judgement"]},{"damage_healed":0,"gold_gain":0,"player_choice":"Inject Mutagens","damage_taken":0,"relics_obtained":["MutagenicStrength"],"max_hp_gain":0,"max_hp_loss":0,"event_name":"Drug Dealer","floor":24,"gold_loss":0},{"damage_healed":0,"gold_gain":0,"player_choice":"Memory 1","damage_taken":0,"max_hp_gain":0,"max_hp_loss":0,"event_name":"SensoryStone","floor":45,"gold_loss":0},{"damage_healed":0,"gold_gain":0,"player_choice":"Paid","damage_taken":0,"relics_obtained":["Red Mask"],"max_hp_gain":0,"max_hp_loss":0,"event_name":"Tomb of Lord Red Mask","floor":47,"gold_loss":233}],"is_beta":false,"boss_relics":[{"not_picked":["Philosopher\u0027s Stone","reliquary:RedCape"],"picked":"Replay:Grab Bag"},{"not_picked":["Velvet Choker","Replay:Wanted Poster"],"picked":"Coffee Dripper"},{"not_picked":["Empty Cage","Runic Pyramid"],"picked":"hubris:Backtick"},{"not_picked":["SlaversCollar","reliquary:ThirdArm"],"picked":"Replay:Drink Me"}],"items_purged_floors":[21,30,38],"is_endless":false,"potions_floor_spawned":[2,6,8,28,31,33,37,40,46],"ascension_level":20}}