{"host":"fwdkxxz7291ipt0p","time":1613911129,"event":{"mods":["Act Like it!","BaseMod","Downfall","Minty Spire (QoL Compilation)","Relic Filter Mod","Relic Stats","StSLib","The Administrix","The Cursed","Yakumo Yukari mod","Youmu£®ªÍ∆«—˝√Œ£©"],"gold_per_floor":[99,116,135,135,135,135,159,174,12,0,32,51,51,78,98,194,194,194,207,223,235,235,235,235,253,263,274,221,221,231,41,58,163,163,63,73,110,130,143,143,143,43,261,271,296,310,157,167,178,178],"floor_reached":51,"language":"ZHS","playtime":8316,"items_purged":["champ:Strike","champ:Defend","champ:Strike","champ:Strike"],"score":679,"play_id":"26dfdb7b-4508-435f-957f-d5e0fdea2b78","local_time":"20210221203849","is_ascension_mode":true,"campfire_choices":[{"data":"champ:Improvising","floor":1.0,"key":"SMITH"},{"data":"champ:Taunt","floor":6.0,"key":"SMITH"},{"data":"champ:Circumvent","floor":13.0,"key":"SMITH"},{"data":"champ:Improvising","floor":18.0,"key":"SMITH"},{"floor":23.0,"key":"RECALL"},{"data":"champ:FanOfKnives","floor":35.0,"key":"SMITH"},{"data":"champ:FlashCut","floor":42.0,"key":"SMITH"}],"circlet_count":0,"master_deck":["champ:Strike","champ:Defend","champ:Defend","champ:Defend","champ:Execute","champ:Taunt+1","champ:Improvising+1","champ:Circumvent+1","champ:FanOfKnives+1","champ:FocusedBerserking","champ:FlashCut+1","champ:DeathBlow","champ:Improvising+1","champ:FancyFootwork+1","champ:ArenaPreparation+1","champ:RisingSlash","champ:BringItOn","champ:EnragedBash+1","champ:VampiricStrike","champ:PreciseThrust+1","champ:Haymaker+1","expansioncontent:AwakenDeath","champ:DefensiveShout+1"],"relics":["champ:ChampionCrownUpgraded","Toy Ornithopter","Membership Card","Gambling Chip","SlaversCollar","Bottled Tornado","Blue Candle","downfall:HeartBlessingRed","downfall:HeartBlessingGreen","Bag of Preparation","Boot","Anchor"],"acts_visited":["Exordium","TheCity","TheBeyond"],"potions_floor_usage":[],"damage_taken":[{"damage":12.0,"enemies":"Small Slimes","floor":2.0,"turns":4.0},{"damage":10.0,"enemies":"2 Louse","floor":3.0,"turns":2.0},{"damage":10.0,"enemies":"Jaw Worm","floor":8.0,"turns":4.0},{"damage":10.0,"enemies":"downfall:FleeingMerchant","floor":9.0,"turns":4.0},{"damage":25.0,"enemies":"downfall:FleeingMerchant","floor":10.0,"turns":4.0},{"damage":53.0,"enemies":"Gremlin Nob","floor":11.0,"turns":5.0},{"damage":0.0,"enemies":"Lots of Slimes","floor":12.0,"turns":1.0},{"damage":28.0,"enemies":"Lagavulin","floor":14.0,"turns":8.0},{"damage":11.0,"enemies":"Blue Slaver","floor":15.0,"turns":3.0},{"damage":54.0,"enemies":"SI_SHIV_ARCHETYPE","floor":16.0,"turns":6.0},{"damage":22.0,"enemies":"downfall:LooterAlt2","floor":19.0,"turns":4.0},{"damage":27.0,"enemies":"Shell Parasite","floor":20.0,"turns":4.0},{"damage":23.0,"enemies":"Centurion and Healer","floor":21.0,"turns":5.0},{"damage":24.0,"enemies":"Snake Plant","floor":25.0,"turns":3.0},{"damage":25.0,"enemies":"Cultist and Chosen","floor":26.0,"turns":4.0},{"damage":25.0,"enemies":"Chosen and Byrds","floor":27.0,"turns":3.0},{"damage":42.0,"enemies":"downfall:FleeingMerchant","floor":28.0,"turns":4.0},{"damage":27.0,"enemies":"Snecko","floor":30.0,"turns":4.0},{"damage":55.0,"enemies":"downfall:FleeingMerchant","floor":31.0,"turns":4.0},{"damage":51.0,"enemies":"Cultist and Chosen","floor":32.0,"turns":5.0},{"damage":114.0,"enemies":"IC_MUSHROOM_ARCHETYPE","floor":33.0,"turns":5.0},{"damage":15.0,"enemies":"Orb Walker","floor":36.0,"turns":2.0},{"damage":9.0,"enemies":"3 Shapes","floor":37.0,"turns":3.0},{"damage":42.0,"enemies":"Maw","floor":38.0,"turns":6.0},{"damage":20.0,"enemies":"3 Darklings","floor":39.0,"turns":2.0},{"damage":0.0,"enemies":"downfall:FleeingMerchant","floor":43.0,"turns":1.0},{"damage":15.0,"enemies":"Spire Growth","floor":44.0,"turns":3.0},{"damage":64.0,"enemies":"Nemesis","floor":45.0,"turns":5.0},{"damage":5.0,"enemies":"4 Shapes","floor":46.0,"turns":4.0},{"damage":30.0,"enemies":"Sphere and 2 Shapes","floor":48.0,"turns":3.0},{"damage":10,"enemies":"3 Darklings","floor":49,"turns":3},{"damage":85,"enemies":"WA_ARCHETYPE_DIVINITY","floor":50,"turns":7}],"seed_played":"-4766291664646248063","potions_obtained":[{"floor":8.0,"key":"ColorlessPotion"},{"floor":12.0,"key":"Fire Potion"},{"floor":16.0,"key":"LiquidBronze"},{"floor":19.0,"key":"Regen Potion"},{"floor":25.0,"key":"Fire Potion"},{"floor":26.0,"key":"champ:OpenerPotion"},{"floor":27.0,"key":"SmokeBomb"},{"floor":29.0,"key":"Fruit Juice"},{"floor":29.0,"key":"FairyPotion"},{"floor":29.0,"key":"SpeedPotion"},{"floor":33.0,"key":"ColorlessPotion"},{"floor":39.0,"key":"bronze:BurnAndBuffPotion"},{"floor":44.0,"key":"LiquidMemories"},{"floor":45.0,"key":"champ:CounterPotion"},{"floor":46.0,"key":"Strength Potion"}],"is_trial":false,"path_per_floor":["R","M","M","?","?","R","T","M","$","$","E","M","R","E","M","B",null,"R","M","M","M","?","R","T","M","M","M","$","?","M","$","M","B",null,"R","M","M","M","M","?","T","R","$","M","E","M","$","M","M","B",null],"character_chosen":"THE_CHAMP","items_purchased":["Membership Card","Blue Candle","Bag of Preparation","Anchor"],"campfire_rested":0,"item_purchase_floors":[9,31,43,47],"current_hp_per_floor":[90,88,88,93,93,93,93,93,93,93,60,60,60,42,41,27,95,95,83,76,78,78,78,78,74,95,95,93,100,93,93,92,53,100,100,100,96,94,94,94,94,94,94,94,95,95,95,95,95,60],"gold":178,"neow_bonus":"ONE_RANDOM_RARE_CARD","is_daily":false,"chose_seed":false,"campfire_upgraded":6,"win_rate":0.0,"timestamp":1613911129,"path_taken":["R","M","M","?","?","R","T","M","?","$","E","M","R","E","M","BOSS","BOSS","R","M","?","M","?","R","T","?","M","M","$","?","M","?","M","BOSS","R","M","M","M","M","?","T","R","$","M","E","M","$","M","M","BOSS"],"items_purchased_type":["Relic","Relic","Relic","Relic"],"build_version":"2020-12-22","purchased_purges":4,"victory":true,"max_hp_per_floor":[90,90,90,95,95,95,95,95,95,95,95,95,95,95,95,95,95,95,95,95,95,95,95,95,95,95,95,95,100,100,100,100,100,100,100,100,100,100,100,100,100,100,100,100,100,100,100,100,100,100],"relic_stats":{"counters":[32,125],"Gambling Chip":[69],"Blue Candle":[0],"Bag of Preparation":[12],"Boot":[3],"obtain_stats":[{"downfall:HeartBlessingRed":35,"Blue Candle":31,"champ:ChampionCrown":0,"downfall:HeartBlessingGreen":42,"champ:ChampionCrownUpgraded":34,"Bag of Preparation":43,"Bottled Tornado":24,"Boot":45,"SlaversCollar":17,"Anchor":47,"Gambling Chip":14,"Membership Card":9,"Toy Ornithopter":7},{"downfall:HeartBlessingRed":21,"Blue Candle":19,"champ:ChampionCrown":0,"downfall:HeartBlessingGreen":25,"champ:ChampionCrownUpgraded":21,"Bag of Preparation":26,"Bottled Tornado":13,"Boot":28,"SlaversCollar":10,"Anchor":29,"Gambling Chip":8,"Membership Card":4,"Toy Ornithopter":2},{"downfall:HeartBlessingRed":86,"Blue Candle":76,"champ:ChampionCrown":0,"downfall:HeartBlessingGreen":99,"champ:ChampionCrownUpgraded":86,"Bag of Preparation":100,"Bottled Tornado":54,"Boot":108,"SlaversCollar":41,"Anchor":112,"Gambling Chip":32,"Membership Card":14,"Toy Ornithopter":6}],"Toy Ornithopter":32},"card_choices":[{"not_picked":["champ:FalseCounter","champ:TornadoPunch","champ:StanceDance"],"picked":"SKIP","floor":2.0},{"not_picked":["champ:StanceDance","champ:CrookedStrike"],"picked":"champ:Circumvent","floor":3.0},{"not_picked":["champ:EnGarde","champ:AdrenalArmor"],"picked":"champ:FanOfKnives","floor":8.0},{"not_picked":["champ:FanOfKnives","champ:BladeFlurry","champ:Devastate"],"picked":"SKIP","floor":9.0},{"not_picked":["champ:Encircle","champ:EndlessRage"],"picked":"champ:FocusedBerserking","floor":10.0},{"not_picked":["champ:CalledShot","champ:HeartStrike","champ:GutPunch"],"picked":"SKIP","floor":11.0},{"not_picked":["champ:RecklessLeap","champ:GutPunch"],"picked":"champ:FlashCut","floor":12.0},{"not_picked":["champ:IgnorePain","champ:BerserkerStyle","champ:IronFortress"],"picked":"SKIP","floor":14.0},{"not_picked":["champ:EnragedBash","champ:Circumvent"],"picked":"champ:DeathBlow","floor":15.0},{"not_picked":["champ:HoldFirm","champ:SwordThrow"],"picked":"champ:Improvising","floor":16.0},{"not_picked":["champ:Shatter","champ:DefensiveShout","champ:EndlessRage"],"picked":"SKIP","floor":19.0},{"not_picked":["champ:IronFortress","champ:Parry"],"picked":"champ:FancyFootwork+1","floor":20.0},{"not_picked":["champ:FanOfKnives","champ:AdrenalArmor"],"picked":"champ:ArenaPreparation+1","floor":21.0},{"not_picked":["champ:SkillfulDodge","champ:DeathBlow","champ:Endure"],"picked":"SKIP","floor":25.0},{"not_picked":["champ:TornadoPunch","champ:EnGarde","champ:IronFortress"],"picked":"SKIP","floor":26.0},{"not_picked":["champ:Backstep+1","champ:DefensiveStyle","champ:FancyFootwork"],"picked":"SKIP","floor":27.0},{"not_picked":["champ:BerserkersShout+1","champ:Parry"],"picked":"champ:BringItOn","floor":28.0},{"not_picked":["champ:FanOfKnives","champ:AdrenalArmor+1","champ:FalseCounter"],"picked":"SKIP","floor":30.0},{"not_picked":["champ:Endure","champ:BerserkersShout","champ:GutPunch"],"picked":"SKIP","floor":31.0},{"not_picked":["champ:Backstep","champ:GutPunch"],"picked":"champ:EnragedBash+1","floor":32.0},{"not_picked":["champ:SteelEdge","champ:UltimateStance"],"picked":"champ:VampiricStrike","floor":33.0},{"not_picked":["champ:TornadoPunch+1","champ:BerserkersShout","champ:ArenaPreparation+1"],"picked":"SKIP","floor":36.0},{"not_picked":["champ:TornadoPunch+1","champ:BerserkersShout","champ:ArenaPreparation+1"],"picked":"SKIP","floor":36.0},{"not_picked":["champ:FancyFootwork","champ:RisingSlash+1"],"picked":"champ:PreciseThrust+1","floor":37.0},{"not_picked":["champ:PreemptiveStrike+1","champ:Backstep"],"picked":"champ:Haymaker+1","floor":38.0},{"not_picked":["champ:DefensiveShout+1","champ:FanOfKnives+1","champ:Parry+1"],"picked":"SKIP","floor":39.0},{"not_picked":["expansioncontent:PrepareCrush","expansioncontent:PolyBeam"],"picked":"expansioncontent:AwakenDeath","floor":40.0},{"not_picked":["champ:ArenaPreparation","champ:TornadoPunch","champ:ViciousMockery+1"],"picked":"SKIP","floor":43.0},{"not_picked":["champ:CrownThrow","champ:FlashCut","champ:FancyFootwork"],"picked":"SKIP","floor":44.0},{"not_picked":["champ:CrownThrow+1","champ:FlashCut","champ:HoldFirm"],"picked":"SKIP","floor":45.0},{"not_picked":["champ:PerfectedStrike","champ:BerserkersShout"],"picked":"champ:DefensiveShout+1","floor":46.0},{"not_picked":["champ:BerserkerStyle","champ:Backstep","champ:GutPunch+1"],"picked":"SKIP","floor":48.0},{"not_picked":["champ:Shatter","champ:PerfectedStrike+1","champ:RisingSlash+1"],"picked":"SKIP","floor":49}],"player_experience":592577,"relics_obtained":[{"floor":7.0,"key":"Toy Ornithopter"},{"floor":14.0,"key":"Gambling Chip"},{"floor":24.0,"key":"Bottled Tornado"},{"floor":45.0,"key":"Boot"}],"event_choices":[{"damage_healed":0.0,"max_hp_gain":5.0,"max_hp_loss":0.0,"gold_gain":0.0,"event_name":"Big Fish","player_choice":"Donut","floor":4.0,"gold_loss":0.0,"damage_taken":0.0},{"damage_healed":0.0,"max_hp_gain":0.0,"max_hp_loss":0.0,"gold_gain":0.0,"event_name":"Scrap Ooze","player_choice":"Fled","floor":5.0,"gold_loss":0.0,"damage_taken":0.0},{"damage_healed":0.0,"max_hp_gain":0.0,"max_hp_loss":0.0,"gold_gain":0.0,"event_name":"Lab","player_choice":"Got Potions","floor":29.0,"gold_loss":0.0,"damage_taken":0.0}],"is_beta":false,"boss_relics":[{"not_picked":["Busted Crown","Calling Bell"],"picked":"SlaversCollar"},{"not_picked":["bronze:MakeshiftBattery","Runic Pyramid"],"picked":"champ:ChampionCrownUpgraded"}],"items_purged_floors":[28,31,43,47],"is_endless":false,"potions_floor_spawned":[8,12,16,19,25,26,27,33,36,39,44,45,46],"ascension_level":1}}