{"host":"s9mizfpm0ux1oq2e","time":1613932063,"event":{"mods":["Aspiration","BaseMod","Downfall","Minty Spire (QoL Compilation)","Permanent Neow","Reliquary","Replay The Spire","Robot Space Explorer","Spire Arcade","StSLib","SuperFastMode","The Marked"],"gold_per_floor":[119,119,136,61,78,78,88,88,88,88,137,197,97,117,117,215,215,235,248,248,70,84,84,113,113,113,113,128,128,143,157,157,256,256,269,119,130,130,145,145,145,163,163,163,163,195,195,210,210,210,210,210,61,93,93,93],"floor_reached":55,"language":"ENG","playtime":2536,"items_purged":["theMarked:Defend","theMarked:Strike","ReplayTheSpireMod:Splinters","Voices"],"score":694,"play_id":"83342e42-9d18-43f0-85ca-9281a91050b1","local_time":"25640222012743","is_ascension_mode":false,"campfire_choices":[{"data":"theMarked:Static","floor":6,"key":"SMITH"},{"data":"theMarked:GodGivenPower","floor":8,"key":"SMITH"},{"data":"theMarked:Defend","floor":15,"key":"SMITH"},{"data":"theMarked:RepellingDischarge","floor":23,"key":"SMITH"},{"data":"theMarked:BiggerThanFate","floor":25,"key":"SMITH"},{"floor":32,"key":"REST"},{"floor":41,"key":"RECALL"},{"data":"theMarked:Levitate","floor":45,"key":"SMITH"},{"data":"theMarked:Defend","floor":49,"key":"SMITH"},{"data":"theMarked:Defend","floor":52,"key":"SMITH"}],"circlet_count":0,"master_deck":["theMarked:Defend+1","theMarked:Defend+1","theMarked:Defend+1","theMarked:Static+1","theMarked:GodGivenPower+1","theMarked:BiggerThanFate+1","theMarked:RepellingDischarge+1","theMarked:ComboAttacks+1","theMarked:Convert+1","theMarked:Levitate+1","theMarked:GodGivenPower"],"relics":["theMarked:ArtifactOfAir","aspiration:Nostalgia","PureWater","Ginger","ReplayTheSpireMod:Ring of Challenge","Orichalcum","Kintsugi","Centennial Puzzle","Runic Pyramid","Blue Candle","HornCleat","theMarked:Winder","aspiration:ChemicalBlood"],"acts_visited":["Exordium","TheCity","TheBeyond","TheEnding"],"potions_floor_usage":[3,22,24,24,24,31,39,42,55,55,55],"damage_taken":[{"damage":4,"enemies":"2 Louse","floor":1,"turns":3},{"damage":0,"enemies":"Cultist","floor":3,"turns":3},{"damage":2,"enemies":"Jaw Worm","floor":5,"turns":3},{"damage":4,"enemies":"3 Louse","floor":7,"turns":3},{"damage":14,"enemies":"Gremlin Nob","floor":11,"turns":3},{"damage":6,"enemies":"2 Fungi Beasts","floor":12,"turns":3},{"damage":8,"enemies":"Red Slaver","floor":14,"turns":4},{"damage":10,"enemies":"The Guardian","floor":16,"turns":9},{"damage":5,"enemies":"Shell Parasite","floor":18,"turns":4},{"damage":0,"enemies":"Chosen","floor":19,"turns":4},{"damage":17,"enemies":"Sentry and Sphere","floor":22,"turns":4},{"damage":15,"enemies":"Gremlin Leader","floor":24,"turns":6},{"damage":7,"enemies":"Centurion and Healer","floor":28,"turns":4},{"damage":14,"enemies":"Snecko","floor":30,"turns":6},{"damage":1,"enemies":"Cultist and Chosen","floor":31,"turns":4},{"damage":14,"enemies":"Collector","floor":33,"turns":7},{"damage":3,"enemies":"Orb Walker","floor":35,"turns":4},{"damage":0,"enemies":"3 Shapes","floor":37,"turns":5},{"damage":0,"enemies":"Transient","floor":39,"turns":5},{"damage":0,"enemies":"3 Darklings","floor":42,"turns":3},{"damage":11,"enemies":"R_Hoarder","floor":46,"turns":6},{"damage":0,"enemies":"Writhing Mass","floor":48,"turns":5},{"damage":62,"enemies":"Time Eater","floor":50,"turns":6},{"damage":46,"enemies":"Shield and Spear","floor":54,"turns":5},{"damage":63,"enemies":"The Heart","floor":55,"turns":3}],"seed_played":"5498318192180707444","potions_obtained":[{"floor":3,"key":"Fruit Juice"},{"floor":7,"key":"Explosive Potion"},{"floor":12,"key":"EssenceOfSteel"},{"floor":14,"key":"Weak Potion"},{"floor":16,"key":"Dexterity Potion"},{"floor":22,"key":"PowerPotion"},{"floor":28,"key":"SkillPotion"},{"floor":37,"key":"Regen Potion"},{"floor":38,"key":"Flashbang"},{"floor":38,"key":"AttackPotion"},{"floor":42,"key":"Weak Potion"},{"floor":46,"key":"Regen Potion"},{"floor":48,"key":"Swift Potion"}],"is_trial":false,"path_per_floor":["M","?","M","$","M","R","M","R","T","?","E","M","$","M","R","B",null,"M","M","?","$","M","R","E","R","T","?","M","$","M","M","R","B",null,"M","$","M","?","M","?","R","M","T","?","R","E","?","M","R","B",null,"R","$","E","B"],"character_chosen":"THE_DEFAULT","items_purchased":["theMarked:RepellingDischarge","theMarked:Winder"],"campfire_rested":1,"item_purchase_floors":[21,53],"current_hp_per_floor":[68,68,73,73,71,71,67,67,67,67,53,47,47,39,39,29,77,72,72,72,72,55,55,40,40,40,26,19,19,5,4,28,14,82,79,79,79,79,79,79,79,79,79,79,79,68,68,68,68,6,82,82,82,36,0,0],"gold":93,"neow_bonus":"NOSTALGIA","is_daily":false,"chose_seed":false,"campfire_upgraded":8,"win_rate":0.0,"timestamp":1613932063,"path_taken":["M","?","M","$","?","R","M","R","T","?","E","M","$","M","R","BOSS","M","M","?","$","M","R","E","R","T","?","M","$","M","M","R","BOSS","M","$","M","?","?","?","R","?","T","?","R","E","?","M","R","BOSS","R","$","E","BOSS"],"items_purchased_type":["Card","Relic"],"build_version":"2020-12-22","purchased_purges":4,"victory":false,"max_hp_per_floor":[72,72,77,77,77,77,77,77,77,77,77,77,77,77,77,77,77,77,77,77,77,77,77,77,77,77,82,82,82,82,82,82,82,82,82,82,82,82,82,82,82,82,82,82,82,82,82,82,82,82,82,82,82,82,82,82],"card_choices":[{"not_picked":["theMarked:ElectricStrings","theMarked:Aftermath","theMarked:RepellingDischarge"],"picked":"SKIP","floor":1},{"not_picked":["theMarked:Improvise","theMarked:StartUp"],"picked":"theMarked:Static","floor":3},{"not_picked":["theMarked:Memento","theMarked:ResourceFulStrike","theMarked:SelfDefenseTraining"],"picked":"SKIP","floor":5},{"not_picked":["theMarked:ChainLightning","theMarked:Parkour"],"picked":"theMarked:GodGivenPower","floor":7},{"not_picked":["theMarked:TakeCover","theMarked:Parkour","theMarked:Determination"],"picked":"SKIP","floor":11},{"not_picked":["theMarked:Frustration","theMarked:Parkour"],"picked":"theMarked:Electrify","floor":12},{"not_picked":["theMarked:Improvise","theMarked:Parkour","theMarked:ChannelForce"],"picked":"SKIP","floor":14},{"not_picked":["theMarked:BindingBlade","theMarked:Challenge"],"picked":"theMarked:BiggerThanFate","floor":16},{"not_picked":["theMarked:EmpowerWeapon","theMarked:Parkour","theMarked:Determination"],"picked":"SKIP","floor":18},{"not_picked":["theMarked:Parkour","theMarked:Memento","theMarked:SwordAndMagic"],"picked":"SKIP","floor":19},{"not_picked":["theMarked:Frustration+1","theMarked:Aftermath"],"picked":"theMarked:ComboAttacks+1","floor":22},{"not_picked":["theMarked:WardOff","theMarked:Friction","theMarked:MysticalArsenal"],"picked":"SKIP","floor":24},{"not_picked":["theMarked:TakeCover","theMarked:TheMission"],"picked":"theMarked:Convert+1","floor":28},{"not_picked":["theMarked:AttractMetal+1","theMarked:Aftermath","theMarked:TakeCover"],"picked":"SKIP","floor":30},{"not_picked":["theMarked:EmpowerWeapon","theMarked:UnarmedFury","theMarked:Improvise"],"picked":"SKIP","floor":31},{"not_picked":["theMarked:TurnInvisible","theMarked:Snap"],"picked":"theMarked:Levitate","floor":33},{"not_picked":["theMarked:ResourceFulStrike+1","theMarked:Memento"],"picked":"theMarked:GodGivenPower","floor":35},{"not_picked":["theMarked:Frustration+1","theMarked:EmpowerWeapon+1","theMarked:SwordAndMagic"],"picked":"SKIP","floor":37},{"not_picked":["theMarked:BanishingWave+1","theMarked:TakeCover","theMarked:Opportunist+1"],"picked":"SKIP","floor":39},{"not_picked":["theMarked:KeepCalmAndFight","theMarked:WardOff","theMarked:Vacuum"],"picked":"SKIP","floor":42},{"not_picked":["theMarked:Determination","theMarked:BanishingStrike+1","theMarked:Pokerface"],"picked":"SKIP","floor":46},{"not_picked":["theMarked:HeightenedSenses","theMarked:StartUp","theMarked:TwofoldDefense"],"picked":"SKIP","floor":48},{"not_picked":["theMarked:RogueSparks+1","theMarked:AttractMetal","theMarked:WastefulAttack"],"picked":"SKIP","floor":54}],"player_experience":193393,"relics_obtained":[{"floor":9,"key":"Ginger"},{"floor":10,"key":"ReplayTheSpireMod:Ring of Challenge"},{"floor":11,"key":"Orichalcum"},{"floor":24,"key":"Centennial Puzzle"},{"floor":43,"key":"Blue Candle"},{"floor":46,"key":"HornCleat"},{"floor":54,"key":"aspiration:ChemicalBlood"}],"event_choices":[{"damage_healed":0,"gold_gain":0,"cards_transformed":["theMarked:Strike"],"player_choice":"Transformed","damage_taken":0,"max_hp_gain":0,"max_hp_loss":0,"event_name":"Transmorgrifier","floor":2,"gold_loss":0,"cards_obtained":["theMarked:ContemptForTheProud"]},{"damage_healed":0,"gold_gain":0,"player_choice":"Shed Blood","damage_taken":19,"max_hp_gain":5,"max_hp_loss":0,"event_name":"Forgotten Altar","floor":27,"gold_loss":0},{"damage_healed":0,"gold_gain":0,"player_choice":"Got Potions","damage_taken":0,"max_hp_gain":0,"max_hp_loss":0,"event_name":"Lab","floor":38,"gold_loss":0},{"damage_healed":0,"gold_gain":0,"player_choice":"0 cards matched","damage_taken":0,"max_hp_gain":0,"max_hp_loss":0,"event_name":"Match and Keep!","floor":40,"gold_loss":0,"cards_obtained":[]},{"damage_healed":0,"gold_gain":0,"player_choice":"Ignored","damage_taken":0,"max_hp_gain":0,"max_hp_loss":0,"event_name":"Tomb of Lord Red Mask","floor":44,"gold_loss":0},{"cards_removed":["theMarked:ContemptForTheProud"],"damage_healed":0,"gold_gain":0,"player_choice":"Removed Attack","damage_taken":0,"max_hp_gain":0,"max_hp_loss":0,"event_name":"Falling","floor":47,"gold_loss":0}],"is_beta":false,"boss_relics":[{"not_picked":["aspiration:PoetsPen_weak","Snecko Eye"],"picked":"Kintsugi"},{"not_picked":["Painkiller Herb","aspiration:SilentSkillbook"],"picked":"Runic Pyramid"}],"items_purged_floors":[4,13,21,36],"is_endless":false,"potions_floor_spawned":[3,7,12,14,16,18,19,22,28,37,42,46,48],"killed_by":"The Heart","ascension_level":0}}