{"host":"ia6vzboaxs0e83w2","time":1613938630,"event":{"mods":["2.2 Compatiblity","AchievementEnabler","BaseMod","Colored Map","DeckTracker","Highlight Path","Minty Spire (QoL Compilation)","Random Character Button","StSLib"],"gold_per_floor":[113,113,123,123,123,123,141,176,255,270,12,12,12,29,29,134,134,152,152,162,162,176,211,126,0,300,300,300,37,37,64,64,159,159,177,187,204,11,27,27,41,41,67,117,117,117,127,127,127,127,127],"floor_reached":50,"language":"POL","playtime":3010,"items_purged":["Regret"],"score":703,"play_id":"0bc588c1-c2b4-4868-bcca-039f4977dc2d","local_time":"20210221211710","is_ascension_mode":false,"campfire_choices":[{"data":"Zap","floor":6.0,"key":"SMITH"},{"floor":12.0,"key":"REST"},{"data":"Gash","floor":15.0,"key":"SMITH"},{"floor":27.0,"key":"REST"},{"data":"Defragment","floor":30.0,"key":"SMITH"},{"data":"Redo","floor":32.0,"key":"SMITH"},{"data":"Capacitor","floor":40.0,"key":"SMITH"},{"data":"Force Field","floor":42.0,"key":"SMITH"},{"data":"Sunder","floor":46.0,"key":"SMITH"},{"data":"Mind Blast","floor":49.0,"key":"SMITH"}],"circlet_count":0,"master_deck":["Strike_B","Strike_B","Strike_B","Strike_B","Defend_B","Defend_B","Defend_B","Defend_B","Zap+1","Dualcast","Gash+1","Genetic Algorithm","Cold Snap+1","Sunder+1","Self Repair","All For One+1","Ball Lightning","Go for the Eyes","Coolheaded+1","Force Field+1","Capacitor+1","Dodge and Roll","Zap+1","Defragment+1","Streamline","Redo+1","Electrodynamics","CurseOfTheBell","Stack+1","Go for the Eyes+1","BootSequence","Fusion","Beam Cell","Streamline+1","Beam Cell","Mind Blast+1"],"relics":["Cracked Core","Smiling Mask","Boot","Pear","White Beast Statue","Symbiotic Virus","Eternal Feather","Velvet Choker","Nilry\u0027s Codex","Ancient Tea Set","Bronze Scales","Old Coin","DollysMirror","Cables","Calling Bell","Lantern","Meat on the Bone","WingedGreaves","Strange Spoon","Whetstone","Mango"],"acts_visited":["TheCity","TheBeyond"],"potions_floor_usage":[50],"damage_taken":[{"damage":7.0,"enemies":"Small Slimes","floor":1.0,"turns":4.0},{"damage":0.0,"enemies":"Cultist","floor":3.0,"turns":4.0},{"damage":1.0,"enemies":"Jaw Worm","floor":7.0,"turns":2.0},{"damage":35.0,"enemies":"Lagavulin","floor":8.0,"turns":8.0},{"damage":7.0,"enemies":"Exordium Thugs","floor":10.0,"turns":4.0},{"damage":7.0,"enemies":"2 Fungi Beasts","floor":14.0,"turns":4.0},{"damage":54.0,"enemies":"Hexaghost","floor":16.0,"turns":13.0},{"damage":1.0,"enemies":"3 Byrds","floor":18.0,"turns":4.0},{"damage":1.0,"enemies":"Spheric Guardian","floor":20.0,"turns":3.0},{"damage":8.0,"enemies":"Snecko","floor":22.0,"turns":5.0},{"damage":52.0,"enemies":"Gremlin Leader","floor":23.0,"turns":10.0},{"damage":24.0,"enemies":"Book of Stabbing","floor":31.0,"turns":6.0},{"damage":51.0,"enemies":"Automaton","floor":33.0,"turns":12.0},{"damage":16.0,"enemies":"3 Shapes","floor":35.0,"turns":6.0},{"damage":15.0,"enemies":"Orb Walker","floor":36.0,"turns":4.0},{"damage":7.0,"enemies":"3 Darklings","floor":37.0,"turns":4.0},{"damage":18.0,"enemies":"Maw","floor":39.0,"turns":6.0},{"damage":37.0,"enemies":"Transient","floor":41.0,"turns":5.0},{"damage":0.0,"enemies":"Mind Bloom Boss Battle","floor":44.0,"turns":5.0},{"damage":35.0,"enemies":"3 Darklings","floor":47.0,"turns":5.0},{"damage":94,"enemies":"Time Eater","floor":50,"turns":9}],"seed_played":"7992896645464527935","potions_obtained":[{"floor":3.0,"key":"PowerPotion"},{"floor":8.0,"key":"SneckoOil"},{"floor":10.0,"key":"DuplicationPotion"},{"floor":14.0,"key":"DistilledChaos"},{"floor":16.0,"key":"ColorlessPotion"},{"floor":18.0,"key":"GamblersBrew"},{"floor":20.0,"key":"AttackPotion"},{"floor":22.0,"key":"ColorlessPotion"},{"floor":23.0,"key":"Ancient Potion"},{"floor":31.0,"key":"ColorlessPotion"},{"floor":33.0,"key":"Explosive Potion"},{"floor":35.0,"key":"PotionOfCapacity"},{"floor":36.0,"key":"EssenceOfSteel"},{"floor":37.0,"key":"PowerPotion"},{"floor":39.0,"key":"Energy Potion"},{"floor":41.0,"key":"AttackPotion"},{"floor":44.0,"key":"Strength Potion"},{"floor":47.0,"key":"Explosive Potion"}],"is_trial":false,"path_per_floor":["M","?","M","?","$","R","M","E","T","M","$","R","?","M","R","B",null,"M","?","M","?","M","E","?","$","T","R","?","$","R","E","R","B",null,"M","M","M","$","M","R","M","R","T","?","?","R","M","?","R","B"],"character_chosen":"DEFECT","items_purchased":["Symbiotic Virus","Capacitor","DollysMirror","Defragment","Streamline","Strange Spoon","BootSequence"],"campfire_rested":2,"item_purchase_floors":[11,25,29,29,29,38,38],"current_hp_per_floor":[68,68,68,65,65,65,64,39,39,32,32,57,57,57,66,19,85,85,69,68,62,61,16,16,16,16,53,53,53,68,51,66,15,85,76,61,54,54,55,73,48,66,66,80,80,98,70,70,91,0,0],"gold":127,"neow_bonus":"RANDOM_COMMON_RELIC","is_daily":false,"chose_seed":false,"campfire_upgraded":8,"win_rate":0.0,"timestamp":1613938630,"path_taken":["M","?","?","?","$","R","M","E","T","M","?","R","?","M","R","BOSS","M","?","M","?","?","E","?","$","T","R","?","$","R","E","R","BOSS","M","?","M","$","M","R","M","R","T","?","?","R","M","?","R","BOSS"],"items_purchased_type":["Relic","Card","Relic","Card","Card","Relic","Card"],"build_version":"2020-12-22","purchased_purges":1,"victory":false,"max_hp_per_floor":[75,75,75,75,75,75,75,85,85,85,85,85,85,85,85,85,85,85,85,85,85,85,85,85,85,85,85,85,85,85,85,85,85,85,85,85,85,85,85,85,85,85,85,99,99,99,99,99,99,99,99],"card_choices":[{"not_picked":["Conserve Battery","Go for the Eyes"],"picked":"Gash","floor":1.0},{"not_picked":["Ball Lightning","Redo"],"picked":"Genetic Algorithm","floor":3.0},{"not_picked":["Machine Learning","Stack"],"picked":"Cold Snap","floor":7.0},{"not_picked":["Beam Cell","Gash"],"picked":"Sunder","floor":8.0},{"not_picked":["Leap","Static Discharge"],"picked":"Self Repair","floor":10.0},{"not_picked":["Rebound","Hologram"],"picked":"Steam","floor":14.0},{"not_picked":["Hyperbeam","Multi-Cast"],"picked":"All For One","floor":16.0},{"not_picked":["Rebound","Leap"],"picked":"Ball Lightning","floor":18.0},{"not_picked":["Ball Lightning","White Noise"],"picked":"Go for the Eyes","floor":20.0},{"not_picked":["Sweeping Beam","Turbo"],"picked":"Coolheaded+1","floor":22.0},{"not_picked":["Barrage","Core Surge"],"picked":"Force Field","floor":23.0},{"not_picked":["Steam","Leap"],"picked":"Redo","floor":31.0},{"not_picked":["Multi-Cast","Fission"],"picked":"Electrodynamics","floor":33.0},{"not_picked":["Stack","Hello World+1"],"picked":"Barrage+1","floor":35.0},{"not_picked":["Steam Power","BootSequence"],"picked":"Stack+1","floor":36.0},{"not_picked":["Aggregate","Auto Shields"],"picked":"Go for the Eyes+1","floor":37.0},{"not_picked":["Gash","Heatsinks+1"],"picked":"Fusion","floor":39.0},{"not_picked":["Compile Driver","Streamline"],"picked":"Beam Cell","floor":41.0},{"not_picked":["Sweeping Beam","Rip and Tear+1"],"picked":"Streamline+1","floor":44.0},{"not_picked":["Steam","Reprogram"],"picked":"Beam Cell","floor":47.0},{"not_picked":["Violence","Panacea"],"picked":"Mind Blast","floor":48.0}],"player_experience":438500,"relics_obtained":[{"floor":8.0,"key":"Pear"},{"floor":9.0,"key":"White Beast Statue"},{"floor":19.0,"key":"Nilry\u0027s Codex"},{"floor":23.0,"key":"Ancient Tea Set"},{"floor":26.0,"key":"Old Coin"},{"floor":31.0,"key":"Cables"},{"floor":34.0,"key":"Lantern"},{"floor":34.0,"key":"Meat on the Bone"},{"floor":34.0,"key":"WingedGreaves"},{"floor":43.0,"key":"Whetstone"},{"floor":44.0,"key":"Mango"}],"event_choices":[{"damage_healed":0.0,"max_hp_gain":0.0,"max_hp_loss":0.0,"gold_gain":0.0,"event_name":"Purifier","player_choice":"Ignored","floor":2.0,"gold_loss":0.0,"damage_taken":0.0},{"damage_healed":0.0,"max_hp_gain":0.0,"max_hp_loss":0.0,"gold_gain":0.0,"event_name":"Scrap Ooze","player_choice":"Success","floor":4.0,"gold_loss":0.0,"damage_taken":3.0,"relics_obtained":["Boot"]},{"damage_healed":0.0,"max_hp_gain":0.0,"max_hp_loss":0.0,"gold_gain":0.0,"event_name":"Big Fish","player_choice":"Box","floor":13.0,"gold_loss":0.0,"damage_taken":0.0,"relics_obtained":["Eternal Feather"],"cards_obtained":["Regret"]},{"damage_healed":0.0,"max_hp_gain":0.0,"max_hp_loss":0.0,"gold_gain":0.0,"event_name":"Cursed Tome","player_choice":"Obtained Book","floor":19.0,"gold_loss":0.0,"damage_taken":16.0},{"damage_healed":0.0,"max_hp_gain":0.0,"max_hp_loss":0.0,"gold_gain":0.0,"event_name":"Knowing Skull","player_choice":"","floor":21.0,"potions_obtained":[],"gold_loss":0.0,"damage_taken":6.0,"cards_obtained":[]},{"damage_healed":0.0,"max_hp_gain":0.0,"max_hp_loss":0.0,"gold_gain":0.0,"event_name":"Addict","player_choice":"Obtained Relic","floor":24.0,"gold_loss":85.0,"damage_taken":0.0,"relics_obtained":["Bronze Scales"]},{"cards_removed":["Steam"],"damage_healed":0.0,"max_hp_gain":0.0,"max_hp_loss":0.0,"gold_gain":0.0,"event_name":"NoteForYourself","player_choice":"Took Card","floor":28.0,"gold_loss":0.0,"damage_taken":0.0,"cards_obtained":["Dodge and Roll"]},{"damage_healed":0.0,"max_hp_gain":0.0,"max_hp_loss":0.0,"gold_gain":0.0,"event_name":"MindBloom","player_choice":"Fight","floor":44.0,"gold_loss":0.0,"damage_taken":0.0},{"cards_removed":["Barrage"],"damage_healed":0.0,"max_hp_gain":0.0,"max_hp_loss":0.0,"gold_gain":0.0,"event_name":"Falling","player_choice":"Removed Attack","floor":45.0,"gold_loss":0.0,"damage_taken":0.0},{"damage_healed":0.0,"max_hp_gain":0.0,"max_hp_loss":0.0,"gold_gain":0.0,"event_name":"SensoryStone","player_choice":"Memory 1","floor":48.0,"gold_loss":0.0,"damage_taken":0.0}],"is_beta":false,"boss_relics":[{"not_picked":["Sozu","Ectoplasm"],"picked":"Velvet Choker"},{"not_picked":["Runic Pyramid","Busted Crown"],"picked":"Calling Bell"}],"items_purged_floors":[25],"is_endless":false,"potions_floor_spawned":[3,8,10,14,16,18,20,22,23,31,33,35,36,37,39,41,44,47],"killed_by":"Time Eater","ascension_level":0}}