{"host":"sum4dy402bbv9y4o","time":1613923210,"event":{"mods":["Aspiration","BaseMod","Conspire","Highlight Path","Minty Spire (QoL Compilation)","StSLib"],"gold_per_floor":[111,130,71,91,107,107,141,141,141,171,203,222,51,67,67,141,141,160,180,1,1,16,48,48,48,100,25,25,51,70,86,86,86,86],"floor_reached":33,"language":"ENG","playtime":1092,"items_purged":["Strike_P","Defend_P"],"score":644,"play_id":"87916b74-0393-44c2-ab41-2c5343a56cb9","local_time":"20210221190010","is_ascension_mode":true,"campfire_choices":[{"data":"Eruption","floor":6,"key":"SMITH"},{"data":"Tantrum","floor":15,"key":"SMITH"},{"data":"Halt","floor":24,"key":"SMITH"},{"data":"Halt","floor":28,"key":"SMITH"},{"data":"Nirvana","floor":32,"key":"SMITH"}],"circlet_count":0,"master_deck":["AscendersBane","Strike_P","Defend_P","Defend_P","Defend_P","Eruption+1","Vigilance","WheelKick","FollowUp+1","Tantrum+1","EmptyFist","Halt+1","JustLucky","Consecrate","Weave+1","Dramatic Entrance","Weave","Brilliance","FlurryOfBlows","Halt+1","Perseverance","FlurryOfBlows","Nirvana+1","Conclude+1","SashWhip+1"],"relics":["PureWater","aspiration:Nostalgia","Cracked Core","Dead Branch","Ornamental Fan","conspire:SpecialSausage","Blue Candle","Blood Vial","Whetstone","Toxic Egg 2"],"acts_visited":["Exordium","TheCity"],"potions_floor_usage":[4,16,18,30,30],"damage_taken":[{"damage":4,"enemies":"Jaw Worm","floor":1,"turns":4},{"damage":5,"enemies":"Small Slimes","floor":2,"turns":5},{"damage":0,"enemies":"Cultist","floor":4,"turns":2},{"damage":4,"enemies":"Lots of Slimes","floor":5,"turns":3},{"damage":10,"enemies":"Lagavulin","floor":7,"turns":5},{"damage":5,"enemies":"3 Sentries","floor":11,"turns":4},{"damage":1,"enemies":"Exordium Thugs","floor":12,"turns":4},{"damage":0,"enemies":"3 Louse","floor":14,"turns":2},{"damage":3,"enemies":"Hexaghost","floor":16,"turns":6},{"damage":10,"enemies":"Shell Parasite","floor":18,"turns":5},{"damage":0,"enemies":"3 Byrds","floor":19,"turns":2},{"damage":0,"enemies":"3 Cultists","floor":22,"turns":3},{"damage":3,"enemies":"conspire:Head Lice","floor":23,"turns":4},{"damage":0,"enemies":"Gremlin Leader","floor":29,"turns":2},{"damage":0,"enemies":"Snake Plant","floor":30,"turns":2},{"damage":7,"enemies":"Centurion and Healer","floor":31,"turns":2},{"damage":53,"enemies":"Automaton","floor":33,"turns":6}],"seed_played":"-3767905208379490329","potions_obtained":[{"floor":2,"key":"Regen Potion"},{"floor":11,"key":"SkillPotion"},{"floor":14,"key":"Weak Potion"},{"floor":19,"key":"AttackPotion"},{"floor":23,"key":"AttackPotion"},{"floor":31,"key":"SteroidPotion"}],"is_trial":false,"path_per_floor":["M","M","$","M","M","R","E","?","T","?","E","M","$","M","R","B",null,"M","M","$","T","M","E","R","$","T","?","R","E","M","M","R","B"],"character_chosen":"WATCHER","items_purchased":["EmptyFist","Dramatic Entrance","StancePotion"],"campfire_rested":0,"item_purchase_floors":[3,13,20],"current_hp_per_floor":[57,52,52,57,53,53,43,36,36,36,31,30,30,30,30,27,58,48,48,48,48,48,45,45,45,45,45,45,47,49,44,44,0,0],"gold":86,"neow_bonus":"THREE_CARDS","is_daily":false,"chose_seed":false,"campfire_upgraded":5,"win_rate":0.0,"timestamp":1613923210,"path_taken":["M","M","$","M","M","R","E","?","T","?","E","M","$","?","R","BOSS","M","?","$","?","M","E","R","?","T","?","R","E","M","?","R","BOSS"],"items_purchased_type":["Card","Card","Potion"],"build_version":"2020-12-22","purchased_purges":2,"victory":false,"max_hp_per_floor":[68,68,68,68,68,68,68,68,68,68,68,68,68,68,68,68,68,68,68,68,68,68,68,68,68,68,68,68,68,68,68,68,68,68],"card_choices":[{"not_picked":["Collect","FollowUp"],"picked":"WheelKick","floor":0},{"not_picked":["SashWhip","Sanctity"],"picked":"FollowUp","floor":1},{"not_picked":["Nirvana","SandsOfTime"],"picked":"Tantrum","floor":2},{"not_picked":["Vengeance","CutThroughFate"],"picked":"Halt","floor":4},{"not_picked":["Indignation","EmptyMind"],"picked":"JustLucky","floor":5},{"not_picked":["ForeignInfluence","WindmillStrike","SignatureMove"],"picked":"SKIP","floor":7},{"not_picked":["DeceiveReality","EmptyFist"],"picked":"Consecrate","floor":11},{"not_picked":["ThirdEye","CrushJoints"],"picked":"Weave","floor":12},{"not_picked":["CarveReality","FollowUp"],"picked":"Weave","floor":14},{"not_picked":["Vault","Scrawl"],"picked":"Brilliance","floor":16},{"not_picked":["FlyingSleeves","CutThroughFate"],"picked":"FlurryOfBlows","floor":18},{"not_picked":["Crescendo","FollowUp"],"picked":"Halt","floor":19},{"not_picked":["Crescendo","Prostrate"],"picked":"Perseverance","floor":22},{"not_picked":["BowlingBash","ReachHeaven"],"picked":"FlurryOfBlows","floor":23},{"not_picked":["Meditate+1","Scrawl+1"],"picked":"Nirvana","floor":29},{"not_picked":["FollowUp","Prostrate+1"],"picked":"Conclude+1","floor":30},{"not_picked":["ClearTheMind+1","Protect+1"],"picked":"SashWhip+1","floor":31}],"player_experience":3118104,"relics_obtained":[{"floor":7,"key":"aspiration:Nostalgia"},{"floor":9,"key":"Dead Branch"},{"floor":11,"key":"Ornamental Fan"},{"floor":21,"key":"Blue Candle"},{"floor":23,"key":"Blood Vial"},{"floor":26,"key":"Whetstone"},{"floor":29,"key":"Toxic Egg 2"}],"event_choices":[{"cards_removed":["Strike_P"],"damage_healed":0,"gold_gain":0,"player_choice":"Card Removal","damage_taken":7,"max_hp_gain":0,"max_hp_loss":0,"event_name":"Golden Wing","floor":8,"gold_loss":0},{"damage_healed":0,"gold_gain":30,"player_choice":"Searched \u00271\u0027 times","damage_taken":0,"max_hp_gain":0,"max_hp_loss":0,"event_name":"Dead Adventurer","floor":10,"gold_loss":0},{"cards_removed":["Strike_P"],"damage_healed":0,"gold_gain":0,"player_choice":"Gave Gold","damage_taken":0,"max_hp_gain":0,"max_hp_loss":0,"event_name":"Beggar","floor":27,"gold_loss":75}],"is_beta":false,"boss_relics":[{"not_picked":["Sozu","Pandora\u0027s Box"],"picked":"conspire:SpecialSausage"}],"items_purged_floors":[13,20],"is_endless":false,"potions_floor_spawned":[2,11,14,19,23,31],"killed_by":"Automaton","ascension_level":20}}