{"host":"67dbklwnaq0pv002","time":1613921576,"event":{"mods":["2.2 Compatiblity","AchievementEnabler","Act Like it!","BaseMod","Colored Map","Colored Powertips","Custom Start","KOR Keyword Fix","Minty Spire (QoL Compilation)","Quick Restart","StSLib","SuperFastMode"],"gold_per_floor":[117,130,130,130,305,339,339,366,390,400,32,6,36,55,55,55,55],"floor_reached":16,"language":"KOR","playtime":730,"items_purged":["Strike_G"],"score":164,"play_id":"e8a54a65-91fb-4241-b104-7ce7524f5d6e","local_time":"20210222003256","is_ascension_mode":true,"campfire_choices":[{"data":"Crippling Poison","floor":7,"key":"SMITH"},{"data":"Bane","floor":15,"key":"SMITH"}],"circlet_count":0,"master_deck":["Strike_G","Strike_G","Strike_G","Defend_G","Defend_G","Defend_G","Defend_G","Defend_G","Survivor","Neutralize","Cloak And Dagger","Backstab","Crippling Poison+1","Doubt","Dagger Throw","Bane+1","Flying Knee","Night Terror","Blade Dance"],"relics":["Ring of the Snake","NeowsBlessing","Toy Ornithopter","Blood Vial","MealTicket","Ice Cream","HornCleat"],"acts_visited":["Exordium"],"potions_floor_usage":[8,16],"damage_taken":[{"damage":0,"enemies":"2 Louse","floor":1,"turns":1},{"damage":0,"enemies":"Small Slimes","floor":2,"turns":1},{"damage":0,"enemies":"3 Sentries","floor":6,"turns":1},{"damage":57,"enemies":"Lagavulin","floor":8,"turns":10},{"damage":1,"enemies":"Jaw Worm","floor":10,"turns":3},{"damage":31,"enemies":"3 Sentries","floor":13,"turns":12},{"damage":3,"enemies":"Large Slime","floor":14,"turns":7},{"damage":28,"enemies":"Hexaghost","floor":16,"turns":9}],"seed_played":"156126854006964424","potions_obtained":[{"floor":1,"key":"Swift Potion"},{"floor":6,"key":"Energy Potion"}],"is_trial":false,"path_per_floor":["M","M","?","?","?","E","R","E","T","M","$","$","E","M","R","B"],"character_chosen":"THE_SILENT","items_purchased":["Ice Cream","Flying Knee"],"campfire_rested":0,"item_purchase_floors":[11,12],"current_hp_per_floor":[70,70,70,75,75,75,75,18,18,19,34,49,20,19,19,0,0],"gold":55,"neow_bonus":"THREE_ENEMY_KILL","is_daily":false,"chose_seed":false,"campfire_upgraded":2,"win_rate":0.0,"timestamp":1613921576,"path_taken":["M","M","?","?","?","E","R","E","T","M","?","$","E","M","R","BOSS"],"items_purchased_type":["Relic","Card"],"build_version":"2020-12-22","purchased_purges":1,"victory":false,"max_hp_per_floor":[70,70,70,75,75,75,75,75,75,75,75,75,75,75,75,75,75],"card_choices":[{"not_picked":["Escape Plan","Well Laid Plans"],"picked":"Cloak And Dagger","floor":1},{"not_picked":["Underhanded Strike","Outmaneuver"],"picked":"Backstab","floor":2},{"not_picked":["Cloak And Dagger","Setup"],"picked":"Dagger Throw","floor":6},{"not_picked":["Caltrops","Slice","Deflect"],"picked":"SKIP","floor":8},{"not_picked":["Bouncing Flask","Terror"],"picked":"Bane","floor":10},{"not_picked":["Setup","Poisoned Stab"],"picked":"Night Terror","floor":13},{"not_picked":["Caltrops","Slice"],"picked":"Blade Dance","floor":14}],"player_experience":609478,"relics_obtained":[{"floor":6,"key":"Toy Ornithopter"},{"floor":8,"key":"Blood Vial"},{"floor":9,"key":"MealTicket"},{"floor":13,"key":"HornCleat"}],"event_choices":[{"damage_healed":0,"gold_gain":0,"cards_transformed":["Strike_G"],"player_choice":"Change","damage_taken":0,"max_hp_gain":0,"max_hp_loss":0,"event_name":"Living Wall","floor":3,"gold_loss":0,"cards_obtained":["Crippling Poison"]},{"damage_healed":0,"gold_gain":0,"player_choice":"Donut","damage_taken":0,"max_hp_gain":5,"max_hp_loss":0,"event_name":"Big Fish","floor":4,"gold_loss":0},{"damage_healed":0,"gold_gain":175,"player_choice":"AGREE","damage_taken":0,"max_hp_gain":0,"max_hp_loss":0,"event_name":"Liars Game","floor":5,"gold_loss":0,"cards_obtained":["Doubt"]}],"is_beta":false,"boss_relics":[],"items_purged_floors":[11],"is_endless":false,"potions_floor_spawned":[1,6],"killed_by":"Hexaghost","ascension_level":3}}