{"host":"91blwi3hgehj6ch9","time":1613943658,"event":{"mods":["2.2 Compatiblity","AchievementEnabler","BaseMod","Colored Map","DeckTracker","Keyboard Shortcuts","Minty Spire (QoL Compilation)","Permanent Neow","Relic Stats","StSLib","SuperFastMode","everything is the same but u backflip on backflip"],"gold_per_floor":[116,191,205,218,198,198,213,225,225,235,254,267,281,299,299,376,376,388,257,267,282,282,282,282,282],"floor_reached":24,"language":"KOR","playtime":829,"items_purged":["Strike_G"],"score":392,"play_id":"de42728b-5711-4b27-b489-dad34e2ce9ed","local_time":"20210222064058","is_ascension_mode":true,"campfire_choices":[{"data":"Blade Dance","floor":6,"key":"SMITH"},{"floor":15,"key":"REST"},{"floor":23,"key":"REST"}],"circlet_count":0,"master_deck":["AscendersBane","Strike_G","Strike_G","Strike_G","Defend_G","Defend_G","Defend_G","Defend_G","Defend_G","Survivor","Neutralize","Dagger Throw","Blade Dance+1","Backstab","Accuracy","PiercingWail","Blade Dance","Backflip","Reflex","After Image","Backflip"],"relics":["Ring of the Snake","Strawberry","Letter Opener","SacredBark"],"acts_visited":["Exordium","TheCity"],"potions_floor_usage":[7,16,16,21,21],"damage_taken":[{"damage":4,"enemies":"Small Slimes","floor":1,"turns":3},{"damage":0,"enemies":"2 Louse","floor":3,"turns":3},{"damage":0,"enemies":"Cultist","floor":4,"turns":3},{"damage":15,"enemies":"Gremlin Gang","floor":7,"turns":4},{"damage":6,"enemies":"Looter","floor":8,"turns":2},{"damage":4,"enemies":"Red Slaver","floor":10,"turns":2},{"damage":0,"enemies":"2 Fungi Beasts","floor":11,"turns":2},{"damage":0,"enemies":"Large Slime","floor":12,"turns":3},{"damage":1,"enemies":"Exordium Wildlife","floor":13,"turns":3},{"damage":0,"enemies":"Exordium Thugs","floor":14,"turns":4},{"damage":41,"enemies":"Hexaghost","floor":16,"turns":9},{"damage":8,"enemies":"Shell Parasite","floor":18,"turns":5},{"damage":16,"enemies":"Chosen","floor":20,"turns":5},{"damage":30,"enemies":"Snake Plant","floor":21,"turns":5},{"damage":25,"enemies":"Chosen and Byrds","floor":24,"turns":5}],"seed_played":"4775708402883684663","potions_obtained":[{"floor":3,"key":"CunningPotion"},{"floor":4,"key":"PowerPotion"},{"floor":10,"key":"Swift Potion"},{"floor":18,"key":"Explosive Potion"}],"is_trial":false,"path_per_floor":["M","?","M","M","?","R","M","M","T","M","M","M","M","M","R","B",null,"M","$","M","M","?","R","M"],"character_chosen":"THE_SILENT","items_purchased":["Explosive Potion"],"campfire_rested":2,"item_purchase_floors":[19],"current_hp_per_floor":[62,51,51,51,51,51,36,30,30,26,26,26,25,25,46,5,56,48,48,32,2,2,23,0,0],"gold":282,"neow_bonus":"RANDOM_COMMON_RELIC","is_daily":false,"chose_seed":false,"campfire_upgraded":1,"win_rate":0.0,"timestamp":1613943658,"path_taken":["M","?","M","M","?","R","M","M","T","M","M","M","?","?","R","BOSS","M","$","M","M","?","R","?"],"items_purchased_type":["Potion"],"build_version":"2020-12-22","purchased_purges":1,"victory":false,"max_hp_per_floor":[73,73,73,73,73,73,73,73,73,73,73,73,73,73,73,73,73,73,73,73,73,73,73,73,73],"relic_stats":{"counters":[15,58],"Letter Opener":[38],"obtain_stats":[{"Strawberry":0,"SacredBark":17,"Letter Opener":9,"Ring of the Snake":0},{"Strawberry":0,"SacredBark":11,"Letter Opener":5,"Ring of the Snake":0},{"Strawberry":0,"SacredBark":38,"Letter Opener":15,"Ring of the Snake":0}],"Ring of the Snake":[30]},"card_choices":[{"not_picked":["Quick Slash","Predator"],"picked":"Dagger Throw","floor":1},{"not_picked":["Deflect","Prepared"],"picked":"Blade Dance","floor":3},{"not_picked":["Sucker Punch","Dagger Throw","Crippling Poison"],"picked":"SKIP","floor":4},{"not_picked":["Leg Sweep","Quick Slash"],"picked":"Backstab","floor":7},{"not_picked":["Dodge and Roll","Bouncing Flask"],"picked":"Accuracy","floor":8},{"not_picked":["Sucker Punch","Terror"],"picked":"PiercingWail","floor":10},{"not_picked":["Terror","Predator"],"picked":"Blade Dance","floor":11},{"not_picked":["Deflect","Eviscerate","Heel Hook"],"picked":"SKIP","floor":12},{"not_picked":["Footwork","Escape Plan"],"picked":"Backflip","floor":13},{"not_picked":["Blur","Predator"],"picked":"Reflex","floor":14},{"not_picked":["Glass Knife","Bullet Time"],"picked":"After Image","floor":16},{"not_picked":["Slice","Dash+1"],"picked":"Backflip","floor":18},{"not_picked":["Blade Dance","Quick Slash","Outmaneuver"],"picked":"SKIP","floor":20},{"not_picked":["Flying Knee","Bane+1","Slice+1"],"picked":"SKIP","floor":21}],"player_experience":292454,"relics_obtained":[{"floor":9,"key":"Letter Opener"}],"event_choices":[{"damage_healed":0,"gold_gain":75,"player_choice":"Gather Gold","damage_taken":11,"max_hp_gain":0,"max_hp_loss":0,"event_name":"World of Goop","floor":2,"gold_loss":0},{"damage_healed":0,"gold_gain":0,"player_choice":"Bought 1 Potion","damage_taken":0,"max_hp_gain":0,"max_hp_loss":0,"event_name":"The Woman in Blue","floor":5,"gold_loss":0},{"cards_removed":["Strike_G"],"damage_healed":0,"gold_gain":0,"player_choice":"Purged","damage_taken":0,"max_hp_gain":0,"max_hp_loss":0,"event_name":"Purifier","floor":22,"gold_loss":0}],"is_beta":false,"boss_relics":[{"not_picked":["Coffee Dripper","Fusion Hammer"],"picked":"SacredBark"}],"items_purged_floors":[19],"is_endless":false,"potions_floor_spawned":[3,4,10,18],"killed_by":"Chosen and Byrds","ascension_level":20}}