{"host":"baymyijz6sxaqj5s","time":1613906490,"event":{"mods":["AchievementEnabler","BaseMod","Colored Map","Colored Powertips","DeckTracker","Highlight Path","KOR Keyword Fix","Keyboard Shortcuts","Minty Spire (QoL Compilation)","StSLib","SuperFastMode","everything is the same but u backflip on backflip"],"gold_per_floor":[111,121,121,137,17,17,17,17,44,63,63,124,124,142,142,247,247,261,277,277,196,196,224,224,235,261,261,273,286,286,320,320,422,422,438,438,7,27,77,77,77,77,129,129,140,88,99,117,117,117],"floor_reached":51,"language":"KOR","playtime":1771,"items_purged":["Strike_R"],"score":800,"play_id":"02a61f1c-9f7a-48fc-921e-9424a1f0efc3","local_time":"20210221202130","is_ascension_mode":true,"campfire_choices":[{"floor":6,"key":"REST"},{"data":"Body Slam","floor":8,"key":"SMITH"},{"data":"Heavy Blade","floor":11,"key":"SMITH"},{"floor":15,"key":"REST"},{"floor":24,"key":"REST"},{"data":"Limit Break","floor":27,"key":"SMITH"},{"floor":30,"key":"REST"},{"floor":32,"key":"REST"},{"data":"Barricade","floor":40,"key":"SMITH"},{"data":"Seeing Red","floor":42,"key":"SMITH"},{"data":"Shrug It Off","floor":44,"key":"SMITH"},{"floor":49,"key":"REST"}],"circlet_count":0,"master_deck":["Defend_R","Defend_R+1","Defend_R+1","Defend_R+1","Bash","Spot Weakness","Body Slam+1","Flame Barrier+1","Heavy Blade+1","Seeing Red+1","Limit Break+1","Shrug It Off","Necronomicurse","Inflame","Sword Boomerang","Barricade+1","Shrug It Off+1"],"relics":["Burning Blood","Charon\u0027s Ashes","Art of War","War Paint","Oddly Smooth Stone","Busted Crown","Necronomicon","Turnip","Happy Flower","Red Mask","Empty Cage","Ice Cream","Gambling Chip","Regal Pillow"],"acts_visited":["Exordium","TheCity","TheBeyond"],"potions_floor_usage":[23,23,29,31,33,47,47,50],"damage_taken":[{"damage":1,"enemies":"Cultist","floor":1,"turns":4},{"damage":5,"enemies":"Small Slimes","floor":2,"turns":3},{"damage":8,"enemies":"2 Louse","floor":4,"turns":3},{"damage":0,"enemies":"Large Slime","floor":10,"turns":4},{"damage":52,"enemies":"Gremlin Nob","floor":12,"turns":5},{"damage":0,"enemies":"3 Louse","floor":14,"turns":4},{"damage":35,"enemies":"Hexaghost","floor":16,"turns":10},{"damage":3,"enemies":"Chosen","floor":18,"turns":4},{"damage":11,"enemies":"Spheric Guardian","floor":19,"turns":6},{"damage":30,"enemies":"Gremlin Leader","floor":23,"turns":3},{"damage":6,"enemies":"Chosen and Byrds","floor":25,"turns":5},{"damage":9,"enemies":"Cultist and Chosen","floor":28,"turns":5},{"damage":16,"enemies":"3 Cultists","floor":29,"turns":5},{"damage":20,"enemies":"Masked Bandits","floor":31,"turns":4},{"damage":30,"enemies":"Automaton","floor":33,"turns":8},{"damage":26,"enemies":"3 Darklings","floor":35,"turns":3},{"damage":5,"enemies":"3 Shapes","floor":38,"turns":4},{"damage":0,"enemies":"Mind Bloom Boss Battle","floor":39,"turns":7},{"damage":7,"enemies":"Writhing Mass","floor":45,"turns":3},{"damage":18,"enemies":"Transient","floor":47,"turns":5},{"damage":46,"enemies":"Spire Growth","floor":48,"turns":4},{"damage":29,"enemies":"Time Eater","floor":50,"turns":7}],"seed_played":"5078235317037821541","potions_obtained":[{"floor":1,"key":"SpeedPotion"},{"floor":4,"key":"ElixirPotion"},{"floor":10,"key":"FairyPotion"},{"floor":14,"key":"Ancient Potion"},{"floor":19,"key":"SkillPotion"},{"floor":25,"key":"AttackPotion"},{"floor":28,"key":"FearPotion"},{"floor":31,"key":"DistilledChaos"},{"floor":38,"key":"ColorlessPotion"},{"floor":48,"key":"ElixirPotion"}],"is_trial":false,"path_per_floor":["M","M","T","M","$","R","?","R","T","M","R","?","?","M","R","B",null,"M","M","?","$","?","E","R","M","T","R","M","M","R","?","R","B",null,"M","?","$","M","?","R","?","R","T","R","M","$","M","M","R","B",null],"character_chosen":"IRONCLAD","items_purchased":["Heavy Blade","Inflame","Shrug It Off","Ice Cream","LiquidMemories","Block Potion"],"campfire_rested":6,"item_purchase_floors":[5,21,37,37,37,46],"current_hp_per_floor":[88,88,88,86,86,88,88,88,88,88,88,42,24,30,56,27,88,88,83,67,67,50,26,53,53,53,53,50,40,67,53,80,56,93,73,73,73,74,80,80,80,80,80,80,79,79,67,27,69,46],"gold":117,"neow_bonus":"TEN_PERCENT_HP_BONUS","is_daily":false,"chose_seed":false,"campfire_upgraded":6,"win_rate":0.0,"timestamp":1613906490,"path_taken":["M","?","?","?","$","R","?","R","T","?","R","?","?","M","R","BOSS","M","M","?","$","?","E","R","M","T","R","M","M","R","?","R","BOSS","M","?","$","M","?","R","?","R","T","R","?","?","?","M","R","BOSS"],"items_purchased_type":["Card","Card","Card","Relic","Potion","Potion"],"build_version":"2020-12-22","purchased_purges":1,"victory":true,"max_hp_per_floor":[88,88,88,88,88,88,88,88,88,88,88,88,88,88,88,88,88,88,88,88,88,93,93,93,93,93,93,93,93,93,93,93,93,93,93,93,93,93,93,93,93,93,93,93,93,93,93,93,93,93],"card_choices":[{"not_picked":["Body Slam","Headbutt"],"picked":"Spot Weakness","floor":1},{"not_picked":["Pummel","Hemokinesis"],"picked":"Body Slam","floor":2},{"not_picked":["Combust","Power Through"],"picked":"Flame Barrier","floor":4},{"not_picked":["Intimidate","Power Through","Heavy Blade"],"picked":"SKIP","floor":10},{"not_picked":["Headbutt","Intimidate"],"picked":"Seeing Red","floor":14},{"not_picked":["Fiend Fire","Reaper"],"picked":"Limit Break","floor":16},{"not_picked":[],"picked":"Shrug It Off","floor":18},{"not_picked":["Havoc"],"picked":"SKIP","floor":19},{"not_picked":["Burning Pact"],"picked":"SKIP","floor":23},{"not_picked":["Reckless Charge"],"picked":"SKIP","floor":25},{"not_picked":["Anger+1"],"picked":"SKIP","floor":28},{"not_picked":[],"picked":"Sword Boomerang","floor":29},{"not_picked":[],"picked":"Barricade","floor":33},{"not_picked":["Anger"],"picked":"SKIP","floor":35},{"not_picked":["Iron Wave+1"],"picked":"SKIP","floor":38},{"not_picked":["Body Slam"],"picked":"SKIP","floor":45},{"not_picked":["Dropkick+1"],"picked":"SKIP","floor":47},{"not_picked":["Dark Embrace"],"picked":"SKIP","floor":48}],"player_experience":101192,"relics_obtained":[{"floor":3,"key":"Charon\u0027s Ashes"},{"floor":9,"key":"War Paint"},{"floor":12,"key":"Oddly Smooth Stone"},{"floor":20,"key":"Necronomicon"},{"floor":23,"key":"Turnip"},{"floor":26,"key":"Happy Flower"},{"floor":31,"key":"Red Mask"},{"floor":39,"key":"Gambling Chip"},{"floor":43,"key":"Regal Pillow"}],"event_choices":[{"damage_healed":0,"gold_gain":0,"player_choice":"Gave Potion","damage_taken":0,"relics_obtained":["Art of War"],"max_hp_gain":0,"max_hp_loss":0,"event_name":"WeMeetAgain","floor":7,"gold_loss":0},{"damage_healed":0,"gold_gain":0,"player_choice":"Searched \u00271\u0027 times","damage_taken":0,"max_hp_gain":0,"max_hp_loss":0,"event_name":"Dead Adventurer","floor":12,"gold_loss":0},{"damage_healed":0,"gold_gain":0,"player_choice":"Entered Light","damage_taken":18,"max_hp_gain":0,"max_hp_loss":0,"event_name":"Shining Light","floor":13,"gold_loss":0,"cards_upgraded":["Defend_R","Defend_R"]},{"damage_healed":0,"gold_gain":0,"player_choice":"Obtained Book","damage_taken":16,"max_hp_gain":0,"max_hp_loss":0,"event_name":"Cursed Tome","floor":20,"gold_loss":0},{"damage_healed":0,"gold_gain":0,"player_choice":"Shed Blood","damage_taken":22,"max_hp_gain":5,"max_hp_loss":0,"event_name":"Forgotten Altar","floor":22,"gold_loss":0},{"damage_healed":0,"gold_gain":0,"player_choice":"Fought Bandits","damage_taken":0,"max_hp_gain":0,"max_hp_loss":0,"event_name":"Masked Bandits","floor":31,"gold_loss":0},{"cards_removed":["Strike_R"],"damage_healed":0,"gold_gain":0,"player_choice":"Removed Attack","damage_taken":0,"max_hp_gain":0,"max_hp_loss":0,"event_name":"Falling","floor":36,"gold_loss":0},{"damage_healed":0,"gold_gain":0,"player_choice":"Fight","damage_taken":0,"max_hp_gain":0,"max_hp_loss":0,"event_name":"MindBloom","floor":39,"gold_loss":0},{"cards_removed":["Strike_R"],"damage_healed":0,"gold_gain":0,"player_choice":"Purged","damage_taken":0,"max_hp_gain":0,"max_hp_loss":0,"event_name":"Purifier","floor":41,"gold_loss":0}],"is_beta":false,"boss_relics":[{"not_picked":["Runic Cube","Fusion Hammer"],"picked":"Busted Crown"},{"not_picked":["Mark of Pain","Cursed Key"],"picked":"Empty Cage"}],"items_purged_floors":[5],"is_endless":false,"potions_floor_spawned":[1,4,10,14,19,25,28,31,38,48],"ascension_level":3}}