{"host":"bvp2uifzy1c463d9","time":1613879613,"event":{"mods":["AchievementEnabler","BaseMod","Better Note","Block Reminder","Bossed Relics","Colored Map","Colored Powertips","Highlight Path","Minty Spire (QoL Compilation)","Relic Sorter","Relic Stats","Replay The Spire","StSLib","The Blue Laboratory"],"gold_per_floor":[116,116,178,30,30,30,62,75,98,126,137,166,166,17,17,115,115,128,139,151,48,62,62,62],"floor_reached":23,"language":"ENG","playtime":822,"items_purged":["Dualcast","Zap"],"score":269,"play_id":"0eda510a-9971-4c72-8e5e-80cb974d1277","local_time":"20210220215333","is_ascension_mode":true,"campfire_choices":[{"data":"Sunder","floor":6,"key":"SMITH"},{"data":"Hologram","floor":13,"key":"SMITH"},{"data":"Streamline","floor":15,"key":"SMITH"}],"circlet_count":0,"master_deck":["Strike_B+1","Strike_B","Strike_B","Strike_B","Defend_B","Defend_B","Defend_B","Defend_B+1","Streamline+1","Steam","Sunder+1","Beam Cell","Go for the Eyes","Hologram+1","Gash","Seek","Sweeping Beam+1","Gash","Cold Snap","ReplayGash","ReplayGash","Leap"],"relics":["Cracked Core","NeowsBlessing","Gremlin Horn","Strawberry","ReplayFunnel","Unceasing Top","Bag of Preparation","Ring of Chaos"],"acts_visited":["Exordium","TheCity"],"potions_floor_usage":[19,23],"damage_taken":[{"damage":0,"enemies":"Jaw Worm","floor":1,"turns":1},{"damage":0,"enemies":"Gremlin Nob","floor":7,"turns":1},{"damage":0,"enemies":"2 Louse","floor":8,"turns":1},{"damage":16,"enemies":"3 Sentries","floor":10,"turns":6},{"damage":0,"enemies":"Cultist","floor":11,"turns":2},{"damage":12,"enemies":"Gremlin Nob","floor":12,"turns":3},{"damage":18,"enemies":"The Guardian","floor":16,"turns":10},{"damage":15,"enemies":"3 Byrds","floor":18,"turns":6},{"damage":7,"enemies":"Shell Parasite","floor":19,"turns":4},{"damage":20,"enemies":"Centurion and Healer","floor":20,"turns":5},{"damage":17,"enemies":"Snake Plant","floor":22,"turns":4},{"damage":23,"enemies":"Book of Stabbing","floor":23,"turns":5}],"seed_played":"7517737324291796884","potions_obtained":[{"floor":3,"key":"SneckoOil"},{"floor":11,"key":"SteroidPotion"},{"floor":12,"key":"Weak Potion"},{"floor":19,"key":"SteroidPotion"}],"is_trial":false,"path_per_floor":["M","?","?","$","?","R","E","M","T","E","M","E","R","$","R","B",null,"M","M","M","$","M","E"],"character_chosen":"DEFECT","items_purchased":["Sunder","Gash","ReplayGash","Leap"],"campfire_rested":0,"item_purchase_floors":[4,14,21,21],"current_hp_per_floor":[75,60,42,42,67,67,74,74,74,58,58,46,46,46,46,28,82,67,60,40,40,23,0,0],"gold":62,"neow_bonus":"THREE_ENEMY_KILL","is_daily":false,"chose_seed":false,"campfire_upgraded":3,"win_rate":0.0,"timestamp":1613879613,"path_taken":["M","?","?","$","?","R","E","M","T","E","?","E","R","$","R","BOSS","M","M","M","$","?","E"],"items_purchased_type":["Card","Card","Card","Card"],"build_version":"2020-12-22","purchased_purges":2,"victory":false,"max_hp_per_floor":[75,75,75,75,75,75,82,82,82,82,82,82,82,82,82,82,82,82,82,82,82,82,82,82],"relic_stats":{"Gremlin Horn":[6,6],"counters":[12,48],"Bag of Preparation":[12],"obtain_stats":[{"ReplayFunnel":9,"NeowsBlessing":0,"Gremlin Horn":3,"Strawberry":7,"Ring of Chaos":17,"Bag of Preparation":12,"Cracked Core":0,"Unceasing Top":10},{"ReplayFunnel":3,"NeowsBlessing":0,"Gremlin Horn":1,"Strawberry":2,"Ring of Chaos":7,"Bag of Preparation":6,"Cracked Core":0,"Unceasing Top":4},{"ReplayFunnel":3,"NeowsBlessing":0,"Gremlin Horn":1,"Strawberry":2,"Ring of Chaos":24,"Bag of Preparation":14,"Cracked Core":0,"Unceasing Top":9}],"Unceasing Top":[0]},"card_choices":[{"not_picked":["Stack","Auto Shields"],"picked":"Streamline","floor":1},{"not_picked":["Panic Button","Electrodynamics"],"picked":"Steam","floor":3},{"not_picked":["Steam Power","Compile Driver"],"picked":"Beam Cell","floor":7},{"not_picked":["Cold Snap","Turbo","Double Energy"],"picked":"SKIP","floor":8},{"not_picked":["Hologram","Heatsinks"],"picked":"Go for the Eyes","floor":10},{"not_picked":["Chill","Sweeping Beam"],"picked":"Hologram","floor":11},{"not_picked":["BasicCrystalCard","Recycle","Electrodynamics"],"picked":"SKIP","floor":12},{"not_picked":["Rainbow","Electrodynamics"],"picked":"Seek","floor":16},{"not_picked":["Glacier+1","Go for the Eyes+1"],"picked":"Sweeping Beam+1","floor":18},{"not_picked":["Panic Button+1","Streamline"],"picked":"Gash","floor":19},{"not_picked":["Glacier","Turbo+1"],"picked":"Cold Snap","floor":20},{"not_picked":["ReplayTheSpireMod:GoodbyeWorld+1","Sweeping Beam","Beam Cell"],"picked":"SKIP","floor":22}],"player_experience":267590,"relics_obtained":[{"floor":3,"key":"Gremlin Horn"},{"floor":7,"key":"Strawberry"},{"floor":9,"key":"ReplayFunnel"},{"floor":10,"key":"Unceasing Top"},{"floor":12,"key":"Bag of Preparation"}],"event_choices":[{"damage_healed":0,"gold_gain":0,"player_choice":"Entered Light","damage_taken":15,"max_hp_gain":0,"max_hp_loss":0,"event_name":"Shining Light","floor":2,"gold_loss":0,"cards_upgraded":["Strike_B","Defend_B"]},{"damage_healed":25,"gold_gain":0,"player_choice":"Banana","damage_taken":0,"max_hp_gain":0,"max_hp_loss":0,"event_name":"Big Fish","floor":5,"gold_loss":0}],"is_beta":false,"boss_relics":[{"not_picked":["Busted Crown","Sozu"],"picked":"Ring of Chaos"}],"items_purged_floors":[4,14],"is_endless":false,"potions_floor_spawned":[11,12,16,19],"killed_by":"Book of Stabbing","ascension_level":3}}