{"host":"ll3bk5uyh699087h","time":1613874041,"event":{"mods":["2.2 Compatiblity","AchievementEnabler","Act Like it!","Ascension Unlocker","Aspiration","BaseMod","Block Reminder","Card Forge","Colored Map","Colored Powertips","Conspire","Dark Map","Energized Spire","GifTheSpireLib","Hubris","Infinite Spire","Marked Mod","Minty Spire (QoL Compilation)","Practice Mode","Rare Cards Sparkle","Reliquary","Remove Card Discount Mod","Replay The Spire","Shop Mod","Spicy Shops","StSLib","Stuff the Spire","The Accelerator","Uncapped"],"gold_per_floor":[109,127,67,67,87,87,104,104,104,170,170,170,397,424,424,526,526,542,571,571,571,590,590,621,278,278,278,309,309,309,323,323,420,420,437,437,437,337,337,337,350,350,373,393,393,403,419,332,332,332],"floor_reached":51,"language":"ENG","playtime":17342,"items_purged":["Strike_P","Defend_P","Defend_P","Strike_P","Defend_P","Strike_P","Eruption","Vigilance","Shame"],"score":779,"play_id":"d85943f6-1f73-4282-b8be-98170af0fc21","local_time":"20210220212041","is_ascension_mode":false,"campfire_choices":[{"data":"MarkedMod:GracefulMovements","floor":6.0,"key":"SMITH"},{"data":"Worship","floor":8.0,"key":"SMITH"},{"floor":11.0,"key":"REST"},{"floor":15.0,"key":"REST"},{"floor":23.0,"key":"REST"},{"floor":32.0,"key":"REST"},{"data":"DevaForm+1","floor":40.0,"key":"SMITH"},{"floor":42.0,"key":"REST"},{"floor":49,"key":"REST"}],"circlet_count":0,"master_deck":["EmptyMind+1","MarkedMod:PinPointDefense+1","Worship+2","MarkedMod:GracefulMovements+1","FlyingSleeves+1","PathToVictory+1","BowlingBash+1","JustLucky+1","DevaForm+2","Pray+1","StuffTheSpire:BrainWave+1","EmptyMind+2","MarkedMod:Acupuncture+1","Study+2","infinitespire:Collect+1","infinitespire:Starlight+1"],"relics":["PureWater","Hammer of Thor","Seething Fire","Anvil of the Gods","Meat on the Bone","conspire:TreasureMap","hubris:OldNail","Ice Cream","Red Mask","conspire:TopHat","Bronze Scales","Vajra","Guide Book","reliquary:HotPoker","Nilry\u0027s Codex","SacredBark","reliquary:Solitaire","Dream Catcher","Lee\u0027s Waffle","MerchantsRug"],"acts_visited":["Exordium","TheCity","TheBeyond"],"potions_floor_usage":[46,50],"damage_taken":[{"damage":7.0,"enemies":"Cultist","floor":1.0,"turns":3.0},{"damage":0.0,"enemies":"Small Slimes","floor":2.0,"turns":2.0},{"damage":10.0,"enemies":"2 Louse","floor":5.0,"turns":3.0},{"damage":27.0,"enemies":"Exordium Thugs","floor":7.0,"turns":8.0},{"damage":43.0,"enemies":"Gremlin Nob","floor":14.0,"turns":5.0},{"damage":0.0,"enemies":"Hexaghost","floor":16.0,"turns":7.0},{"damage":6.0,"enemies":"3 Byrds","floor":18.0,"turns":4.0},{"damage":38.0,"enemies":"Masked Bandits","floor":19.0,"turns":4.0},{"damage":4.0,"enemies":"Shell Parasite","floor":22.0,"turns":3.0},{"damage":26.0,"enemies":"Book of Stabbing","floor":24.0,"turns":6.0},{"damage":14.0,"enemies":"Gremlin Leader","floor":28.0,"turns":4.0},{"damage":14.0,"enemies":"Cultist and Chosen","floor":31.0,"turns":6.0},{"damage":28.0,"enemies":"conspire:MysteriousRune","floor":33.0,"turns":7.0},{"damage":10.0,"enemies":"Orb Walker","floor":35.0,"turns":3.0},{"damage":34.0,"enemies":"3 Shapes","floor":41.0,"turns":3.0},{"damage":29.0,"enemies":"Maw","floor":44.0,"turns":5.0},{"damage":22,"enemies":"Transient","floor":46,"turns":5},{"damage":9,"enemies":"3 Darklings","floor":47,"turns":2},{"damage":61,"enemies":"infinitespire:MassOfShapes","floor":50,"turns":2}],"seed_played":"4273406854563249244","potions_obtained":[{"floor":4.0,"key":"BottledMiracle"},{"floor":4.0,"key":"PowerPotion"},{"floor":4.0,"key":"Ancient Potion"},{"floor":7.0,"key":"CultistPotion"},{"floor":14.0,"key":"AttackPotion"},{"floor":18.0,"key":"Weak Potion"},{"floor":19.0,"key":"Weak Potion"},{"floor":24.0,"key":"Dexterity Potion"},{"floor":31.0,"key":"Fire Potion"},{"floor":33.0,"key":"Death Potion"},{"floor":44.0,"key":"SteroidPotion"},{"floor":47,"key":"BlessingOfTheForge"}],"is_trial":false,"path_per_floor":["M","M","$","?","M","R","M","R","T","$","R","R","$","E","R","B",null,"M","?","?","?","M","R","E","$","T","AVR","E","?","R","M","R_BF","B",null,"M","AVR","?","NS","?","R","M","R","T","M","?","M","M","$","R_BF","B",null],"character_chosen":"WATCHER","items_purchased":["Worship","MarkedMod:GracefulMovements","Meat on the Bone","Oddly Smooth Stone","conspire:TreasureMap","Replay:Vibes","FlyingSleeves","MarkedMod:PinPointDefense","PathToVictory","hubris:OldNail","BowlingBash","BargainBundle","Bronze Scales","MarkedMod:Acupuncture","Study","Lee\u0027s Waffle","MerchantsRug"],"campfire_rested":6,"item_purchase_floors":[3,3,3,3,10,10,10,10,13,13,13,25,25,25,25,48,48],"current_hp_per_floor":[65,65,65,65,55,55,40,40,40,40,61,61,61,30,51,51,72,66,40,40,40,48,69,43,43,43,43,41,25,25,23,44,28,72,62,62,62,62,82,82,48,72,72,43,23,23,41,89,89,52],"gold":332,"neow_bonus":"THREE_CARDS","is_daily":false,"chose_seed":false,"campfire_upgraded":3,"win_rate":0.0,"timestamp":1613874041,"path_taken":["M","M","?","?","M","R","M","R","T","$","R","R","$","E","R","BOSS","M","?","?","?","M","R","E","$","T","AVR","E","?","R","M","R_BF","BOSS","M","AVR","?","NS","?","R","?","R","T","M","?","M","M","?","R_BF","BOSS"],"items_purchased_type":["Card","Card","Relic","Relic","Relic","Card","Card","Card","Card","Relic","Card","Relic","Relic","Card","Card","Relic","Relic"],"build_version":"2020-12-22","purchased_purges":9,"victory":true,"max_hp_per_floor":[72,72,72,72,72,72,72,72,72,72,72,72,72,72,72,72,72,72,72,72,72,72,72,72,72,72,72,72,72,72,72,72,72,72,72,72,72,72,82,82,82,82,82,82,82,82,82,89,89,89],"card_choices":[{"not_picked":["ThirdEye","Replay:ManipulateFuture"],"picked":"EmptyMind","floor":0.0},{"not_picked":["DeceiveReality","SashWhip","FlyingSleeves"],"picked":"SKIP","floor":1.0},{"not_picked":["JustLucky","Swivel"],"picked":"MarkedMod:PinPointDefense","floor":2.0},{"not_picked":["SashWhip","BattleHymn","WaveOfTheHand"],"picked":"SKIP","floor":5.0},{"not_picked":["SashWhip","BattleHymn","WaveOfTheHand"],"picked":"SKIP","floor":5.0},{"not_picked":["Replay:ManipulateFuture","Replay:BluntJabs"],"picked":"Judgement","floor":7.0},{"not_picked":["EmptyFist","ClearTheMind"],"picked":"JustLucky","floor":14.0},{"not_picked":["MarkedMod:SlowDance","ConjureBlade"],"picked":"DevaForm","floor":16.0},{"not_picked":["Wallop","ClearTheMind+1"],"picked":"Pray","floor":18.0},{"not_picked":["StuffTheSpire:Harmony","StuffTheSpire:Innocence"],"picked":"StuffTheSpire:BrainWave","floor":21.0},{"not_picked":["Replay:BluntJabs","Nirvana","Replay:DivineShield"],"picked":"SKIP","floor":22.0},{"not_picked":["ThirdEye+1","Vengeance"],"picked":"EmptyMind","floor":24.0},{"not_picked":["Replay:ManipulateFuture","Judgement","FlyingSleeves"],"picked":"SKIP","floor":28.0},{"not_picked":["CrushJoints","FlyingSleeves","Evaluate"],"picked":"SKIP","floor":31.0},{"not_picked":["Replay:AllIn","Scrawl"],"picked":"Establishment","floor":33.0},{"not_picked":["Halt","Replay:DivineShield+1"],"picked":"SandsOfTime+1","floor":35.0},{"not_picked":["Replay:Vibes","EmptyFist","MarkedMod:FirstStrike"],"picked":"SKIP","floor":41.0},{"not_picked":["FollowUp","ThirdEye"],"picked":"LikeWater+1","floor":44.0},{"not_picked":["ReplayTheSpireMod:??????????????????????","infinitespire:Oblivion"],"picked":"infinitespire:Starlight","floor":45.0},{"not_picked":["EmptyMind","Adaptation","Replay:BluntJabs+1"],"picked":"SKIP","floor":46},{"not_picked":["EmptyFist","Worship","Replay:BluntJabs+1"],"picked":"SKIP","floor":47}],"player_experience":35267,"relics_obtained":[{"floor":9.0,"key":"WingedGreaves"},{"floor":14.0,"key":"Ice Cream"},{"floor":19.0,"key":"Red Mask"},{"floor":24.0,"key":"conspire:TopHat"},{"floor":26.0,"key":"Vajra"},{"floor":28.0,"key":"reliquary:HotPoker"},{"floor":29.0,"key":"Nilry\u0027s Codex"},{"floor":43.0,"key":"Dream Catcher"}],"event_choices":[{"damage_healed":0.0,"max_hp_gain":0.0,"max_hp_loss":0.0,"gold_gain":0.0,"event_name":"Lab","player_choice":"Got Potions","floor":4.0,"gold_loss":0.0,"damage_taken":0.0},{"damage_healed":0.0,"max_hp_gain":0.0,"max_hp_loss":0.0,"gold_gain":0.0,"event_name":"Masked Bandits","player_choice":"Fought Bandits","floor":19.0,"gold_loss":0.0,"damage_taken":0.0},{"damage_healed":0.0,"max_hp_gain":0.0,"max_hp_loss":0.0,"gold_gain":0.0,"event_name":"Ghosts","player_choice":"Ignored","floor":20.0,"gold_loss":0.0,"damage_taken":0.0},{"damage_healed":0.0,"max_hp_gain":0.0,"max_hp_loss":0.0,"gold_gain":0.0,"event_name":"Cursed Tome","player_choice":"Obtained Book","floor":29.0,"gold_loss":0.0,"damage_taken":16.0},{"cards_removed":["Establishment"],"damage_healed":10.0,"max_hp_gain":10.0,"max_hp_loss":0.0,"gold_gain":0.0,"event_name":"Bonfire Elementals","player_choice":"Offered Rare","floor":39.0,"gold_loss":0.0,"damage_taken":0.0}],"is_beta":false,"boss_relics":[{"not_picked":["reliquary:KinkedSpring","Snecko Eye","hubris:BlackHole"]},{"not_picked":["energizedSpire:EnergizedDie","energizedSpire:OgreHead"],"picked":"SacredBark"}],"items_purged_floors":[3,3,3,3,3,3,25,25,48],"is_endless":false,"potions_floor_spawned":[5,7,14,18,19,24,31,33,44,47],"ascension_level":0}}