{"host":"7jl4uf745pjtflnx","time":1613898933,"event":{"mods":["BaseMod","BetterRewards","Hubris","Minty Spire (QoL Compilation)","Reliquary","Replay The Spire","StSLib","SuperFastMode","The Construct"],"gold_per_floor":[117,131,149,163,43,43,55,82,108,108,135,135,146,166,166,266,266,284,8,27,27,39,68,68,88,170,202,202,77,96,96,96,96,96],"floor_reached":33,"language":"ENG","playtime":1381,"items_purged":["Strike_R","Strike_R","Writhe"],"score":365,"play_id":"65209737-f3ea-4d91-8bb7-f33b69e4c8c8","local_time":"20210221041533","is_ascension_mode":true,"campfire_choices":[{"data":"Barricade","floor":6,"key":"SMITH"},{"floor":10,"key":"REST"},{"data":"Entrench","floor":12,"key":"SMITH"},{"data":"Body Slam","floor":15,"key":"SMITH"},{"data":"Berserk","floor":24,"key":"SMITH"},{"data":"Body Slam","floor":32,"key":"SMITH"}],"circlet_count":0,"master_deck":["Defend_R","Defend_R","Defend_R","Defend_R","Bash","Barricade+1","True Grit","Shockwave","Armaments","Offering","Entrench+1","Body Slam+1","Sword Boomerang","Ghostly Armor","Berserk+1","Armaments+1","Body Slam+1","ReplayReversal+1","Fire Breathing","Burning Pact","Warcry","Exhume","Bite","Bite","Bite","Bite","Bite"],"relics":["Burning Blood","Pen Nib","Red Skull","reliquary:QuartzCube","Replay:Bronze Core","Bottled Lightning","Pantograph","Vajra","Replay:Baseball"],"acts_visited":["Exordium","TheCity"],"potions_floor_usage":[8,13,13,27,27,27],"damage_taken":[{"damage":6,"enemies":"Cultist","floor":1,"turns":3},{"damage":0,"enemies":"2 Louse","floor":2,"turns":3},{"damage":6,"enemies":"Jaw Worm","floor":3,"turns":5},{"damage":15,"enemies":"Exordium Wildlife","floor":4,"turns":11},{"damage":11,"enemies":"Blue Slaver","floor":7,"turns":4},{"damage":33,"enemies":"Gremlin Nob","floor":8,"turns":6},{"damage":6,"enemies":"Lagavulin","floor":11,"turns":8},{"damage":1,"enemies":"Large Slime","floor":13,"turns":7},{"damage":6,"enemies":"3 Louse","floor":14,"turns":4},{"damage":7,"enemies":"The Guardian","floor":16,"turns":11},{"damage":15,"enemies":"3 Byrds","floor":18,"turns":7},{"damage":3,"enemies":"Chosen","floor":20,"turns":5},{"damage":17,"enemies":"3 Cultists","floor":22,"turns":6},{"damage":18,"enemies":"Slavers","floor":23,"turns":7},{"damage":3,"enemies":"Centurion and Healer","floor":25,"turns":7},{"damage":53,"enemies":"Gremlin Leader","floor":27,"turns":8},{"damage":19,"enemies":"Snake Plant","floor":30,"turns":4},{"damage":50,"enemies":"Pondfish","floor":33,"turns":5}],"seed_played":"-1447803741907209862","potions_obtained":[{"floor":3,"key":"construct:ShiftPotion"},{"floor":4,"key":"SpeedPotion"},{"floor":7,"key":"BlessingOfTheForge"},{"floor":8,"key":"Explosive Potion"},{"floor":16,"key":"ColorlessPotion"},{"floor":18,"key":"BloodPotion"},{"floor":23,"key":"Flashbang"},{"floor":30,"key":"SneckoOil"}],"is_trial":false,"path_per_floor":["M","M","M","M","$","R","M","E","T","R","E","R","M","M","R","B",null,"M","$","M","?","M","E","R","M","T","E","?","$","M","?","R","B"],"character_chosen":"IRONCLAD","items_purchased":["Heavy Blade","Body Slam","ReplayReversal+1","Fire Breathing"],"campfire_rested":1,"item_purchase_floors":[5,19,19,19],"current_hp_per_floor":[56,62,62,53,53,53,48,21,21,45,45,45,50,50,50,49,80,71,71,74,74,63,51,51,54,54,23,23,23,10,10,10,0,0],"gold":96,"neow_bonus":"THREE_RARE_CARDS","is_daily":false,"chose_seed":false,"campfire_upgraded":5,"win_rate":0.0,"timestamp":1613898933,"path_taken":["M","M","M","?","$","R","M","E","T","R","E","R","M","M","R","BOSS","M","$","M","?","M","E","R","?","T","E","?","$","M","?","R","BOSS"],"items_purchased_type":["Card","Card","Card","Card"],"build_version":"2020-12-22","purchased_purges":3,"victory":false,"max_hp_per_floor":[80,80,80,80,80,80,80,80,80,80,80,80,80,80,80,80,80,80,80,80,80,80,80,80,80,80,80,80,80,80,56,56,56,56],"card_choices":[{"not_picked":["Reaper","Impervious"],"picked":"Barricade","floor":0},{"not_picked":["Sever Soul","Burning Pact"],"picked":"True Grit","floor":1},{"not_picked":["ReplayTheSpireMod:Strike From Hell","Headbutt","Clash"],"picked":"SKIP","floor":2},{"not_picked":["True Grit","Hemokinesis"],"picked":"Shockwave","floor":3},{"not_picked":["Perfected Strike","ReplayTheSpireMod:LeadingStrike"],"picked":"Armaments","floor":4},{"not_picked":["Searing Blow","Run Through"],"picked":"Offering","floor":7},{"not_picked":["Spot Weakness","Whirlwind"],"picked":"Entrench","floor":8},{"not_picked":["Clash","Spot Weakness"],"picked":"Body Slam","floor":11},{"not_picked":["ReplayTheSpireMod:Strike From Hell","Flex"],"picked":"Sword Boomerang","floor":13},{"not_picked":["Body Slam","Cleave"],"picked":"Ghostly Armor","floor":14},{"not_picked":["Hemogenesis","Demonic Infusion"],"picked":"Berserk","floor":16},{"not_picked":["Clothesline","Twin Strike"],"picked":"Armaments+1","floor":18},{"not_picked":["hubris:ReadiedAction","Defy Death+1"],"picked":"Burning Pact","floor":20},{"not_picked":["Pummel+1","Uppercut"],"picked":"Warcry","floor":22},{"not_picked":["Flex","Sword Boomerang+1","hubris:StunningStrike"],"picked":"SKIP","floor":23},{"not_picked":["Heavy Blade","Perfected Strike","Hemokinesis"],"picked":"SKIP","floor":25},{"not_picked":["Iron Wave","Havoc","Life Link"],"picked":"SKIP","floor":27},{"not_picked":["Armaments+1","Thunderclap"],"picked":"Exhume","floor":30}],"player_experience":839923,"relics_obtained":[{"floor":8,"key":"Pen Nib"},{"floor":9,"key":"Red Skull"},{"floor":11,"key":"reliquary:QuartzCube"},{"floor":23,"key":"Bottled Lightning"},{"floor":26,"key":"Pantograph"},{"floor":27,"key":"Vajra"}],"event_choices":[{"cards_removed":["Heavy Blade"],"damage_healed":0,"gold_gain":0,"player_choice":"Purged","damage_taken":0,"max_hp_gain":0,"max_hp_loss":0,"event_name":"Purifier","floor":21,"gold_loss":0},{"damage_healed":0,"gold_gain":0,"player_choice":"Opened","damage_taken":0,"relics_obtained":["Replay:Baseball"],"max_hp_gain":0,"max_hp_loss":0,"event_name":"The Mausoleum","floor":28,"gold_loss":0,"cards_obtained":["Writhe"]},{"damage_healed":0,"gold_gain":0,"player_choice":"Became a vampire","damage_taken":0,"max_hp_gain":0,"max_hp_loss":24,"event_name":"Vampires","floor":31,"gold_loss":0,"cards_obtained":["Bite","Bite","Bite","Bite","Bite"]}],"is_beta":false,"boss_relics":[{"not_picked":["reliquary:Craggleroot","Honey Jar"],"picked":"Replay:Bronze Core"}],"items_purged_floors":[5,19,29],"is_endless":false,"potions_floor_spawned":[3,4,7,8,16,18,23,30],"killed_by":"Pondfish","ascension_level":1}}