{"host":"en4narc5947t7k9n","time":1613917714,"event":{"mods":["AchievementEnabler","BaseMod","Colored Map","Minty Spire (QoL Compilation)","SuperFastMode"],"gold_per_floor":[117,117,117,117,134,153,182,182,208,218,13,23,23,98,98,98,98],"floor_reached":16,"language":"KOR","playtime":767,"items_purged":[],"score":100,"play_id":"9cb2e9b8-05e1-44b0-92b9-2f9755dbcfd3","local_time":"20210221232834","is_ascension_mode":false,"campfire_choices":[{"floor":8,"key":"RECALL"},{"floor":15,"key":"REST"}],"circlet_count":0,"master_deck":["Strike_G","Strike_G","Strike_G","Strike_G","Defend_G","Defend_G","Defend_G","Defend_G","Defend_G+1","Survivor","Neutralize+1","Caltrops","Bandage Up","Outmaneuver","Grand Finale","Backstab","Slice","Tools of the Trade","Accuracy","Wraith Form v2","Prepared","Blade Dance"],"relics":["Ring of the Snake","Centennial Puzzle","PreservedInsect"],"acts_visited":["Exordium"],"potions_floor_usage":[16],"damage_taken":[{"damage":0,"enemies":"Jaw Worm","floor":1,"turns":3},{"damage":0,"enemies":"2 Louse","floor":5,"turns":5},{"damage":4,"enemies":"Cultist","floor":6,"turns":4},{"damage":25,"enemies":"Lagavulin","floor":7,"turns":8},{"damage":13,"enemies":"Large Slime","floor":10,"turns":9},{"damage":2,"enemies":"Blue Slaver","floor":12,"turns":6},{"damage":31,"enemies":"Hexaghost","floor":16,"turns":9}],"seed_played":"-1269631590133893972","potions_obtained":[{"floor":6,"key":"Explosive Potion"},{"floor":7,"key":"Weak Potion"},{"floor":10,"key":"Explosive Potion"}],"is_trial":false,"path_per_floor":["M","?","?","?","M","M","E","R","T","M","$","M","?","?","R","B"],"character_chosen":"THE_SILENT","items_purchased":["Wraith Form v2","Prepared"],"campfire_rested":1,"item_purchase_floors":[11,11],"current_hp_per_floor":[77,70,52,52,56,56,35,35,35,26,26,28,13,2,25,0,0],"gold":98,"neow_bonus":"TEN_PERCENT_HP_BONUS","is_daily":false,"chose_seed":false,"campfire_upgraded":0,"win_rate":0.0,"timestamp":1613917714,"path_taken":["M","?","?","?","M","M","E","R","T","M","$","?","?","?","R","BOSS"],"items_purchased_type":["Card","Card"],"build_version":"2020-12-22","purchased_purges":0,"victory":false,"max_hp_per_floor":[77,77,77,77,77,77,77,77,77,77,77,77,77,77,77,77,77],"card_choices":[{"not_picked":["Flying Knee","Blade Dance"],"picked":"Caltrops","floor":1},{"not_picked":["Bane","Cloak And Dagger"],"picked":"Backstab","floor":5},{"not_picked":["Cloak And Dagger","Underhanded Strike"],"picked":"Slice","floor":6},{"not_picked":["Cloak And Dagger","Backstab"],"picked":"Tools of the Trade","floor":7},{"not_picked":["Blade Dance","Underhanded Strike"],"picked":"Accuracy","floor":10},{"not_picked":["Deadly Poison","Dagger Throw"],"picked":"Blade Dance","floor":12}],"player_experience":131120,"relics_obtained":[{"floor":7,"key":"PreservedInsect"}],"event_choices":[{"cards_removed":["Strike_G"],"damage_healed":0,"gold_gain":0,"player_choice":"Card Removal","damage_taken":7,"max_hp_gain":0,"max_hp_loss":0,"event_name":"Golden Wing","floor":2,"gold_loss":0},{"damage_healed":0,"gold_gain":0,"player_choice":"Success","damage_taken":18,"relics_obtained":["Centennial Puzzle"],"max_hp_gain":0,"max_hp_loss":0,"event_name":"Scrap Ooze","floor":3,"gold_loss":0},{"damage_healed":0,"gold_gain":0,"player_choice":"3 cards matched","damage_taken":0,"max_hp_gain":0,"max_hp_loss":0,"event_name":"Match and Keep!","floor":4,"gold_loss":0,"cards_obtained":["Bandage Up","Outmaneuver","Grand Finale"]},{"damage_healed":0,"gold_gain":0,"player_choice":"Entered Light","damage_taken":15,"max_hp_gain":0,"max_hp_loss":0,"event_name":"Shining Light","floor":13,"gold_loss":0,"cards_upgraded":["Defend_G","Neutralize"]},{"damage_healed":0,"gold_gain":75,"player_choice":"Gather Gold","damage_taken":11,"max_hp_gain":0,"max_hp_loss":0,"event_name":"World of Goop","floor":14,"gold_loss":0}],"is_beta":false,"boss_relics":[],"items_purged_floors":[],"is_endless":false,"potions_floor_spawned":[6,7,10],"killed_by":"Hexaghost","ascension_level":0}}