{"host":"Sean","time":1613942486,"event":{"mods":["BaseMod","Block Reminder","Colored Map","Colored Powertips","Highlight Path","Minty Spire (QoL Compilation)","Permanent Neow","Relic Stats"],"gold_per_floor":[116,131,141,159,171,171,204,204,204,219,46,72,91,91,91,193,193,179,179,94,42,54,54,85,100,127,147,147,147,37,55,55,159,159,174,174,190,6,6,33,51,51,124,137,187,187,198,227,227,227,227,227,1,27,27],"floor_reached":56,"language":"ENG","playtime":4023,"items_purged":["Strike_B","Defend_B"],"score":2002,"play_id":"0f7f806f-9686-4867-9d39-ba8f816eea14","local_time":"20210221212126","is_ascension_mode":true,"campfire_choices":[{"data":"Rip and Tear","floor":6.0,"key":"SMITH"},{"floor":8.0,"key":"REST"},{"data":"Streamline","floor":15.0,"key":"SMITH"},{"data":"Turbo","floor":23.0,"key":"SMITH"},{"data":"Seek","floor":28.0,"key":"SMITH"},{"data":"Chaos","floor":32.0,"key":"SMITH"},{"data":"Ghostly","floor":42.0,"key":"SMITH"},{"floor":49.0,"key":"RECALL"},{"data":"Loop","floor":52,"key":"SMITH"}],"circlet_count":0,"master_deck":["AscendersBane","Strike_B","Strike_B","Defend_B","Defend_B","Defend_B","Zap","Dualcast","Amplify","Cold Snap","Turbo","Rip and Tear+1","Chill","Darkness","Conserve Battery","Streamline+1","Hologram","Self Repair","Ball Lightning","Coolheaded","Meteor Strike","Hologram","Turbo","Turbo+1","Seek+1","Leap+1","White Noise","Ghostly+1","Ghostly","Ghostly","Ghostly","Ghostly","Loop+1","Chaos+1","Capacitor","Echo Form","Secret Technique","Compile Driver+1","Loop","Loop","Heatsinks+1","Compile Driver","Undo"],"relics":["Cracked Core","Nunchaku","White Beast Statue","Eternal Feather","Coffee Dripper","Akabeko","Strawberry","Orichalcum","Oddly Smooth Stone","SacredBark","Potion Belt","Gremlin Horn","TungstenRod","Regal Pillow","Bottled Lightning"],"acts_visited":["Exordium","TheCity","TheBeyond","TheEnding"],"potions_floor_usage":[50,50,54,55,55,55,55],"damage_taken":[{"damage":6.0,"enemies":"Cultist","floor":1.0,"turns":3.0},{"damage":9.0,"enemies":"Small Slimes","floor":2.0,"turns":3.0},{"damage":0.0,"enemies":"2 Louse","floor":3.0,"turns":1.0},{"damage":11.0,"enemies":"Blue Slaver","floor":4.0,"turns":3.0},{"damage":7.0,"enemies":"Large Slime","floor":5.0,"turns":5.0},{"damage":16.0,"enemies":"Gremlin Nob","floor":7.0,"turns":4.0},{"damage":0.0,"enemies":"Looter","floor":10.0,"turns":3.0},{"damage":2.0,"enemies":"3 Sentries","floor":12.0,"turns":7.0},{"damage":18.0,"enemies":"Exordium Wildlife","floor":13.0,"turns":4.0},{"damage":27.0,"enemies":"Slime Boss","floor":16.0,"turns":9.0},{"damage":10.0,"enemies":"2 Thieves","floor":18.0,"turns":4.0},{"damage":3.0,"enemies":"Shell Parasite","floor":22.0,"turns":4.0},{"damage":34.0,"enemies":"Book of Stabbing","floor":24.0,"turns":5.0},{"damage":21.0,"enemies":"Snecko","floor":25.0,"turns":4.0},{"damage":11.0,"enemies":"Centurion and Healer","floor":27.0,"turns":7.0},{"damage":12.0,"enemies":"Sentry and Sphere","floor":31.0,"turns":5.0},{"damage":78.0,"enemies":"Automaton","floor":33.0,"turns":13.0},{"damage":0.0,"enemies":"3 Darklings","floor":35.0,"turns":8.0},{"damage":9.0,"enemies":"Orb Walker","floor":37.0,"turns":4.0},{"damage":0.0,"enemies":"Giant Head","floor":40.0,"turns":8.0},{"damage":2.0,"enemies":"Jaw Worm Horde","floor":41.0,"turns":5.0},{"damage":10.0,"enemies":"3 Darklings","floor":44.0,"turns":6.0},{"damage":0.0,"enemies":"Mind Bloom Boss Battle","floor":45.0,"turns":14.0},{"damage":0.0,"enemies":"Maw","floor":47.0,"turns":6.0},{"damage":0.0,"enemies":"Nemesis","floor":48.0,"turns":9.0},{"damage":0,"enemies":"Time Eater","floor":50,"turns":12},{"damage":0,"enemies":"Shield and Spear","floor":54,"turns":8},{"damage":38,"enemies":"The Heart","floor":55,"turns":11}],"seed_played":"-3451613573712621219","potions_obtained":[{"floor":2.0,"key":"Explosive Potion"},{"floor":3.0,"key":"Explosive Potion"},{"floor":4.0,"key":"SkillPotion"},{"floor":7.0,"key":"Fire Potion"},{"floor":10.0,"key":"FairyPotion"},{"floor":12.0,"key":"SmokeBomb"},{"floor":13.0,"key":"FocusPotion"},{"floor":16.0,"key":"Fire Potion"},{"floor":18.0,"key":"SmokeBomb"},{"floor":22.0,"key":"SkillPotion"},{"floor":24.0,"key":"SmokeBomb"},{"floor":25.0,"key":"Strength Potion"},{"floor":27.0,"key":"PowerPotion"},{"floor":33.0,"key":"Dexterity Potion"},{"floor":35.0,"key":"SteroidPotion"},{"floor":37.0,"key":"SmokeBomb"},{"floor":40.0,"key":"Block Potion"},{"floor":41.0,"key":"BlessingOfTheForge"},{"floor":44.0,"key":"Energy Potion"},{"floor":45.0,"key":"Weak Potion"},{"floor":47.0,"key":"EssenceOfDarkness"},{"floor":48.0,"key":"Fruit Juice"},{"floor":54,"key":"Block Potion"}],"is_trial":false,"path_per_floor":["M","M","M","M","M","R","E","R","T","M","$","E","M","?","R","B",null,"M","T","?","$","M","R","E","M","T","M","R","?","$","M","R","B",null,"M","?","M","$","?","E","M","R","T","M","?","?","M","E","R","B",null,"R","$","E","B",null],"character_chosen":"DEFECT","items_purchased":["Hologram","Self Repair","Turbo","Loop","Chaos","Potion Belt","Loop","SkillPotion","GamblersBrew"],"campfire_rested":1,"item_purchase_floors":[11,11,21,30,30,38,38,53,53],"current_hp_per_floor":[62,53,53,42,35,35,19,41,41,41,41,46,42,42,54,34,65,55,55,62,62,59,74,40,26,26,22,37,37,37,32,41,19,36,41,31,22,22,22,36,34,41,41,38,41,41,41,41,41,41,41,41,41,41,20],"gold":27,"neow_bonus":"ONE_RANDOM_RARE_CARD","is_daily":false,"chose_seed":false,"campfire_upgraded":7,"win_rate":0.0,"timestamp":1613942486,"path_taken":["M","?","M","M","?","R","E","R","T","M","$","E","M","?","R","BOSS","M","?","?","?","M","R","E","M","T","M","R","?","?","?","R","BOSS","M","?","M","$","?","E","?","R","T","M","?","?","M","E","R","BOSS","R","$","E","BOSS"],"items_purchased_type":["Card","Card","Card","Card","Card","Relic","Card","Potion","Potion"],"build_version":"2020-12-18","purchased_purges":2,"victory":true,"max_hp_per_floor":[75,75,75,75,75,75,75,75,75,75,75,75,75,75,75,75,75,75,75,82,82,82,82,82,82,82,82,82,41,41,41,41,41,41,41,41,41,41,41,41,41,41,41,41,41,41,41,41,41,41,41,41,41,41,51],"relic_stats":{"Nunchaku":[25],"Regal Pillow":0,"Gremlin Horn":[9,9],"counters":[28,175],"Eternal Feather":58,"Orichalcum":[192],"obtain_stats":[{"Potion Belt":38,"Regal Pillow":48,"Gremlin Horn":40,"SacredBark":34,"Oddly Smooth Stone":26,"Eternal Feather":12,"Orichalcum":24,"White Beast Statue":9,"Akabeko":19,"Nunchaku":7,"Strawberry":20,"Coffee Dripper":17,"Bottled Lightning":54,"Cracked Core":0,"TungstenRod":45},{"Potion Belt":19,"Regal Pillow":25,"Gremlin Horn":20,"SacredBark":17,"Oddly Smooth Stone":14,"Eternal Feather":8,"Orichalcum":13,"White Beast Statue":6,"Akabeko":11,"Nunchaku":6,"Strawberry":11,"Coffee Dripper":10,"Bottled Lightning":27,"Cracked Core":0,"TungstenRod":23},{"Potion Belt":96,"Regal Pillow":144,"Gremlin Horn":104,"SacredBark":84,"Oddly Smooth Stone":59,"Eternal Feather":29,"Orichalcum":55,"White Beast Statue":19,"Akabeko":46,"Nunchaku":19,"Strawberry":46,"Coffee Dripper":42,"Bottled Lightning":164,"Cracked Core":0,"TungstenRod":129}],"TungstenRod":51},"card_choices":[{"not_picked":["Coolheaded","Hello World"],"picked":"Cold Snap","floor":1.0},{"not_picked":["Conserve Battery","Compile Driver"],"picked":"Turbo","floor":2.0},{"not_picked":["Force Field","Stack"],"picked":"Rip and Tear","floor":3.0},{"not_picked":["Double Energy","Compile Driver"],"picked":"Chill","floor":4.0},{"not_picked":["Heatsinks","Hologram"],"picked":"Darkness","floor":5.0},{"not_picked":["Compile Driver","Tempest"],"picked":"Conserve Battery","floor":7.0},{"not_picked":["Compile Driver","All For One"],"picked":"Streamline","floor":10.0},{"not_picked":["Tempest","Auto Shields"],"picked":"Ball Lightning","floor":12.0},{"not_picked":["Sweeping Beam","Beam Cell"],"picked":"Coolheaded","floor":13.0},{"not_picked":["Reboot","Rainbow"],"picked":"Meteor Strike","floor":16.0},{"not_picked":["Sweeping Beam","Stack+1"],"picked":"Hologram","floor":18.0},{"not_picked":["Stack","Genetic Algorithm"],"picked":"Turbo","floor":22.0},{"not_picked":["Barrage","Glacier"],"picked":"Seek","floor":24.0},{"not_picked":["Conserve Battery","Hello World"],"picked":"Leap+1","floor":25.0},{"not_picked":["Ball Lightning","Fusion"],"picked":"White Noise","floor":27.0},{"not_picked":["Beam Cell","Redo"],"picked":"Capacitor","floor":31.0},{"not_picked":["Reboot","Rainbow"],"picked":"Echo Form","floor":33.0},{"not_picked":["Rebound","Barrage+1","Cold Snap"],"picked":"SKIP","floor":35.0},{"not_picked":["Deep Breath","Forethought"],"picked":"Secret Technique","floor":36.0},{"not_picked":["Sweeping Beam","Beam Cell"],"picked":"Compile Driver+1","floor":37.0},{"not_picked":["Steam","Beam Cell","Auto Shields"],"picked":"SKIP","floor":40.0},{"not_picked":["Coolheaded","Compile Driver+1"],"picked":"Heatsinks+1","floor":41.0},{"not_picked":["Redo+1","Darkness","Ball Lightning"],"picked":"SKIP","floor":44.0},{"not_picked":["Beam Cell+1","Sweeping Beam+1"],"picked":"Compile Driver","floor":45.0},{"not_picked":["Redo","Rebound"],"picked":"Undo","floor":47.0},{"not_picked":["Conserve Battery","Leap","Hologram"],"picked":"SKIP","floor":48.0},{"not_picked":["All For One","Barrage","Compile Driver+1"],"picked":"SKIP","floor":54}],"player_experience":585752,"relics_obtained":[{"floor":7.0,"key":"Nunchaku"},{"floor":9.0,"key":"White Beast Statue"},{"floor":12.0,"key":"Eternal Feather"},{"floor":19.0,"key":"Akabeko"},{"floor":24.0,"key":"Orichalcum"},{"floor":26.0,"key":"Oddly Smooth Stone"},{"floor":40.0,"key":"Gremlin Horn"},{"floor":45.0,"key":"TungstenRod"},{"floor":48.0,"key":"Regal Pillow"},{"floor":54,"key":"Bottled Lightning"}],"event_choices":[{"damage_healed":0.0,"max_hp_gain":0.0,"max_hp_loss":0.0,"gold_gain":0.0,"event_name":"The Woman in Blue","player_choice":"Bought 0 Potions","floor":14.0,"gold_loss":0.0,"damage_taken":0.0},{"damage_healed":0.0,"max_hp_gain":0.0,"max_hp_loss":0.0,"gold_gain":0.0,"event_name":"Addict","player_choice":"Obtained Relic","floor":20.0,"gold_loss":85.0,"damage_taken":0.0,"relics_obtained":["Strawberry"]},{"damage_healed":0.0,"max_hp_gain":0.0,"max_hp_loss":41.0,"gold_gain":0.0,"event_name":"Ghosts","player_choice":"Became a Ghost","floor":29.0,"gold_loss":0.0,"damage_taken":0.0,"cards_obtained":["Ghostly","Ghostly","Ghostly","Ghostly","Ghostly"]},{"damage_healed":0.0,"max_hp_gain":0.0,"max_hp_loss":0.0,"gold_gain":0.0,"event_name":"SensoryStone","player_choice":"Memory 3","floor":36.0,"gold_loss":0.0,"damage_taken":10.0},{"damage_healed":0.0,"max_hp_gain":0.0,"max_hp_loss":0.0,"gold_gain":0.0,"event_name":"Match and Keep!","player_choice":"1 cards matched","floor":39.0,"gold_loss":0.0,"damage_taken":0.0,"cards_obtained":["Loop"]},{"damage_healed":0.0,"max_hp_gain":0.0,"max_hp_loss":0.0,"gold_gain":0.0,"event_name":"MindBloom","player_choice":"Fight","floor":45.0,"gold_loss":0.0,"damage_taken":0.0},{"cards_removed":["Strike_B"],"damage_healed":0.0,"max_hp_gain":0.0,"max_hp_loss":0.0,"gold_gain":0.0,"event_name":"Falling","player_choice":"Removed Attack","floor":46.0,"gold_loss":0.0,"damage_taken":0.0}],"is_beta":true,"boss_relics":[{"not_picked":["FrozenCore","Busted Crown"],"picked":"Coffee Dripper"},{"not_picked":["Empty Cage","Black Star"],"picked":"SacredBark"}],"items_purged_floors":[11,53],"is_endless":false,"potions_floor_spawned":[2,3,4,7,10,12,13,16,18,22,24,25,27,31,33,35,37,40,41,44,45,47,48,54],"ascension_level":12}}