{"host":"3y2rtlgteqp2nuo3","time":1613908660,"event":{"mods":["2.2 Compatiblity","AchievementEnabler","BaseMod","Colored Map","DeckTracker","Highlight Path","Keyboard Shortcuts","Minty Spire (QoL Compilation)","Permanent Neow","Quick Restart","StSLib","SuperFastMode","everything is the same but u backflip on backflip"],"gold_per_floor":[113,129,139,64,79,111,111,129,155,155,166,66,66,101,101,178,178,198,158,158,72,86,86,111,19,19,19,19,19],"floor_reached":28,"language":"KOR","playtime":495,"items_purged":["Strike_P","Strike_P"],"score":476,"play_id":"4ebbc9bb-f65d-4b1c-9cc2-797546035beb","local_time":"20210221205740","is_ascension_mode":true,"campfire_choices":[{"data":"ForeignInfluence","floor":7.0,"key":"SMITH"},{"floor":10.0,"key":"REST"},{"floor":13.0,"key":"REST"},{"data":"PathToVictory","floor":15.0,"key":"SMITH"},{"floor":23.0,"key":"REST"},{"floor":27.0,"key":"REST"}],"circlet_count":0,"master_deck":["AscendersBane","Defend_P","Defend_P","Defend_P","Eruption","Vigilance","Prostrate","PathToVictory+1","BowlingBash","ForeignInfluence+1","Devotion","DeusExMachina","ForeignInfluence","PathToVictory","Impatience"],"relics":["PureWater","Pear","Omamori","Empty Cage","Bronze Scales","Gremlin Horn"],"acts_visited":["Exordium","TheCity"],"potions_floor_usage":[],"damage_taken":[{"damage":6.0,"enemies":"Jaw Worm","floor":1.0,"turns":6.0},{"damage":0.0,"enemies":"Cultist","floor":2.0,"turns":4.0},{"damage":11.0,"enemies":"Small Slimes","floor":3.0,"turns":3.0},{"damage":2.0,"enemies":"3 Louse","floor":5.0,"turns":2.0},{"damage":18.0,"enemies":"3 Sentries","floor":6.0,"turns":3.0},{"damage":25.0,"enemies":"Exordium Thugs","floor":8.0,"turns":4.0},{"damage":19.0,"enemies":"Blue Slaver","floor":11.0,"turns":4.0},{"damage":9.0,"enemies":"Large Slime","floor":14.0,"turns":3.0},{"damage":20.0,"enemies":"The Guardian","floor":16.0,"turns":7.0},{"damage":23.0,"enemies":"Shell Parasite","floor":18.0,"turns":5.0},{"damage":25.0,"enemies":"2 Thieves","floor":22.0,"turns":3.0},{"damage":25.0,"enemies":"Slavers","floor":24.0,"turns":5.0},{"damage":34,"enemies":"Book of Stabbing","floor":28,"turns":3}],"seed_played":"-6721918224134112427","potions_obtained":[{"floor":3.0,"key":"GamblersBrew"},{"floor":5.0,"key":"SkillPotion"},{"floor":8.0,"key":"SkillPotion"},{"floor":18.0,"key":"Strength Potion"},{"floor":19.0,"key":"Ambrosia"}],"is_trial":false,"path_per_floor":["M","M","M","$","M","E","R","M","T","R","M","$","R","M","R","B",null,"M","?","$","$","M","R","E","$","T","R","E"],"character_chosen":"WATCHER","items_purchased":["ForeignInfluence","Impatience"],"campfire_rested":4,"item_purchase_floors":[21,25],"current_hp_per_floor":[55,55,44,44,42,34,34,9,9,32,13,13,36,27,27,7,60,37,37,37,37,12,35,10,10,10,33,0,0],"gold":19,"neow_bonus":"REMOVE_CARD","is_daily":false,"chose_seed":false,"campfire_upgraded":2,"win_rate":0.0,"timestamp":1613908660,"path_taken":["M","M","M","$","M","E","R","M","T","R","M","$","R","M","R","BOSS","M","?","?","$","M","R","E","$","T","R","E"],"items_purchased_type":["Card","Card"],"build_version":"2020-12-22","purchased_purges":2,"victory":false,"max_hp_per_floor":[68,68,68,68,68,78,78,78,78,78,78,78,78,78,78,78,78,78,78,78,78,78,78,78,78,78,78,78,78],"card_choices":[{"not_picked":["SashWhip","Protect"],"picked":"Prostrate","floor":1.0},{"not_picked":["BowlingBash","Omniscience"],"picked":"PathToVictory","floor":2.0},{"not_picked":["SashWhip","CutThroughFate"],"picked":"BowlingBash","floor":3.0},{"not_picked":["Nirvana","SashWhip"],"picked":"ForeignInfluence","floor":5.0},{"not_picked":["SashWhip","Perseverance"],"picked":"Devotion","floor":6.0},{"not_picked":["Perseverance","BowlingBash","FlurryOfBlows"],"picked":"SKIP","floor":8.0},{"not_picked":["EmptyFist","ClearTheMind","Study"],"picked":"SKIP","floor":11.0},{"not_picked":["Swivel","Protect","ClearTheMind"],"picked":"SKIP","floor":14.0},{"not_picked":["LessonLearned","ConjureBlade"],"picked":"DeusExMachina","floor":16.0},{"not_picked":["FlurryOfBlows","Perseverance","Halt"],"picked":"SKIP","floor":18.0},{"not_picked":["DeceiveReality","WaveOfTheHand","Crescendo"],"picked":"SKIP","floor":22.0},{"not_picked":["WaveOfTheHand+1","Vengeance"],"picked":"PathToVictory","floor":24.0}],"player_experience":792162,"relics_obtained":[{"floor":6.0,"key":"Pear"},{"floor":9.0,"key":"Omamori"},{"floor":24.0,"key":"Bronze Scales"},{"floor":26.0,"key":"Gremlin Horn"}],"event_choices":[{"damage_healed":0.0,"max_hp_gain":0.0,"max_hp_loss":0.0,"gold_gain":0.0,"event_name":"The Woman in Blue","player_choice":"Bought 3 Potions","floor":19.0,"gold_loss":0.0,"damage_taken":0.0}],"is_beta":false,"boss_relics":[{"not_picked":["Coffee Dripper","Busted Crown"],"picked":"Empty Cage"}],"items_purged_floors":[4,12],"is_endless":false,"potions_floor_spawned":[3,5,8,11,14,18],"killed_by":"Book of Stabbing","ascension_level":20}}