{"host":"as7albp2mcgkylj3","time":1613918656,"event":{"mods":["2.2 Compatiblity","AchievementEnabler","BaseMod","Colored Map","DeckTracker","Googly Eyes","Highlight Path","Minty Spire (QoL Compilation)","StSLib","SuperFastMode"],"gold_per_floor":[114,114,189,67,86,86,98,98,98,98,98,114,133,133,133,235,235,235],"floor_reached":17,"language":"ITA","playtime":196,"items_purged":["Eruption"],"score":145,"play_id":"bf94e1b1-fa47-4b5c-8233-6c6e8509af8f","local_time":"20210221154416","is_ascension_mode":false,"campfire_choices":[{"data":"PathToVictory","floor":6,"key":"SMITH"},{"data":"Consecrate","floor":8,"key":"SMITH"},{"data":"Strike_P","floor":10,"key":"SMITH"},{"data":"Strike_P","floor":15,"key":"SMITH"}],"circlet_count":0,"master_deck":["Strike_P+1","Strike_P+1","Strike_P","Defend_P","Defend_P","Defend_P","Vigilance","Consecrate+1","PathToVictory+1","DeusExMachina"],"relics":["PureWater","StrikeDummy","VioletLotus"],"acts_visited":["Exordium","TheCity"],"potions_floor_usage":[],"damage_taken":[{"damage":0,"enemies":"Small Slimes","floor":1,"turns":2},{"damage":1,"enemies":"Jaw Worm","floor":5,"turns":4},{"damage":1,"enemies":"Cultist","floor":7,"turns":3},{"damage":0,"enemies":"Exordium Wildlife","floor":12,"turns":2},{"damage":1,"enemies":"Large Slime","floor":13,"turns":2},{"damage":42,"enemies":"Hexaghost","floor":16,"turns":7}],"seed_played":"5623722035879697313","potions_obtained":[{"floor":5,"key":"Regen Potion"},{"floor":7,"key":"AttackPotion"},{"floor":13,"key":"EssenceOfSteel"}],"is_trial":false,"path_per_floor":["M","?","?","$","M","R","M","R","T","R","?","M","M","?","R","B",null],"character_chosen":"WATCHER","items_purchased":["PathToVictory"],"campfire_rested":0,"item_purchase_floors":[4],"current_hp_per_floor":[72,72,61,61,60,60,59,59,59,59,72,72,71,71,71,29,72,72],"gold":235,"neow_bonus":"REMOVE_CARD","is_daily":false,"chose_seed":false,"campfire_upgraded":4,"win_rate":0.0,"timestamp":1613918656,"path_taken":["M","?","?","?","M","R","?","R","T","R","?","M","M","?","R","BOSS"],"items_purchased_type":["Card"],"build_version":"2020-12-22","purchased_purges":1,"victory":false,"max_hp_per_floor":[72,72,72,72,72,72,72,72,72,72,72,72,72,72,72,72,72,72],"card_choices":[{"not_picked":["MentalFortress","CrushJoints"],"picked":"Consecrate","floor":1},{"not_picked":["FlyingSleeves","Crescendo","FollowUp"],"picked":"SKIP","floor":5},{"not_picked":["Consecrate","Protect","EmptyFist"],"picked":"SKIP","floor":7},{"not_picked":["FlyingSleeves","FlurryOfBlows","Study"],"picked":"SKIP","floor":12},{"not_picked":["Crescendo","Halt","CrushJoints"],"picked":"SKIP","floor":13},{"not_picked":["Brilliance","DevaForm"],"picked":"DeusExMachina","floor":16}],"player_experience":481992,"relics_obtained":[{"floor":9,"key":"StrikeDummy"}],"event_choices":[{"cards_removed":["Strike_P"],"damage_healed":0,"gold_gain":0,"player_choice":"Forget","damage_taken":0,"max_hp_gain":0,"max_hp_loss":0,"event_name":"Living Wall","floor":2,"gold_loss":0},{"damage_healed":0,"gold_gain":75,"player_choice":"Gather Gold","damage_taken":11,"max_hp_gain":0,"max_hp_loss":0,"event_name":"World of Goop","floor":3,"gold_loss":0},{"damage_healed":24,"gold_gain":0,"player_choice":"Banana","damage_taken":0,"max_hp_gain":0,"max_hp_loss":0,"event_name":"Big Fish","floor":11,"gold_loss":0},{"damage_healed":0,"gold_gain":0,"player_choice":"Ignored","damage_taken":0,"max_hp_gain":0,"max_hp_loss":0,"event_name":"Liars Game","floor":14,"gold_loss":0}],"is_beta":false,"boss_relics":[{"not_picked":["Philosopher\u0027s Stone","Snecko Eye"],"picked":"VioletLotus"}],"items_purged_floors":[4],"is_endless":false,"potions_floor_spawned":[5,7,13],"ascension_level":0}}