{"host":"k5dhp0bkccqfauyu","time":1613907608,"event":{"mods":["BaseMod","Better Note","Better Skull","Better Vampires","Colored Map","Colored Powertips","DeckTracker","Minty Spire (QoL Compilation)","Permanent Neow","StSLib","SuperFastMode"],"gold_per_floor":[117,117,131,143,143,143,168,168,168,201,201,201,235,247,247,351,351,369,369,0,11,11,44,44,75,100,100,175,188,222,222,222,326,326,338,338,338,358,23,56,56,90,90,124,136,136,175,194,194,194,194,194,68,103,103],"floor_reached":56,"language":"ENG","playtime":1752,"items_purged":["Strike_B+1","Strike_B+1"],"score":1646,"play_id":"e56eb709-77e2-4104-9875-3ebfecd0f22b","local_time":"20210221224008","is_ascension_mode":true,"campfire_choices":[{"data":"Defragment","floor":6,"key":"SMITH"},{"data":"Static Discharge","floor":8,"key":"SMITH"},{"floor":12,"key":"REST"},{"data":"Consume","floor":15,"key":"SMITH"},{"data":"Storm","floor":24,"key":"SMITH"},{"floor":27,"key":"REST"},{"floor":32,"key":"REST"},{"data":"Fission","floor":41,"key":"SMITH"},{"floor":46,"key":"RECALL"},{"data":"Rainbow","floor":49,"key":"SMITH"},{"data":"Heatsinks","floor":52,"key":"SMITH"}],"circlet_count":0,"master_deck":["Strike_B+1","Strike_B+1","Defend_B+1","Defend_B+1","Defend_B+1","Defend_B+1","Zap","Dualcast","Static Discharge+1","Defragment+1","Hologram","Force Field","Biased Cognition","Consume+1","Undo","Echo Form","Coolheaded","Heatsinks+1","Storm+1","Heatsinks","Dark Shackles","Rainbow+1","Coolheaded","White Noise","Capacitor","Chaos+1","Fission+1","Conserve Battery+1","Chill+1","Redo+1","Ball Lightning+1","Glacier+1","Hologram+1","Glacier","Discovery","Reinforced Body","Static Discharge","Coolheaded+1"],"relics":["Black Star","Symbiotic Virus","Potion Belt","PreservedInsect","War Paint","Oddly Smooth Stone","Bronze Scales","Dream Catcher","Lantern","Runic Dome","Pen Nib","Runic Capacitor","Bag of Preparation","Smiling Mask","Nunchaku","Molten Egg 2","Boot","Juzu Bracelet","Orichalcum","Omamori","Philosopher\u0027s Stone","Membership Card","Anchor","Whetstone","Bottled Lightning","CeramicFish","Toy Ornithopter","Mango","DataDisk","Bag of Marbles","Ancient Tea Set","Strawberry","Eternal Feather"],"acts_visited":["Exordium","TheCity","TheBeyond","TheEnding"],"potions_floor_usage":[7,10,18,40,55,55,55,55,55,55,55,55,55],"damage_taken":[{"damage":10,"enemies":"Small Slimes","floor":1,"turns":3},{"damage":3,"enemies":"Jaw Worm","floor":3,"turns":3},{"damage":0,"enemies":"Cultist","floor":4,"turns":4},{"damage":6,"enemies":"Gremlin Nob","floor":7,"turns":3},{"damage":18,"enemies":"Lagavulin","floor":10,"turns":4},{"damage":6,"enemies":"Gremlin Nob","floor":13,"turns":3},{"damage":1,"enemies":"Looter","floor":14,"turns":3},{"damage":5,"enemies":"Hexaghost","floor":16,"turns":9},{"damage":18,"enemies":"2 Thieves","floor":18,"turns":3},{"damage":4,"enemies":"Spheric Guardian","floor":21,"turns":4},{"damage":3,"enemies":"Book of Stabbing","floor":23,"turns":4},{"damage":14,"enemies":"Gremlin Leader","floor":25,"turns":4},{"damage":3,"enemies":"Chosen and Byrds","floor":29,"turns":3},{"damage":27,"enemies":"Slavers","floor":30,"turns":3},{"damage":0,"enemies":"Automaton","floor":33,"turns":6},{"damage":0,"enemies":"3 Darklings","floor":35,"turns":6},{"damage":0,"enemies":"Orb Walker","floor":38,"turns":2},{"damage":0,"enemies":"Nemesis","floor":40,"turns":5},{"damage":0,"enemies":"Giant Head","floor":42,"turns":4},{"damage":0,"enemies":"Reptomancer","floor":44,"turns":4},{"damage":0,"enemies":"4 Shapes","floor":45,"turns":3},{"damage":0,"enemies":"Nemesis","floor":47,"turns":3},{"damage":0,"enemies":"Maw","floor":48,"turns":5},{"damage":6,"enemies":"Time Eater","floor":50,"turns":5},{"damage":0,"enemies":"Shield and Spear","floor":54,"turns":5},{"damage":42,"enemies":"The Heart","floor":55,"turns":7}],"seed_played":"-698426959127474323","potions_obtained":[{"floor":4,"key":"Strength Potion"},{"floor":7,"key":"AttackPotion"},{"floor":10,"key":"Fire Potion"},{"floor":16,"key":"Weak Potion"},{"floor":21,"key":"GamblersBrew"},{"floor":30,"key":"FocusPotion"},{"floor":35,"key":"Energy Potion"},{"floor":38,"key":"Block Potion"},{"floor":42,"key":"SkillPotion"}],"is_trial":false,"path_per_floor":["M","?","M","M","?","R","E","R","T","E","?","R","E","M","R","B",null,"M","?","$","M","?","E","R","E","T","R","?","M","E","?","R","B",null,"M","?","?","M","$","E","R","E","T","E","M","R","E","M","R","B",null,"R","$","E","B",null],"character_chosen":"DEFECT","items_purchased":["Runic Capacitor","Bag of Preparation","Heatsinks","Membership Card","Anchor","EntropicBrew","Discovery","Reinforced Body","Static Discharge"],"campfire_rested":3,"item_purchase_floors":[20,20,20,39,39,39,53,53,53],"current_hp_per_floor":[65,32,29,29,29,29,23,23,23,5,5,27,21,20,20,15,75,57,57,57,53,53,50,50,36,36,58,51,48,21,21,43,43,75,75,75,75,75,75,75,75,75,75,89,89,89,89,89,89,83,89,89,89,96,71],"gold":103,"neow_bonus":"BOSS_RELIC","is_daily":false,"chose_seed":false,"campfire_upgraded":7,"win_rate":0.0,"timestamp":1613907608,"path_taken":["M","?","M","M","?","R","E","R","T","E","?","R","E","?","R","BOSS","M","?","$","M","?","E","R","E","T","R","?","M","E","?","R","BOSS","M","?","?","M","$","E","R","E","T","E","M","R","E","M","R","BOSS","R","$","E","BOSS"],"items_purchased_type":["Relic","Relic","Card","Relic","Relic","Potion","Card","Card","Card"],"build_version":"2020-12-22","purchased_purges":2,"victory":true,"max_hp_per_floor":[75,75,75,75,75,75,75,75,75,75,75,75,75,75,75,75,75,75,75,75,75,75,75,75,75,75,75,75,75,75,75,75,75,75,75,75,75,75,75,75,75,75,75,89,89,89,89,89,89,89,89,89,89,96,96],"card_choices":[{"not_picked":["Go for the Eyes","Scrape"],"picked":"Static Discharge","floor":1},{"not_picked":["Blizzard","Double Energy"],"picked":"Defragment","floor":3},{"not_picked":["Chaos","Gash"],"picked":"Hologram","floor":4},{"not_picked":["Stack","Redo"],"picked":"Force Field","floor":7},{"not_picked":["Conserve Battery","Barrage"],"picked":"Biased Cognition","floor":10},{"not_picked":["Hologram","Chill"],"picked":"Consume","floor":13},{"not_picked":["Sweeping Beam","Doom and Gloom"],"picked":"Undo","floor":14},{"not_picked":["Hyperbeam","Thunder Strike"],"picked":"Echo Form","floor":16},{"not_picked":["Blizzard","Conserve Battery"],"picked":"Coolheaded","floor":18},{"not_picked":["Compile Driver","Darkness"],"picked":"Storm","floor":21},{"not_picked":["Go for the Eyes","Barrage"],"picked":"Rainbow","floor":23},{"not_picked":["Leap","Steam"],"picked":"Coolheaded","floor":25},{"not_picked":["Cold Snap+1","Redo"],"picked":"White Noise","floor":27},{"not_picked":["Sweeping Beam+1","Turbo"],"picked":"Capacitor","floor":29},{"not_picked":["Beam Cell+1","Streamline+1","Chaos"],"picked":"SKIP","floor":30},{"not_picked":["Streamline+1","Double Energy"],"picked":"Chaos+1","floor":32},{"not_picked":["Biased Cognition","Machine Learning"],"picked":"Fission","floor":33},{"not_picked":["Ball Lightning+1","Rebound+1"],"picked":"Conserve Battery+1","floor":35},{"not_picked":["Coolheaded","Chaos"],"picked":"Chill+1","floor":38},{"not_picked":["Go for the Eyes+1","Rebound+1"],"picked":"Redo+1","floor":40},{"not_picked":["Redo","Compile Driver+1"],"picked":"Ball Lightning+1","floor":42},{"not_picked":["Steam Power","Redo"],"picked":"Glacier+1","floor":44},{"not_picked":["Melter+1","Streamline+1","Consume+1"],"picked":"SKIP","floor":45},{"not_picked":["Reboot","Go for the Eyes+1"],"picked":"Hologram+1","floor":47},{"not_picked":["Coolheaded+1","Stack"],"picked":"Glacier","floor":48},{"not_picked":["Redo","Fission"],"picked":"Coolheaded+1","floor":54}],"player_experience":1881065,"relics_obtained":[{"floor":7,"key":"Potion Belt"},{"floor":7,"key":"PreservedInsect"},{"floor":9,"key":"War Paint"},{"floor":10,"key":"Oddly Smooth Stone"},{"floor":10,"key":"Bronze Scales"},{"floor":13,"key":"Dream Catcher"},{"floor":13,"key":"Lantern"},{"floor":23,"key":"Smiling Mask"},{"floor":23,"key":"Nunchaku"},{"floor":25,"key":"Molten Egg 2"},{"floor":25,"key":"Boot"},{"floor":26,"key":"Juzu Bracelet"},{"floor":30,"key":"Orichalcum"},{"floor":30,"key":"Omamori"},{"floor":40,"key":"Whetstone"},{"floor":40,"key":"Bottled Lightning"},{"floor":42,"key":"CeramicFish"},{"floor":42,"key":"Toy Ornithopter"},{"floor":44,"key":"Mango"},{"floor":44,"key":"DataDisk"},{"floor":47,"key":"Bag of Marbles"},{"floor":47,"key":"Ancient Tea Set"},{"floor":54,"key":"Strawberry"},{"floor":54,"key":"Eternal Feather"}],"event_choices":[{"damage_healed":0,"gold_gain":0,"player_choice":"Success","damage_taken":33,"relics_obtained":["Symbiotic Virus"],"max_hp_gain":0,"max_hp_loss":0,"event_name":"Scrap Ooze","floor":2,"gold_loss":0},{"damage_healed":0,"gold_gain":0,"player_choice":"Ignored","damage_taken":0,"max_hp_gain":0,"max_hp_loss":0,"event_name":"Liars Game","floor":5,"gold_loss":0},{"damage_healed":0,"gold_gain":0,"player_choice":"0 cards matched","damage_taken":0,"max_hp_gain":0,"max_hp_loss":0,"event_name":"Match and Keep!","floor":11,"gold_loss":0,"cards_obtained":[]},{"damage_healed":0,"gold_gain":0,"player_choice":"Gave Potion","damage_taken":0,"relics_obtained":["Pen Nib"],"max_hp_gain":0,"max_hp_loss":0,"event_name":"WeMeetAgain","floor":19,"gold_loss":0},{"damage_healed":0,"gold_gain":0,"player_choice":"2 cards matched","damage_taken":0,"max_hp_gain":0,"max_hp_loss":0,"event_name":"Match and Keep!","floor":22,"gold_loss":0,"cards_obtained":["Heatsinks","Dark Shackles"]},{"damage_healed":0,"gold_gain":75,"player_choice":"Touch","damage_taken":7,"max_hp_gain":0,"max_hp_loss":0,"event_name":"FaceTrader","floor":28,"gold_loss":0},{"damage_healed":0,"gold_gain":0,"player_choice":"Simplicity","damage_taken":0,"max_hp_gain":0,"max_hp_loss":0,"event_name":"Back to Basics","floor":31,"gold_loss":0,"cards_upgraded":["Strike_B","Strike_B","Strike_B","Strike_B","Defend_B","Defend_B"]},{"damage_healed":0,"gold_gain":0,"player_choice":"Ignored","damage_taken":0,"max_hp_gain":0,"max_hp_loss":0,"event_name":"SecretPortal","floor":36,"gold_loss":0},{"damage_healed":0,"gold_gain":0,"player_choice":"Ignored","damage_taken":0,"max_hp_gain":0,"max_hp_loss":0,"event_name":"Tomb of Lord Red Mask","floor":37,"gold_loss":0}],"is_beta":false,"boss_relics":[{"not_picked":["Tiny House","Ectoplasm"],"picked":"Runic Dome"},{"not_picked":["Cursed Key","Sozu"],"picked":"Philosopher\u0027s Stone"}],"items_purged_floors":[39,53],"is_endless":false,"potions_floor_spawned":[4,7,10,16,21,30,35,38,42,45],"ascension_level":1}}