{"host":"h8qp9f7fc8z1autn","time":1613939338,"event":{"mods":["AchievementEnabler","BaseMod","Beaked The Cultist","Energized Spire","Friendly Minions","Hermit","Infinite Spire","Marisa????????","Minty Spire (QoL Compilation)","StSLib","The Animator","The Bug Knight","The Construct","The Cursed","The Saiyan"],"gold_per_floor":[110,125,142,161,176,209,221,221,221,238,253,253,253,283,283,283,283],"floor_reached":16,"language":"ENG","playtime":886,"items_purged":[],"score":106,"play_id":"7d9db180-871b-48bb-9a4e-ec17f7036749","local_time":"20210221142858","is_ascension_mode":false,"campfire_choices":[{"floor":13,"key":"REST"},{"data":"TheCursedMod:TroublousMinions","floor":15,"key":"SMITH"}],"circlet_count":0,"master_deck":["TheCursedMod:Strike_TheCursed","TheCursedMod:Strike_TheCursed","TheCursedMod:Strike_TheCursed","TheCursedMod:Strike_TheCursed","TheCursedMod:Defend_TheCursed","TheCursedMod:Defend_TheCursed","TheCursedMod:Defend_TheCursed","TheCursedMod:Defend_TheCursed","TheCursedMod:CursedWand","TheCursedMod:CleanUpWorkshop","TheCursedMod:Dregs","TheCursedMod:TacticalStrike","TheCursedMod:SaltUponWound","TheCursedMod:AbyssShockwave","TheCursedMod:HellfireBreathing","TheCursedMod:SpreadPlague","TheCursedMod:Torture","TheCursedMod:CircleOfWindfury","TheCursedMod:TroublousMinions+1","TheCursedMod:WearCloak","Injury"],"relics":["HollowMod:VesselMask","Meat on the Bone","infinitespire:Cubic Diamond","Golden Idol","PreservedInsect"],"acts_visited":["Exordium"],"potions_floor_usage":[6,11,11],"damage_taken":[{"damage":4,"enemies":"Jaw Worm","floor":1,"turns":6},{"damage":0,"enemies":"Small Slimes","floor":2,"turns":3},{"damage":2,"enemies":"Cultist","floor":3,"turns":3},{"damage":14,"enemies":"Blue Slaver","floor":4,"turns":3},{"damage":9,"enemies":"Exordium Wildlife","floor":5,"turns":3},{"damage":30,"enemies":"Gremlin Nob","floor":6,"turns":4},{"damage":14,"enemies":"3 Louse","floor":7,"turns":3},{"damage":15,"enemies":"Looter","floor":10,"turns":3},{"damage":15,"enemies":"Exordium Thugs","floor":11,"turns":2},{"damage":41,"enemies":"The Guardian","floor":16,"turns":6}],"seed_played":"-2719214825961608948","potions_obtained":[{"floor":2,"key":"AttackPotion"},{"floor":5,"key":"ColorlessPotion"},{"floor":6,"key":"Explosive Potion"}],"is_trial":false,"path_per_floor":["M","M","M","M","M","E","M","?","T","M","M","?","R","?","R","B"],"character_chosen":"THE_CURSED","items_purchased":[],"campfire_rested":1,"item_purchase_floors":[],"current_hp_per_floor":[78,78,76,62,53,23,21,21,21,18,15,15,39,39,39,0,0],"gold":283,"neow_bonus":"TEN_PERCENT_HP_BONUS","is_daily":false,"chose_seed":false,"campfire_upgraded":1,"win_rate":0.0,"timestamp":1613939338,"path_taken":["M","M","M","M","M","E","M","?","T","M","M","?","R","?","R","BOSS"],"items_purchased_type":[],"build_version":"2020-12-22","purchased_purges":0,"victory":false,"max_hp_per_floor":[82,82,82,82,82,82,82,82,82,82,82,82,82,82,82,82,82],"card_choices":[{"not_picked":["TheCursedMod:Stretching","TheCursedMod:CursedShiv"],"picked":"TheCursedMod:TacticalStrike","floor":1},{"not_picked":["TheCursedMod:BloodBarrier","TheCursedMod:Obscuration"],"picked":"TheCursedMod:SaltUponWound","floor":2},{"not_picked":["TheCursedMod:FleshFromBone","TheCursedMod:CursedShiv"],"picked":"TheCursedMod:AbyssShockwave","floor":3},{"not_picked":["TheCursedMod:VitalStrike","TheCursedMod:CursedArmor"],"picked":"TheCursedMod:HellfireBreathing","floor":4},{"not_picked":["TheCursedMod:CursedStaff","TheCursedMod:SpitefulStrike"],"picked":"TheCursedMod:SpreadPlague","floor":5},{"not_picked":["TheCursedMod:CursedMace","TheCursedMod:Wield"],"picked":"TheCursedMod:Torture","floor":6},{"not_picked":["TheCursedMod:SoulCrush","TheCursedMod:CursedShiv"],"picked":"TheCursedMod:CircleOfWindfury","floor":7},{"not_picked":["TheCursedMod:CircleOfCorruption","TheCursedMod:CircleOfWindfury"],"picked":"TheCursedMod:TroublousMinions","floor":10},{"not_picked":["TheCursedMod:TroublousMinions","TheCursedMod:AbyssShockwave"],"picked":"TheCursedMod:WearCloak","floor":11}],"player_experience":394226,"relics_obtained":[{"floor":6,"key":"Meat on the Bone"}],"event_choices":[{"damage_healed":0,"gold_gain":0,"player_choice":"Take Wound","damage_taken":0,"relics_obtained":["Golden Idol"],"max_hp_gain":0,"max_hp_loss":0,"event_name":"Golden Idol","floor":12,"gold_loss":0,"cards_obtained":["Injury"]},{"damage_healed":0,"gold_gain":30,"player_choice":"Searched \u00272\u0027 times","damage_taken":0,"relics_obtained":["PreservedInsect"],"max_hp_gain":0,"max_hp_loss":0,"event_name":"Dead Adventurer","floor":14,"gold_loss":0}],"is_beta":false,"boss_relics":[],"items_purged_floors":[],"is_endless":false,"potions_floor_spawned":[2,5,6],"killed_by":"The Guardian","ascension_level":0}}