{"host":"q57ekfojy3i00x9o","time":1613931749,"event":{"mods":["Act Like it!","Arknights","Aspiration","BaseMod","Colored Map","Energized Spire","Hermit","Minty Spire (QoL Compilation)","Quick Restart","Ruina","Spicy Shops","Spikes Relics","StSLib","slay the spire mod where everything is the same but ironclad has a cowboy hat"],"gold_per_floor":[110,0,20,32,42,42,76,90,90,103,103,103,180,200,200,275,275,295,311,311,321,321,321,321,321],"floor_reached":24,"language":"RUS","playtime":642,"items_purged":[],"score":360,"play_id":"fd05bded-ee66-4190-9011-570cd1b9ee3b","local_time":"20210221232229","is_ascension_mode":true,"campfire_choices":[{"floor":6,"key":"REST"},{"floor":12,"key":"REST"},{"floor":15,"key":"REST"},{"floor":23,"key":"REST"}],"circlet_count":0,"master_deck":["AscendersBane","ats:Strike C+1","ats:Strike G+1","ats:Strike S","ats:Armor Crushing Shot","ats:Defend","ats:Defend","ats:Defend","ats:Defend","ats:Emotion Absorption","ats:Mental Burst","ats:Thermite Blade","ats:Thermite Blade","ats:Blood Oath","ats:Leaping Hammer","ats:Healing Drone","ats:Part Time Job","ats:Powerful Strike","ats:Consecutive Shot Auto","ats:Soul Rend","ats:Serious Mode","ats:Counter Healing Mode"],"relics":["ats:Sanity","Whetstone","ats:Originium","ats:Lavender","MiniBlackHole","Busted Crown"],"acts_visited":["Exordium","ruina:Briah"],"potions_floor_usage":[10,14,16,18,24],"damage_taken":[{"damage":8,"enemies":"ats:Genji","floor":1,"turns":3},{"damage":9,"enemies":"Jaw Worm","floor":3,"turns":3},{"damage":0,"enemies":"2 Louse","floor":4,"turns":2},{"damage":25,"enemies":"Lots of Slimes","floor":5,"turns":4},{"damage":35,"enemies":"Lagavulin","floor":7,"turns":5},{"damage":8,"enemies":"3 Louse","floor":8,"turns":2},{"damage":13,"enemies":"Large Slime","floor":10,"turns":4},{"damage":22,"enemies":"Exordium Thugs","floor":14,"turns":4},{"damage":90,"enemies":"The Guardian","floor":16,"turns":11},{"damage":38,"enemies":"ruina:3_Bats","floor":18,"turns":5},{"damage":17,"enemies":"ruina:BadWolf","floor":19,"turns":2},{"damage":54,"enemies":"ruina:KingOfGreed","floor":21,"turns":6},{"damage":51,"enemies":"ruina:Woodsman","floor":24,"turns":3}],"seed_played":"-8989895796871460242","potions_obtained":[{"floor":3,"key":"Dexterity Potion"},{"floor":8,"key":"FearPotion"},{"floor":10,"key":"PowerPotion"},{"floor":16,"key":"Block Potion"},{"floor":21,"key":"AttackPotion"}],"is_trial":false,"path_per_floor":["M","$","M","M","M","R","E","M","T","M","?","R","?","M","R","B",null,"M","M","?","M","?","R","M"],"character_chosen":"DOCTOR_CLASS","items_purchased":["ats:Thermite Blade"],"campfire_rested":4,"item_purchase_floors":[2],"current_hp_per_floor":[57,57,48,48,29,50,21,13,13,8,3,24,24,17,38,21,59,46,33,37,13,13,34,0,0],"gold":321,"neow_bonus":"RANDOM_COMMON_RELIC","is_daily":false,"chose_seed":false,"campfire_upgraded":0,"win_rate":0.0,"timestamp":1613931749,"path_taken":["M","$","M","M","M","R","E","?","T","?","?","R","?","M","R","BOSS","M","M","?","?","?","R","M"],"items_purchased_type":["Card"],"build_version":"2020-12-22","purchased_purges":0,"victory":false,"max_hp_per_floor":[72,72,72,72,72,72,72,72,72,72,72,72,72,72,72,72,72,72,72,72,72,72,72,72,72],"card_choices":[{"not_picked":["ats:Hammer On","ats:Beaten Up"],"picked":"ats:Mental Burst","floor":1},{"not_picked":["ats:Leaping Hammer","ats:Apocalypse"],"picked":"ats:Thermite Blade","floor":3},{"not_picked":["ats:Apocalypse","ats:Flame Of Heaven"],"picked":"ats:Blood Oath","floor":4},{"not_picked":["ats:Assault Order","ats:Very Hot Blade"],"picked":"ats:Leaping Hammer","floor":5},{"not_picked":["ats:Sunburst","ats:Flame Of Heaven"],"picked":"ats:Healing Drone","floor":7},{"not_picked":["ats:Support Order","ats:Flame Of Heaven"],"picked":"ats:Part Time Job","floor":8},{"not_picked":["ats:Automatic Cover","ats:Charging Defense"],"picked":"ats:Powerful Strike","floor":10},{"not_picked":["ats:Literary Storm","ats:Powerful Strike"],"picked":"ats:Consecutive Shot Auto","floor":14},{"not_picked":["ats:Roar Of Ursus","ats:Fractured Body"],"picked":"ats:Soul Rend","floor":16},{"not_picked":[],"picked":"ats:Serious Mode","floor":18},{"not_picked":[],"picked":"ats:Counter Healing Mode","floor":19},{"not_picked":["ats:Very Hot Blade"],"picked":"SKIP","floor":21}],"player_experience":781576,"relics_obtained":[{"floor":7,"key":"ats:Originium"},{"floor":9,"key":"ats:Lavender"}],"event_choices":[{"damage_healed":0,"gold_gain":0,"player_choice":"Success","damage_taken":5,"relics_obtained":["MiniBlackHole"],"max_hp_gain":0,"max_hp_loss":0,"event_name":"Scrap Ooze","floor":11,"gold_loss":0},{"damage_healed":0,"gold_gain":77,"player_choice":"Gained Gold","damage_taken":0,"max_hp_gain":0,"max_hp_loss":0,"event_name":"Golden Wing","floor":13,"gold_loss":0}],"is_beta":false,"boss_relics":[{"not_picked":["Empty Cage","energizedSpire:DeadBattery"],"picked":"Busted Crown"}],"items_purged_floors":[],"is_endless":false,"potions_floor_spawned":[3,8,10,16,21],"killed_by":"ruina:Woodsman","ascension_level":16}}