{"host":"glqsg3p5q4u9u1ra","time":1613882845,"event":{"mods":["Act Like it!","Arknights","BaseMod","Better Third Choice","BetterRewards","Colored Map","Downfall","Friendly Minions","GifTheSpireLib","Hallownest","Highlight Path","Infinite Spire","Mimic Mod","Minty Spire (QoL Compilation)","Pale of the Ancients","Reliquary","Replay The Spire","Ruina","Spicy Shops","Spire Birthday Party","StSLib","The Blue Laboratory","The Bug Knight","The Exalted","The Servant 0.9.4","Wandering Minibosses"],"gold_per_floor":[112,125,10,29,29,62,74,5,30,49,49,49,127,152,152,428,428,513,639,75,203,203,203,265,375,402,480,480,554,691,751,751,988,988,1031,1403,1459,30,81,237,237,426,426,30,62,62,132,244,244,409,479,649,649,75,75,130,130],"floor_reached":56,"language":"ENG","playtime":2035,"items_purged":["ats:Strike V","ats:Strike S","Doubt","ats:Strike G"],"score":1081,"play_id":"98bb3da9-99c7-4e69-aa9f-1f985a3394cb","local_time":"20210220204725","is_ascension_mode":true,"campfire_choices":[{"floor":15,"key":"REST"},{"data":"ats:Sashimi Platter","floor":23,"key":"SMITH"},{"data":"ats:Healing Strengthening","floor":32,"key":"SMITH"},{"data":"ReplayTheSpireMod:Brewmster","floor":41,"key":"SMITH"},{"data":"ats:Part Time Job","floor":49,"key":"SMITH"},{"data":"ats:Composite Medical Shells","floor":55,"key":"SMITH"}],"circlet_count":0,"master_deck":["ats:Strike C","ats:Armor Crushing Shot","ats:Defend","ats:Defend","ats:Defend","ats:Defend","ats:Emotion Absorption","ats:Red Shift","ats:Composite Medical Shells+1","ats:Healing Strengthening+1","ats:Overload","ats:Flexible Camouflage","ats:Mental Burst","ats:Thorns","infinitespire:Punishment","ats:Absolute Focus","ats:Apocalypse+1","ats:Sashimi Platter+1","ats:Calcification+1","ats:Sashimi Platter+1","ats:Explosion Area Strengthen","ats:Revitalization+1","ruina:Harvest+1","ats:Song Of Battle+1","ats:Part Time Job+1","ats:Healing Strengthening+1","ats:Apocalypse","ats:Nebulous Foxfire+1","ats:Apocalypse+1","ats:Sashimi Platter","ReplayTheSpireMod:Brewmster+1","ats:Mental Burst","ats:Disruption Kick","ats:Part Time Job+1","ats:Revitalization","Apotheosis+1","Dramatic Entrance"],"relics":["ats:Sanity","NeowsBlessing","ats:Originium","Lantern","ats:Rhine Circuitry","Ancient Tea Set","Replay:Bandana","Replay:Grab Bag","infinitespire:Cupcake","reliquary:KinkedSpring","Bromod:ArcaneGrace","Lee\u0027s Waffle","reliquary:PartyBalloon","reliquary:PrincelyHelmet","infinitespire:Golems Mask","Durian","Black Star","Old Coin","TungstenRod","Guide Book","Bromod:ArcaneTempo","MealTicket","infinitespire:Satchel","Bag of Marbles","Replay:WaspNest","infinitespire:Bottled Soul","Bromod:ArcaneNullifier","reliquary:JackalopeAntler","paleoftheancients:Timepiece","paleoftheancients:KeyRelic","CultistMask","paleoftheancients:SoulOfTheSilent","infinitespire:BottledMercury","Toolbox"],"acts_visited":["Exordium","Exordium","TheBeyond","TheBeyond"],"potions_floor_usage":[6,6,14,18,24,24,30,30,30,36,39,39,39,39,39,39,40,42,42,42,42,42,42,42,42,42,42,45,45,45,48,48,48,50,50,50,50,50,50,50,50,50,50,50,50,51,51,51,52,52,52,52,52,52,52,52,52,52,52,52,52,52,56,56],"damage_taken":[{"damage":0,"enemies":"Cultist","floor":1,"turns":1},{"damage":0,"enemies":"Small Slimes","floor":2,"turns":1},{"damage":0,"enemies":"Jaw Worm","floor":4,"turns":1},{"damage":15,"enemies":"3 Sentries","floor":6,"turns":5},{"damage":20,"enemies":"Exordium Wildlife","floor":7,"turns":4},{"damage":12,"enemies":"Blue Slaver","floor":10,"turns":2},{"damage":9,"enemies":"Lagavulin","floor":14,"turns":5},{"damage":9,"enemies":"Slime Boss","floor":16,"turns":7},{"damage":0,"enemies":"ruina:Nosferatu","floor":18,"turns":2},{"damage":84,"enemies":"ruina:3_Bats","floor":19,"turns":6},{"damage":13,"enemies":"ruina:KnightOfDespair","floor":21,"turns":3},{"damage":8,"enemies":"ruina:QueenOfHate","floor":24,"turns":2},{"damage":30,"enemies":"ruina:ServantOfWrath","floor":27,"turns":4},{"damage":6,"enemies":"ruina:KingOfGreed","floor":29,"turns":4},{"damage":41,"enemies":"ruina:RoadHome","floor":30,"turns":4},{"damage":12,"enemies":"ruina:KnightOfDespair","floor":31,"turns":4},{"damage":156,"enemies":"ruina:Red_and_Wolf","floor":33,"turns":10},{"damage":18,"enemies":"Orb Walker","floor":35,"turns":3},{"damage":54,"enemies":"2 Orb Walkers","floor":36,"turns":5},{"damage":21,"enemies":"3 Shapes","floor":37,"turns":3},{"damage":15,"enemies":"Spire Growth","floor":39,"turns":4},{"damage":56,"enemies":"Nemesis","floor":40,"turns":7},{"damage":55,"enemies":"Giant Head","floor":42,"turns":7},{"damage":0,"enemies":"Jaw Worm Horde","floor":45,"turns":1},{"damage":24,"enemies":"Sphere and 2 Shapes","floor":47,"turns":4},{"damage":48,"enemies":"HollowMod:StalkingDevout","floor":48,"turns":4},{"damage":110,"enemies":"Time Eater","floor":50,"turns":10},{"damage":164,"enemies":"Time Eater","floor":51,"turns":5},{"damage":5,"enemies":"Time Eater","floor":52,"turns":11},{"damage":219,"enemies":"Time Eater","floor":56,"turns":5}],"seed_played":"7747602621911008741","potions_obtained":[{"floor":1,"key":"blueLaboratory:SavagePotion"},{"floor":7,"key":"sneckomod:MuddlingPotion"},{"floor":10,"key":"blueLaboratory:HummingbirdPotion"},{"floor":16,"key":"ats:Burn Big Potion"},{"floor":21,"key":"blueLaboratory:HummingbirdPotion"},{"floor":29,"key":"AttackPotion"},{"floor":30,"key":"Elixir"},{"floor":33,"key":"FearPotion"},{"floor":37,"key":"Regen Potion"},{"floor":40,"key":"blueLaboratory:PyrophylliteBrew"},{"floor":42,"key":"Toxic Potion"},{"floor":47,"key":"Elixir"},{"floor":48,"key":"blueLaboratory:LouseDecoction"}],"is_trial":false,"path_per_floor":["M","M","$","M","$","E","M","$","T","M","?","$","?","E","R","B",null,"M","M","$","M","?","R","M","?","T","E","?","M","E","M","R","B",null,"M","?","M","$","M","E","R","E","T","$","M","?","M","E","R","B","M","M","?","$","R","M"],"character_chosen":"DOCTOR_CLASS","items_purchased":["ats:Healing Strengthening","Strength Potion","ats:Mental Burst","ats:Revitalization","Lee\u0027s Waffle","ruina:Harvest","SkillPotion","ats:Sashimi Platter","TungstenRod","ReplayTheSpireMod:Brewmster","Guide Book","Fire Potion","Bromod:ArcaneTempo","ats:Part Time Job","ats:Revitalization","infinitespire:Bottled Soul","BlessingOfTheForge","infinitespire:BottledMercury","SkillPotion","Toolbox","blueLaboratory:FrostheartPotion"],"campfire_rested":1,"item_purchase_floors":[3,3,8,20,20,20,20,38,38,38,38,38,38,44,44,44,44,54,54,54,54],"current_hp_per_floor":[72,72,72,72,72,57,37,37,37,25,8,8,8,4,25,27,72,72,32,79,66,22,22,40,40,40,39,39,53,67,84,84,40,84,78,84,84,84,84,80,80,84,84,84,84,75,84,53,53,88,88,96,96,96,96,0,0],"gold":130,"neow_bonus":"THREE_ENEMY_KILL","is_daily":false,"chose_seed":false,"campfire_upgraded":5,"win_rate":0.0,"timestamp":1613882845,"path_taken":["M","?","$","M","$","E","?","?","T","?","?","$","?","E","R","BOSS","M","M","$","M","?","R","M","?","T","E","?","M","E","?","R","BOSS","M","?","M","$","M","E","R","E","T","$","M","?","M","E","R","BOSS","M","M","?","$","R","M"],"items_purchased_type":["Card","Potion","Card","Card","Relic","Card","Potion","Card","Relic","Card","Relic","Potion","Relic","Card","Card","Relic","Potion","Relic","Potion","Relic","Potion"],"build_version":"2020-12-22","purchased_purges":4,"victory":false,"max_hp_per_floor":[72,72,72,72,72,72,72,72,72,72,72,72,72,72,72,72,72,72,72,79,79,79,79,79,79,79,79,79,79,84,84,84,84,84,84,84,84,84,84,84,84,84,84,84,84,84,84,88,88,88,88,96,96,96,96,96,96],"card_choices":[{"not_picked":["ats:Closed Bolt Burst Fire","ats:Spore Proliferation"],"picked":"ats:Red Shift","floor":1},{"not_picked":["ats:Powerful Strike","ats:LN2 Cannon"],"picked":"ats:Composite Medical Shells","floor":2},{"not_picked":["ats:Shadow Raid","ats:Assault Order","ats:Collapsing Strike"],"picked":"SKIP","floor":4},{"not_picked":["ats:Hammer On","ats:Support Order"],"picked":"ats:Overload","floor":6},{"not_picked":["ats:Assault Order","ats:Ignite"],"picked":"ats:Flexible Camouflage","floor":7},{"not_picked":["ats:LN2 Cannon","ats:Thermite Blade"],"picked":"ats:Thorns","floor":10},{"not_picked":["ReplayTheSpireMod:Haul","infinitespire:UltimateForm"],"picked":"infinitespire:Punishment","floor":11},{"not_picked":["ats:Spore Proliferation","ats:Composite Medical Shells"],"picked":"ats:Absolute Focus","floor":13},{"not_picked":["ats:Leaping Hammer","ats:Blood Oath"],"picked":"ats:Apocalypse","floor":13},{"not_picked":["ats:Flexible Camouflage","ats:Very Hot Blade"],"picked":"ats:Sashimi Platter","floor":14},{"not_picked":["ats:Wolf Pack","ats:Fractured Body"],"picked":"ats:Calcification","floor":16},{"not_picked":["ats:Blood Oath","ats:Collapsing Strike"],"picked":"ats:Sashimi Platter+1","floor":18},{"not_picked":["ats:Closed Bolt Burst Fire","ats:Poison Spread"],"picked":"ats:Explosion Area Strengthen","floor":19},{"not_picked":["ats:Ignite","ats:Explosion Area Strengthen","ats:Very Hot Blade"],"picked":"SKIP","floor":21},{"not_picked":["ats:Directed Diagnosis","ats:Absolute Focus"],"picked":"ats:Song Of Battle+1","floor":24},{"not_picked":["ats:Very Hot Blade+1","ats:Ignite"],"picked":"ats:Part Time Job+1","floor":27},{"not_picked":["ats:Encircling Forest","ats:Leaping Hammer","ats:Spore Proliferation+1"],"picked":"SKIP","floor":29},{"not_picked":["ats:Soul Absorption","ats:Guardian Obelisk"],"picked":"ats:Healing Strengthening","floor":30},{"not_picked":["ats:Powerful Strike+1","ats:Guardian Obelisk"],"picked":"ats:Apocalypse","floor":31},{"not_picked":["ats:Calcification","ats:Dogmatic Field"],"picked":"ats:Nebulous Foxfire","floor":33},{"not_picked":["ats:Shadow Raid+1","ats:Flexible Camouflage","ats:Consecutive Shot Auto"],"picked":"SKIP","floor":35},{"not_picked":["ats:Ignite","ats:Rapid Magazine+1"],"picked":"ats:Apocalypse+1","floor":37},{"not_picked":["ats:Absolute Focus","ats:Explosion Area Strengthen"],"picked":"ats:Mental Burst","floor":39},{"not_picked":["ats:Blood Oath","ats:Spore Proliferation+1"],"picked":"ats:Disruption Kick","floor":40},{"not_picked":["ats:True Silver Slash","ats:Consecutive Shot Auto+1","ats:Powerful Strike"],"picked":"SKIP","floor":42},{"not_picked":["ats:Guard Mode","ats:Powerful Strike","ats:Defend Order+1"],"picked":"SKIP","floor":45},{"not_picked":["Panacea","Metamorphosis"],"picked":"Apotheosis","floor":46},{"not_picked":["Deep Breath","Panacea"],"picked":"Dramatic Entrance","floor":46},{"not_picked":["ats:Song Of Battle+1","ats:Very Hot Blade+1","ats:Thermite Blade"],"picked":"SKIP","floor":47},{"not_picked":["ats:Hook Shot","ats:Directed Diagnosis","ats:Automatic Cover+1"],"picked":"SKIP","floor":48},{"not_picked":["ats:Guard Mode+1","ats:Hammer On+1","ats:Sunburst"],"picked":"SKIP","floor":52}],"player_experience":1173769,"relics_obtained":[{"floor":6,"key":"ats:Originium"},{"floor":6,"key":"Lantern"},{"floor":9,"key":"ats:Rhine Circuitry"},{"floor":13,"key":"Ancient Tea Set"},{"floor":14,"key":"ats:Originium"},{"floor":14,"key":"Replay:Bandana"},{"floor":26,"key":"reliquary:PartyBalloon"},{"floor":27,"key":"reliquary:PrincelyHelmet"},{"floor":27,"key":"ats:Originium"},{"floor":30,"key":"ats:Originium"},{"floor":30,"key":"Durian"},{"floor":36,"key":"Old Coin"},{"floor":40,"key":"MealTicket"},{"floor":40,"key":"infinitespire:Satchel"},{"floor":42,"key":"Bag of Marbles"},{"floor":42,"key":"Replay:WaspNest"},{"floor":48,"key":"Bromod:ArcaneNullifier"},{"floor":48,"key":"reliquary:JackalopeAntler"},{"floor":52,"key":"paleoftheancients:SoulOfTheSilent"}],"event_choices":[{"damage_healed":0,"gold_gain":0,"player_choice":"Fight","damage_taken":0,"max_hp_gain":0,"max_hp_loss":0,"event_name":"Mysterious Sphere","floor":36,"gold_loss":0},{"damage_healed":0,"gold_gain":0,"player_choice":"Memory 3","damage_taken":10,"max_hp_gain":0,"max_hp_loss":0,"event_name":"SensoryStone","floor":46,"gold_loss":0},{"damage_healed":0,"gold_gain":0,"player_choice":"Forge","damage_taken":0,"max_hp_gain":0,"max_hp_loss":0,"event_name":"Accursed Blacksmith","floor":53,"gold_loss":0,"cards_upgraded":["Apotheosis"]}],"is_beta":false,"boss_relics":[{"not_picked":["reliquary:RedCape","Pandora\u0027s Box"],"picked":"Replay:Grab Bag"},{"not_picked":["Ectoplasm","Painkiller Herb"],"picked":"infinitespire:Cupcake"},{"not_picked":["Cursed Key","reliquary:Ember"],"picked":"reliquary:KinkedSpring"},{"not_picked":["ReplayTheSpireMod:SealedPack","Kintsugi"],"picked":"Bromod:ArcaneGrace"},{"not_picked":["Snecko Eye","bronze:MakeshiftBattery"],"picked":"Black Star"}],"items_purged_floors":[20,38,38,54],"is_endless":false,"potions_floor_spawned":[1,7,10,16,21,24,29,30,33,37,40,42,47,48],"killed_by":"Time Eater","ascension_level":1}}