{"host":"vfg9szunmpjwj08o","time":1613872047,"event":{"mods":["Act Like it!","BaseMod","BetterRewards","Bossed Relics","Challenge The Spire","Colored Map","Colored Powertips","Dark Map","Highlight Path","Minty Spire (QoL Compilation)","Quick Restart","Relic Stats","StSLib","Waifu the Spire","everything is the same but u backflip on backflip"],"gold_per_floor":[109,109,29,47,63,107,107,107,161,161,41,41,59,97,97,222,222,247,247,247,272,35,78,91,105,131,131,155,174,209,222,222,343,343,366,385,38,63,119,119,157,177,204,204,69,103,103,103,103,103,103,103,31,66,66],"floor_reached":56,"language":"ENG","playtime":3293,"items_purged":["Strike_P","Defend_P","Defend_P"],"score":1908,"play_id":"e46c2af1-4cb7-45a2-ad60-b188842a08eb","local_time":"20210221024727","is_ascension_mode":true,"campfire_choices":[{"data":"Eruption","floor":7,"key":"SMITH"},{"floor":10,"key":"REST"},{"data":"Alpha","floor":15,"key":"SMITH"},{"floor":27,"key":"REST"},{"data":"Omniscience","floor":32,"key":"SMITH"},{"floor":40,"key":"RECALL"},{"data":"Discovery","floor":47,"key":"SMITH"},{"data":"Apotheosis","floor":49,"key":"SMITH"},{"data":"Study","floor":52,"key":"SMITH"}],"circlet_count":0,"master_deck":["AscendersBane","Defend_P+1","Eruption+1","Vigilance","Alpha+1","Pray","MentalFortress","LikeWater","Meditate","EmptyBody","Vault","PathToVictory","EmptyBody+1","Adaptation","Omniscience+1","Wallop","Enlightenment","CutThroughFate","ClearTheMind+1","Study+1","Perseverance","Vault","MentalFortress+1","Prostrate+1","Discovery+1","Apotheosis+1"],"relics":["HolyWater","Golden Idol","PreservedInsect","Happy Flower","War Paint","Question Card","Toy Ornithopter","White Beast Statue","Busted Crown","Membership Card","Singing Bowl","Mango","StrikeDummy","Pantograph","Strange Spoon","Sundial"],"acts_visited":["Exordium","TheCity","TheBeyond","TheEnding"],"potions_floor_usage":[14,14,29,30,33,38,39,42,46,54,54,55],"damage_taken":[{"damage":16,"enemies":"Small Slimes","floor":1,"turns":4},{"damage":6,"enemies":"2 Louse","floor":4,"turns":4},{"damage":0,"enemies":"Jaw Worm","floor":5,"turns":4},{"damage":7,"enemies":"3 Sentries","floor":6,"turns":4},{"damage":0,"enemies":"2 Fungi Beasts","floor":13,"turns":5},{"damage":22,"enemies":"Gremlin Nob","floor":14,"turns":6},{"damage":1,"enemies":"The Guardian","floor":16,"turns":8},{"damage":3,"enemies":"3 Byrds","floor":18,"turns":3},{"damage":13,"enemies":"Spheric Guardian","floor":21,"turns":4},{"damage":18,"enemies":"Book of Stabbing","floor":23,"turns":4},{"damage":4,"enemies":"Centurion and Healer","floor":24,"turns":4},{"damage":6,"enemies":"Snake Plant","floor":25,"turns":4},{"damage":0,"enemies":"Cultist and Chosen","floor":28,"turns":4},{"damage":9,"enemies":"Sentry and Sphere","floor":29,"turns":5},{"damage":22,"enemies":"Slavers","floor":30,"turns":3},{"damage":2,"enemies":"Centurion and Healer","floor":31,"turns":5},{"damage":0,"enemies":"Champ","floor":33,"turns":10},{"damage":0,"enemies":"3 Shapes","floor":35,"turns":2},{"damage":7,"enemies":"3 Darklings","floor":36,"turns":3},{"damage":17,"enemies":"4 Shapes","floor":38,"turns":5},{"damage":0,"enemies":"2 Orb Walkers","floor":39,"turns":3},{"damage":0,"enemies":"Nemesis","floor":41,"turns":7},{"damage":0,"enemies":"Maw","floor":42,"turns":6},{"damage":0,"enemies":"Reptomancer","floor":46,"turns":3},{"damage":33,"enemies":"Time Eater","floor":50,"turns":6},{"damage":50,"enemies":"Shield and Spear","floor":54,"turns":5},{"damage":122,"enemies":"The Heart","floor":55,"turns":11}],"seed_played":"1121805650750288297","potions_obtained":[{"floor":5,"key":"Block Potion"},{"floor":6,"key":"SteroidPotion"},{"floor":13,"key":"EssenceOfSteel"},{"floor":16,"key":"FearPotion"},{"floor":21,"key":"PowerPotion"},{"floor":23,"key":"Block Potion"},{"floor":31,"key":"BlessingOfTheForge"},{"floor":33,"key":"Energy Potion"},{"floor":35,"key":"Weak Potion"},{"floor":36,"key":"DuplicationPotion"},{"floor":38,"key":"SmokeBomb"},{"floor":39,"key":"StancePotion"},{"floor":41,"key":"Fruit Juice"},{"floor":42,"key":"Strength Potion"},{"floor":46,"key":"StancePotion"},{"floor":48,"key":"FairyPotion"},{"floor":48,"key":"ColorlessPotion"},{"floor":54,"key":"Fruit Juice"}],"is_trial":false,"path_per_floor":["M","?","$","M","M","E","R","?","T","R","$","?","M","E","R","B",null,"M","?","?","M","$","E","M","M","T","R","M","M","E","M","R","B",null,"M","M","$","M","?","R","E","M","T","?","$","E","R","?","R","B",null,"R","$","E","B",null],"character_chosen":"WATCHER","items_purchased":["LikeWater","PathToVictory","Enlightenment","EmptyMind","Membership Card","Singing Bowl","Discovery","Apotheosis","Strange Spoon"],"campfire_rested":2,"item_purchase_floors":[3,11,22,22,37,37,45,45,53],"current_hp_per_floor":[49,33,33,27,27,20,20,13,13,32,32,37,37,15,15,14,56,53,53,53,40,40,22,18,12,12,33,33,29,12,10,10,15,56,56,49,49,39,58,58,60,72,72,72,72,79,79,79,79,64,89,89,89,49,31],"gold":66,"neow_bonus":"TRANSFORM_TWO_CARDS","is_daily":false,"chose_seed":false,"campfire_upgraded":6,"win_rate":0.0,"timestamp":1613872047,"path_taken":["M","?","$","M","M","E","R","?","T","R","$","?","M","E","R","BOSS","M","?","?","M","$","E","M","M","T","R","M","M","E","?","R","BOSS","M","M","$","M","?","R","E","M","T","?","?","E","R","?","R","BOSS","R","$","E","BOSS"],"items_purchased_type":["Card","Card","Card","Card","Relic","Relic","Card","Card","Relic"],"build_version":"2020-12-22","purchased_purges":3,"victory":true,"max_hp_per_floor":[65,65,65,65,65,65,65,65,65,65,65,70,70,70,70,70,70,70,70,70,70,70,70,70,70,70,70,70,70,70,70,70,70,70,70,70,70,72,86,86,88,95,95,95,95,97,97,97,97,97,97,97,97,99,104],"relic_stats":{"Happy Flower":[38],"Singing Bowl":10,"counters":[27,132],"Golden Idol":223,"PreservedInsect":295,"War Paint":["EmptyBody","Defend_P"],"Question Card":15,"Strange Spoon":[19],"Busted Crown":16,"Sundial":[0],"Pantograph":43,"obtain_stats":[{"Happy Flower":9,"Singing Bowl":37,"Golden Idol":2,"Mango":39,"PreservedInsect":6,"War Paint":14,"Question Card":23,"White Beast Statue":30,"Strange Spoon":53,"Busted Crown":34,"Sundial":54,"Pantograph":46,"HolyWater":17,"Membership Card":37,"PureWater":0,"StrikeDummy":41,"Toy Ornithopter":26},{"Happy Flower":4,"Singing Bowl":19,"Golden Idol":1,"Mango":21,"PreservedInsect":4,"War Paint":6,"Question Card":10,"White Beast Statue":15,"Strange Spoon":25,"Busted Crown":17,"Sundial":26,"Pantograph":24,"HolyWater":7,"Membership Card":19,"PureWater":0,"StrikeDummy":22,"Toy Ornithopter":12},{"Happy Flower":16,"Singing Bowl":86,"Golden Idol":4,"Mango":94,"PreservedInsect":16,"War Paint":27,"Question Card":46,"White Beast Statue":66,"Strange Spoon":116,"Busted Crown":81,"Sundial":121,"Pantograph":110,"HolyWater":35,"Membership Card":86,"PureWater":0,"StrikeDummy":101,"Toy Ornithopter":54}],"Toy Ornithopter":48},"card_choices":[{"not_picked":["FlyingSleeves","Crescendo"],"picked":"MentalFortress","floor":1},{"not_picked":["DeceiveReality","ThirdEye"],"picked":"Meditate","floor":4},{"not_picked":["CarveReality","JustLucky"],"picked":"EmptyBody","floor":5},{"not_picked":["Wallop","Vengeance"],"picked":"Vault","floor":6},{"not_picked":["ThirdEye","BowlingBash"],"picked":"EmptyBody","floor":13},{"not_picked":["Wish","Consecrate"],"picked":"Adaptation","floor":14},{"not_picked":["MasterReality","Devotion"],"picked":"Omniscience","floor":16},{"not_picked":["BowlingBash","Consecrate","Protect+1"],"picked":"SKIP","floor":18},{"not_picked":["Protect","BowlingBash"],"picked":"Wallop","floor":21},{"not_picked":["Wish","Halt"],"picked":"CutThroughFate","floor":23},{"not_picked":["BattleHymn","Crescendo","BowlingBash"],"picked":"ClearTheMind+1","floor":24},{"not_picked":["FearNoEvil+1","Crescendo","Worship"],"picked":"Study","floor":25},{"not_picked":["JustLucky+1","EmptyBody","Wireheading"],"picked":"Perseverance","floor":28},{"not_picked":["FlurryOfBlows","Halt+1","ClearTheMind","WindmillStrike"],"picked":"SKIP","floor":29},{"not_picked":["SashWhip","Nirvana","ReachHeaven","SandsOfTime+1"],"picked":"SKIP","floor":30},{"not_picked":["WindmillStrike","FollowUp","ReachHeaven","Swivel+1"],"picked":"SKIP","floor":31},{"not_picked":["SpiritShield","MasterReality","Omniscience"],"picked":"Vault","floor":33},{"not_picked":["FollowUp","TalkToTheHand+1"],"picked":"SKIP","floor":35},{"not_picked":["PathToVictory+1"],"picked":"MentalFortress+1","floor":36},{"not_picked":["FollowUp+1","LikeWater"],"picked":"Singing Bowl","floor":38},{"not_picked":["ClearTheMind"],"picked":"Prostrate+1","floor":39},{"not_picked":["Perseverance","BowlingBash+1"],"picked":"Singing Bowl","floor":41},{"not_picked":["ThirdEye","Evaluate"],"picked":"Singing Bowl","floor":42},{"not_picked":["WaveOfTheHand","Judgement"],"picked":"Singing Bowl","floor":46},{"not_picked":["FollowUp+1","Evaluate+1"],"picked":"Singing Bowl","floor":54}],"player_experience":1115276,"relics_obtained":[{"floor":6,"key":"PreservedInsect"},{"floor":9,"key":"Happy Flower"},{"floor":14,"key":"War Paint"},{"floor":23,"key":"Question Card"},{"floor":26,"key":"Toy Ornithopter"},{"floor":30,"key":"White Beast Statue"},{"floor":39,"key":"Mango"},{"floor":41,"key":"StrikeDummy"},{"floor":46,"key":"Pantograph"},{"floor":54,"key":"Sundial"}],"event_choices":[{"damage_healed":0,"gold_gain":0,"player_choice":"Take Damage","damage_taken":16,"relics_obtained":["Golden Idol"],"max_hp_gain":0,"max_hp_loss":0,"event_name":"Golden Idol","floor":2,"gold_loss":0},{"cards_removed":["Defend_P"],"damage_healed":0,"gold_gain":0,"player_choice":"Card Removal","damage_taken":7,"max_hp_gain":0,"max_hp_loss":0,"event_name":"Golden Wing","floor":8,"gold_loss":0},{"damage_healed":0,"gold_gain":0,"player_choice":"Donut","damage_taken":0,"max_hp_gain":5,"max_hp_loss":0,"event_name":"Big Fish","floor":12,"gold_loss":0},{"cards_removed":["Strike_P"],"damage_healed":0,"gold_gain":0,"player_choice":"Elegance","damage_taken":0,"max_hp_gain":0,"max_hp_loss":0,"event_name":"Back to Basics","floor":19,"gold_loss":0},{"damage_healed":0,"gold_gain":0,"player_choice":"Ignored","damage_taken":0,"max_hp_gain":0,"max_hp_loss":0,"event_name":"Vampires","floor":20,"gold_loss":0},{"damage_healed":0,"gold_gain":0,"player_choice":"Fight","damage_taken":0,"max_hp_gain":0,"max_hp_loss":0,"event_name":"Mysterious Sphere","floor":39,"gold_loss":0},{"cards_removed":["EmptyMind"],"damage_healed":0,"gold_gain":0,"player_choice":"Removed Skill","damage_taken":0,"max_hp_gain":0,"max_hp_loss":0,"event_name":"Falling","floor":44,"gold_loss":0},{"damage_healed":0,"gold_gain":0,"player_choice":"Got Potions","damage_taken":0,"max_hp_gain":0,"max_hp_loss":0,"event_name":"Lab","floor":48,"gold_loss":0}],"is_beta":false,"boss_relics":[{"not_picked":["Velvet Choker","Empty Cage"],"picked":"HolyWater"},{"not_picked":["Runic Pyramid","Runic Dome"],"picked":"Busted Crown"}],"items_purged_floors":[11,22,37],"is_endless":false,"potions_floor_spawned":[5,6,13,16,21,23,25,31,33,35,36,38,39,41,42,46,54],"ascension_level":10}}