{"host":"g1wmg2w41xhsnw8g","time":1613881267,"event":{"mods":["2.2 Compatiblity","Act Like it!","Aspiration","BaseMod","Better Altar","Better Match","Better Note","Better Sensory Stone","Better Skull","Better Third Choice","BetterRewards","Booster Modes","CapriCore","Colored Map","Colored Powertips","Defuse TimeMaze Blight","Displayed Cursed Tome","Evolution","Extra Virgin Snecko Oil","Fox Events","Friendly Minions","GifTheSpireLib","Good Game Mod","Googly Eyes","Hubris","Infinite Spire","Jedi Mod","Minty Spire (QoL Compilation)","Red Circlet Mod","Relic Filter Mod","Relic Sorter","Reliquary","SCP261 Mod","Shapeshifter Mod","Shop Mod","Smile Girya","Spicy Shops","Spikes Relics","StSLib","Strawberry Spire","The Jungle","The Poker Player","The Sage","Trackpad","Transform Curses","Wandering Minibosses","????"],"gold_per_floor":[118,118,146,167,167,167,167,221,221,263,263,296,315,353,353,458,458,483,504,527,527,627,669,696,737,737,737,51,91,159,2,2,105,105,133,155,179,902,920,50,91,124,163,217,247,313,353,365,6,128,140,163,220,244,268,0,0,30,53,53,68,68,81,107,107,107,207,207,223,223,11,24,51,75,75,106,155,155,175,191,201,201,27,112,162,177,77,77,77,92,129,64,64,364,406,406,175,189,193,193,279,279,296,296,296,296,296,296,316,344,344,359,45,45,45,45,45,154,204,215,215,215,215,232,268,294,86,113,113,113,138,156,168,168,262,262,279,288,306,306,363,397,131,163,218,260,260,260,44,44,53,162,162,162,32,72,183],"floor_reached":158,"language":"ENG","playtime":7401,"items_purged":["Injury","Clumsy","Regret","PokerPlayerMod:Club2","PokerPlayerMod:Spade2","Clumsy","PokerPlayerMod:Spade3","Shame","Defend_G+1","Predator"],"score":5993,"play_id":"a21f124c-667c-4d46-939c-091d1b81f3f6","local_time":"20210220232107","is_ascension_mode":true,"metric_token":3026,"campfire_choices":[{"data":"PokerPlayerMod:CardPrinter+2","floor":6.0,"key":"SMITH"},{"data":"PokerPlayerMod:CardPrinter+3","floor":11.0,"key":"SMITH"},{"data":"PokerPlayerMod:CardPrinter+4","floor":15.0,"key":"SMITH"},{"data":"PokerPlayerMod:CardPrinter+5","floor":32.0,"key":"SMITH"},{"data":"PokerPlayerMod:CardPrinter+6","floor":57.0,"key":"SMITH"},{"floor":66.0,"key":"RECALL"},{"data":"PokerPlayerMod:CardPrinter+6","floor":75,"key":"SMITH"},{"data":"infinitespire:NeuralNetwork","floor":78,"key":"SMITH"},{"floor":100,"key":"RECALL"},{"data":"infinitespire:Collect","floor":108,"key":"SMITH"},{"data":"infinitespire:Punishment","floor":117,"key":"SMITH"},{"data":"PokerPlayerMod:DartThrow","floor":134,"key":"SMITH"},{"data":"BlessedFruit","floor":154,"key":"SMITH"}],"circlet_count":0,"master_deck":["PokerPlayerMod:Diamond9","PokerPlayerMod:Diamond4","PokerPlayerMod:Diamond6","PokerPlayerMod:Mulligan+1","PokerPlayerMod:Club7","PokerPlayerMod:ClubShade+1","PokerPlayerMod:DartThrow+1","PokerPlayerMod:JackOfSpades+1","StSShapeShifter:MammothForm+1","PokerPlayerMod:CardPrinter+7","PokerPlayerMod:Spade8","PokerPlayerMod:Heart8","PokerPlayerMod:Manipulation+1","PokerPlayerMod:Club10+","PokerPlayerMod:FlyingCard+1","PokerPlayerMod:CardPrinter+7","Reforge+1","infinitespire:Punishment+1","PokerPlayerMod:Overdeal+1","PokerPlayerMod:Club10+","infinitespire:NeuralNetwork+1","PokerPlayerMod:Spade10+","PokerPlayerMod:Spade10+","BlessedFruit","BlessedFruit+1","infinitespire:Collect+1","CurseOfTheBell","PokerPlayerMod:Sharpen+1","PokerPlayerMod:Club10+","infinitespire:Punishment+1","Distraction+1","Madness+1","Madness+1"],"relics":["PokerPlayerMod:DeckCase","theJungle:SneckoAutograph","PokerPlayerMod:PendantOfEscape","EVO:Axolotl","REME:ComplimentaryCards","MerchantsRug","hubris:MysteriousPyramids","jedi:kaleidoscope","OrangePellets","trackpad:FieryHotPepper","reliquary:FingerTrap","trackpad:AdjectivePendant","MealTicket","aspiration:HummingbirdHeart","hubris:CuriousFeather","infinitespire:Cupcake","SpikesRelics:DaevaFist","Boot","Sling","jedi:fakemustache","LugNut","Tiny Chest","RoseTintedShades","reliquary:Knoch","Ancient Tea Set","Pantograph","PreservedInsect","jedi:angrymask","Philosopher\u0027s Stone","Gambling Chip","reliquary:RedPaperclip","aspiration:ChemicalBlood","reliquary:BallBearing","trackpad:RapidFire","SuspiciousGoo","strawberrySpire:KineticCharger","Sundial","trackpad:BiPhaseBiplane","TheAbacus","trackpad:ToughGloves","hubris:PeanutButter","Chemical X","Busted Crown","wanderingMiniBosses:MasterThiefsPresence","hubris:SlimyHat","ClockworkSouvenir","Frozen Eye","Toy Ornithopter","Orichalcum","Bag of Marbles","WingedGreaves","Bronze Scales","aspiration:TomeofQuesting","hubris:64BitClover","Membership Card","sagemod:Creepy_Carousel","infinitespire:Satchel","strawberrySpire:Dictionifier","hubris:OldNail","jedi:cryingmask","reliquary:CitrusReamer","strawberrySpire:ElefentMask","Mummified Hand","SlaversCollar","theJungle:WildStrawberry","reliquary:TridentHead","HandDrill","PokerPlayerMod:ClubPass","reliquary:SilkGlove","Regal Pillow","infinitespire:Lychee Nut","reliquary:Stiletto","HeavenlyBonsai","Meat on the Bone","aspiration:SneckoTail","hubris:TerracottaHorce","strawberrySpire:MawJerky","hubris:Zylophone","Calling Bell","Akabeko","BrokenLever","Torii","WizardHat","hubris:EmptyBottle","Pen Nib","strawberrySpire:Treaders","infinitespire:Bottled Soul","SnailShell","Black Star","jedi:HeartOfTheCards","PokerPlayerMod:FairLicense","hubris:TinFlute","NlothsMask","reliquary:Sod","PokerPlayerMod:FairLicense","Lee\u0027s Waffle","Ornamental Fan","aspiration:Nostalgia","Cracked Core","hubris:TenFootPole","WristBlade","Toxic Egg 2","HornCleat","Blood Vial","reliquary:RoseTintedGlasses","reliquary:RosewoodLute","reliquary:Firecrackers","Strawberry","CeramicFish","Happy Flower","hubris:Towel","hubris:FruitBowl","hubris:EvacipatedBox","infinitespire:ShieldingShard","aspiration:FetidBarrel","hubris:ToyBattleship","aspiration:VileToxins","Empty Cage","Singing Bowl","Sandwich","Lantern","trackpad:HandOfMidas","infinitespire:FocusingShard","PokerPlayerMod:Splitter","PokerPlayerMod:PenAndEraser","trackpad:ByrdBGone","Orrery","Pear","jedi:archwizardhat","Smiling Mask","Potion Belt","Thread and Needle","Omamori","Shuriken","reliquary:Buckler","Lantern","Bottled Lightning","Nunchaku","Coffee Dripper","hubris:MedicalManual","Bottled Tornado","Frozen Egg 2","Bottled Flame"],"acts_visited":["Exordium","Exordium","TheBeyond","Exordium","Exordium","TheBeyond","Exordium","Exordium","TheBeyond","TheEnding"],"potions_floor_usage":[],"damage_taken":[{"damage":0.0,"enemies":"Jaw Worm","floor":1.0,"turns":2.0},{"damage":0.0,"enemies":"Small Slimes","floor":3.0,"turns":2.0},{"damage":0.0,"enemies":"2 Louse","floor":4.0,"turns":2.0},{"damage":1.0,"enemies":"Gremlin Nob","floor":10.0,"turns":4.0},{"damage":1.0,"enemies":"strawberrySpire:EnergyPylons","floor":12.0,"turns":4.0},{"damage":0.0,"enemies":"Lots of Slimes","floor":13.0,"turns":3.0},{"damage":0.0,"enemies":"Lagavulin","floor":14.0,"turns":4.0},{"damage":0.0,"enemies":"Slime Boss","floor":16.0,"turns":6.0},{"damage":0.0,"enemies":"Shell Parasite","floor":18.0,"turns":4.0},{"damage":0.0,"enemies":"theJungle:MUSHROOMGANG","floor":19.0,"turns":3.0},{"damage":0.0,"enemies":"theJungle:SlimyTreeVines","floor":20.0,"turns":4.0},{"damage":0.0,"enemies":"theJungle:MamaSnecko","floor":23.0,"turns":4.0},{"damage":0.0,"enemies":"theJungle:JungleHuntersEncounter","floor":24.0,"turns":4.0},{"damage":3.0,"enemies":"theJungle:Cassacara","floor":25.0,"turns":3.0},{"damage":0.0,"enemies":"Nightmare","floor":29.0,"turns":1.0},{"damage":0.0,"enemies":"theJungle:FunGuy","floor":33.0,"turns":5.0},{"damage":0.0,"enemies":"3 Shapes","floor":35.0,"turns":1.0},{"damage":0.0,"enemies":"Orb Walker","floor":36.0,"turns":2.0},{"damage":0.0,"enemies":"3 Darklings","floor":37.0,"turns":1.0},{"damage":0.0,"enemies":"Writhing Mass","floor":38.0,"turns":5.0},{"damage":0.0,"enemies":"Maw","floor":39.0,"turns":4.0},{"damage":0.0,"enemies":"Nightmare","floor":41.0,"turns":3.0},{"damage":0.0,"enemies":"strawberrySpire:EssenceStones","floor":42.0,"turns":1.0},{"damage":0.0,"enemies":"Giant Head","floor":44.0,"turns":4.0},{"damage":0.0,"enemies":"4 Shapes","floor":45.0,"turns":1.0},{"damage":0.0,"enemies":"2 Orb Walkers","floor":46.0,"turns":3.0},{"damage":0.0,"enemies":"Jaw Worm Horde","floor":47.0,"turns":2.0},{"damage":0.0,"enemies":"infinitespire:MassOfShapes","floor":50.0,"turns":5.0},{"damage":0.0,"enemies":"Small Slimes","floor":52.0,"turns":1.0},{"damage":0.0,"enemies":"Jaw Worm","floor":54.0,"turns":2.0},{"damage":0.0,"enemies":"Cultist","floor":55.0,"turns":2.0},{"damage":0.0,"enemies":"Nightmare_Alpha","floor":58.0,"turns":5.0},{"damage":0.0,"enemies":"Gremlin Gang","floor":59.0,"turns":1.0},{"damage":0.0,"enemies":"Red Slaver","floor":61.0,"turns":1.0},{"damage":0.0,"enemies":"3 Louse","floor":63.0,"turns":1.0},{"damage":0.0,"enemies":"2 Fungi Beasts","floor":64.0,"turns":1.0},{"damage":0.0,"enemies":"Hexaghost","floor":67.0,"turns":2.0},{"damage":0.0,"enemies":"theJungle:MUSHROOMGANG","floor":69.0,"turns":2.0},{"damage":0,"enemies":"theJungle:Flameango_and_Byrd","floor":72,"turns":1},{"damage":0,"enemies":"theJungle:2_Phrogs","floor":74,"turns":2},{"damage":0,"enemies":"theJungle:MamaSnecko","floor":76,"turns":1},{"damage":0,"enemies":"Nightmare","floor":79,"turns":4},{"damage":0,"enemies":"theJungle:2_Snecko_Cultists","floor":80,"turns":2},{"damage":0,"enemies":"theJungle:SlimyTreeVines","floor":81,"turns":2},{"damage":0,"enemies":"theJungle:TotemBoss","floor":84,"turns":3},{"damage":0,"enemies":"3 Darklings","floor":86,"turns":2},{"damage":0,"enemies":"Orb Walker","floor":90,"turns":2},{"damage":0,"enemies":"Nemesis","floor":91,"turns":1},{"damage":0,"enemies":"Nightmare","floor":95,"turns":1},{"damage":0,"enemies":"3 Darklings","floor":98,"turns":1},{"damage":0,"enemies":"Writhing Mass","floor":99,"turns":2},{"damage":0,"enemies":"infinitespire:MassOfShapes","floor":101,"turns":3},{"damage":0,"enemies":"Jaw Worm","floor":103,"turns":1},{"damage":0,"enemies":"2 Louse","floor":109,"turns":1},{"damage":0,"enemies":"Nightmare","floor":110,"turns":1},{"damage":0,"enemies":"Cultist","floor":112,"turns":1},{"damage":0,"enemies":"Slime Boss","floor":118,"turns":1},{"damage":0,"enemies":"Shell Parasite","floor":120,"turns":2},{"damage":0,"enemies":"theJungle:Flameango_and_Byrd","floor":124,"turns":1},{"damage":0,"enemies":"Nightmare","floor":125,"turns":1},{"damage":0,"enemies":"theJungle:2_Phrogs","floor":126,"turns":2},{"damage":0,"enemies":"theJungle:SlimyTreeVines","floor":133,"turns":1},{"damage":0,"enemies":"theJungle:TotemBoss","floor":135,"turns":2},{"damage":0,"enemies":"3 Shapes","floor":137,"turns":1},{"damage":0,"enemies":"Mind Bloom Boss Battle","floor":141,"turns":1},{"damage":0,"enemies":"Giant Head","floor":142,"turns":1},{"damage":0,"enemies":"Nightmare_Alpha","floor":144,"turns":1},{"damage":0,"enemies":"Reptomancer","floor":146,"turns":1},{"damage":0,"enemies":"infinitespire:MassOfShapes","floor":152,"turns":1},{"damage":0,"enemies":"Shield and Spear","floor":156,"turns":1},{"damage":0,"enemies":"The Heart","floor":157,"turns":1}],"seed_played":"-2745274321320191672","potions_obtained":[{"floor":4.0,"key":"FearPotion"},{"floor":10.0,"key":"Block Potion"},{"floor":12.0,"key":"LiquidMemories"},{"floor":16.0,"key":"Energy Potion"},{"floor":19.0,"key":"sagemod:Wine"},{"floor":20.0,"key":"FearPotion"},{"floor":24.0,"key":"GamblersBrew"},{"floor":33.0,"key":"SCP261:DewritoBlazePotion"},{"floor":36.0,"key":"Ancient Potion"},{"floor":39.0,"key":"Regen Potion"},{"floor":42.0,"key":"FearPotion"},{"floor":44.0,"key":"BlessingOfTheForge"},{"floor":46.0,"key":"Fire Potion"},{"floor":47.0,"key":"Fire Potion"},{"floor":52.0,"key":"SCP261:AppleJuicePotion"},{"floor":54.0,"key":"LiquidBronze"},{"floor":55.0,"key":"AttackPotion"},{"floor":58.0,"key":"SCP261:BarrettColaPotion"},{"floor":63.0,"key":"Weak Potion"},{"floor":64.0,"key":"SCP261:BarrettColaPotion"},{"floor":74,"key":"SCP261:GirlTearsPotion"},{"floor":79,"key":"Energy Potion"},{"floor":80,"key":"PowerPotion"},{"floor":85,"key":"Energy Potion"},{"floor":86,"key":"Energy Potion"},{"floor":95,"key":"Regen Potion"},{"floor":98,"key":"SCP261:SweetSwarmPotion"},{"floor":101,"key":"Energy Potion"},{"floor":110,"key":"PowerPotion"},{"floor":118,"key":"AttackPotion"},{"floor":119,"key":"SCP261:GirlTearsPotion"},{"floor":125,"key":"Explosive Potion"},{"floor":126,"key":"ColorlessPotion"},{"floor":141,"key":"PowerPotion"},{"floor":146,"key":"Fire Potion"},{"floor":152,"key":"Strength Potion"},{"floor":156,"key":"LiquidMemories"}],"is_trial":false,"path_per_floor":["M","?","M","M","?","R","?","T","T","E","R","E","M","E","R","B",null,"M","M","M","AVR","?","E","M","E","T","?","R","NM","T","$","R","B",null,"M","M","M","M","M","R","NM","E","T","E","M","?","M","?","R","B",null,"M","T","M","M","$","R","NM","M","T","M","?","M","M","AVR","R","B",null,"M","?","$","M","T","E","R","E","T","R","NM","M","M","AVR","R","B",null,"M","NS","AVR","?","M","E","$","R","T","NM","T","$","M","M","R","B",null,"M","AVR","?","T","?","R","M","NM","T","M","R","?","T","?","R","B",null,"M","?","?","T","M","NM","E","R","T","?","$","T","AVR","M","R","B",null,"M","AVR","?","NS","?","E","R","NM","T","E","$","T","R","$","R","B",null,"R","$","E","B",null],"character_chosen":"THE_POKER_PLAYER","items_purchased":["MerchantsRug","Frozen Egg 2","hubris:MysteriousPyramids","jedi:kaleidoscope","OrangePellets","PokerPlayerMod:Club7","reliquary:FingerTrap","trackpad:AdjectivePendant","MealTicket","aspiration:HummingbirdHeart","PokerPlayerMod:ClubShade+1","aspiration:SeaSaltIceCream","PokerPlayerMod:DartThrow","SpikesRelics:DaevaFist","Boot","Sling","jedi:fakemustache","LugNut","PokerPlayerMod:PendantOfEscape","Tiny Chest","RoseTintedShades","PokerPlayerMod:JackOfSpades","SuspiciousGoo","strawberrySpire:KineticCharger","Sundial","trackpad:BiPhaseBiplane","TheAbacus","Chemical X","hubris:SlimyHat","ClockworkSouvenir","Frozen Eye","Toy Ornithopter","Orichalcum","Bag of Marbles","Membership Card","sagemod:Creepy_Carousel","infinitespire:Satchel","Reforge","Strawberry","jedi:cryingmask","reliquary:CitrusReamer","Lee\u0027s Waffle","SCP261:AppleJuicePotion","reliquary:TridentHead","HandDrill","PokerPlayerMod:ClubPass","strawberrySpire:MawJerky","hubris:Zylophone","hubris:EmptyBottle","strawberrySpire:Treaders","infinitespire:Bottled Soul","SnailShell","Lee\u0027s Waffle","Ornamental Fan","aspiration:Nostalgia","hubris:TenFootPole","Strawberry","CeramicFish","Happy Flower","hubris:FruitBowl","hubris:EvacipatedBox","infinitespire:ShieldingShard","aspiration:FetidBarrel","PokerPlayerMod:PenAndEraser","trackpad:ByrdBGone","Orrery","Omamori","reliquary:Buckler","Lantern","Whetstone","Bottled Lightning","Nunchaku","Bottled Tornado"],"campfire_rested":0,"item_purchase_floors":[0,0,0,0,0,0,0,0,0,0,0,0,0,0,0,0,0,0,0,0,0,0,28,28,28,28,28,31,40,40,40,40,40,40,49,49,49,49,56,56,56,56,56,71,71,71,83,83,92,97,97,97,113,113,113,113,127,127,127,130,130,130,130,143,143,143,147,149,149,150,150,150,155],"current_hp_per_floor":[92,97,97,97,97,97,97,97,97,96,96,97,97,97,97,97,97,97,97,97,97,97,97,97,94,94,94,94,97,97,100,100,100,100,103,103,106,106,106,106,106,109,109,109,112,112,112,98,98,112,112,123,123,123,123,145,145,145,148,148,151,151,154,157,157,157,157,157,157,150,164,167,167,167,167,127,127,127,127,127,128,128,128,129,134,134,134,134,164,166,173,173,173,173,180,180,180,184,185,185,188,188,191,191,144,144,144,144,147,155,155,161,215,162,162,162,162,166,171,172,175,175,175,178,185,189,196,196,196,126,126,126,133,133,167,196,212,212,199,199,219,232,244,275,275,288,278,278,285,248,248,282,297,297,302,315,322],"gold":183,"neow_bonus":"","is_daily":false,"chose_seed":false,"campfire_upgraded":11,"win_rate":0.0,"timestamp":1613881267,"path_taken":["M","?","M","M","?","R","?","?","T","E","R","E","M","E","R","BOSS","M","?","M","AVR","?","E","M","E","T","?","R","NM","?","?","R","BOSS","M","M","M","M","M","R","NM","E","T","E","M","?","M","?","R","BOSS","M","?","M","M","$","R","NM","M","T","M","?","?","M","AVR","R","BOSS","M","?","$","M","?","E","R","E","T","R","NM","M","?","AVR","R","BOSS","M","NS","AVR","?","M","E","?","R","T","NM","?","?","?","M","R","BOSS","M","AVR","?","?","?","R","M","NM","T","?","R","?","?","?","R","BOSS","M","?","?","?","?","NM","E","R","T","?","?","?","AVR","M","R","BOSS","M","AVR","?","NS","?","E","R","NM","T","E","?","?","R","?","R","BOSS","R","$","E","BOSS"],"items_purchased_type":["Relic","Relic","Relic","Relic","Relic","Card","Relic","Relic","Relic","Relic","Card","Relic","Card","Relic","Relic","Relic","Relic","Relic","Relic","Relic","Relic","Card","Relic","Relic","Relic","Relic","Relic","Relic","Relic","Relic","Relic","Relic","Relic","Relic","Relic","Relic","Relic","Card","Relic","Relic","Relic","Relic","Potion","Relic","Relic","Relic","Relic","Relic","Relic","Relic","Relic","Relic","Relic","Relic","Relic","Relic","Relic","Relic","Relic","Relic","Relic","Relic","Relic","Relic","Relic","Relic","Relic","Relic","Relic","Relic","Relic","Relic","Relic"],"build_version":"2020-12-22","purchased_purges":10,"victory":true,"max_hp_per_floor":[92,97,97,97,97,97,97,97,97,97,97,97,97,97,97,97,97,97,97,97,97,97,97,97,97,97,97,97,100,100,100,100,100,100,103,103,106,106,106,106,106,109,109,109,112,112,112,112,112,112,112,123,123,123,123,145,145,145,148,148,151,151,154,157,157,157,157,157,157,164,164,167,167,167,167,127,127,127,127,127,128,128,128,129,134,134,134,134,164,166,173,173,173,173,180,180,180,184,185,185,188,188,191,191,191,191,191,191,194,202,202,208,215,162,162,162,162,166,171,172,175,175,175,178,185,189,196,196,196,196,196,196,201,201,205,205,212,212,212,212,219,232,244,275,275,288,288,288,295,295,295,302,302,302,302,315,322],"card_choices":[{"not_picked":["PokerPlayerMod:DartThrow","PokerPlayerMod:Diamond2"],"picked":"PokerPlayerMod:CardPrinter+1","floor":1.0},{"not_picked":["PokerPlayerMod:Spade2","PokerPlayerMod:Diamond4","PokerPlayerMod:Raise"],"picked":"SKIP","floor":3.0},{"not_picked":["PokerPlayerMod:CardBurn","PokerPlayerMod:Diamond3","PokerPlayerMod:Diamond4"],"picked":"SKIP","floor":4.0},{"not_picked":["PokerPlayerMod:Diamond3","PokerPlayerMod:Diamond2"],"picked":"PokerPlayerMod:Spade8","floor":10.0},{"not_picked":["PokerPlayerMod:Trickery","PokerPlayerMod:Diamond6","PokerPlayerMod:CardBurn"],"picked":"SKIP","floor":12.0},{"not_picked":["PokerPlayerMod:Heart1","PokerPlayerMod:Diamond4"],"picked":"PokerPlayerMod:Heart5","floor":13.0},{"not_picked":["PokerPlayerMod:Spade7","PokerPlayerMod:Spade8"],"picked":"PokerPlayerMod:HeartStrike","floor":14.0},{"not_picked":["PokerPlayerMod:Spade7","PokerPlayerMod:Trickery","PokerPlayerMod:MagicTrick+1"],"picked":"SKIP","floor":18.0},{"not_picked":["PokerPlayerMod:Fold","PokerPlayerMod:Heart5","PokerPlayerMod:Diamond2"],"picked":"SKIP","floor":19.0},{"not_picked":["PokerPlayerMod:Spade4","PokerPlayerMod:Club4","PokerPlayerMod:Club3"],"picked":"SKIP","floor":20.0},{"not_picked":["PokerPlayerMod:Spade1","PokerPlayerMod:SpadeStrike","PokerPlayerMod:Spade3"],"picked":"SKIP","floor":23.0},{"not_picked":["PokerPlayerMod:Harden","PokerPlayerMod:HotShotCut"],"picked":"PokerPlayerMod:Manipulation+1","floor":24.0},{"not_picked":["PokerPlayerMod:Diamond1","PokerPlayerMod:Spade2","PokerPlayerMod:Heart2"],"picked":"SKIP","floor":25.0},{"not_picked":["PokerPlayerMod:Trickery","PokerPlayerMod:Diamond7","PokerPlayerMod:Harden"],"picked":"SKIP","floor":29.0},{"not_picked":["PokerPlayerMod:Spade8","PokerPlayerMod:GamblerForm"],"picked":"PokerPlayerMod:Club10+","floor":33.0},{"not_picked":["PokerPlayerMod:ClubStrike+1"],"picked":"SKIP","floor":35.0},{"not_picked":["PokerPlayerMod:HiddenCard"],"picked":"SKIP","floor":36.0},{"not_picked":["PokerPlayerMod:Fold+1"],"picked":"SKIP","floor":37.0},{"not_picked":["PokerPlayerMod:ClubsClub+1"],"picked":"SKIP","floor":38.0},{"not_picked":["PokerPlayerMod:SpadeStrike+1"],"picked":"SKIP","floor":39.0},{"not_picked":["PokerPlayerMod:Trickery+1"],"picked":"SKIP","floor":41.0},{"not_picked":["PokerPlayerMod:HeartStrike"],"picked":"SKIP","floor":42.0},{"not_picked":["PokerPlayerMod:ClubStrike"],"picked":"SKIP","floor":44.0},{"not_picked":["PokerPlayerMod:Heart1"],"picked":"SKIP","floor":45.0},{"not_picked":[],"picked":"PokerPlayerMod:FlyingCard","floor":47.0},{"not_picked":["PokerPlayerMod:SpadeStrike"],"picked":"SKIP","floor":52.0},{"not_picked":["PokerPlayerMod:Diamond1"],"picked":"SKIP","floor":54.0},{"not_picked":["PokerPlayerMod:Diamond1"],"picked":"SKIP","floor":55.0},{"not_picked":["infinitespire:SevenWalls","hubris:Rewind"],"picked":"infinitespire:Punishment","floor":58.0},{"not_picked":["PokerPlayerMod:MagicTrick"],"picked":"SKIP","floor":58.0},{"not_picked":[],"picked":"PokerPlayerMod:Overdeal","floor":59.0},{"not_picked":["PokerPlayerMod:Diamond4"],"picked":"SKIP","floor":61.0},{"not_picked":["PokerPlayerMod:Spade1"],"picked":"SKIP","floor":63.0},{"not_picked":[],"picked":"PokerPlayerMod:Club7","floor":64.0},{"not_picked":["hubris:Fate","infinitespire:Oblivion"],"picked":"infinitespire:NeuralNetwork","floor":67.0},{"not_picked":["PokerPlayerMod:Raise"],"picked":"SKIP","floor":69.0},{"not_picked":["PokerPlayerMod:Diamond4"],"picked":"SKIP","floor":72},{"not_picked":["PokerPlayerMod:PoorCopy+1"],"picked":"SKIP","floor":74},{"not_picked":["PokerPlayerMod:Spade1"],"picked":"SKIP","floor":76},{"not_picked":["PokerPlayerMod:Diamond7"],"picked":"SKIP","floor":79},{"not_picked":["PokerPlayerMod:Harden+1"],"picked":"SKIP","floor":80},{"not_picked":["PokerPlayerMod:Spade1"],"picked":"SKIP","floor":81},{"not_picked":["PokerPlayerMod:Club5"],"picked":"SKIP","floor":86},{"not_picked":["PokerPlayerMod:Diamond7"],"picked":"SKIP","floor":90},{"not_picked":["PokerPlayerMod:Trickery"],"picked":"SKIP","floor":91},{"not_picked":["PokerPlayerMod:FlyingCard+1"],"picked":"SKIP","floor":95},{"not_picked":["PokerPlayerMod:Spade4"],"picked":"SKIP","floor":98},{"not_picked":[],"picked":"PokerPlayerMod:Sharpen+1","floor":99},{"not_picked":[],"picked":"PokerPlayerMod:Club10+","floor":101},{"not_picked":["PokerPlayerMod:Harden"],"picked":"SKIP","floor":103},{"not_picked":["infinitespire:DeathsTouch","infinitespire:TheBestDefense"],"picked":"infinitespire:Punishment","floor":105},{"not_picked":["PokerPlayerMod:Diamond5"],"picked":"SKIP","floor":109},{"not_picked":["PokerPlayerMod:Diamond4"],"picked":"SKIP","floor":110},{"not_picked":["PokerPlayerMod:Diamond5"],"picked":"SKIP","floor":112},{"not_picked":["PokerPlayerMod:Diamond4"],"picked":"SKIP","floor":120},{"not_picked":["PokerPlayerMod:Diamond8"],"picked":"SKIP","floor":124},{"not_picked":["PokerPlayerMod:Diamond4"],"picked":"SKIP","floor":125},{"not_picked":["PokerPlayerMod:Spade5"],"picked":"SKIP","floor":126},{"not_picked":["PokerPlayerMod:DartThrow"],"picked":"SKIP","floor":133},{"not_picked":["PokerPlayerMod:Heart8"],"picked":"Singing Bowl","floor":135},{"not_picked":["PokerPlayerMod:MagicTrick+1"],"picked":"Singing Bowl","floor":137},{"not_picked":["PokerPlayerMod:CloakAndDiamond+1"],"picked":"Singing Bowl","floor":141},{"not_picked":["PokerPlayerMod:Diamond9"],"picked":"Singing Bowl","floor":142},{"not_picked":["PokerPlayerMod:Spade1"],"picked":"Singing Bowl","floor":143},{"not_picked":["PokerPlayerMod:Diamond1"],"picked":"Singing Bowl","floor":143},{"not_picked":["PokerPlayerMod:Heart2"],"picked":"Singing Bowl","floor":143},{"not_picked":["PokerPlayerMod:Spade4"],"picked":"Singing Bowl","floor":143},{"not_picked":["infinitespire:NeuralNetwork","infinitespire:TheBestDefense","infinitespire:FinalStrike"],"picked":"Singing Bowl","floor":144},{"not_picked":["PokerPlayerMod:ChangeRules"],"picked":"Singing Bowl","floor":144},{"not_picked":["PokerPlayerMod:Harden+1"],"picked":"Singing Bowl","floor":146},{"not_picked":["PokerPlayerMod:Spade9"],"picked":"Singing Bowl","floor":152},{"not_picked":["PokerPlayerMod:Diamond3"],"picked":"Singing Bowl","floor":156},{"not_picked":["PokerPlayerMod:WasteCollection+1"],"picked":"Singing Bowl","floor":157}],"player_experience":1160570,"relics_obtained":[{"floor":8.0,"key":"reliquary:Knoch"},{"floor":9.0,"key":"Ancient Tea Set"},{"floor":10.0,"key":"Pantograph"},{"floor":12.0,"key":"PreservedInsect"},{"floor":14.0,"key":"jedi:angrymask"},{"floor":23.0,"key":"aspiration:ChemicalBlood"},{"floor":25.0,"key":"reliquary:BallBearing"},{"floor":26.0,"key":"trackpad:RapidFire"},{"floor":29.0,"key":"trackpad:ToughGloves"},{"floor":30.0,"key":"hubris:PeanutButter"},{"floor":38.0,"key":"wanderingMiniBosses:MasterThiefsPresence"},{"floor":41.0,"key":"WingedGreaves"},{"floor":42.0,"key":"MawBank"},{"floor":43.0,"key":"Bronze Scales"},{"floor":44.0,"key":"aspiration:TomeofQuesting"},{"floor":46.0,"key":"hubris:64BitClover"},{"floor":53.0,"key":"hubris:OldNail"},{"floor":58.0,"key":"reliquary:Buckler"},{"floor":61.0,"key":"strawberrySpire:ElefentMask"},{"floor":73,"key":"reliquary:SilkGlove"},{"floor":74,"key":"Regal Pillow"},{"floor":76,"key":"infinitespire:Lychee Nut"},{"floor":77,"key":"reliquary:Stiletto"},{"floor":79,"key":"HeavenlyBonsai"},{"floor":81,"key":"Meat on the Bone"},{"floor":88,"key":"Akabeko"},{"floor":88,"key":"BrokenLever"},{"floor":88,"key":"Torii"},{"floor":91,"key":"WizardHat"},{"floor":94,"key":"Old Coin"},{"floor":95,"key":"Pen Nib"},{"floor":103,"key":"jedi:HeartOfTheCards"},{"floor":106,"key":"hubris:TinFlute"},{"floor":110,"key":"reliquary:Sod"},{"floor":110,"key":"PokerPlayerMod:FairLicense"},{"floor":115,"key":"Toxic Egg 2"},{"floor":123,"key":"HornCleat"},{"floor":125,"key":"Blood Vial"},{"floor":125,"key":"reliquary:RoseTintedGlasses"},{"floor":126,"key":"reliquary:RosewoodLute"},{"floor":126,"key":"reliquary:Firecrackers"},{"floor":128,"key":"War Paint"},{"floor":131,"key":"hubris:ToyBattleship"},{"floor":135,"key":"Singing Bowl"},{"floor":141,"key":"trackpad:HandOfMidas"},{"floor":142,"key":"infinitespire:FocusingShard"},{"floor":142,"key":"PokerPlayerMod:Splitter"},{"floor":144,"key":"Pear"},{"floor":144,"key":"jedi:archwizardhat"},{"floor":145,"key":"Smiling Mask"},{"floor":146,"key":"Potion Belt"},{"floor":146,"key":"Thread and Needle"},{"floor":148,"key":"Shuriken"},{"floor":156,"key":"Frozen Egg 2"},{"floor":156,"key":"Bottled Flame"}],"event_choices":[{"damage_healed":0.0,"max_hp_gain":5.0,"max_hp_loss":0.0,"gold_gain":0.0,"event_name":"Big Fish","player_choice":"Donut","floor":2.0,"gold_loss":0.0,"damage_taken":0.0},{"damage_healed":0.0,"max_hp_gain":0.0,"max_hp_loss":0.0,"gold_gain":0.0,"event_name":"WeMeetAgain","player_choice":"Gave Potion","floor":7.0,"gold_loss":0.0,"damage_taken":0.0,"relics_obtained":["Potion Belt"]},{"damage_healed":0.0,"max_hp_gain":0.0,"max_hp_loss":0.0,"gold_gain":100.0,"event_name":"Golden Shrine","player_choice":"Pray","floor":22.0,"gold_loss":0.0,"damage_taken":0.0},{"cards_removed":["PokerPlayerMod:CardPrinter"],"damage_healed":0.0,"max_hp_gain":0.0,"max_hp_loss":0.0,"gold_gain":0.0,"event_name":"betterNote:BetterNote","player_choice":"Give","floor":27.0,"gold_loss":0.0,"damage_taken":0.0,"cards_obtained":["None"]},{"damage_healed":0.0,"max_hp_gain":0.0,"max_hp_loss":0.0,"gold_gain":0.0,"event_name":"Mysterious Sphere","player_choice":"Fight","floor":46.0,"gold_loss":0.0,"damage_taken":0.0},{"damage_healed":0.0,"max_hp_gain":0.0,"max_hp_loss":0.0,"gold_gain":0.0,"event_name":"Living Wall","player_choice":"Grow","floor":62.0,"gold_loss":0.0,"damage_taken":0.0,"cards_upgraded":["PokerPlayerMod:Spade2"]},{"damage_healed":0,"gold_gain":0,"player_choice":"Trade","damage_taken":0,"relics_obtained":["NlothsMask"],"max_hp_gain":0,"max_hp_loss":0,"event_name":"FaceTrader","floor":107,"gold_loss":0},{"damage_healed":0,"gold_gain":0,"player_choice":"Embrace Madness","damage_taken":27,"max_hp_gain":0,"max_hp_loss":0,"event_name":"Winding Halls","floor":139,"gold_loss":0,"cards_obtained":["Madness","Madness"]},{"damage_healed":0,"gold_gain":0,"player_choice":"Fight","damage_taken":0,"max_hp_gain":0,"max_hp_loss":0,"event_name":"MindBloom","floor":141,"gold_loss":0}],"is_beta":false,"boss_relics":[{"not_picked":["aspiration:SecretTechniqueScroll","Fusion Hammer"],"picked":"Philosopher\u0027s Stone"},{"not_picked":["aspiration:WatcherSkillbook","reliquary:WritOfMandamus"],"picked":"Busted Crown"},{"not_picked":["aspiration:IroncladSkillbook","sagemod:Falmels_Amulet"],"picked":"strawberrySpire:Dictionifier"},{"not_picked":["trackpad:StolenKidneys","Coffee Dripper"],"picked":"Astrolabe"},{"not_picked":["Sandwich","aspiration:IroncladSkillbook"],"picked":"Tiny House"},{"not_picked":["Fusion Hammer","reliquary:WritOfMandamus"],"picked":"Black Star"},{"not_picked":["aspiration:SilentSkillbook","reliquary:ThirdArm"],"picked":"Tiny House"},{"not_picked":["CosmicIsotope","SacredBark","Cursed Key"],"picked":"Sandwich"},{"not_picked":["aspiration:WatcherSkillbook","Red Circlet","Red Circlet"],"picked":"Coffee Dripper"}],"items_purged_floors":[28,40,71,71,92,113,127,132,149,149],"is_endless":true,"potions_floor_spawned":[4,10,12,16,19,20,24,33,36,39,42,44,46,47,52,54,55,58,63,64,74,79,80,86,95,98,101,110,118,125,126,141,146,152,156],"ascension_level":6}}