{"host":"bvp2uifzy1c463d9","time":1613876885,"event":{"mods":["AchievementEnabler","BaseMod","Better Note","Block Reminder","Bossed Relics","Colored Map","Colored Powertips","Highlight Path","Minty Spire (QoL Compilation)","Relic Sorter","Relic Stats","Replay The Spire","StSLib","The Blue Laboratory"],"gold_per_floor":[113,125,135,145,203,203,203],"floor_reached":6,"language":"ENG","playtime":313,"items_purged":[],"score":44,"play_id":"fd4dcea5-a7d9-4b5c-a216-1e828b81e5aa","local_time":"20210220210805","is_ascension_mode":true,"campfire_choices":[],"circlet_count":0,"master_deck":["Strike_B","Strike_B","Strike_B","Strike_B","Defend_B","Defend_B","Defend_B","Defend_B","Zap","Dualcast","Rip and Tear","Cold Snap","Conserve Battery","FIFO Queue","Consume"],"relics":["Snecko Eye","ReplayTheSpireMod:Shallot"],"acts_visited":["Exordium"],"potions_floor_usage":[],"damage_taken":[{"damage":9,"enemies":"Jaw Worm","floor":1,"turns":6},{"damage":8,"enemies":"2 Louse","floor":2,"turns":3},{"damage":4,"enemies":"Cultist","floor":3,"turns":3},{"damage":14,"enemies":"Exordium Wildlife","floor":4,"turns":4},{"damage":31,"enemies":"Lagavulin","floor":6,"turns":7}],"seed_played":"1804847333681318523","potions_obtained":[{"floor":3,"key":"blueLaboratory:BottledHope"}],"is_trial":false,"path_per_floor":["M","M","M","M","?","E"],"character_chosen":"DEFECT","items_purchased":[],"campfire_rested":0,"item_purchase_floors":[],"current_hp_per_floor":[66,58,54,40,22,0,0],"gold":203,"neow_bonus":"BOSS_RELIC","is_daily":false,"chose_seed":false,"campfire_upgraded":0,"win_rate":0.0,"timestamp":1613876885,"path_taken":["M","M","M","M","?","E"],"items_purchased_type":[],"build_version":"2020-12-22","purchased_purges":0,"victory":false,"max_hp_per_floor":[75,75,75,75,75,75,75],"relic_stats":{"counters":[5,23],"Snecko Eye":[35,41,55,30],"obtain_stats":[{"ReplayTheSpireMod:Shallot":5,"Snecko Eye":0,"Cracked Core":0},{"ReplayTheSpireMod:Shallot":4,"Snecko Eye":0,"Cracked Core":0},{"ReplayTheSpireMod:Shallot":16,"Snecko Eye":0,"Cracked Core":0}]},"card_choices":[{"not_picked":["Coolheaded","Rebound"],"picked":"Rip and Tear","floor":1},{"not_picked":["Gash","White Noise"],"picked":"Cold Snap","floor":2},{"not_picked":["Gash","Steam","FTL"],"picked":"SKIP","floor":3},{"not_picked":["Cold Snap","Steam"],"picked":"Conserve Battery","floor":4},{"not_picked":["Tempest","BasicCrystalCard"],"picked":"FIFO Queue","floor":5},{"not_picked":["Multi-Cast","Loop"],"picked":"Consume","floor":5}],"player_experience":265418,"relics_obtained":[{"floor":5,"key":"ReplayTheSpireMod:Shallot"}],"event_choices":[],"is_beta":false,"boss_relics":[],"items_purged_floors":[],"is_endless":false,"potions_floor_spawned":[3],"killed_by":"Lagavulin","ascension_level":3}}