{"host":"to2s10i0cynxbiqz","time":1613888737,"event":{"mods":["BaseMod","Colored Powertips","Highlight Path","Minty Spire (QoL Compilation)","Quick Restart","StSLib","slay the spire mod where everything is the same but ironclad has a cowboy hat"],"gold_per_floor":[110,121,121,121,0,35,35,55,55,93,129,141,153,178,190,202,202],"floor_reached":16,"language":"ZHS","playtime":314,"items_purged":["Defend_G"],"score":196,"play_id":"a2d5525a-3a3d-4434-b32c-525f60f8c4c1","local_time":"20210221142537","is_ascension_mode":true,"campfire_choices":[{"data":"Acrobatics","floor":7.0,"key":"SMITH"},{"floor":12,"key":"DIG"},{"floor":15,"key":"REST"}],"circlet_count":0,"master_deck":["Strike_G","Strike_G","Strike_G","Strike_G","Defend_G","Defend_G","Defend_G","Defend_G","Survivor","Neutralize","Backstab","Finisher+1","Acrobatics+1","Acrobatics","Outmaneuver","Phantasmal Killer","Infinite Blades"],"relics":["Ring of the Snake","NeowsBlessing","Golden Idol","Mango","Shovel","MawBank","Prayer Wheel"],"acts_visited":["Exordium"],"potions_floor_usage":[10,10,11,14],"damage_taken":[{"damage":0.0,"enemies":"2 Louse","floor":1.0,"turns":1.0},{"damage":0.0,"enemies":"Small Slimes","floor":2.0,"turns":1.0},{"damage":0.0,"enemies":"Gremlin Nob","floor":6.0,"turns":1.0},{"damage":0.0,"enemies":"Cultist","floor":8.0,"turns":4.0},{"damage":25,"enemies":"Lagavulin","floor":10,"turns":5},{"damage":0,"enemies":"Blue Slaver","floor":11,"turns":1},{"damage":9,"enemies":"Red Slaver","floor":14,"turns":3},{"damage":0,"enemies":"Hexaghost","floor":16,"turns":1}],"seed_played":"-596590469243137571","potions_obtained":[{"floor":1.0,"key":"CunningPotion"},{"floor":6.0,"key":"PowerPotion"},{"floor":10,"key":"AttackPotion"},{"floor":11,"key":"BlessingOfTheForge"}],"is_trial":false,"path_per_floor":["M","M","?","?","$","E","R","M","T","E","M","R","?","M","R","B"],"character_chosen":"THE_SILENT","items_purchased":["Acrobatics"],"campfire_rested":1,"item_purchase_floors":[5],"current_hp_per_floor":[63,63,56,56,56,70,70,70,70,45,45,45,45,36,59,59,59],"gold":202,"neow_bonus":"THREE_ENEMY_KILL","is_daily":false,"chose_seed":false,"campfire_upgraded":1,"win_rate":0.0,"timestamp":1613888737,"path_taken":["M","M","?","?","$","E","R","M","T","E","M","R","?","M","R","BOSS"],"items_purchased_type":["Card"],"build_version":"2020-12-22","purchased_purges":1,"victory":false,"max_hp_per_floor":[70,70,70,65,65,79,79,79,79,79,79,79,79,79,79,79,79],"card_choices":[{"not_picked":["Heel Hook","Prepared"],"picked":"Backstab","floor":1.0},{"not_picked":["Bane","All Out Attack"],"picked":"Finisher","floor":2.0},{"not_picked":["Prepared","Blur","Dodge and Roll"],"picked":"SKIP","floor":6.0},{"not_picked":["Cloak And Dagger","All Out Attack"],"picked":"Acrobatics","floor":8.0},{"not_picked":["Heel Hook","Blade Dance"],"picked":"Outmaneuver","floor":10},{"not_picked":["Acrobatics","Cloak And Dagger"],"picked":"Phantasmal Killer","floor":11},{"not_picked":["Finisher","Prepared"],"picked":"Infinite Blades","floor":14},{"not_picked":["Prepared","Dagger Spray","Sucker Punch"],"picked":"SKIP","floor":14}],"player_experience":272147,"relics_obtained":[{"floor":6.0,"key":"Mango"},{"floor":9.0,"key":"Shovel"},{"floor":10,"key":"MawBank"},{"floor":12,"key":"Prayer Wheel"}],"event_choices":[{"cards_removed":["Strike_G"],"damage_healed":0.0,"max_hp_gain":0.0,"max_hp_loss":0.0,"gold_gain":0.0,"event_name":"Golden Wing","player_choice":"Card Removal","floor":3.0,"gold_loss":0.0,"damage_taken":7.0},{"damage_healed":0.0,"max_hp_gain":0.0,"max_hp_loss":5.0,"gold_gain":0.0,"event_name":"Golden Idol","player_choice":"Lose Max HP","floor":4.0,"gold_loss":0.0,"damage_taken":0.0,"relics_obtained":["Golden Idol"]},{"damage_healed":0,"gold_gain":0,"player_choice":"Upgraded","damage_taken":0,"max_hp_gain":0,"max_hp_loss":0,"event_name":"Upgrade Shrine","floor":13,"gold_loss":0,"cards_upgraded":["Finisher"]}],"is_beta":false,"boss_relics":[],"items_purged_floors":[5],"is_endless":false,"potions_floor_spawned":[1,6,10,11],"killed_by":"Hexaghost","ascension_level":9}}