{"host":"g3js2eermvvpeiqn","time":1613877653,"event":{"mods":["BaseMod","DeckTracker","Downfall","Minty Spire (QoL Compilation)","Quick Restart","StSLib"],"gold_per_floor":[368,378,453,453,463,463,490,490,490,49,49,64,91,91,91,162,162,180,195,195,195,195,195,225,238,238,238,288,318,318,16,16,89,89,107,107,131,145,170,170,200,215,270,301,301,349,399,418,418,418,418,418,418,93,118,118],"floor_reached":57,"language":"ENG","playtime":4215,"items_purged":["Strike_R","Defend_R"],"score":3354,"play_id":"6ffbed6d-3209-4aed-af4a-7380710db937","local_time":"20210220212053","is_ascension_mode":true,"campfire_choices":[{"data":"Armaments","floor":6.0,"key":"SMITH"},{"data":"Bash","floor":8.0,"key":"SMITH"},{"data":"True Grit","floor":15.0,"key":"SMITH"},{"data":"Offering","floor":23.0,"key":"SMITH"},{"data":"Feel No Pain","floor":27.0,"key":"SMITH"},{"data":"Seeing Red","floor":32.0,"key":"SMITH"},{"floor":40,"key":"RECALL"},{"floor":49,"key":"REST"},{"floor":53,"key":"REST"}],"circlet_count":0,"master_deck":["AscendersBane","Strike_R","Strike_R","Defend_R","Defend_R+1","Defend_R","Bash+1","Dropkick","Armaments+1","Pommel Strike","True Grit+1","Power Through","Power Through+1","Offering+1","Shockwave","Dual Wield","Reaper","Seeing Red+1","Dropkick","Feel No Pain+1","Fiend Fire","Master of Strategy","Offering","Armaments+1","Limit Break","Sentinel","Corruption","Disarm","Dark Embrace","Body Slam"],"relics":["Burning Blood","Eternal Feather","White Beast Statue","FossilizedHelix","Bag of Preparation","Medical Kit","Dead Branch","SlaversCollar","Calipers","Kunai","Juzu Bracelet","Fusion Hammer","Guardian:GemstoneGun","Mercury Hourglass","Red Skull","Oddly Smooth Stone","Mango","HornCleat","Anchor"],"acts_visited":["Exordium","TheCity","TheBeyond","TheEnding"],"potions_floor_usage":[50,56],"damage_taken":[{"damage":6.0,"enemies":"Cultist","floor":1.0,"turns":4.0},{"damage":3.0,"enemies":"2 Louse","floor":2.0,"turns":4.0},{"damage":4.0,"enemies":"Jaw Worm","floor":5.0,"turns":5.0},{"damage":40.0,"enemies":"3 Sentries","floor":7.0,"turns":10.0},{"damage":0.0,"enemies":"Blue Slaver","floor":12.0,"turns":3.0},{"damage":24.0,"enemies":"Gremlin Nob","floor":13.0,"turns":4.0},{"damage":16.0,"enemies":"Hexaghost","floor":16.0,"turns":8.0},{"damage":1.0,"enemies":"Spheric Guardian","floor":18.0,"turns":6.0},{"damage":3.0,"enemies":"3 Byrds","floor":19.0,"turns":5.0},{"damage":6.0,"enemies":"Slavers","floor":24.0,"turns":5.0},{"damage":6.0,"enemies":"Shelled Parasite and Fungi","floor":25.0,"turns":5.0},{"damage":0.0,"enemies":"Book of Stabbing","floor":29.0,"turns":3.0},{"damage":7.0,"enemies":"Collector","floor":33.0,"turns":6.0},{"damage":0.0,"enemies":"Orb Walker","floor":35.0,"turns":2.0},{"damage":0,"enemies":"3 Shapes","floor":38,"turns":2},{"damage":6,"enemies":"Mind Bloom Boss Battle","floor":39,"turns":3},{"damage":6,"enemies":"Giant Head","floor":41,"turns":5},{"damage":6,"enemies":"Writhing Mass","floor":42,"turns":4},{"damage":0,"enemies":"Nemesis","floor":44,"turns":1},{"damage":6,"enemies":"2 Orb Walkers","floor":46,"turns":2},{"damage":6,"enemies":"Spire Growth","floor":48,"turns":1},{"damage":6,"enemies":"Time Eater","floor":50,"turns":3},{"damage":12,"enemies":"Awakened One","floor":51,"turns":4},{"damage":12,"enemies":"Shield and Spear","floor":55,"turns":2},{"damage":15,"enemies":"The Heart","floor":56,"turns":5}],"seed_played":"-4863097580097332653","potions_obtained":[{"floor":2.0,"key":"EntropicBrew"},{"floor":12.0,"key":"SteroidPotion"},{"floor":13.0,"key":"BloodPotion"},{"floor":16.0,"key":"ElixirPotion"},{"floor":18.0,"key":"Swift Potion"},{"floor":24.0,"key":"Fire Potion"},{"floor":29.0,"key":"ColorlessPotion"},{"floor":33.0,"key":"Weak Potion"},{"floor":41,"key":"GamblersBrew"},{"floor":55,"key":"GamblersBrew"}],"is_trial":false,"path_per_floor":["M","M","?","T","M","R","E","R","T","$","$","M","E","?","R","B",null,"M","M","?","?","?","R","E","M","T","R","?","E","?","$","R","B",null,"M","?","T","M","?","R","E","M","T","E","?","?","?","M","R","B","B",null,"R","$","E","B",null],"character_chosen":"IRONCLAD","items_purchased":["Bag of Preparation","Medical Kit","True Grit","Master of Strategy","HornCleat","SkillPotion"],"campfire_rested":2,"item_purchase_floors":[10,10,10,31,54,54],"current_hp_per_floor":[68,68,57,57,59,65,31,37,37,37,37,43,25,5,14,17,55,60,63,63,63,63,68,68,68,68,68,68,68,49,49,61,60,70,73,69,69,69,69,69,69,69,69,69,69,83,83,83,83,83,77,82,83,83,83,74],"gold":118,"neow_bonus":"TWO_FIFTY_GOLD","is_daily":false,"chose_seed":false,"campfire_upgraded":6,"win_rate":0.0,"timestamp":1613877653,"path_taken":["M","?","?","?","M","R","E","R","T","?","$","M","E","?","R","BOSS","M","M","?","?","?","R","E","M","T","R","?","E","?","$","R","BOSS","M","?","?","M","?","R","E","M","T","E","?","?","?","M","R","BOSS","BOSS","R","$","E","BOSS"],"items_purchased_type":["Relic","Relic","Card","Card","Relic","Potion"],"build_version":"2020-12-22","purchased_purges":2,"victory":true,"max_hp_per_floor":[68,68,68,68,68,68,68,68,68,68,68,68,68,68,68,68,68,68,68,68,68,68,68,68,68,68,68,68,68,73,73,73,73,73,73,69,69,69,69,69,69,69,69,69,69,83,83,83,83,83,83,83,83,83,83,83],"card_choices":[{"not_picked":["Clash","Anger"],"picked":"Dropkick","floor":1.0},{"not_picked":["Perfected Strike","Second Wind"],"picked":"Armaments","floor":2.0},{"not_picked":["Second Wind","Pummel"],"picked":"Pommel Strike","floor":5.0},{"not_picked":["Flex","Body Slam","Armaments"],"picked":"SKIP","floor":7.0},{"not_picked":["Hemokinesis","Headbutt"],"picked":"Power Through","floor":12.0},{"not_picked":["Spot Weakness","Twin Strike"],"picked":"Power Through","floor":13.0},{"not_picked":["Brutality","Double Tap"],"picked":"Offering","floor":16.0},{"not_picked":["Headbutt","Iron Wave"],"picked":"Shockwave","floor":18.0},{"not_picked":["Flame Barrier","Flex"],"picked":"Dual Wield","floor":19.0},{"not_picked":["Warcry","Wild Strike"],"picked":"Feel No Pain","floor":24.0},{"not_picked":["Iron Wave","Armaments"],"picked":"Fiend Fire","floor":25.0},{"not_picked":["Whirlwind","Spot Weakness","Uppercut"],"picked":"SKIP","floor":29.0},{"not_picked":["Feed","Double Tap"],"picked":"Offering","floor":33.0},{"not_picked":["Reckless Charge","Clash"],"picked":"Armaments+1","floor":35.0},{"not_picked":["Pommel Strike+1","Twin Strike","Cleave"],"picked":"SKIP","floor":38},{"not_picked":["Blood for Blood","Flame Barrier"],"picked":"Limit Break","floor":41},{"not_picked":["Clash","Dual Wield+1"],"picked":"Sentinel","floor":42},{"not_picked":["Body Slam+1","Sword Boomerang"],"picked":"Corruption","floor":44},{"not_picked":["Armaments","Pommel Strike"],"picked":"Disarm","floor":46},{"not_picked":["Clothesline","Thunderclap"],"picked":"Dark Embrace","floor":48},{"not_picked":["Inflame","Iron Wave"],"picked":"Body Slam","floor":55}],"player_experience":1518628,"relics_obtained":[{"floor":4.0,"key":"Eternal Feather"},{"floor":7.0,"key":"White Beast Statue"},{"floor":9.0,"key":"FossilizedHelix"},{"floor":13.0,"key":"Dead Branch"},{"floor":24.0,"key":"Calipers"},{"floor":26.0,"key":"Kunai"},{"floor":29.0,"key":"Juzu Bracelet"},{"floor":39,"key":"Guardian:GemstoneGun"},{"floor":41,"key":"Mercury Hourglass"},{"floor":43,"key":"Red Skull"},{"floor":44,"key":"Oddly Smooth Stone"},{"floor":46,"key":"Mango"},{"floor":55,"key":"Anchor"}],"event_choices":[{"damage_healed":0.0,"max_hp_gain":0.0,"max_hp_loss":0.0,"gold_gain":75.0,"event_name":"World of Goop","player_choice":"Gather Gold","floor":3.0,"gold_loss":0.0,"damage_taken":11.0},{"damage_healed":0.0,"max_hp_gain":0.0,"max_hp_loss":0.0,"gold_gain":0.0,"event_name":"Shining Light","player_choice":"Entered Light","floor":14.0,"gold_loss":0.0,"damage_taken":20.0,"cards_upgraded":["Power Through","Defend_R"]},{"damage_healed":0.0,"max_hp_gain":0.0,"max_hp_loss":0.0,"gold_gain":0.0,"cards_transformed":["Strike_R","Strike_R"],"event_name":"Drug Dealer","player_choice":"Became Test Subject","floor":20.0,"gold_loss":0.0,"damage_taken":0.0,"cards_obtained":["Reaper","Seeing Red"]},{"damage_healed":0.0,"max_hp_gain":0.0,"max_hp_loss":0.0,"gold_gain":0.0,"event_name":"The Library","player_choice":"Read","floor":21.0,"gold_loss":0.0,"damage_taken":0.0,"cards_obtained":["Dropkick"]},{"damage_healed":0.0,"max_hp_gain":0.0,"max_hp_loss":0.0,"gold_gain":50.0,"event_name":"Nest","player_choice":"Stole From Cult","floor":28.0,"gold_loss":0.0,"damage_taken":0.0},{"damage_healed":0.0,"max_hp_gain":5.0,"max_hp_loss":0.0,"gold_gain":0.0,"event_name":"Forgotten Altar","player_choice":"Shed Blood","floor":30.0,"gold_loss":0.0,"damage_taken":24.0},{"damage_healed":0.0,"max_hp_gain":0.0,"max_hp_loss":4.0,"gold_gain":0.0,"event_name":"Winding Halls","player_choice":"Max HP","floor":36.0,"gold_loss":0.0,"damage_taken":0.0},{"damage_healed":0,"gold_gain":0,"player_choice":"Fight","damage_taken":0,"max_hp_gain":0,"max_hp_loss":0,"event_name":"MindBloom","floor":39,"gold_loss":0},{"damage_healed":0,"gold_gain":0,"player_choice":"Ignored","damage_taken":0,"max_hp_gain":0,"max_hp_loss":0,"event_name":"Tomb of Lord Red Mask","floor":45,"gold_loss":0},{"damage_healed":0,"gold_gain":0,"player_choice":"Fight","damage_taken":0,"max_hp_gain":0,"max_hp_loss":0,"event_name":"Mysterious Sphere","floor":46,"gold_loss":0},{"damage_healed":0,"gold_gain":50,"player_choice":"Pray","damage_taken":0,"max_hp_gain":0,"max_hp_loss":0,"event_name":"Golden Shrine","floor":47,"gold_loss":0}],"is_beta":false,"boss_relics":[{"not_picked":["Snecko Eye","Runic Pyramid"],"picked":"SlaversCollar"},{"not_picked":["Black Blood","Coffee Dripper"],"picked":"Fusion Hammer"}],"items_purged_floors":[10,31],"is_endless":false,"potions_floor_spawned":[2,12,13,16,18,19,24,25,29,33,35,38,39,41,42,44,46,48,55],"ascension_level":20}}