{"host":"qc8h4lvnd2c314ki","time":1613896234,"event":{"mods":["AchievementEnabler","Act Like it!","BaseMod","Better Note","Curses Come First","Evolution","Friendly Minions","GifTheSpireLib","Highlight Path","Minty Spire (QoL Compilation)","Prisma Mod","Random Character Button","Reliquary","Spicy Shops","StSLib"],"gold_per_floor":[115,115,115,115,115,115,115,115,140,140,140,153,177,200,200,325,325,343,343,543,559,559,594,462,476,476,501,426,452,468,76,76,197,197,210,210,210,268,281,281,281,281],"floor_reached":41,"language":"ZHS","playtime":2934,"items_purged":[],"score":442,"play_id":"eb10d5e0-bb6c-451b-bdaf-7272a2c36d04","local_time":"20210221163034","daily_mods":["SealedDeck","Flight","Elite Swarm"],"is_ascension_mode":true,"campfire_choices":[{"floor":6.0,"key":"REST"},{"data":"Self Repair","floor":7.0,"key":"SMITH"},{"data":"Static Discharge","floor":8.0,"key":"SMITH"},{"data":"Genetic Algorithm","floor":10.0,"key":"SMITH"},{"data":"Defragment","floor":15.0,"key":"SMITH"},{"data":"Creative AI","floor":32,"key":"SMITH"},{"floor":40,"key":"REST"}],"circlet_count":0,"master_deck":["Conserve Battery","Cold Snap","Redo","Go for the Eyes+1","White Noise+1","Aggregate+1","Self Repair+1","Static Discharge+1","Genetic Algorithm+1","Defragment+1","Compile Driver","Chill","Creative AI+1","Sweeping Beam+1","Gash+1","Amplify","Impatience","Reprogram","Self Repair+1","Darkness+1","Force Field+1"],"relics":["Cracked Core","EVO:Axolotl","Golden Idol","reliquary:Stiletto","Omamori","Busted Crown","Torii","reliquary:WeakTea","Dream Catcher","reliquary:PorcupineQuills","Juzu Bracelet","Whetstone","Philosopher\u0027s Stone","Pocketwatch"],"acts_visited":["Exordium","TheCity","TheBeyond"],"potions_floor_usage":[],"damage_taken":[{"damage":10.0,"enemies":"Small Slimes","floor":1.0,"turns":4.0},{"damage":11.0,"enemies":"Jaw Worm","floor":12.0,"turns":4.0},{"damage":3.0,"enemies":"2 Louse","floor":13.0,"turns":3.0},{"damage":9.0,"enemies":"Blue Slaver","floor":14.0,"turns":3.0},{"damage":33.0,"enemies":"The Guardian","floor":16.0,"turns":9.0},{"damage":0.0,"enemies":"3 Byrds","floor":18.0,"turns":8.0},{"damage":0.0,"enemies":"Spheric Guardian","floor":21.0,"turns":3.0},{"damage":13.0,"enemies":"Gremlin Leader","floor":23.0,"turns":7.0},{"damage":2,"enemies":"Chosen and Byrds","floor":25,"turns":4},{"damage":6,"enemies":"Centurion and Healer","floor":27,"turns":7},{"damage":2,"enemies":"Snecko","floor":30,"turns":5},{"damage":40,"enemies":"Automaton","floor":33,"turns":7},{"damage":15,"enemies":"3 Darklings","floor":35,"turns":5},{"damage":64,"enemies":"2 Orb Walkers","floor":38,"turns":5},{"damage":7,"enemies":"3 Shapes","floor":39,"turns":4},{"damage":52,"enemies":"Reptomancer","floor":41,"turns":5}],"seed_played":"-2639325329961238613","potions_obtained":[{"floor":13.0,"key":"SmokeBomb"},{"floor":16.0,"key":"GamblersBrew"},{"floor":18.0,"key":"EssenceOfSteel"}],"is_trial":true,"path_per_floor":["M","?","?","?","$","R","R","R","T","R","?","M","M","M","R","B",null,"M","?","?","M","?","E","?","M","T","M","?","T","M","$","R","B",null,"M","?","?","?","M","R","E"],"character_chosen":"DEFECT","items_purchased":["Juzu Bracelet","Whetstone","Impatience"],"campfire_rested":2,"item_purchase_floors":[31,31,31],"current_hp_per_floor":[72,72,57,39,39,61,61,61,61,61,49,48,55,56,56,33,75,75,75,75,75,75,75,75,75,75,75,75,75,75,75,75,45,75,70,70,70,16,29,51,0,0],"gold":281,"neow_bonus":"","is_daily":false,"chose_seed":false,"campfire_upgraded":5,"win_rate":0.0,"timestamp":1613896234,"path_taken":["M","?","?","?","?","R","R","R","T","R","?","?","M","?","R","BOSS","M","?","?","?","?","E","?","?","T","M","?","?","M","$","R","BOSS","M","?","?","?","M","R","E"],"items_purchased_type":["Relic","Relic","Card"],"build_version":"2020-12-22","purchased_purges":0,"victory":false,"max_hp_per_floor":[75,75,75,75,75,75,75,75,75,75,75,75,75,75,75,75,75,75,75,75,75,75,75,75,75,75,75,75,75,75,75,75,75,75,75,75,75,75,75,75,75,75],"card_choices":[{"not_picked":["Rebound","Coolheaded"],"picked":"Stack","floor":1.0},{"not_picked":["Conserve Battery","Fusion"],"picked":"Compile Driver","floor":12.0},{"not_picked":["Stack","BootSequence"],"picked":"Chill","floor":13.0},{"not_picked":["Streamline","Compile Driver","Redo"],"picked":"SKIP","floor":14.0},{"not_picked":["Thunder Strike","Electrodynamics"],"picked":"Creative AI","floor":16.0},{"not_picked":[],"picked":"Sweeping Beam","floor":18.0},{"not_picked":[],"picked":"Gash","floor":21.0},{"not_picked":[],"picked":"Amplify","floor":23.0},{"not_picked":["Redo"],"picked":"SKIP","floor":25},{"not_picked":["Undo"],"picked":"SKIP","floor":27},{"not_picked":["Conserve Battery"],"picked":"SKIP","floor":30},{"not_picked":[],"picked":"Reprogram","floor":35},{"not_picked":[],"picked":"Darkness+1","floor":38},{"not_picked":[],"picked":"Force Field+1","floor":39}],"player_experience":503549,"relics_obtained":[{"floor":9.0,"key":"reliquary:Stiletto"},{"floor":23.0,"key":"Torii"},{"floor":26,"key":"Dream Catcher"},{"floor":29,"key":"reliquary:PorcupineQuills"},{"floor":38,"key":"Pocketwatch"}],"event_choices":[{"damage_healed":0.0,"max_hp_gain":0.0,"max_hp_loss":0.0,"gold_gain":0.0,"event_name":"Living Wall","player_choice":"Grow","floor":2.0,"gold_loss":0.0,"damage_taken":0.0,"cards_upgraded":["White Noise"]},{"damage_healed":0.0,"max_hp_gain":0.0,"max_hp_loss":0.0,"gold_gain":0.0,"event_name":"Shining Light","player_choice":"Entered Light","floor":3.0,"gold_loss":0.0,"damage_taken":15.0,"cards_upgraded":["Aggregate","Go for the Eyes"]},{"damage_healed":0.0,"max_hp_gain":0.0,"max_hp_loss":0.0,"gold_gain":0.0,"event_name":"Golden Idol","player_choice":"Take Damage","floor":4.0,"gold_loss":0.0,"damage_taken":18.0,"relics_obtained":["Golden Idol"]},{"damage_healed":0.0,"max_hp_gain":0.0,"max_hp_loss":0.0,"gold_gain":0.0,"event_name":"Scrap Ooze","player_choice":"Success","floor":11.0,"gold_loss":0.0,"damage_taken":12.0,"relics_obtained":["Omamori"]},{"damage_healed":0.0,"max_hp_gain":0.0,"max_hp_loss":0.0,"gold_gain":0.0,"event_name":"Back to Basics","player_choice":"Simplicity","floor":19.0,"gold_loss":0.0,"damage_taken":0.0,"cards_upgraded":[]},{"damage_healed":0.0,"max_hp_gain":0.0,"max_hp_loss":0.0,"gold_gain":200.0,"event_name":"Wheel of Change","player_choice":"Gold","floor":20.0,"gold_loss":0.0,"damage_taken":0.0},{"damage_healed":0.0,"max_hp_gain":0.0,"max_hp_loss":0.0,"gold_gain":0.0,"event_name":"Vampires","player_choice":"Ignored","floor":22.0,"gold_loss":0.0,"damage_taken":0.0},{"damage_healed":0.0,"max_hp_gain":0.0,"max_hp_loss":0.0,"gold_gain":0.0,"event_name":"WeMeetAgain","player_choice":"Paid Gold","floor":24.0,"gold_loss":132.0,"damage_taken":0.0,"relics_obtained":["reliquary:WeakTea"]},{"cards_removed":["Stack"],"damage_healed":0,"gold_gain":0,"player_choice":"Gave Gold","damage_taken":0,"max_hp_gain":0,"max_hp_loss":0,"event_name":"Beggar","floor":28,"gold_loss":75},{"damage_healed":0,"gold_gain":0,"player_choice":"Ignored","damage_taken":0,"max_hp_gain":0,"max_hp_loss":0,"event_name":"Tomb of Lord Red Mask","floor":36,"gold_loss":0},{"damage_healed":0,"gold_gain":0,"player_choice":"Copied","damage_taken":0,"max_hp_gain":0,"max_hp_loss":0,"event_name":"Duplicator","floor":37,"gold_loss":0,"cards_obtained":["Self Repair"]},{"damage_healed":0,"gold_gain":0,"player_choice":"Fight","damage_taken":0,"max_hp_gain":0,"max_hp_loss":0,"event_name":"Mysterious Sphere","floor":38,"gold_loss":0}],"is_beta":false,"boss_relics":[{"not_picked":["Coffee Dripper","FrozenCore"],"picked":"Busted Crown"},{"not_picked":["reliquary:Craggleroot","Fusion Hammer"],"picked":"Philosopher\u0027s Stone"}],"items_purged_floors":[],"is_endless":false,"potions_floor_spawned":[13,16,18,21,25,33,35,38],"killed_by":"Reptomancer","ascension_level":1}}