{"host":"sz8c8ni79nvzjmmg","time":1613932493,"event":{"mods":["AchievementEnabler","BaseMod","DeckTracker","Keyboard Shortcuts","Minty Spire (QoL Compilation)","SuperFastMode"],"gold_per_floor":[119,137,49,62,62,62,94,94,139,165,182,202,219,254,254,329,329,342,299,224,224,149,149,149,149,176,176,194,94,104,304,304,375,375,392,409,420,434,434,468,468,468,468],"floor_reached":42,"language":"KOR","playtime":1694,"items_purged":["Strike_B","Defend_B"],"score":1146,"play_id":"5d59bb17-75a5-477f-b2af-0c87cb7b3fdf","local_time":"20210222033453","is_ascension_mode":true,"campfire_choices":[{"data":"Buffer","floor":6.0,"key":"SMITH"},{"data":"Sunder","floor":8.0,"key":"SMITH"},{"data":"Biased Cognition","floor":15.0,"key":"SMITH"},{"data":"Recycle","floor":23.0,"key":"SMITH"},{"data":"Coolheaded","floor":25.0,"key":"SMITH"},{"data":"Capacitor","floor":27.0,"key":"SMITH"},{"data":"Capacitor","floor":32.0,"key":"SMITH"},{"floor":41,"key":"REST"}],"circlet_count":0,"master_deck":["AscendersBane","Defend_B","Defend_B","Zap","Dualcast","Buffer+1","Compile Driver","Chaos","Sunder+1","Coolheaded+1","Biased Cognition+1","Glacier","Cold Snap","Blizzard","Capacitor+1","Turbo","Consume+1","Chaos+1","Chaos+1","Glacier","Recycle+1","Capacitor+1","Chill","Coolheaded","Hologram+1","Parasite","Master of Strategy","Flash of Steel","Capacitor"],"relics":["Cracked Core","Happy Flower","Strawberry","Anchor","Prayer Wheel","Astrolabe","Blood Vial","Philosopher\u0027s Stone","PreservedInsect"],"acts_visited":["Exordium","TheCity","TheBeyond"],"potions_floor_usage":[],"damage_taken":[{"damage":8.0,"enemies":"Small Slimes","floor":1.0,"turns":5.0},{"damage":9.0,"enemies":"2 Louse","floor":2.0,"turns":3.0},{"damage":2.0,"enemies":"Jaw Worm","floor":4.0,"turns":3.0},{"damage":12.0,"enemies":"3 Sentries","floor":7.0,"turns":8.0},{"damage":0.0,"enemies":"Lagavulin","floor":10.0,"turns":7.0},{"damage":0.0,"enemies":"Exordium Wildlife","floor":11.0,"turns":3.0},{"damage":0.0,"enemies":"2 Fungi Beasts","floor":12.0,"turns":2.0},{"damage":4.0,"enemies":"Gremlin Gang","floor":13.0,"turns":6.0},{"damage":0.0,"enemies":"Gremlin Nob","floor":14.0,"turns":4.0},{"damage":31.0,"enemies":"The Guardian","floor":16.0,"turns":12.0},{"damage":0.0,"enemies":"Spheric Guardian","floor":18.0,"turns":5.0},{"damage":7.0,"enemies":"2 Thieves","floor":19.0,"turns":5.0},{"damage":4.0,"enemies":"Shelled Parasite and Fungi","floor":28.0,"turns":7.0},{"damage":3.0,"enemies":"Centurion and Healer","floor":30.0,"turns":7.0},{"damage":0.0,"enemies":"Collector","floor":33.0,"turns":14.0},{"damage":0.0,"enemies":"3 Darklings","floor":35.0,"turns":7.0},{"damage":0.0,"enemies":"3 Shapes","floor":36.0,"turns":4.0},{"damage":40.0,"enemies":"3 Darklings","floor":37.0,"turns":6.0},{"damage":20.0,"enemies":"Writhing Mass","floor":38.0,"turns":6.0},{"damage":0,"enemies":"Giant Head","floor":40,"turns":11},{"damage":80,"enemies":"Reptomancer","floor":42,"turns":2}],"seed_played":"-3406602150096316095","potions_obtained":[{"floor":4.0,"key":"Energy Potion"},{"floor":7.0,"key":"PotionOfCapacity"},{"floor":11.0,"key":"AttackPotion"},{"floor":14.0,"key":"DuplicationPotion"},{"floor":38.0,"key":"FairyPotion"}],"is_trial":false,"path_per_floor":["M","M","$","M","?","R","E","R","T","E","M","M","M","E","R","B",null,"M","M","?","?","$","R","T","R","T","R","M","$","M","?","R","B",null,"M","M","M","M","?","E","R","E"],"character_chosen":"DEFECT","items_purchased":["Sunder"],"campfire_rested":1,"item_purchase_floors":[3],"current_hp_per_floor":[56,47,47,45,50,50,38,38,45,45,45,45,41,41,41,10,65,65,58,58,58,58,58,58,58,58,58,56,56,55,55,55,57,77,79,81,43,25,15,17,41,0,0],"gold":468,"neow_bonus":"ONE_RANDOM_RARE_CARD","is_daily":false,"chose_seed":false,"campfire_upgraded":7,"win_rate":0.0,"timestamp":1613932493,"path_taken":["M","M","$","M","?","R","E","R","T","E","M","M","M","E","R","BOSS","M","M","?","?","$","R","?","R","T","R","?","$","M","?","R","BOSS","M","M","M","?","?","E","R","E"],"items_purchased_type":["Card"],"build_version":"2020-12-22","purchased_purges":2,"victory":false,"max_hp_per_floor":[71,71,71,71,76,76,76,76,83,83,83,83,83,83,83,83,83,83,83,83,83,83,83,83,83,83,83,83,83,83,83,83,83,83,83,83,83,83,83,83,83,83,83],"card_choices":[{"not_picked":["Steam Power","Hologram"],"picked":"Compile Driver","floor":1.0},{"not_picked":["Stack","Leap"],"picked":"Chaos","floor":2.0},{"not_picked":["Go for the Eyes","Conserve Battery"],"picked":"Coolheaded","floor":4.0},{"not_picked":["Sweeping Beam","Go for the Eyes"],"picked":"Biased Cognition","floor":7.0},{"not_picked":["Double Energy","Hello World"],"picked":"Glacier","floor":10.0},{"not_picked":["Chaos","Ball Lightning"],"picked":"Cold Snap","floor":11.0},{"not_picked":["Compile Driver","Go for the Eyes"],"picked":"Blizzard","floor":12.0},{"not_picked":["Redo","Conserve Battery"],"picked":"Capacitor","floor":13.0},{"not_picked":["Streamline","Lockon"],"picked":"Turbo","floor":14.0},{"not_picked":["Rebound","Leap","Beam Cell"],"picked":"SKIP","floor":18.0},{"not_picked":["Tempest","Scrape","Defragment"],"picked":"SKIP","floor":18.0},{"not_picked":["Ball Lightning","Streamline"],"picked":"Glacier","floor":19.0},{"not_picked":["Sweeping Beam","Melter","Redo"],"picked":"SKIP","floor":19.0},{"not_picked":["Beam Cell","Heatsinks","Go for the Eyes"],"picked":"SKIP","floor":28.0},{"not_picked":["Cold Snap","Gash","Sweeping Beam"],"picked":"SKIP","floor":28.0},{"not_picked":["Amplify","Steam"],"picked":"Capacitor","floor":30.0},{"not_picked":["Rebound+1","Turbo","Hello World"],"picked":"SKIP","floor":30.0},{"not_picked":["Hello World","Redo"],"picked":"Chill","floor":35.0},{"not_picked":["Steam","Cold Snap","Beam Cell+1"],"picked":"SKIP","floor":35.0},{"not_picked":["Steam+1","Streamline","Melter"],"picked":"SKIP","floor":36.0},{"not_picked":["Cold Snap","Darkness+1","Lockon"],"picked":"SKIP","floor":36.0},{"not_picked":["Turbo","Redo"],"picked":"Coolheaded","floor":37.0},{"not_picked":["Double Energy+1","Compile Driver"],"picked":"Hologram+1","floor":37.0},{"not_picked":["Consume","Steam","Sweeping Beam"],"picked":"SKIP","floor":38.0},{"not_picked":["Meteor Strike","Conserve Battery","Stack"],"picked":"SKIP","floor":38.0},{"not_picked":["Flash of Steel","Dramatic Entrance"],"picked":"Master of Strategy","floor":39},{"not_picked":["Transmutation","Swift Strike"],"picked":"Flash of Steel","floor":39},{"not_picked":["Conserve Battery","Steam"],"picked":"Capacitor","floor":40}],"player_experience":1251240,"relics_obtained":[{"floor":7.0,"key":"Happy Flower"},{"floor":9.0,"key":"Strawberry"},{"floor":10.0,"key":"Anchor"},{"floor":14.0,"key":"Prayer Wheel"},{"floor":26.0,"key":"Blood Vial"},{"floor":40,"key":"PreservedInsect"}],"event_choices":[{"damage_healed":0.0,"max_hp_gain":5.0,"max_hp_loss":0.0,"gold_gain":0.0,"event_name":"Big Fish","player_choice":"Donut","floor":5.0,"gold_loss":0.0,"damage_taken":0.0},{"cards_removed":["Defend_B"],"damage_healed":0.0,"max_hp_gain":0.0,"max_hp_loss":0.0,"gold_gain":0.0,"event_name":"Beggar","player_choice":"Gave Gold","floor":20.0,"gold_loss":75.0,"damage_taken":0.0},{"damage_healed":0.0,"max_hp_gain":0.0,"max_hp_loss":0.0,"gold_gain":0.0,"event_name":"The Library","player_choice":"Read","floor":21.0,"gold_loss":0.0,"damage_taken":0.0,"cards_obtained":["Recycle"]},{"damage_healed":0.0,"max_hp_gain":0.0,"max_hp_loss":0.0,"gold_gain":200.0,"event_name":"Wheel of Change","player_choice":"Gold","floor":31.0,"gold_loss":0.0,"damage_taken":0.0},{"damage_healed":0,"gold_gain":0,"player_choice":"Memory 3","damage_taken":10,"max_hp_gain":0,"max_hp_loss":0,"event_name":"SensoryStone","floor":39,"gold_loss":0}],"is_beta":false,"boss_relics":[{"not_picked":["Fusion Hammer","Runic Pyramid"],"picked":"Astrolabe"},{"not_picked":["SacredBark","Runic Dome"],"picked":"Philosopher\u0027s Stone"}],"items_purged_floors":[22,29],"is_endless":false,"potions_floor_spawned":[4,7,11,14,16,30,33,36,38],"killed_by":"Reptomancer","ascension_level":20}}