{"host":"ppqll9nf92xyjrj9","time":1613867292,"event":{"mods":["Act Like it!","Arknights","BaseMod","Bestiary","Better Third Choice","Bossed Relics","Curses Come First","Ekko","Evolution","Hermit","Jorbs\u0027s Wanderer Trilogy","Keyboard Shortcuts","Marked Mod","Minty Spire (QoL Compilation)","Relic Stats","Shapeshifter Mod","Spicy Shops","StS++","StSLib","The Marked","The Runesmith","Weighted Paths","【遗物卡牌】REMEMod"],"gold_per_floor":[118,118,118,136,136,165,165,194,194,223,239,239,267,302,302,398,398,418,438,438,39,129,149,74,107,160,192,45,445,458,475,475,575,575,590,607,624,634,652,687,687,717,717,743,743,794,794,12,12,12],"floor_reached":51,"language":"ENG","playtime":3366,"items_purged":[],"score":919,"play_id":"aef891b6-d5d5-42d5-8bda-aebf047e325f","local_time":"20210220162812","is_ascension_mode":true,"campfire_choices":[{"floor":7,"key":"REST"},{"data":"Transmutation","floor":12,"key":"SMITH"},{"floor":15,"key":"REST"},{"data":"hermit:Glare","floor":32,"key":"SMITH"},{"floor":45,"key":"REST"},{"data":"hermit:Cheat","floor":47,"key":"SMITH"},{"floor":49,"key":"REST"}],"circlet_count":0,"master_deck":["hermit:Strike_Hermit+1","hermit:Strike_Hermit+1","hermit:Strike_Hermit","hermit:Defend_Hermit","hermit:Defend_Hermit+1","hermit:Defend_Hermit","hermit:Defend_Hermit","hermit:Snapshot+1","hermit:Covet+1","Transmutation+1","Injury","hermit:Vantage","hermit:Misfire","hermit:Snipe","hermit:Glare+1","hermit:Quickdraw","hermit:SprayPray","hermit:RoundhouseKick","hermit:Misfire","hermit:GoldenBullet+1","hermit:Spite","hermit:Reprieve","hermit:CalledShot+1","hermit:Headshot+1","hermit:Cheat+1","hermit:FromBeyond","hermit:FlashPowder+1","hermit:Cheat+1","hermit:Gambit","hermit:LowProfile+1","hermit:Grudge","hermit:Combo+1"],"relics":["hermit:Momento","EVO:Axolotl","REME_ComplimentaryCards","StSpp:XCola","StSpp:BrokenTotem","Whetstone","White Beast Statue","Bronze Scales","hermit:Horseshoe","Astrolabe","Pocketwatch","Mercury Hourglass","Nunchaku","Dream Catcher","Orichalcum","Thread and Needle","Chemical X","Old Coin","Meat on the Bone","SlaversCollar","hermit:Spyglass","Calipers","StSpp:SailingBoat","StSpp:PetrifiedCaterpillar","CaptainsWheel","Strange Spoon","Kunai","Sling","Lantern"],"acts_visited":["Exordium","TheCity","TheBeyond"],"potions_floor_usage":[8,13,14,16,29,33,37,37,37,39,40,42,44,46],"damage_taken":[{"damage":12,"enemies":"Small Slimes","floor":1,"turns":5},{"damage":0,"enemies":"2 Louse","floor":4,"turns":2},{"damage":18,"enemies":"3 Sentries","floor":6,"turns":7},{"damage":6,"enemies":"Gremlin Nob","floor":8,"turns":3},{"damage":5,"enemies":"Lagavulin","floor":10,"turns":3},{"damage":0,"enemies":"Cultist","floor":11,"turns":3},{"damage":18,"enemies":"Gremlin Gang","floor":13,"turns":4},{"damage":11,"enemies":"3 Sentries","floor":14,"turns":6},{"damage":33,"enemies":"The Guardian","floor":16,"turns":8},{"damage":1,"enemies":"Chosen","floor":18,"turns":4},{"damage":0,"enemies":"3 Byrds","floor":19,"turns":3},{"damage":21,"enemies":"Centurion and Healer","floor":22,"turns":5},{"damage":1,"enemies":"Cultist and Chosen","floor":23,"turns":4},{"damage":15,"enemies":"Slavers","floor":25,"turns":3},{"damage":13,"enemies":"Gremlin Leader","floor":27,"turns":5},{"damage":13,"enemies":"Colosseum Slavers","floor":29,"turns":2},{"damage":0,"enemies":"Colosseum Nobs","floor":29,"turns":3},{"damage":3,"enemies":"Snake Plant","floor":30,"turns":4},{"damage":0,"enemies":"Shelled Parasite and Fungi","floor":31,"turns":2},{"damage":46,"enemies":"Automaton","floor":33,"turns":8},{"damage":2,"enemies":"3 Shapes","floor":35,"turns":3},{"damage":2,"enemies":"Orb Walker","floor":36,"turns":2},{"damage":7,"enemies":"Jaw Worm Horde","floor":37,"turns":3},{"damage":9,"enemies":"3 Darklings","floor":38,"turns":3},{"damage":1,"enemies":"Writhing Mass","floor":39,"turns":4},{"damage":26,"enemies":"Giant Head","floor":40,"turns":7},{"damage":36,"enemies":"Reptomancer","floor":42,"turns":4},{"damage":43,"enemies":"Nemesis","floor":44,"turns":5},{"damage":23,"enemies":"2 Orb Walkers","floor":46,"turns":3},{"damage":49,"enemies":"Donu and Deca","floor":50,"turns":8}],"seed_played":"-5305024764025581590","potions_obtained":[{"floor":5,"key":"EssenceOfSteel"},{"floor":5,"key":"Strength Potion"},{"floor":5,"key":"Energy Potion"},{"floor":8,"key":"PowerPotion"},{"floor":10,"key":"DuplicationPotion"},{"floor":13,"key":"Fire Potion"},{"floor":14,"key":"Energy Potion"},{"floor":16,"key":"FearPotion"},{"floor":25,"key":"LiquidMemories"},{"floor":29,"key":"hermit:Tonic"},{"floor":33,"key":"REME_GoldPotion"},{"floor":36,"key":"Explosive Potion"},{"floor":37,"key":"Swift Potion"},{"floor":38,"key":"DistilledChaos"},{"floor":39,"key":"LiquidBronze"},{"floor":40,"key":"SkillPotion"},{"floor":42,"key":"AttackPotion"},{"floor":44,"key":"SmokeBomb"},{"floor":46,"key":"SpeedPotion"}],"is_trial":false,"path_per_floor":["M","?","?","M","?","E","R","E","T","E","M","R","M","E","R","B",null,"M","M","T","$","M","M","?","E","T","E","$","?","M","M","R","B",null,"M","M","M","M","M","E","?","E","T","E","R","?","R","$","R","B",null],"character_chosen":"HERMIT","items_purchased":["Mercury Hourglass","Nunchaku","Chemical X","Strange Spoon","Kunai","hermit:Grudge","Sling","Lantern"],"campfire_rested":4,"item_purchase_floors":[21,21,28,48,48,48,48,48],"current_hp_per_floor":[77,59,52,52,52,34,60,54,54,49,49,49,31,20,46,13,89,88,88,88,88,67,66,66,51,51,46,46,45,50,50,50,28,89,87,85,78,77,88,62,62,42,42,23,48,49,49,49,74,49],"gold":12,"neow_bonus":"TWENTY_PERCENT_HP_BONUS","is_daily":false,"chose_seed":false,"campfire_upgraded":3,"win_rate":0.0,"timestamp":1613867292,"path_taken":["M","?","?","M","?","E","R","E","T","E","M","R","M","E","R","BOSS","M","M","?","$","M","?","?","E","T","E","$","?","M","M","R","BOSS","M","M","M","M","M","E","?","E","T","E","R","?","R","$","R","BOSS"],"items_purchased_type":["Relic","Relic","Relic","Relic","Relic","Card","Relic","Relic"],"build_version":"2020-12-22","purchased_purges":0,"victory":true,"max_hp_per_floor":[89,89,89,89,89,89,89,89,89,89,89,89,89,89,89,89,89,89,89,89,89,89,89,89,89,89,89,89,89,89,89,89,89,89,89,89,89,89,89,89,85,85,85,85,85,85,85,85,85,85],"relic_stats":{"counters":[30,126],"Astrolabe":[],"Whetstone":["hermit:Snapshot","hermit:Strike_Hermit"],"Orichalcum":[90],"Mercury Hourglass":[360],"Strange Spoon":[10],"Nunchaku":[22],"Dream Catcher":2,"Bronze Scales":[394],"Chemical X":[15],"Kunai":[5],"obtain_stats":[{"Lantern":48,"Calipers":42,"EVO:Axolotl":0,"Whetstone":8,"StSpp:PetrifiedCaterpillar":44,"Sling":48,"Old Coin":29,"Nunchaku":21,"Dream Catcher":25,"Chemical X":28,"Kunai":48,"StSpp:XCola":3,"hermit:Spyglass":40,"Astrolabe":17,"Thread and Needle":27,"StSpp:SailingBoat":43,"Orichalcum":26,"White Beast Statue":9,"Mercury Hourglass":21,"SlaversCollar":34,"Strange Spoon":48,"CaptainsWheel":46,"Bronze Scales":10,"StSpp:BrokenTotem":6,"hermit:Horseshoe":14,"hermit:Momento":0,"REME_ComplimentaryCards":0,"Pocketwatch":20,"Meat on the Bone":29},{"Lantern":29,"Calipers":27,"EVO:Axolotl":0,"Whetstone":4,"StSpp:PetrifiedCaterpillar":28,"Sling":29,"Old Coin":17,"Nunchaku":11,"Dream Catcher":14,"Chemical X":15,"Kunai":29,"StSpp:XCola":1,"hermit:Spyglass":26,"Astrolabe":9,"Thread and Needle":15,"StSpp:SailingBoat":27,"Orichalcum":14,"White Beast Statue":4,"Mercury Hourglass":11,"SlaversCollar":20,"Strange Spoon":29,"CaptainsWheel":29,"Bronze Scales":5,"StSpp:BrokenTotem":3,"hermit:Horseshoe":8,"hermit:Momento":0,"REME_ComplimentaryCards":0,"Pocketwatch":11,"Meat on the Bone":17},{"Lantern":118,"Calipers":110,"EVO:Axolotl":0,"Whetstone":17,"StSpp:PetrifiedCaterpillar":115,"Sling":118,"Old Coin":70,"Nunchaku":48,"Dream Catcher":60,"Chemical X":65,"Kunai":118,"StSpp:XCola":5,"hermit:Spyglass":106,"Astrolabe":41,"Thread and Needle":65,"StSpp:SailingBoat":110,"Orichalcum":60,"White Beast Statue":17,"Mercury Hourglass":48,"SlaversCollar":84,"Strange Spoon":118,"CaptainsWheel":118,"Bronze Scales":20,"StSpp:BrokenTotem":14,"hermit:Horseshoe":33,"hermit:Momento":0,"REME_ComplimentaryCards":0,"Pocketwatch":48,"Meat on the Bone":70}],"Pocketwatch":[27],"Meat on the Bone":60},"card_choices":[{"not_picked":["hermit:HoleUp","hermit:CalledShot"],"picked":"hermit:Vantage","floor":1},{"not_picked":["hermit:HoleUp","hermit:NoHoldsBarred","hermit:Dive"],"picked":"SKIP","floor":4},{"not_picked":["hermit:Coalescence","hermit:CursedWeapon"],"picked":"hermit:Misfire","floor":6},{"not_picked":["hermit:Dive","hermit:NoHoldsBarred"],"picked":"hermit:Snipe","floor":8},{"not_picked":["hermit:SprayPray","hermit:TrackingShot"],"picked":"hermit:Glare","floor":10},{"not_picked":["hermit:Vantage","hermit:Feint"],"picked":"hermit:Quickdraw","floor":11},{"not_picked":["hermit:EternalForm","hermit:Shortfuse","hermit:BigShot"],"picked":"SKIP","floor":13},{"not_picked":["hermit:HoleUp","hermit:Vantage"],"picked":"hermit:SprayPray","floor":14},{"not_picked":["hermit:Gambit","hermit:Roughhouse"],"picked":"hermit:RoundhouseKick","floor":16},{"not_picked":["hermit:NoHoldsBarred","hermit:Snipe"],"picked":"hermit:Misfire","floor":18},{"not_picked":["hermit:HighCaliber","hermit:Coalescence"],"picked":"hermit:GoldenBullet+1","floor":19},{"not_picked":["hermit:Misfire","hermit:HoleUp+1"],"picked":"hermit:Spite","floor":22},{"not_picked":["hermit:Vantage+1","hermit:Shortfuse"],"picked":"hermit:Reprieve","floor":23},{"not_picked":["hermit:HoleUp","hermit:Dive","hermit:PistolWhip"],"picked":"SKIP","floor":25},{"not_picked":["hermit:Quickdraw","hermit:CalledShot+1","hermit:GoldenBullet"],"picked":"SKIP","floor":27},{"not_picked":["hermit:TrackingShot","hermit:Snipe+1"],"picked":"hermit:CalledShot+1","floor":29},{"not_picked":["hermit:Spite","hermit:Brawl"],"picked":"hermit:Headshot+1","floor":30},{"not_picked":["hermit:Roulette","hermit:Horror"],"picked":"hermit:Cheat","floor":31},{"not_picked":["hermit:HighNoon","hermit:Magnum"],"picked":"hermit:FromBeyond","floor":33},{"not_picked":["hermit:Feint","hermit:Snipe+1","hermit:Misfire"],"picked":"SKIP","floor":35},{"not_picked":["hermit:Deadeye","hermit:LowProfile"],"picked":"hermit:FlashPowder+1","floor":36},{"not_picked":["hermit:Deadeye+1","hermit:Brawl","hermit:Manifest"],"picked":"SKIP","floor":37},{"not_picked":["hermit:Midnight","hermit:TrackingShot","hermit:CalledShot"],"picked":"SKIP","floor":38},{"not_picked":["hermit:CalledShot+1","hermit:Virtue+1","hermit:Headshot+1"],"picked":"SKIP","floor":39},{"not_picked":["hermit:BodyArmor","hermit:NoHoldsBarred","hermit:Roulette"],"picked":"SKIP","floor":40},{"not_picked":["hermit:Dive","hermit:Gestalt"],"picked":"hermit:Cheat+1","floor":42},{"not_picked":["hermit:Coalescence+1","hermit:Purgatory"],"picked":"hermit:Gambit","floor":44},{"not_picked":["hermit:Vantage+1","hermit:Dive"],"picked":"hermit:LowProfile+1","floor":45},{"not_picked":["hermit:Misfire+1","hermit:HighCaliber+1"],"picked":"hermit:Combo+1","floor":49}],"player_experience":138184,"relics_obtained":[{"floor":6,"key":"StSpp:BrokenTotem"},{"floor":8,"key":"Whetstone"},{"floor":9,"key":"White Beast Statue"},{"floor":10,"key":"Bronze Scales"},{"floor":14,"key":"hermit:Horseshoe"},{"floor":20,"key":"Pocketwatch"},{"floor":25,"key":"Dream Catcher"},{"floor":26,"key":"Orichalcum"},{"floor":27,"key":"Thread and Needle"},{"floor":29,"key":"Old Coin"},{"floor":29,"key":"Meat on the Bone"},{"floor":40,"key":"hermit:Spyglass"},{"floor":42,"key":"Calipers"},{"floor":43,"key":"StSpp:SailingBoat"},{"floor":44,"key":"StSpp:PetrifiedCaterpillar"},{"floor":46,"key":"CaptainsWheel"}],"event_choices":[{"damage_healed":77,"gold_gain":0,"player_choice":"Upgrade","damage_taken":18,"max_hp_gain":0,"max_hp_loss":89,"event_name":"betterThird:BetterShining","floor":2,"gold_loss":0,"cards_upgraded":["hermit:Strike_Hermit","hermit:Defend_Hermit"]},{"damage_healed":0,"gold_gain":0,"player_choice":"Relic ","damage_taken":7,"max_hp_gain":0,"max_hp_loss":0,"event_name":"betterThird:BetterScrap","floor":3,"gold_loss":0,"cards_obtained":["Demon Form"]},{"damage_healed":0,"gold_gain":0,"player_choice":"Got Potions","damage_taken":0,"max_hp_gain":0,"max_hp_loss":0,"event_name":"Lab","floor":5,"gold_loss":0},{"cards_removed":["hermit:Strike_Hermit"],"damage_healed":0,"gold_gain":0,"player_choice":"Gave Gold","damage_taken":0,"max_hp_gain":0,"max_hp_loss":0,"event_name":"Beggar","floor":24,"gold_loss":75},{"damage_healed":0,"gold_gain":0,"player_choice":"Fight","damage_taken":0,"max_hp_gain":0,"max_hp_loss":0,"event_name":"Colosseum","floor":29,"gold_loss":0},{"damage_healed":0,"gold_gain":0,"player_choice":"Fought Nobs","damage_taken":0,"max_hp_gain":0,"max_hp_loss":0,"event_name":"Colosseum","floor":29,"gold_loss":0},{"damage_healed":0,"gold_gain":0,"player_choice":"Max HP","damage_taken":0,"max_hp_gain":0,"max_hp_loss":4,"event_name":"Winding Halls","floor":41,"gold_loss":0},{"damage_healed":0,"gold_gain":0,"player_choice":"Fight","damage_taken":0,"max_hp_gain":0,"max_hp_loss":0,"event_name":"Mysterious Sphere","floor":46,"gold_loss":0}],"is_beta":false,"boss_relics":[{"not_picked":["StSpp:Balance","StSpp:FireArrow"],"picked":"Astrolabe"},{"not_picked":["Cursed Key","hermit:ClaspedLocket"],"picked":"SlaversCollar"}],"items_purged_floors":[],"is_endless":false,"potions_floor_spawned":[8,10,11,13,14,16,18,19,22,23,25,27,29,29,30,31,33,35,36,37,38,39,40,42,44,46],"ascension_level":1}}