{"host":"trw84khdytc0ixrp","time":1613920304,"event":{"mods":["BaseMod","Downfall","Hermit","Jorbs\u0027s Wanderer Trilogy","Minty Spire (QoL Compilation)","StSLib","The Cursed","The Disciple"],"gold_per_floor":[112,37,57,68,86,86,111,111,111,111,143,154,168,187,187,290,290,307,307,307,307,106,141,141,141,194,194,119,22,22,69,69,171,171,185,42,42,73,105,105,105],"floor_reached":40,"language":"ENG","playtime":5687,"items_purged":["downfall:Aged","Strike_Br","Strike_Br"],"score":507,"play_id":"5f538b3c-e8c9-447a-89e8-dc8d6a4ddd83","local_time":"20210221161144","is_ascension_mode":false,"campfire_choices":[{"data":"LockedWarPaint","floor":6.0,"key":"SMITH"},{"floor":10.0,"key":"REST"},{"data":"LockedPlans","floor":15.0,"key":"SMITH"},{"data":"Flay","floor":27,"key":"SMITH"},{"data":"LockedTornado","floor":30,"key":"SMITH"},{"floor":32,"key":"REST"}],"circlet_count":0,"master_deck":["Strike_Br","Defend_Br","Defend_Br+1","SecondHand+1","PatternShift+1","ExoVibe","LockedWarPaint+1","BlueShift","HandsUpC","LockedPlans+1","HandsUpC","Echoward","Engulf","LockedPlans","LockedAstrolabe","LockedTornado+1","Engulf","HandsUpB+1","LockedMawBank","LockedOrichalcum","ReapSow","Flay+1","HandsUpC","LockedTurtyl","Fragmentalize","LockedBlood","Flay+1","LockedScales","DaylightSavings+2"],"relics":["Chronograph","Bird Faced Urn","Smiling Mask","Bottled Tornado","WaitingRoom","Sozu","Enchiridion","Orrery","Question Card","Turnip","War Paint","Membership Card"],"acts_visited":["Exordium","TheCity","TheBeyond"],"potions_floor_usage":[23,23,40],"damage_taken":[{"damage":4.0,"enemies":"Small Slimes","floor":1.0,"turns":5.0},{"damage":1.0,"enemies":"Jaw Worm","floor":3.0,"turns":6.0},{"damage":1.0,"enemies":"2 Louse","floor":4.0,"turns":4.0},{"damage":4.0,"enemies":"Large Slime","floor":5.0,"turns":14.0},{"damage":26.0,"enemies":"Gremlin Nob","floor":7.0,"turns":6.0},{"damage":0.0,"enemies":"Lagavulin","floor":11.0,"turns":8.0},{"damage":6.0,"enemies":"2 Fungi Beasts","floor":12.0,"turns":5.0},{"damage":11.0,"enemies":"3 Louse","floor":13.0,"turns":4.0},{"damage":0.0,"enemies":"Red Slaver","floor":14.0,"turns":5.0},{"damage":0.0,"enemies":"The Guardian","floor":16.0,"turns":15.0},{"damage":0,"enemies":"Chosen","floor":18,"turns":10},{"damage":26,"enemies":"Gremlin Leader","floor":23,"turns":7},{"damage":40,"enemies":"Slavers","floor":31,"turns":10},{"damage":8,"enemies":"Collector","floor":33,"turns":8},{"damage":0,"enemies":"3 Shapes","floor":35,"turns":4},{"damage":18,"enemies":"3 Darklings","floor":38,"turns":7},{"damage":15,"enemies":"Jaw Worm Horde","floor":39,"turns":3},{"damage":86,"enemies":"Reptomancer","floor":40,"turns":7}],"seed_played":"5135242528699839703","potions_obtained":[{"floor":1.0,"key":"BlessingOfTheForge"},{"floor":7.0,"key":"BlessingOfTheForge"},{"floor":13.0,"key":"GamblersBrew"},{"floor":14.0,"key":"Strength Potion"}],"is_trial":false,"path_per_floor":["M","$","M","M","M","R","E","?","T","R","E","M","M","M","R","B",null,"M","?","?","?","$","E","?","?","T","R","?","$","R","E","R","B",null,"M","$","?","M","M","E"],"character_chosen":"CHRONO_CLASS","items_purchased":["Orrery","HandsUpC","Membership Card"],"campfire_rested":2,"item_purchase_floors":[22,29,36],"current_hp_per_floor":[61,61,60,61,59,59,35,22,22,41,45,45,40,46,46,52,65,65,65,65,49,49,37,37,37,37,37,37,37,37,13,32,40,65,65,65,65,65,58,0,0],"gold":105,"neow_bonus":"ONE_RARE_RELIC","is_daily":false,"chose_seed":false,"campfire_upgraded":4,"win_rate":0.0,"timestamp":1613920304,"path_taken":["M","$","M","M","M","R","E","?","T","R","E","M","M","M","R","BOSS","M","?","?","?","$","E","?","?","T","R","?","?","R","E","R","BOSS","M","$","?","?","M","E"],"items_purchased_type":["Relic","Card","Relic"],"build_version":"2020-12-22","purchased_purges":3,"victory":false,"max_hp_per_floor":[65,65,65,65,65,65,65,65,65,65,65,65,65,65,65,65,65,65,65,65,65,65,65,65,65,65,65,65,65,65,65,65,65,65,65,65,65,65,65,65,65],"card_choices":[{"not_picked":["AlternateTimeline","Analog"],"picked":"ExoVibe","floor":1.0},{"not_picked":["WatchCommand","BlueShift"],"picked":"LockedWarPaint","floor":3.0},{"not_picked":["PrimeTime","HandsUpC"],"picked":"BlueShift","floor":4.0},{"not_picked":["LockedUrn","LockedMedicine"],"picked":"HandsUpC","floor":5.0},{"not_picked":["Break","Engulf"],"picked":"LockedTornado","floor":7.0},{"not_picked":["DaylightSavings","LockedAnchor"],"picked":"LockedPlans","floor":11.0},{"not_picked":["Engulf","LockedWarPaint","Parity"],"picked":"SKIP","floor":12.0},{"not_picked":["LockedWarPaint","Fragmentalize"],"picked":"HandsUpC","floor":13.0},{"not_picked":["LockedAnchor","WakeUpCall"],"picked":"Echoward","floor":14.0},{"not_picked":["Pendulum","OracleForm"],"picked":"Echonomics","floor":16.0},{"not_picked":["LockedAnchor","Parity"],"picked":"Engulf","floor":18},{"not_picked":["HandsUpC","ShortSighted"],"picked":"Engulf","floor":22},{"not_picked":["LockedWarPaint","TickedOff"],"picked":"HandsUpB","floor":22},{"not_picked":["ReapSow","ResonantCall"],"picked":"LockedMawBank","floor":22},{"not_picked":["Chronoelasticity","TickedOff"],"picked":"LockedOrichalcum","floor":22},{"not_picked":["LockedPlans","AlternateTimeline"],"picked":"ReapSow","floor":22},{"not_picked":["Cuckoo+1","Echoward"],"picked":"Flay","floor":23},{"not_picked":["LockedMedicine","ReapSow","PrimeTime"],"picked":"LockedTurtyl","floor":31},{"not_picked":["Pendulum","Chronoelasticity","Echonomics"],"picked":"Fragmentalize","floor":33},{"not_picked":["ReapSow","CrunchTime","ExoVibe"],"picked":"LockedBlood","floor":35},{"not_picked":["WindUp+1","LockedOrichalcum+1","LockedCalendar"],"picked":"LockedScales","floor":38},{"not_picked":["LockedMawBank","HandsUpB+1","BlueShift+1"],"picked":"DaylightSavings+1","floor":39}],"player_experience":174305,"relics_obtained":[{"floor":7.0,"key":"Smiling Mask"},{"floor":9.0,"key":"Bottled Tornado"},{"floor":11.0,"key":"WaitingRoom"},{"floor":21,"key":"Enchiridion"},{"floor":23,"key":"Question Card"},{"floor":31,"key":"War Paint"}],"event_choices":[{"damage_healed":0.0,"max_hp_gain":0.0,"max_hp_loss":0.0,"gold_gain":0.0,"event_name":"Shining Light","player_choice":"Entered Light","floor":8.0,"gold_loss":0.0,"damage_taken":13.0,"cards_upgraded":["PatternShift","Defend_Br"]},{"damage_healed":0,"gold_gain":0,"cards_transformed":["Defend_Br","Defend_Br"],"player_choice":"Became Test Subject","damage_taken":0,"max_hp_gain":0,"max_hp_loss":0,"event_name":"Drug Dealer","floor":19,"gold_loss":0,"cards_obtained":["LockedPlans","VestedLegacy"]},{"damage_healed":0,"gold_gain":0,"player_choice":"Obtained Book","damage_taken":16,"max_hp_gain":0,"max_hp_loss":0,"event_name":"Cursed Tome","floor":21,"gold_loss":0},{"cards_removed":["Strike_Br"],"damage_healed":0,"gold_gain":0,"player_choice":"Elegance","damage_taken":0,"max_hp_gain":0,"max_hp_loss":0,"event_name":"Back to Basics","floor":24,"gold_loss":0},{"damage_healed":0,"gold_gain":0,"player_choice":"Opened","damage_taken":0,"relics_obtained":["Turnip"],"max_hp_gain":0,"max_hp_loss":0,"event_name":"The Mausoleum","floor":25,"gold_loss":0},{"cards_removed":["LockedTornado"],"damage_healed":0,"gold_gain":0,"player_choice":"Gave Gold","damage_taken":0,"max_hp_gain":0,"max_hp_loss":0,"event_name":"Beggar","floor":28,"gold_loss":75},{"damage_healed":0,"gold_gain":0,"player_choice":"Copied","damage_taken":0,"max_hp_gain":0,"max_hp_loss":0,"event_name":"Duplicator","floor":37,"gold_loss":0,"cards_obtained":["Flay"]}],"is_beta":false,"boss_relics":[{"not_picked":["Ectoplasm","Empty Cage"],"picked":"Sozu"},{"not_picked":["Pandora\u0027s Box","Fusion Hammer"],"picked":"Chronograph"}],"items_purged_floors":[2,22,29],"is_endless":false,"potions_floor_spawned":[1,7,13,14,23,33],"killed_by":"Reptomancer","ascension_level":0}}