{"host":"py7qdianp3jrm8dm","time":1613919381,"event":{"mods":["AchievementEnabler","BaseMod","Bestiary","Downfall","Highlight Path","Minty Spire (QoL Compilation)","StSLib"],"gold_per_floor":[111,131,47,62,78,89,103,103,103,103,117,137,137,164,164,266,266,279,294,310,326,336,336,356,356,356,366,366,378,378,413,413,413,413],"floor_reached":33,"language":"ENG","playtime":1648,"items_purged":[],"score":257,"play_id":"9997e461-f71b-425d-a59e-fc8299c89ce6","local_time":"20210221145621","is_ascension_mode":false,"campfire_choices":[{"data":"Spot Weakness","floor":8,"key":"SMITH"},{"data":"Perfected Strike","floor":10,"key":"SMITH"},{"data":"Inflame","floor":13,"key":"SMITH"},{"data":"Heavy Blade","floor":15,"key":"SMITH"},{"floor":23,"key":"REST"},{"data":"Uppercut","floor":25,"key":"SMITH"},{"floor":28,"key":"REST"},{"floor":30,"key":"REST"},{"data":"Perfected Strike","floor":32,"key":"SMITH"}],"circlet_count":0,"master_deck":["Strike_R","Strike_R","Strike_R","Strike_R","Strike_R","Defend_R","Defend_R","Defend_R","Defend_R","Bash","Headbutt","Perfected Strike+1","Trip","Spot Weakness+1","Uppercut+1","Clash","Twin Strike","Thunderclap","Inflame+1","Heavy Blade+1","Fiend Fire","Pommel Strike","Spot Weakness","Perfected Strike+1","Twin Strike+1"],"relics":["Burning Blood"],"acts_visited":["Exordium","TheCity"],"potions_floor_usage":[31,33],"damage_taken":[{"damage":6,"enemies":"Jaw Worm","floor":1,"turns":3},{"damage":6,"enemies":"2 Louse","floor":2,"turns":2},{"damage":0,"enemies":"Small Slimes","floor":4,"turns":2},{"damage":10,"enemies":"Looter","floor":5,"turns":3},{"damage":12,"enemies":"Gremlin Gang","floor":6,"turns":4},{"damage":13,"enemies":"Red Slaver","floor":7,"turns":2},{"damage":7,"enemies":"Large Slime","floor":11,"turns":3},{"damage":7,"enemies":"3 Louse","floor":12,"turns":3},{"damage":18,"enemies":"Lagavulin","floor":14,"turns":3},{"damage":7,"enemies":"Slime Boss","floor":16,"turns":6},{"damage":5,"enemies":"Chosen","floor":18,"turns":3},{"damage":10,"enemies":"Spheric Guardian","floor":19,"turns":3},{"damage":21,"enemies":"Snake Plant","floor":20,"turns":2},{"damage":9,"enemies":"Centurion and Healer","floor":21,"turns":3},{"damage":40,"enemies":"Shelled Parasite and Fungi","floor":22,"turns":4},{"damage":26,"enemies":"Cultist and Chosen","floor":24,"turns":5},{"damage":21,"enemies":"Snake Plant","floor":27,"turns":2},{"damage":30,"enemies":"Sentry and Sphere","floor":29,"turns":4},{"damage":6,"enemies":"Masked Bandits","floor":31,"turns":3},{"damage":72,"enemies":"Collector","floor":33,"turns":7}],"seed_played":"-5372644801594937345","potions_obtained":[{"floor":2,"key":"PowerPotion"},{"floor":5,"key":"EntropicBrew"},{"floor":6,"key":"AttackPotion"},{"floor":18,"key":"Strength Potion"},{"floor":21,"key":"FearPotion"}],"is_trial":false,"path_per_floor":["M","M","$","M","M","M","M","R","T","R","M","M","R","E","R","B",null,"M","M","M","M","M","R","M","R","T","M","R","M","R","?","R","B"],"character_chosen":"IRONCLAD","items_purchased":["Trip"],"campfire_rested":3,"item_purchase_floors":[3],"current_hp_per_floor":[88,88,88,88,84,78,71,71,71,71,70,69,69,57,57,56,88,88,84,69,66,32,58,38,38,38,23,49,25,51,51,51,0,0],"gold":413,"neow_bonus":"TEN_PERCENT_HP_BONUS","is_daily":false,"chose_seed":false,"campfire_upgraded":6,"win_rate":0.0,"timestamp":1613919381,"path_taken":["M","M","$","M","M","M","M","R","T","R","M","M","R","E","R","BOSS","M","M","M","M","M","R","M","R","T","M","R","M","R","?","R","BOSS"],"items_purchased_type":["Card"],"build_version":"2020-12-22","purchased_purges":0,"victory":false,"max_hp_per_floor":[88,88,88,88,88,88,88,88,88,88,88,88,88,88,88,88,88,88,88,88,88,88,88,88,88,88,88,88,88,88,88,88,88,88],"card_choices":[{"not_picked":["Wild Strike","Thunderclap"],"picked":"Headbutt","floor":1},{"not_picked":["Iron Wave","Hemokinesis"],"picked":"Perfected Strike","floor":2},{"not_picked":["Anger","Thunderclap"],"picked":"Spot Weakness","floor":4},{"not_picked":["Metallicize","Sword Boomerang"],"picked":"Uppercut","floor":5},{"not_picked":["Havoc","Sever Soul"],"picked":"Clash","floor":6},{"not_picked":["Havoc","Anger"],"picked":"Twin Strike","floor":7},{"not_picked":["Warcry","Wild Strike"],"picked":"Thunderclap","floor":11},{"not_picked":["Pommel Strike","Iron Wave"],"picked":"Inflame","floor":12},{"not_picked":["Pommel Strike","Sentinel"],"picked":"Heavy Blade","floor":14},{"not_picked":["Reaper","Corruption"],"picked":"Fiend Fire","floor":16},{"not_picked":["Iron Wave+1","Rage"],"picked":"Pommel Strike","floor":18},{"not_picked":["Pommel Strike","Iron Wave"],"picked":"Spot Weakness","floor":19},{"not_picked":["Warcry","Cleave"],"picked":"Perfected Strike","floor":20},{"not_picked":["Shrug It Off","Headbutt"],"picked":"Twin Strike+1","floor":21},{"not_picked":["Disarm","Thunderclap+1","Juggernaut"],"picked":"SKIP","floor":22},{"not_picked":["Wild Strike","Anger+1","Thunderclap"],"picked":"SKIP","floor":24},{"not_picked":["Havoc","Heavy Blade","Combust"],"picked":"SKIP","floor":27},{"not_picked":["Headbutt","Anger","Shrug It Off"],"picked":"SKIP","floor":29}],"player_experience":634912,"relics_obtained":[],"event_choices":[{"damage_healed":0,"gold_gain":0,"player_choice":"Fought Bandits","damage_taken":0,"max_hp_gain":0,"max_hp_loss":0,"event_name":"Masked Bandits","floor":31,"gold_loss":0}],"is_beta":false,"boss_relics":[{"not_picked":[]}],"items_purged_floors":[],"is_endless":false,"potions_floor_spawned":[2,5,6,14,18,19,21],"killed_by":"Collector","ascension_level":0}}