{"host":"6gwm7y0tp7acoxay","time":1613895200,"event":{"mods":["BaseMod","Colored Map","Keyboard Shortcuts","Minty Spire (QoL Compilation)","Quick Restart","StSLib","SuperFastMode","everything is the same but u backflip on backflip"],"gold_per_floor":[411,486,486,486,499,540,540,590,590,626,120,153,189,223,223,318,318,333,356,369,76,76,119,150,183,208,239,239,277,298,69,69,164,164,187,205,220,220,73,108,108,142,142,77,118,118,152,152,152,152,152,152],"floor_reached":51,"language":"KOR","playtime":1854,"items_purged":["EmptyFist","EmptyBody","FlyingSleeves+1"],"score":2486,"play_id":"15eeea26-4028-4f8e-a93a-7042c04f2c07","local_time":"20210221171320","daily_mods":["SealedDeck","Heirloom","Flight"],"is_ascension_mode":true,"campfire_choices":[{"floor":7,"key":"REST"},{"data":"CrushJoints","floor":15,"key":"SMITH"},{"data":"TalkToTheHand","floor":32,"key":"SMITH"},{"data":"Tantrum","floor":41,"key":"SMITH"},{"data":"TalkToTheHand","floor":49,"key":"SMITH"}],"circlet_count":0,"master_deck":["AscendersBane","CrushJoints+1","FlurryOfBlows+1","Tantrum+1","EmptyMind","Halt","FearNoEvil","Scrawl","TalkToTheHand+1","InnerPeace","TalkToTheHand","TalkToTheHand+1","Impatience"],"relics":["PureWater","Old Coin","Golden Idol","HornCleat","Pantograph","Happy Flower","HandDrill","Ginger","Whetstone","Boot","Empty Cage","Membership Card","Mummified Hand","Akabeko","Shovel","Oddly Smooth Stone","Orichalcum","Strawberry","Potion Belt","TungstenRod","VioletLotus","Bag of Preparation","Blood Vial","MealTicket","Ornamental Fan","Du-Vu Doll","Art of War"],"acts_visited":["Exordium","TheCity","TheBeyond"],"potions_floor_usage":[10,13,23,23,30,40,40,50],"damage_taken":[{"damage":0,"enemies":"Small Slimes","floor":1,"turns":2},{"damage":0,"enemies":"2 Louse","floor":5,"turns":2},{"damage":13,"enemies":"Lagavulin","floor":6,"turns":4},{"damage":0,"enemies":"3 Sentries","floor":10,"turns":2},{"damage":0,"enemies":"Lagavulin","floor":12,"turns":3},{"damage":0,"enemies":"Gremlin Nob","floor":13,"turns":2},{"damage":0,"enemies":"Lagavulin","floor":14,"turns":2},{"damage":42,"enemies":"The Guardian","floor":16,"turns":7},{"damage":0,"enemies":"Chosen","floor":18,"turns":1},{"damage":0,"enemies":"3 Byrds","floor":19,"turns":2},{"damage":0,"enemies":"Centurion and Healer","floor":20,"turns":1},{"damage":0,"enemies":"Slavers","floor":23,"turns":2},{"damage":2,"enemies":"Book of Stabbing","floor":24,"turns":2},{"damage":0,"enemies":"Slavers","floor":25,"turns":2},{"damage":0,"enemies":"Gremlin Leader","floor":27,"turns":2},{"damage":0,"enemies":"Book of Stabbing","floor":29,"turns":2},{"damage":0,"enemies":"Snake Plant","floor":30,"turns":1},{"damage":0,"enemies":"Champ","floor":33,"turns":4},{"damage":4,"enemies":"3 Shapes","floor":35,"turns":2},{"damage":0,"enemies":"3 Darklings","floor":36,"turns":2},{"damage":0,"enemies":"Sphere and 2 Shapes","floor":37,"turns":3},{"damage":0,"enemies":"Nemesis","floor":40,"turns":4},{"damage":0,"enemies":"Giant Head","floor":42,"turns":4},{"damage":1,"enemies":"Reptomancer","floor":45,"turns":5},{"damage":0,"enemies":"Nemesis","floor":47,"turns":3},{"damage":19,"enemies":"Awakened One","floor":50,"turns":8},{"damage":84,"enemies":"Time Eater","floor":51,"turns":8}],"seed_played":"-531814439079162201","potions_obtained":[{"floor":6,"key":"StancePotion"},{"floor":20,"key":"EntropicBrew"},{"floor":29,"key":"LiquidBronze"},{"floor":30,"key":"StancePotion"},{"floor":35,"key":"DistilledChaos"},{"floor":42,"key":"SpeedPotion"},{"floor":45,"key":"Swift Potion"}],"is_trial":true,"path_per_floor":["M","?","?","?","M","E","R","?","T","E","$","E","E","E","R","B",null,"M","M","M","$","?","E","E","E","T","E","?","E","M","$","R","B",null,"M","M","M","?","$","E","R","E","T","$","E","?","E","?","R","B","B"],"character_chosen":"WATCHER","items_purchased":["Happy Flower","HandDrill","Energy Potion","AttackPotion","Membership Card","Mummified Hand","TalkToTheHand","TungstenRod","Bag of Preparation","InnerPeace","TalkToTheHand"],"campfire_rested":1,"item_purchase_floors":[11,11,11,11,21,21,31,31,39,44,44],"current_hp_per_floor":[61,50,27,27,27,14,34,34,34,34,34,34,34,34,34,17,55,55,55,55,55,55,55,53,53,53,60,60,60,60,60,60,75,75,71,71,71,71,71,71,71,73,73,75,74,74,75,75,75,56,0,0],"gold":152,"neow_bonus":"","is_daily":false,"chose_seed":false,"campfire_upgraded":4,"win_rate":0.0,"timestamp":1613895200,"path_taken":["M","?","?","?","?","E","R","?","T","E","$","E","E","E","R","BOSS","M","?","?","?","?","E","E","E","T","E","?","E","?","$","R","BOSS","M","M","?","?","$","E","R","E","T","?","E","?","E","?","R","BOSS","BOSS"],"items_purchased_type":["Relic","Relic","Potion","Potion","Relic","Relic","Card","Relic","Relic","Card","Card"],"build_version":"2020-12-22","purchased_purges":3,"victory":false,"max_hp_per_floor":[68,68,68,68,68,68,68,68,68,68,68,68,68,68,68,68,68,68,68,68,68,68,68,68,68,68,75,75,75,75,75,75,75,75,75,75,75,75,75,75,75,75,75,75,75,75,75,75,75,75,75,75],"card_choices":[{"not_picked":["CrushJoints","EmptyFist","PathToVictory"],"picked":"SKIP","floor":1},{"not_picked":["WreathOfFlame","Indignation","Worship"],"picked":"SKIP","floor":5},{"not_picked":["EmptyFist","CrushJoints","ForeignInfluence"],"picked":"SKIP","floor":6},{"not_picked":["Wallop","WreathOfFlame","EmptyFist"],"picked":"SKIP","floor":10},{"not_picked":["Tantrum","ThirdEye","FlurryOfBlows"],"picked":"SKIP","floor":12},{"not_picked":["Devotion","BowlingBash","Swivel"],"picked":"SKIP","floor":13},{"not_picked":["Evaluate","FlyingSleeves"],"picked":"FearNoEvil","floor":14},{"not_picked":["Brilliance","Establishment"],"picked":"Scrawl","floor":16},{"not_picked":["EmptyBody","FlurryOfBlows","ThirdEye"],"picked":"SKIP","floor":18},{"not_picked":["SashWhip","ClearTheMind+1"],"picked":"Consecrate","floor":19},{"not_picked":["PathToVictory","Prostrate","Evaluate"],"picked":"SKIP","floor":20},{"not_picked":["Indignation","Scrawl","Evaluate+1"],"picked":"SKIP","floor":23},{"not_picked":["Collect","CutThroughFate","Conclude"],"picked":"SKIP","floor":24},{"not_picked":["ThirdEye","BowlingBash","SashWhip"],"picked":"SKIP","floor":25},{"not_picked":["Worship+1","Ragnarok","EmptyBody"],"picked":"SKIP","floor":27},{"not_picked":["Protect","Halt","Conclude"],"picked":"SKIP","floor":29},{"not_picked":["Protect","Meditate+1","Conclude"],"picked":"SKIP","floor":30},{"not_picked":["Halt","FearNoEvil","JustLucky"],"picked":"SKIP","floor":35},{"not_picked":["FlyingSleeves+1","ClearTheMind","WreathOfFlame"],"picked":"SKIP","floor":36},{"not_picked":["CutThroughFate+1","PathToVictory+1","Scrawl"],"picked":"SKIP","floor":37},{"not_picked":["Consecrate","Wallop","Halt"],"picked":"SKIP","floor":40},{"not_picked":["ThirdEye+1","DeceiveReality","EmptyBody"],"picked":"SKIP","floor":42},{"not_picked":["Consecrate","TalkToTheHand","WaveOfTheHand"],"picked":"SKIP","floor":45},{"not_picked":["Consecrate","WaveOfTheHand"],"picked":"TalkToTheHand","floor":45},{"not_picked":["Metamorphosis","Enlightenment"],"picked":"Impatience","floor":46},{"not_picked":["ThirdEye","Weave","BowlingBash"],"picked":"SKIP","floor":47}],"player_experience":4589399,"relics_obtained":[{"floor":6,"key":"HornCleat"},{"floor":10,"key":"Pantograph"},{"floor":12,"key":"Ginger"},{"floor":13,"key":"Whetstone"},{"floor":14,"key":"Boot"},{"floor":23,"key":"Akabeko"},{"floor":24,"key":"Shovel"},{"floor":25,"key":"Oddly Smooth Stone"},{"floor":26,"key":"Orichalcum"},{"floor":27,"key":"Strawberry"},{"floor":29,"key":"Potion Belt"},{"floor":40,"key":"Blood Vial"},{"floor":42,"key":"MealTicket"},{"floor":43,"key":"Ornamental Fan"},{"floor":45,"key":"Du-Vu Doll"},{"floor":47,"key":"Art of War"}],"event_choices":[{"damage_healed":0,"gold_gain":75,"player_choice":"Gather Gold","damage_taken":11,"max_hp_gain":0,"max_hp_loss":0,"event_name":"World of Goop","floor":2,"gold_loss":0},{"damage_healed":0,"gold_gain":0,"player_choice":"Take Damage","damage_taken":23,"relics_obtained":["Golden Idol"],"max_hp_gain":0,"max_hp_loss":0,"event_name":"Golden Idol","floor":3,"gold_loss":0},{"damage_healed":0,"gold_gain":0,"player_choice":"Ignored","damage_taken":0,"max_hp_gain":0,"max_hp_loss":0,"event_name":"Liars Game","floor":4,"gold_loss":0},{"damage_healed":0,"gold_gain":50,"player_choice":"Pray","damage_taken":0,"max_hp_gain":0,"max_hp_loss":0,"event_name":"Golden Shrine","floor":8,"gold_loss":0},{"damage_healed":0,"gold_gain":0,"player_choice":"Ignored","damage_taken":0,"max_hp_gain":0,"max_hp_loss":0,"event_name":"The Mausoleum","floor":22,"gold_loss":0},{"damage_healed":0,"gold_gain":0,"player_choice":"Ignored","damage_taken":0,"max_hp_gain":0,"max_hp_loss":0,"event_name":"Duplicator","floor":28,"gold_loss":0},{"damage_healed":0,"gold_gain":0,"player_choice":"Got Potions","damage_taken":0,"max_hp_gain":0,"max_hp_loss":0,"event_name":"Lab","floor":38,"gold_loss":0},{"damage_healed":0,"gold_gain":0,"player_choice":"Memory 1","damage_taken":0,"max_hp_gain":0,"max_hp_loss":0,"event_name":"SensoryStone","floor":46,"gold_loss":0},{"cards_removed":["Consecrate"],"damage_healed":0,"gold_gain":0,"player_choice":"Removed Attack","damage_taken":0,"max_hp_gain":0,"max_hp_loss":0,"event_name":"Falling","floor":48,"gold_loss":0}],"is_beta":false,"boss_relics":[{"not_picked":["Fusion Hammer","Calling Bell"],"picked":"Empty Cage"},{"not_picked":["Coffee Dripper","Tiny House"],"picked":"VioletLotus"}],"items_purged_floors":[11,31,39],"is_endless":false,"potions_floor_spawned":[6,12,20,23,24,29,30,35,42,45,47],"killed_by":"Time Eater","ascension_level":20}}