{"host":"2ty4h143nj8vwezc","time":1613891920,"event":{"mods":["BaseMod","Colored Map","Googly Eyes","Highlight Path","Minty Spire (QoL Compilation)","Quick Restart","StSLib"],"gold_per_floor":[116,37,37,57,23,23,57,68,118,118,173,173,94,169,169,241,241,254,270,270,270],"floor_reached":20,"language":"ENG","playtime":689,"items_purged":[],"score":332,"play_id":"ddef847b-e0a5-4f4e-8e97-76a40b4926b8","local_time":"20210221021840","is_ascension_mode":true,"campfire_choices":[{"data":"Static Discharge","floor":6.0,"key":"SMITH"},{"data":"Sunder","floor":12.0,"key":"SMITH"},{"data":"Storm","floor":15.0,"key":"SMITH"}],"circlet_count":0,"master_deck":["AscendersBane","Strike_B","Strike_B","Strike_B","Strike_B","Defend_B","Defend_B","Defend_B","Defend_B","Zap","Dualcast","Static Discharge+1","Capacitor","Self Repair","Self Repair","Sunder+1","Glacier","Storm+1","Echo Form","Beam Cell"],"relics":["Cracked Core","NeowsBlessing","Bag of Marbles","Nunchaku","Runic Pyramid"],"acts_visited":["Exordium","TheCity"],"potions_floor_usage":[20],"damage_taken":[{"damage":0.0,"enemies":"Small Slimes","floor":1.0,"turns":1.0},{"damage":0.0,"enemies":"Cultist","floor":4.0,"turns":1.0},{"damage":0.0,"enemies":"3 Sentries","floor":7.0,"turns":1.0},{"damage":9.0,"enemies":"Jaw Worm","floor":8.0,"turns":3.0},{"damage":45.0,"enemies":"Hexaghost","floor":16.0,"turns":10.0},{"damage":42.0,"enemies":"3 Byrds","floor":18.0,"turns":5.0},{"damage":20.0,"enemies":"Spheric Guardian","floor":19.0,"turns":5.0},{"damage":32,"enemies":"Snake Plant","floor":20,"turns":2}],"seed_played":"5868532524373330991","potions_obtained":[{"floor":1.0,"key":"Ancient Potion"},{"floor":3.0,"key":"ColorlessPotion"},{"floor":3.0,"key":"FearPotion"},{"floor":18.0,"key":"EssenceOfDarkness"}],"is_trial":false,"path_per_floor":["M","$","?","M","$","R","E","M","T","?","?","R","$","?","R","B",null,"M","M","M"],"character_chosen":"DEFECT","items_purchased":["Capacitor","Self Repair","Storm"],"campfire_rested":0,"item_purchase_floors":[2,5,13],"current_hp_per_floor":[64,64,64,64,64,64,64,55,55,60,60,60,60,49,49,18,62,34,28,0,0],"gold":270,"neow_bonus":"THREE_ENEMY_KILL","is_daily":false,"chose_seed":false,"campfire_upgraded":3,"win_rate":0.0,"timestamp":1613891920,"path_taken":["M","$","?","M","$","R","E","?","T","?","?","R","$","?","R","BOSS","M","M","M"],"items_purchased_type":["Card","Card","Card"],"build_version":"2020-12-22","purchased_purges":0,"victory":false,"max_hp_per_floor":[71,71,71,71,71,71,71,71,71,76,76,76,76,76,76,76,76,76,76,76,76],"card_choices":[{"not_picked":["Hologram","Ball Lightning"],"picked":"Static Discharge","floor":1.0},{"not_picked":["Cold Snap","Sweeping Beam"],"picked":"Self Repair","floor":4.0},{"not_picked":["Blizzard","Turbo"],"picked":"Sunder","floor":7.0},{"not_picked":["Darkness","Lockon"],"picked":"Glacier","floor":8.0},{"not_picked":["Rainbow","Reboot"],"picked":"Echo Form","floor":16.0},{"not_picked":["Cold Snap","Compile Driver","Lockon+1"],"picked":"SKIP","floor":18.0},{"not_picked":["Rebound","Sweeping Beam"],"picked":"Beam Cell","floor":19.0}],"player_experience":468187,"relics_obtained":[{"floor":7.0,"key":"Bag of Marbles"},{"floor":9.0,"key":"Nunchaku"}],"event_choices":[{"damage_healed":0.0,"max_hp_gain":0.0,"max_hp_loss":0.0,"gold_gain":0.0,"event_name":"Lab","player_choice":"Got Potions","floor":3.0,"gold_loss":0.0,"damage_taken":0.0},{"damage_healed":0.0,"max_hp_gain":5.0,"max_hp_loss":0.0,"gold_gain":0.0,"event_name":"Big Fish","player_choice":"Donut","floor":10.0,"gold_loss":0.0,"damage_taken":0.0},{"damage_healed":0.0,"max_hp_gain":0.0,"max_hp_loss":0.0,"gold_gain":55.0,"event_name":"Golden Wing","player_choice":"Gained Gold","floor":11.0,"gold_loss":0.0,"damage_taken":0.0},{"damage_healed":0.0,"max_hp_gain":0.0,"max_hp_loss":0.0,"gold_gain":75.0,"event_name":"World of Goop","player_choice":"Gather Gold","floor":14.0,"gold_loss":0.0,"damage_taken":11.0}],"is_beta":false,"boss_relics":[{"not_picked":["FrozenCore","Empty Cage"],"picked":"Runic Pyramid"}],"items_purged_floors":[],"is_endless":false,"potions_floor_spawned":[1,8,18],"killed_by":"Snake Plant","ascension_level":14}}