{"host":"m6m06ws9o39r3o8f","time":1613885910,"event":{"mods":["BaseMod","Downfall","Hermit","Minty Spire (QoL Compilation)","StSLib","The Cursed","The Disciple","The Servant 0.9.4"],"gold_per_floor":[99,99,99,99,99,129,179,93,193,209,50,50,50,50],"floor_reached":12,"language":"ENG","playtime":1846,"items_purged":[],"score":222,"play_id":"d37f48df-1a8e-41d5-b865-62927338d6a0","local_time":"20210220233830","is_ascension_mode":false,"campfire_choices":[{"floor":1,"key":"RECALL"}],"circlet_count":0,"master_deck":["hexamod:Strike","hexamod:Strike","hexamod:Strike","hexamod:Strike","hexamod:Defend","hexamod:Defend","hexamod:Defend","hexamod:Defend","hexamod:Sear","hexamod:Float","hexamod:InspiringFlames","hexamod:EmpoweredFlame","hexamod:AdvancingGuard","hexamod:SpectralAdrenaline","hexamod:FirstSeal","hexamod:TimeOfNeed","downfall:Haunted","downfall:Haunted","downfall:Bewildered","hexamod:SearingWound","Shame","Regret","hexamod:SoulSteal","hexamod:ExtraCrispy"],"relics":["hexamod:SpiritBrand","downfall:HeartsMalice","Tiny Chest","Darkstone Periapt","Sling"],"acts_visited":["Exordium"],"potions_floor_usage":[],"damage_taken":[{"damage":0,"enemies":"Cultist","floor":2,"turns":1},{"damage":0,"enemies":"2 Louse","floor":3,"turns":1},{"damage":0,"enemies":"Jaw Worm","floor":4,"turns":1},{"damage":29,"enemies":"Lagavulin","floor":6,"turns":7},{"damage":0,"enemies":"downfall:FleeingMerchant","floor":8,"turns":4},{"damage":26,"enemies":"Blue Slaver","floor":10,"turns":6},{"damage":11,"enemies":"downfall:FleeingMerchant","floor":11,"turns":4},{"damage":2,"enemies":"Gremlin Nob","floor":12,"turns":2}],"seed_played":"-4798020599574211659","potions_obtained":[{"floor":5,"key":"SkillPotion"},{"floor":5,"key":"Block Potion"},{"floor":5,"key":"hexamod:InfernoChargePotion"},{"floor":10,"key":"LiquidBronze"}],"is_trial":false,"path_per_floor":["R","M","M","M","?","E","T","$","?","M","$","E"],"character_chosen":"THE_SPIRIT","items_purchased":["hexamod:TimeOfNeed","Sling"],"campfire_rested":0,"item_purchase_floors":[8,11],"current_hp_per_floor":[70,70,70,70,70,41,41,41,76,57,53,51,51,51],"gold":50,"neow_bonus":"THREE_ENEMY_KILL","is_daily":false,"chose_seed":false,"campfire_upgraded":0,"win_rate":0.0,"timestamp":1613885910,"path_taken":["R","M","M","?","?","E","T","?","?","M","$","E"],"items_purchased_type":["Card","Relic"],"build_version":"2020-12-22","purchased_purges":0,"victory":false,"max_hp_per_floor":[70,70,70,70,70,70,70,70,105,105,105,105,105,105],"card_choices":[{"not_picked":["hexamod:GhostflameBarrier","hexamod:Rewind"],"picked":"hexamod:InspiringFlames","floor":2},{"not_picked":["hexamod:BurningTouch","hexamod:GhostflameBarrier"],"picked":"hexamod:EmpoweredFlame","floor":3},{"not_picked":["hexamod:NightmareStrike","hexamod:PhantomCloak"],"picked":"hexamod:AdvancingGuard","floor":4},{"not_picked":["hexamod:EtherealExpedition","hexamod:GhostShield"],"picked":"hexamod:SpectralAdrenaline","floor":6},{"not_picked":["hexamod:AdvancingGuard","hexamod:InspiringFlames"],"picked":"hexamod:FirstSeal","floor":8},{"not_picked":["hexamod:BurningTouch","hexamod:SpectersWail"],"picked":"hexamod:SoulSteal","floor":10},{"not_picked":["hexamod:ThermalTransfer","hexamod:Rewind"],"picked":"hexamod:ExtraCrispy","floor":11}],"player_experience":455659,"relics_obtained":[{"floor":6,"key":"Tiny Chest"}],"event_choices":[{"damage_healed":0,"gold_gain":0,"player_choice":"Got Potions","damage_taken":0,"max_hp_gain":0,"max_hp_loss":0,"event_name":"Lab","floor":5,"gold_loss":0}],"is_beta":false,"boss_relics":[],"items_purged_floors":[],"is_endless":false,"potions_floor_spawned":[10],"killed_by":"Gremlin Nob","ascension_level":0}}