{"host":"1xo5g347e5o4auts","time":1613899750,"event":{"mods":["BaseMod","Minty Spire (QoL Compilation)","Permanent Neow","StSLib"],"gold_per_floor":[117,267,281,295,5,20,49,78,124,124,140,166,186,220,220,294,294,313,50,10,10,26,26,60,77,100,100,100],"floor_reached":27,"language":"ENG","playtime":834,"items_purged":["Doubt"],"score":506,"play_id":"b0d75a9b-d7ae-4ab3-9263-3b9c28db2374","local_time":"20210221112910","is_ascension_mode":true,"campfire_choices":[{"floor":10.0,"key":"REST"},{"data":"Noxious Fumes","floor":15.0,"key":"SMITH"},{"data":"Adrenaline","floor":23,"key":"SMITH"}],"circlet_count":0,"master_deck":["AscendersBane","Strike_G","Strike_G","Strike_G","Strike_G","Strike_G","Defend_G","Defend_G","Defend_G","Defend_G","Defend_G","Survivor","Neutralize","Adrenaline+1","Blade Dance","Endless Agony","Noxious Fumes+1","Poisoned Stab","Bouncing Flask","PiercingWail","Quick Slash","Dagger Spray","Blade Dance","Leg Sweep","Envenom","Corpse Explosion","Bandage Up","Acrobatics+1","Wraith Form v2"],"relics":["Ring of the Snake","Shuriken","Odd Mushroom","Nunchaku","Happy Flower","Sundial","Philosopher\u0027s Stone","OrangePellets","Letter Opener","Blood Vial"],"acts_visited":["Exordium","TheCity"],"potions_floor_usage":[16,22,24,24,27],"damage_taken":[{"damage":4.0,"enemies":"Cultist","floor":1.0,"turns":6.0},{"damage":7.0,"enemies":"Small Slimes","floor":3.0,"turns":3.0},{"damage":0.0,"enemies":"Jaw Worm","floor":4.0,"turns":3.0},{"damage":1.0,"enemies":"Exordium Thugs","floor":6.0,"turns":3.0},{"damage":12.0,"enemies":"Lagavulin","floor":7.0,"turns":5.0},{"damage":9.0,"enemies":"The Mushroom Lair","floor":8.0,"turns":5.0},{"damage":0.0,"enemies":"Large Slime","floor":11.0,"turns":5.0},{"damage":8.0,"enemies":"Gremlin Nob","floor":12.0,"turns":3.0},{"damage":8.0,"enemies":"3 Louse","floor":13.0,"turns":4.0},{"damage":12.0,"enemies":"3 Sentries","floor":14.0,"turns":5.0},{"damage":14,"enemies":"The Guardian","floor":16,"turns":9},{"damage":7,"enemies":"2 Thieves","floor":18,"turns":2},{"damage":0,"enemies":"3 Byrds","floor":22,"turns":2},{"damage":37,"enemies":"Book of Stabbing","floor":24,"turns":5},{"damage":3,"enemies":"Snake Plant","floor":25,"turns":4},{"damage":33,"enemies":"Gremlin Leader","floor":27,"turns":6}],"seed_played":"-4381871624908085328","potions_obtained":[{"floor":3.0,"key":"CultistPotion"},{"floor":7.0,"key":"SpeedPotion"},{"floor":8.0,"key":"LiquidMemories"},{"floor":12.0,"key":"LiquidMemories"},{"floor":16,"key":"Weak Potion"},{"floor":20,"key":"PowerPotion"},{"floor":20,"key":"SkillPotion"},{"floor":22,"key":"Weak Potion"},{"floor":24,"key":"Fruit Juice"}],"is_trial":false,"path_per_floor":["M","?","M","M","$","M","E","?","T","R","M","E","M","E","R","B",null,"M","$","?","$","M","R","E","M","T","E"],"character_chosen":"THE_SILENT","items_purchased":["Noxious Fumes","Poisoned Stab","Bouncing Flask","OrangePellets","Bandage Up"],"campfire_rested":1,"item_purchase_floors":[5,5,5,19,19],"current_hp_per_floor":[55,55,48,48,48,47,35,26,26,44,44,36,28,16,16,2,46,39,39,39,39,43,43,10,11,11,0,0],"gold":100,"neow_bonus":"THREE_RARE_CARDS","is_daily":false,"chose_seed":false,"campfire_upgraded":2,"win_rate":0.0,"timestamp":1613899750,"path_taken":["M","?","M","M","$","M","E","?","T","R","M","E","M","E","R","BOSS","M","$","?","?","M","R","E","M","T","E"],"items_purchased_type":["Card","Card","Card","Relic","Card"],"build_version":"2020-12-22","purchased_purges":1,"victory":false,"max_hp_per_floor":[60,60,60,60,60,60,60,60,60,60,60,60,60,60,60,60,60,60,60,60,60,60,60,60,60,60,65,65],"card_choices":[{"not_picked":["Tools of the Trade","Die Die Die"],"picked":"Adrenaline","floor":0.0},{"not_picked":["PiercingWail","Bane"],"picked":"Blade Dance","floor":1.0},{"not_picked":["Prepared","Bane"],"picked":"Endless Agony","floor":3.0},{"not_picked":["Dodge and Roll","Flechettes","Bane"],"picked":"SKIP","floor":4.0},{"not_picked":["Setup","Underhanded Strike"],"picked":"PiercingWail","floor":6.0},{"not_picked":["Deadly Poison","Endless Agony"],"picked":"Quick Slash","floor":7.0},{"not_picked":["Flechettes","Setup"],"picked":"Dagger Spray","floor":8.0},{"not_picked":["Endless Agony","Quick Slash"],"picked":"Blade Dance","floor":11.0},{"not_picked":["Calculated Gamble","Dagger Throw","Dodge and Roll"],"picked":"SKIP","floor":12.0},{"not_picked":["Tools of the Trade","Deflect"],"picked":"Leg Sweep","floor":13.0},{"not_picked":["Dagger Spray","Masterful Stab"],"picked":"Envenom","floor":14.0},{"not_picked":["Venomology","Phantasmal Killer"],"picked":"Corpse Explosion","floor":16},{"not_picked":["Outmaneuver+1","Blur","Heel Hook"],"picked":"SKIP","floor":18},{"not_picked":["Underhanded Strike","Setup"],"picked":"Acrobatics+1","floor":22},{"not_picked":["Slice","Sucker Punch"],"picked":"Wraith Form v2","floor":24},{"not_picked":["Skewer","Noxious Fumes","Backflip"],"picked":"SKIP","floor":25}],"player_experience":1503577,"relics_obtained":[{"floor":7.0,"key":"Shuriken"},{"floor":8.0,"key":"Odd Mushroom"},{"floor":9.0,"key":"Nunchaku"},{"floor":12.0,"key":"Happy Flower"},{"floor":14.0,"key":"Sundial"},{"floor":24,"key":"Letter Opener"},{"floor":26,"key":"Blood Vial"}],"event_choices":[{"damage_healed":0.0,"max_hp_gain":0.0,"max_hp_loss":0.0,"gold_gain":150.0,"event_name":"Liars Game","player_choice":"AGREE","floor":2.0,"gold_loss":0.0,"damage_taken":0.0,"cards_obtained":["Doubt"]},{"damage_healed":0.0,"max_hp_gain":0.0,"max_hp_loss":0.0,"gold_gain":0.0,"event_name":"Mushrooms","player_choice":"Fought Mushrooms","floor":8.0,"gold_loss":0.0,"damage_taken":0.0},{"damage_healed":0,"gold_gain":0,"player_choice":"Bought 3 Potions","damage_taken":0,"max_hp_gain":0,"max_hp_loss":0,"event_name":"The Woman in Blue","floor":20,"gold_loss":0}],"is_beta":false,"boss_relics":[{"not_picked":["Astrolabe","Coffee Dripper"],"picked":"Philosopher\u0027s Stone"}],"items_purged_floors":[5],"is_endless":false,"potions_floor_spawned":[3,7,8,12,16,22,24],"killed_by":"Gremlin Leader","ascension_level":20}}