{"host":"w8xisjf5mgmfjvmt","time":1613866358,"event":{"mods":["BaseMod","BetterRewards","Challenge The Spire","Conspire","Energized Spire","Filter the Spire","Minty Spire (QoL Compilation)","Quarter Circle Forward PUNCH!","Quick Restart","Relic Filter Mod","Relic Stats","Reliquary","Replay The Spire","Say the Spire","Shop Mod","Spicy Shops","StSLib","¡¾ÒÅÎï¿¨ÅÆ¡¿REMEMod","óô»ðÖ¸ÄÏ"],"gold_per_floor":[112,122,135,135,23,62,62,62,62],"floor_reached":8,"language":"ZHS","playtime":281,"items_purged":["ReplayTheSpireMod:Splinters"],"score":112,"play_id":"b253c1ff-fb42-4121-8391-04b30cf0a6fb","local_time":"20210221081238","is_ascension_mode":true,"campfire_choices":[{"data":"Noxious Fumes","floor":7.0,"key":"SMITH"}],"circlet_count":0,"master_deck":["AscendersBane","Strike_G","Strike_G","Strike_G","Strike_G","Defend_G","Defend_G","Defend_G","Defend_G","Survivor","Neutralize","Skewer","Quick Slash","Adrenaline","Cloak And Dagger","Noxious Fumes+1","Riddle With Holes","Footwork","Footwork"],"relics":["Ring of the Snake","REME_ComplimentaryCards","Golden Idol","Bronze Scales"],"acts_visited":["Exordium"],"potions_floor_usage":[8],"damage_taken":[{"damage":0.0,"enemies":"Jaw Worm","floor":1.0,"turns":4.0},{"damage":0.0,"enemies":"2 Louse","floor":2.0,"turns":3.0},{"damage":0.0,"enemies":"Cultist","floor":3.0,"turns":3.0},{"damage":17.0,"enemies":"Lagavulin","floor":6.0,"turns":8.0},{"damage":68,"enemies":"Gremlin Nob","floor":8,"turns":4}],"seed_played":"5386041168135163384","potions_obtained":[{"floor":1.0,"key":"Milkshake"},{"floor":6.0,"key":"Regen Potion"}],"is_trial":false,"path_per_floor":["M","M","M","?","$","E","R","E"],"character_chosen":"THE_SILENT","items_purchased":["Footwork"],"campfire_rested":0,"item_purchase_floors":[5],"current_hp_per_floor":[59,59,59,59,59,42,42,0,0],"gold":62,"neow_bonus":"TRANSFORM_TWO_CARDS","is_daily":false,"chose_seed":false,"campfire_upgraded":1,"win_rate":0.0,"timestamp":1613866358,"path_taken":["M","M","M","?","$","E","R","E"],"items_purchased_type":["Card"],"build_version":"2020-12-22","purchased_purges":1,"victory":false,"max_hp_per_floor":[66,66,66,60,60,60,60,60,60],"relic_stats":{"counters":[5,22],"Golden Idol":8,"Bronze Scales":[6],"obtain_stats":[{"Golden Idol":4,"Bronze Scales":6,"Ring of the Snake":0,"REME_ComplimentaryCards":0},{"Golden Idol":3,"Bronze Scales":4,"Ring of the Snake":0,"REME_ComplimentaryCards":0},{"Golden Idol":10,"Bronze Scales":18,"Ring of the Snake":0,"REME_ComplimentaryCards":0}],"Ring of the Snake":[10]},"card_choices":[{"not_picked":["Backflip","Setup"],"picked":"Cloak And Dagger","floor":1.0},{"not_picked":["Deadly Poison","Acrobatics"],"picked":"Noxious Fumes","floor":2.0},{"not_picked":["Dodge and Roll","PiercingWail"],"picked":"Riddle With Holes","floor":3.0},{"not_picked":["Setup","Draining Mist"],"picked":"Footwork","floor":6.0}],"player_experience":1375655,"relics_obtained":[{"floor":6.0,"key":"Bronze Scales"}],"event_choices":[{"damage_healed":0.0,"max_hp_gain":0.0,"max_hp_loss":6.0,"gold_gain":0.0,"event_name":"Golden Idol","player_choice":"Lose Max HP","floor":4.0,"gold_loss":0.0,"damage_taken":0.0,"relics_obtained":["Golden Idol"]}],"is_beta":false,"boss_relics":[],"items_purged_floors":[5],"is_endless":false,"potions_floor_spawned":[1,6],"killed_by":"Gremlin Nob","ascension_level":20}}