{"host":"bg8va46pgqgvtzim","time":1613879291,"event":{"mods":["BaseMod","Minty Spire (QoL Compilation)","Quick Restart","StSLib","SuperFastMode"],"gold_per_floor":[113,113,113,123,134,134,148,148,161,174,174,217,285,328,347,127,461,461,502,520,520,520,649,649,664,579,608,637,687,710,738,757,757,793,703,703,737,760,760,760,779,822,822,822,871,871,871,1000,1063,1095,1095,1111,702,702,727,760,760,791,811,811,836,836,852,877,915,948,976,1035,1035,1035,1035,1035,1035,689,733,733],"floor_reached":77,"language":"ZHS","playtime":3609,"items_purged":["Strike_G","Riddle With Holes","Dash"],"score":1895,"play_id":"fadd875d-85eb-4fbe-8dcd-725896eb2ac4","local_time":"20210221114811","is_ascension_mode":true,"campfire_choices":[{"data":"Noxious Fumes","floor":11.0,"key":"SMITH"},{"data":"Well Laid Plans","floor":18.0,"key":"SMITH"},{"data":"Neutralize","floor":21.0,"key":"SMITH"},{"data":"Backflip","floor":22.0,"key":"SMITH"},{"floor":40.0,"key":"REST"},{"floor":44.0,"key":"REST"},{"data":"Prepared","floor":46.0,"key":"SMITH"},{"data":"Reflex","floor":47.0,"key":"SMITH"},{"data":"Acrobatics","floor":57.0,"key":"SMITH"},{"data":"Prepared","floor":62.0,"key":"SMITH"},{"data":"Tools of the Trade","floor":69.0,"key":"SMITH"},{"floor":70.0,"key":"RECALL"},{"data":"Calculated Gamble","floor":73.0,"key":"SMITH"}],"circlet_count":0,"master_deck":["Survivor","Neutralize+1","Well Laid Plans+1","Dagger Throw+1","Noxious Fumes+1","Dash","Terror","After Image","Backflip+1","Noxious Fumes","Malaise","Footwork","Acrobatics","Eviscerate+1","Expertise+1","Concentrate","Escape Plan","Reflex+1","Prepared+1","Acrobatics+1","Choke","Blade Dance","Tools of the Trade+1","Deflect","Prepared+1","Acrobatics","Calculated Gamble+1","Calculated Gamble+1","Calculated Gamble"],"relics":["Runic Dome","Golden Idol","Pen Nib","Prayer Wheel","Medical Kit","Old Coin","Potion Belt","SlaversCollar","CeramicFish","Pantograph","Happy Flower","Paper Crane","Mango","Nilry\u0027s Codex","Meat on the Bone","Pandora\u0027s Box","Incense Burner","Gremlin Horn","The Specimen","Toy Ornithopter","Boot","Bronze Scales","Tingsha","Lee\u0027s Waffle","Tough Bandages"],"acts_visited":["Exordium","TheCity","TheBeyond","TheEnding"],"potions_floor_usage":[76,76,76,76],"damage_taken":[{"damage":0.0,"enemies":"Cultist","floor":1.0,"turns":5.0},{"damage":0.0,"enemies":"Small Slimes","floor":4.0,"turns":4.0},{"damage":1.0,"enemies":"2 Louse","floor":5.0,"turns":2.0},{"damage":1.0,"enemies":"Exordium Thugs","floor":7.0,"turns":6.0},{"damage":8.0,"enemies":"3 Louse","floor":9.0,"turns":3.0},{"damage":0.0,"enemies":"2 Fungi Beasts","floor":10.0,"turns":4.0},{"damage":6.0,"enemies":"Gremlin Nob","floor":12.0,"turns":3.0},{"damage":13.0,"enemies":"3 Sentries","floor":14.0,"turns":7.0},{"damage":0.0,"enemies":"Gremlin Gang","floor":15.0,"turns":5.0},{"damage":0.0,"enemies":"Gremlin Nob","floor":17.0,"turns":4.0},{"damage":1.0,"enemies":"3 Sentries","floor":19.0,"turns":5.0},{"damage":0.0,"enemies":"Blue Slaver","floor":20.0,"turns":2.0},{"damage":0.0,"enemies":"The Guardian","floor":23.0,"turns":7.0},{"damage":13.0,"enemies":"2 Thieves","floor":25.0,"turns":5.0},{"damage":7.0,"enemies":"3 Byrds","floor":27.0,"turns":6.0},{"damage":3.0,"enemies":"Cultist and Chosen","floor":28.0,"turns":7.0},{"damage":3.0,"enemies":"Snecko","floor":30.0,"turns":4.0},{"damage":16.0,"enemies":"Centurion and Healer","floor":31.0,"turns":7.0},{"damage":11.0,"enemies":"Chosen and Byrds","floor":32.0,"turns":8.0},{"damage":17.0,"enemies":"Gremlin Leader","floor":34.0,"turns":6.0},{"damage":5.0,"enemies":"3 Cultists","floor":37.0,"turns":5.0},{"damage":7.0,"enemies":"Snake Plant","floor":41.0,"turns":6.0},{"damage":14.0,"enemies":"Slavers","floor":42.0,"turns":5.0},{"damage":4.0,"enemies":"Book of Stabbing","floor":45.0,"turns":5.0},{"damage":0.0,"enemies":"Automaton","floor":48.0,"turns":10.0},{"damage":0.0,"enemies":"3 Darklings","floor":50.0,"turns":4.0},{"damage":3.0,"enemies":"Orb Walker","floor":52.0,"turns":3.0},{"damage":0.0,"enemies":"Maw","floor":55.0,"turns":5.0},{"damage":5.0,"enemies":"Nemesis","floor":56.0,"turns":5.0},{"damage":0.0,"enemies":"Reptomancer","floor":58.0,"turns":2.0},{"damage":0.0,"enemies":"Jaw Worm Horde","floor":59.0,"turns":3.0},{"damage":0.0,"enemies":"3 Darklings","floor":63.0,"turns":3.0},{"damage":0.0,"enemies":"Spire Growth","floor":64.0,"turns":4.0},{"damage":0.0,"enemies":"Giant Head","floor":65.0,"turns":4.0},{"damage":0.0,"enemies":"Maw","floor":66.0,"turns":4.0},{"damage":7.0,"enemies":"Writhing Mass","floor":67.0,"turns":3.0},{"damage":6.0,"enemies":"2 Orb Walkers","floor":68.0,"turns":3.0},{"damage":1.0,"enemies":"Awakened One","floor":71.0,"turns":3.0},{"damage":0,"enemies":"Shield and Spear","floor":75,"turns":1},{"damage":0,"enemies":"The Heart","floor":76,"turns":4}],"seed_played":"1530035643308562694","potions_obtained":[{"floor":7.0,"key":"CultistPotion"},{"floor":9.0,"key":"Strength Potion"},{"floor":10.0,"key":"SkillPotion"},{"floor":15.0,"key":"Explosive Potion"},{"floor":17.0,"key":"GamblersBrew"},{"floor":23.0,"key":"SteroidPotion"},{"floor":25.0,"key":"SteroidPotion"},{"floor":27.0,"key":"Regen Potion"},{"floor":31.0,"key":"EssenceOfSteel"},{"floor":34.0,"key":"Explosive Potion"},{"floor":42.0,"key":"SteroidPotion"},{"floor":50.0,"key":"Energy Potion"},{"floor":54.0,"key":"GhostInAJar"},{"floor":55.0,"key":"LiquidMemories"},{"floor":59.0,"key":"LiquidMemories"},{"floor":67.0,"key":"Energy Potion"}],"is_trial":false,"path_per_floor":["M","$","?","M","M","?","M","?","M","M","R","E","T","E","M","$","E","R","E","M","R","R","B",null,"M","?","M","M","?","M","M","M","?","E","?","M","M","T","T","R","M","E","?","R","E","R","R","B",null,"M","?","M","$","?","M","E","R","E","M","T","T","R","M","M","E","M","M","?","R","R","B",null,"R","$","E","B",null],"character_chosen":"THE_SILENT","items_purchased":["Medical Kit","Incense Burner","Lee\u0027s Waffle","Calculated Gamble"],"campfire_rested":2,"item_purchase_floors":[16,53,74,74],"current_hp_per_floor":[70,70,70,70,69,55,54,37,29,29,29,23,23,10,10,10,10,10,9,9,9,9,9,70,57,57,50,62,62,59,43,32,32,15,15,12,7,7,7,28,21,21,5,30,26,26,26,51,84,84,84,81,81,81,81,76,76,76,76,76,76,76,76,76,76,76,69,63,63,63,83,84,84,91,91,91],"gold":733,"neow_bonus":"BOSS_RELIC","is_daily":false,"chose_seed":false,"campfire_upgraded":10,"win_rate":0.0,"timestamp":1613879291,"path_taken":["M","$","?","M","M","?","M","?","?","M","R","E","T","E","M","$","E","R","E","M","R","R","BOSS","M","?","M","M","?","M","?","M","?","E","?","M","?","T","T","R","M","E","?","R","E","R","R","BOSS","M","?","M","$","?","M","E","R","E","M","T","T","R","M","M","E","?","M","?","R","R","BOSS","R","$","E","BOSS"],"items_purchased_type":["Relic","Relic","Relic","Card"],"build_version":"2020-12-22","purchased_purges":3,"victory":true,"max_hp_per_floor":[70,70,70,70,70,70,70,70,70,70,70,70,70,70,70,70,70,70,70,70,70,70,70,70,70,70,70,70,70,70,70,70,70,70,70,70,70,70,70,70,70,84,84,84,84,84,84,84,84,84,84,84,84,84,84,84,84,84,84,84,84,84,84,84,84,84,84,84,84,84,84,84,84,91,91,91],"card_choices":[{"not_picked":["Quick Slash","Outmaneuver"],"picked":"Well Laid Plans","floor":1.0},{"not_picked":["Sucker Punch","Escape Plan"],"picked":"Dagger Throw","floor":4.0},{"not_picked":["Cloak And Dagger","Bane"],"picked":"Dash","floor":5.0},{"not_picked":["Finisher","Masterful Stab"],"picked":"Noxious Fumes","floor":7.0},{"not_picked":["Deflect","Infinite Blades"],"picked":"Dash","floor":9.0},{"not_picked":["Doppelganger","Backstab"],"picked":"Terror","floor":10.0},{"not_picked":["Dodge and Roll","Blade Dance","Sucker Punch"],"picked":"SKIP","floor":12.0},{"not_picked":["Finisher","Underhanded Strike","Sucker Punch"],"picked":"SKIP","floor":14.0},{"not_picked":["Finisher","Underhanded Strike","Sucker Punch"],"picked":"SKIP","floor":14.0},{"not_picked":["Blade Dance","Infinite Blades","Outmaneuver"],"picked":"SKIP","floor":15.0},{"not_picked":["Backflip","Terror","Blade Dance"],"picked":"SKIP","floor":15.0},{"not_picked":["Deadly Poison","Masterful Stab"],"picked":"After Image","floor":17.0},{"not_picked":["Poisoned Stab","Deadly Poison"],"picked":"Backflip","floor":19.0},{"not_picked":["Heel Hook","Slice"],"picked":"Noxious Fumes","floor":20.0},{"not_picked":["Dash","Masterful Stab","Setup"],"picked":"SKIP","floor":20.0},{"not_picked":["Venomology","Wraith Form v2"],"picked":"Malaise","floor":23.0},{"not_picked":["Finisher","Predator"],"picked":"Footwork","floor":25.0},{"not_picked":["Distraction","Heel Hook+1","Backflip+1"],"picked":"SKIP","floor":25.0},{"not_picked":["Dagger Throw","Concentrate+1"],"picked":"Acrobatics","floor":27.0},{"not_picked":["Underhanded Strike","Predator+1","Blade Dance"],"picked":"SKIP","floor":27.0},{"not_picked":["Choke+1","Catalyst"],"picked":"Eviscerate","floor":28.0},{"not_picked":["Dash","Dodge and Roll","Corpse Explosion"],"picked":"SKIP","floor":28.0},{"not_picked":["Quick Slash","Escape Plan"],"picked":"Expertise+1","floor":30.0},{"not_picked":["Choke","Dagger Spray+1","Dodge and Roll"],"picked":"SKIP","floor":30.0},{"not_picked":["Bouncing Flask+1","Slice"],"picked":"Concentrate","floor":31.0},{"not_picked":["Distraction+1","Deadly Poison","Quick Slash"],"picked":"SKIP","floor":31.0},{"not_picked":["Caltrops","Outmaneuver","Dagger Spray"],"picked":"SKIP","floor":32.0},{"not_picked":["Flying Knee","Masterful Stab","Well Laid Plans+1"],"picked":"SKIP","floor":32.0},{"not_picked":["Blade Dance","Poisoned Stab","Dagger Spray"],"picked":"SKIP","floor":34.0},{"not_picked":["Storm of Steel","Deflect+1"],"picked":"Escape Plan","floor":37.0},{"not_picked":["Skewer+1","Flechettes"],"picked":"Reflex","floor":37.0},{"not_picked":["Riddle With Holes+1","Underhanded Strike","Dash"],"picked":"SKIP","floor":41.0},{"not_picked":["Backflip","Riddle With Holes+1","Accuracy"],"picked":"SKIP","floor":41.0},{"not_picked":["Slice+1","Wraith Form v2","Expertise"],"picked":"SKIP","floor":42.0},{"not_picked":["Dash","Sucker Punch"],"picked":"Prepared","floor":45.0},{"not_picked":["Flying Knee+1","Acrobatics"],"picked":"Prepared","floor":50.0},{"not_picked":["Slice+1","Cloak And Dagger"],"picked":"Acrobatics","floor":50.0},{"not_picked":["Footwork","Blade Dance","Flying Knee+1"],"picked":"SKIP","floor":52.0},{"not_picked":["Flying Knee+1","Dagger Throw+1","Underhanded Strike+1"],"picked":"SKIP","floor":52.0},{"not_picked":["Blade Dance+1","Outmaneuver+1","Eviscerate"],"picked":"SKIP","floor":55.0},{"not_picked":["Setup","Slice","Outmaneuver"],"picked":"SKIP","floor":55.0},{"not_picked":["Storm of Steel","Expertise","Dodge and Roll+1"],"picked":"SKIP","floor":56.0},{"not_picked":["Endless Agony","Dodge and Roll+1","Poisoned Stab+1"],"picked":"SKIP","floor":58.0},{"not_picked":["Dagger Throw","Underhanded Strike+1","Cloak And Dagger+1"],"picked":"SKIP","floor":59.0},{"not_picked":["Dodge and Roll+1","Outmaneuver+1","Accuracy"],"picked":"SKIP","floor":59.0},{"not_picked":["PiercingWail","Dagger Spray+1","Finisher"],"picked":"SKIP","floor":63.0},{"not_picked":["Predator","Corpse Explosion","Backstab+1"],"picked":"SKIP","floor":63.0},{"not_picked":["Backflip+1","Flying Knee","Endless Agony"],"picked":"SKIP","floor":64.0},{"not_picked":["Blade Dance","Night Terror","Acrobatics+1"],"picked":"SKIP","floor":64.0},{"not_picked":["Deadly Poison+1","Well Laid Plans","Flechettes+1"],"picked":"SKIP","floor":65.0},{"not_picked":["Dagger Throw","Infinite Blades"],"picked":"Calculated Gamble","floor":66.0},{"not_picked":["Well Laid Plans","Deflect","Blade Dance+1"],"picked":"SKIP","floor":66.0},{"not_picked":["Deadly Poison","Backflip+1"],"picked":"Calculated Gamble+1","floor":67.0},{"not_picked":["Concentrate","Leg Sweep","Slice+1"],"picked":"SKIP","floor":67.0},{"not_picked":["Deflect","Prepared","Accuracy"],"picked":"SKIP","floor":75}],"player_experience":2510769,"relics_obtained":[{"floor":12.0,"key":"Pen Nib"},{"floor":14.0,"key":"Prayer Wheel"},{"floor":17.0,"key":"Old Coin"},{"floor":19.0,"key":"Potion Belt"},{"floor":34.0,"key":"Pantograph"},{"floor":38.0,"key":"Happy Flower"},{"floor":39.0,"key":"Paper Crane"},{"floor":42.0,"key":"Mango"},{"floor":43.0,"key":"Nilry\u0027s Codex"},{"floor":45.0,"key":"Meat on the Bone"},{"floor":56.0,"key":"Gremlin Horn"},{"floor":58.0,"key":"The Specimen"},{"floor":60.0,"key":"Toy Ornithopter"},{"floor":61.0,"key":"Boot"},{"floor":65.0,"key":"Bronze Scales"},{"floor":68.0,"key":"Tingsha"},{"floor":75,"key":"Tough Bandages"}],"event_choices":[{"damage_healed":0.0,"max_hp_gain":0.0,"max_hp_loss":0.0,"gold_gain":0.0,"event_name":"Liars Game","player_choice":"Ignored","floor":3.0,"gold_loss":0.0,"damage_taken":0.0},{"damage_healed":0.0,"max_hp_gain":0.0,"max_hp_loss":0.0,"gold_gain":0.0,"event_name":"Shining Light","player_choice":"Entered Light","floor":6.0,"gold_loss":0.0,"damage_taken":14.0,"cards_upgraded":["Dagger Throw","Strike_G"]},{"damage_healed":0.0,"max_hp_gain":0.0,"max_hp_loss":0.0,"gold_gain":0.0,"event_name":"Golden Idol","player_choice":"Take Damage","floor":8.0,"gold_loss":0.0,"damage_taken":17.0,"relics_obtained":["Golden Idol"]},{"damage_healed":0.0,"max_hp_gain":0.0,"max_hp_loss":0.0,"gold_gain":0.0,"event_name":"Addict","player_choice":"Obtained Relic","floor":26.0,"gold_loss":85.0,"damage_taken":0.0,"relics_obtained":["CeramicFish"]},{"damage_healed":0.0,"max_hp_gain":0.0,"max_hp_loss":0.0,"gold_gain":100.0,"event_name":"The Joust","player_choice":"Bet on Murderer","floor":29.0,"gold_loss":50.0,"damage_taken":0.0},{"cards_removed":["Strike_G"],"damage_healed":0.0,"max_hp_gain":0.0,"max_hp_loss":0.0,"gold_gain":0.0,"event_name":"Back to Basics","player_choice":"Elegance","floor":33.0,"gold_loss":0.0,"damage_taken":0.0},{"cards_removed":["Strike_G"],"damage_healed":0.0,"max_hp_gain":0.0,"max_hp_loss":0.0,"gold_gain":0.0,"event_name":"Designer","player_choice":"Upgrade and Remove","floor":35.0,"gold_loss":90.0,"damage_taken":0.0,"cards_upgraded":["Eviscerate"]},{"damage_healed":0.0,"max_hp_gain":0.0,"max_hp_loss":0.0,"gold_gain":0.0,"event_name":"Cursed Tome","player_choice":"Obtained Book","floor":43.0,"gold_loss":0.0,"damage_taken":16.0},{"cards_removed":["Well Laid Plans"],"damage_healed":0.0,"max_hp_gain":0.0,"max_hp_loss":0.0,"gold_gain":0.0,"event_name":"Falling","player_choice":"Removed Power","floor":51.0,"gold_loss":0.0,"damage_taken":0.0},{"damage_healed":0.0,"max_hp_gain":0.0,"max_hp_loss":0.0,"gold_gain":0.0,"event_name":"Lab","player_choice":"Got Potions","floor":54.0,"gold_loss":0.0,"damage_taken":0.0},{"damage_healed":0.0,"max_hp_gain":0.0,"max_hp_loss":0.0,"gold_gain":0.0,"event_name":"Mysterious Sphere","player_choice":"Fight","floor":68.0,"gold_loss":0.0,"damage_taken":0.0}],"is_beta":false,"boss_relics":[{"not_picked":["Sozu","Calling Bell"],"picked":"SlaversCollar"},{"not_picked":["SacredBark","Black Star"],"picked":"Pandora\u0027s Box"}],"items_purged_floors":[16,53,74],"is_endless":false,"potions_floor_spawned":[7,9,10,15,17,23,25,27,31,34,42,50,55,58,59,65,67,68],"ascension_level":1}}