{"host":"lsq35p0sdkx2xifo","time":1613916862,"event":{"mods":["AchievementEnabler","BaseMod","Highlight Path","Minty Spire (QoL Compilation)","StSLib"],"gold_per_floor":[112,123,7,27,27,58,58,58,58,68,79,90,118,131,131,131,131],"floor_reached":16,"language":"ENG","playtime":693,"items_purged":["Strike_G"],"score":205,"play_id":"fb8b58a5-2906-46f9-982d-aee092c60c74","local_time":"20210221061422","is_ascension_mode":true,"campfire_choices":[{"floor":7,"key":"REST"},{"floor":15,"key":"REST"}],"circlet_count":0,"master_deck":["AscendersBane","Strike_G","Strike_G","Strike_G","Strike_G","Defend_G","Defend_G","Defend_G","Defend_G","Defend_G","Survivor","Neutralize+1","Deadly Poison","Bane","Noxious Fumes","Dodge and Roll","Grand Finale","Heel Hook","Terror","Flying Knee","Catalyst","Dodge and Roll"],"relics":["Ring of the Snake","Pear","Shuriken","Gremlin Horn","Torii"],"acts_visited":["Exordium"],"potions_floor_usage":[11,12,14],"damage_taken":[{"damage":4,"enemies":"Jaw Worm","floor":1,"turns":4},{"damage":0,"enemies":"Cultist","floor":2,"turns":4},{"damage":0,"enemies":"2 Louse","floor":4,"turns":3},{"damage":23,"enemies":"3 Sentries","floor":6,"turns":8},{"damage":6,"enemies":"Blue Slaver","floor":10,"turns":4},{"damage":11,"enemies":"Large Slime","floor":11,"turns":5},{"damage":5,"enemies":"2 Fungi Beasts","floor":12,"turns":4},{"damage":30,"enemies":"Lagavulin","floor":13,"turns":6},{"damage":0,"enemies":"Looter","floor":14,"turns":2},{"damage":34,"enemies":"The Guardian","floor":16,"turns":5}],"seed_played":"4705883519324794148","potions_obtained":[{"floor":2,"key":"Fire Potion"},{"floor":6,"key":"Weak Potion"},{"floor":10,"key":"Energy Potion"},{"floor":13,"key":"Fire Potion"}],"is_trial":false,"path_per_floor":["M","M","$","M","?","E","R","$","T","M","M","M","E","M","R","B"],"character_chosen":"THE_SILENT","items_purchased":["Noxious Fumes"],"campfire_rested":2,"item_purchase_floors":[3],"current_hp_per_floor":[55,55,55,55,65,42,64,64,64,58,47,42,12,12,34,0,0],"gold":131,"neow_bonus":"UPGRADE_CARD","is_daily":false,"chose_seed":false,"campfire_upgraded":0,"win_rate":0.0,"timestamp":1613916862,"path_taken":["M","M","$","M","?","E","R","?","T","M","M","M","E","M","R","BOSS"],"items_purchased_type":["Card"],"build_version":"2020-12-22","purchased_purges":1,"victory":false,"max_hp_per_floor":[66,66,66,66,76,76,76,76,76,76,76,76,76,76,76,76,76],"card_choices":[{"not_picked":["Accuracy","Quick Slash"],"picked":"Deadly Poison","floor":1},{"not_picked":["Blade Dance","Infinite Blades"],"picked":"Bane","floor":2},{"not_picked":["Slice","All Out Attack"],"picked":"Dodge and Roll","floor":4},{"not_picked":["Masterful Stab","PiercingWail"],"picked":"Grand Finale","floor":6},{"not_picked":["Backflip","Deflect"],"picked":"Heel Hook","floor":10},{"not_picked":["Prepared","Caltrops"],"picked":"Terror","floor":11},{"not_picked":["Terror","PiercingWail"],"picked":"Flying Knee","floor":12},{"not_picked":["Setup","Storm of Steel"],"picked":"Catalyst","floor":13},{"not_picked":["Infinite Blades","Slice"],"picked":"Dodge and Roll","floor":14}],"player_experience":1299123,"relics_obtained":[{"floor":6,"key":"Shuriken"},{"floor":9,"key":"Gremlin Horn"},{"floor":13,"key":"Torii"}],"event_choices":[{"damage_healed":0,"gold_gain":0,"player_choice":"Gave Potion","damage_taken":0,"relics_obtained":["Pear"],"max_hp_gain":0,"max_hp_loss":0,"event_name":"WeMeetAgain","floor":5,"gold_loss":0}],"is_beta":false,"boss_relics":[],"items_purged_floors":[3],"is_endless":false,"potions_floor_spawned":[2,6,10,13],"killed_by":"The Guardian","ascension_level":16}}