{"host":"5h6e4l6hpn0p5lap","time":1613868129,"event":{"mods":["AchievementEnabler","BaseMod","Better Altar","Better Match","Better Sensory Stone","Better Skull","Better Third Choice","Colored Map","Filter the Spire","Minty Spire (QoL Compilation)","StSLib"],"gold_per_floor":[112,112,123,134,134,134,167,187,187,187,187,198,212,21,21,122,122,139,153,168,180,5,5,32,43,43,43,43,57,57,67,67,169,169,169,169],"floor_reached":35,"language":"ENG","playtime":1654,"items_purged":["Defend_B"],"score":672,"play_id":"ca2f5911-85c6-4eb6-b544-957fc35403d2","local_time":"20210220194209","is_ascension_mode":true,"campfire_choices":[{"data":"Apotheosis","floor":6,"key":"SMITH"},{"floor":11,"key":"REST"},{"data":"Conserve Battery","floor":15,"key":"SMITH"},{"floor":23,"key":"REST"},{"data":"Hyperbeam","floor":32,"key":"SMITH"}],"circlet_count":0,"master_deck":["AscendersBane","Defend_B","Defend_B","Defend_B","Zap+1","Dualcast+1","Apotheosis+1","Sweeping Beam","White Noise","Turbo","Conserve Battery+1","Stack","Leap","Machine Learning","Conserve Battery","Hyperbeam+1","Coolheaded+1","Cold Snap","Chill","Bite","Bite","Bite","Bite","Bite","Compile Driver+1","Creative AI"],"relics":["Cracked Core","White Beast Statue","Whetstone","Mercury Hourglass","Medical Kit","Busted Crown","Blue Candle","Potion Belt","Nuclear Battery"],"acts_visited":["Exordium","TheCity","TheBeyond"],"potions_floor_usage":[13,16,18,24,25,29,31,33],"damage_taken":[{"damage":0,"enemies":"Small Slimes","floor":1,"turns":3},{"damage":2,"enemies":"Jaw Worm","floor":3,"turns":3},{"damage":0,"enemies":"Cultist","floor":4,"turns":3},{"damage":26,"enemies":"3 Sentries","floor":7,"turns":6},{"damage":1,"enemies":"Large Slime","floor":8,"turns":5},{"damage":0,"enemies":"2 Fungi Beasts","floor":12,"turns":3},{"damage":3,"enemies":"Looter","floor":13,"turns":3},{"damage":0,"enemies":"Slime Boss","floor":16,"turns":9},{"damage":20,"enemies":"Chosen","floor":18,"turns":6},{"damage":8,"enemies":"2 Thieves","floor":19,"turns":4},{"damage":0,"enemies":"Centurion and Healer","floor":20,"turns":5},{"damage":17,"enemies":"3 Cultists","floor":21,"turns":5},{"damage":17,"enemies":"Slavers","floor":24,"turns":5},{"damage":29,"enemies":"Snake Plant","floor":25,"turns":3},{"damage":0,"enemies":"Chosen and Byrds","floor":29,"turns":7},{"damage":7,"enemies":"Centurion and Healer","floor":31,"turns":10},{"damage":101,"enemies":"Automaton","floor":33,"turns":15},{"damage":49,"enemies":"3 Darklings","floor":35,"turns":4}],"seed_played":"7858146523861069347","potions_obtained":[{"floor":1,"key":"FairyPotion"},{"floor":7,"key":"Weak Potion"},{"floor":8,"key":"ColorlessPotion"},{"floor":12,"key":"AttackPotion"},{"floor":13,"key":"Fruit Juice"},{"floor":16,"key":"Regen Potion"},{"floor":18,"key":"DuplicationPotion"},{"floor":19,"key":"GamblersBrew"},{"floor":24,"key":"PowerPotion"},{"floor":25,"key":"DuplicationPotion"},{"floor":29,"key":"Swift Potion"},{"floor":31,"key":"Dexterity Potion"},{"floor":33,"key":"SpeedPotion"}],"is_trial":false,"path_per_floor":["M","?","M","M","T","R","E","M","T","?","R","M","M","$","R","B",null,"M","M","M","M","$","R","E","M","T","?","$","M","?","M","R","B",null,"M"],"character_chosen":"DEFECT","items_purchased":["Medical Kit","Conserve Battery","Cold Snap","Chill"],"campfire_rested":2,"item_purchase_floors":[14,14,22,22],"current_hp_per_floor":[68,54,52,52,52,52,26,25,25,25,45,45,47,47,47,47,67,52,44,44,27,27,48,31,2,2,2,2,2,2,50,50,1,39,0,0],"gold":169,"neow_bonus":"RANDOM_COLORLESS_2","is_daily":false,"chose_seed":false,"campfire_upgraded":3,"win_rate":0.0,"timestamp":1613868129,"path_taken":["M","?","M","M","?","R","E","M","T","?","R","M","?","$","R","BOSS","M","M","M","M","$","R","E","M","T","?","$","M","?","M","R","BOSS","M"],"items_purchased_type":["Relic","Card","Card","Card"],"build_version":"2020-12-22","purchased_purges":1,"victory":false,"max_hp_per_floor":[68,68,68,68,68,68,68,68,68,68,68,68,73,73,73,73,73,73,73,73,73,73,73,73,73,73,73,73,73,51,51,51,51,51,51,51],"card_choices":[{"not_picked":["Magnetism","Secret Weapon"],"picked":"Apotheosis","floor":0},{"not_picked":["Coolheaded","Conserve Battery"],"picked":"Sweeping Beam","floor":1},{"not_picked":["Hologram","Leap"],"picked":"White Noise","floor":3},{"not_picked":["Redo","Beam Cell"],"picked":"Turbo","floor":4},{"not_picked":["Recycle","Go for the Eyes"],"picked":"Conserve Battery","floor":7},{"not_picked":["Hello World","Steam Power"],"picked":"Stack","floor":8},{"not_picked":["Barrage","Double Energy"],"picked":"Leap","floor":12},{"not_picked":["Heatsinks","Turbo"],"picked":"Machine Learning","floor":13},{"not_picked":["All For One","Multi-Cast"],"picked":"Hyperbeam","floor":16},{"not_picked":[],"picked":"Coolheaded+1","floor":18},{"not_picked":["Compile Driver"],"picked":"SKIP","floor":19},{"not_picked":["Lockon"],"picked":"SKIP","floor":20},{"not_picked":["Leap"],"picked":"SKIP","floor":21},{"not_picked":["Streamline"],"picked":"SKIP","floor":24},{"not_picked":["Doom and Gloom"],"picked":"SKIP","floor":25},{"not_picked":["Sweeping Beam"],"picked":"SKIP","floor":29},{"not_picked":[],"picked":"Compile Driver+1","floor":31},{"not_picked":[],"picked":"Creative AI","floor":33}],"player_experience":1151637,"relics_obtained":[{"floor":5,"key":"White Beast Statue"},{"floor":7,"key":"Whetstone"},{"floor":9,"key":"Mercury Hourglass"},{"floor":24,"key":"Blue Candle"},{"floor":26,"key":"Potion Belt"}],"event_choices":[{"damage_healed":68,"gold_gain":0,"player_choice":"Upgrade","damage_taken":14,"max_hp_gain":0,"max_hp_loss":68,"event_name":"betterThird:BetterShining","floor":2,"gold_loss":0,"cards_upgraded":["Zap","Dualcast"]},{"cards_removed":["Strike_B"],"damage_healed":0,"gold_gain":0,"player_choice":"Card Removal","damage_taken":0,"max_hp_gain":0,"max_hp_loss":0,"event_name":"Wheel of Change","floor":10,"gold_loss":0},{"damage_healed":0,"gold_gain":0,"player_choice":"Adaptability","damage_taken":0,"max_hp_gain":0,"max_hp_loss":0,"event_name":"betterThird:BetterWriting","floor":27,"gold_loss":0},{"damage_healed":0,"gold_gain":0,"player_choice":"Became a vampire","damage_taken":0,"max_hp_gain":0,"max_hp_loss":22,"event_name":"Vampires","floor":30,"gold_loss":0,"cards_obtained":["Bite","Bite","Bite","Bite","Bite"]}],"is_beta":false,"boss_relics":[{"not_picked":["Pandora\u0027s Box","Black Star"],"picked":"Busted Crown"},{"not_picked":["Fusion Hammer","Coffee Dripper"],"picked":"Nuclear Battery"}],"items_purged_floors":[22],"is_endless":false,"potions_floor_spawned":[1,7,8,12,13,16,18,19,20,21,24,25,29,31,33],"killed_by":"3 Darklings","ascension_level":10}}