{"host":"y4fuci1jk2rsxnep","time":1613908509,"event":{"mods":["AchievementEnabler","BaseMod","Colored Powertips","Custom Start","Defuse TimeMaze Blight","Dio Mod","Downfall","Hermit","Hero for Fun","Hubris","Hunter ??","Infinite Spire","Minty Spire (QoL Compilation)","Quick Restart","Reliquary","Remove Card Discount Mod","Replay The Spire","StSLib","The Blackbeard","The Bug Knight","The Mystic","The Runesmith"],"gold_per_floor":[116,116,116,82,93,93,113,113,113,131,55,55,81,101,101,197,197,207,219,234,234,234],"floor_reached":21,"language":"ENG","playtime":1543,"items_purged":["hermit:Defend_Hermit","hermit:Strike_Hermit"],"score":217,"play_id":"eb66031f-9ea7-4bd1-a494-1d763f5874b3","local_time":"20210221125509","is_ascension_mode":true,"campfire_choices":[{"data":"hermit:HoleUp","floor":6,"key":"SMITH"},{"data":"hermit:Determination","floor":12,"key":"SMITH"},{"data":"hermit:Brawl","floor":15,"key":"SMITH"}],"circlet_count":0,"master_deck":["hermit:Strike_Hermit","hermit:Strike_Hermit","hermit:Strike_Hermit","hermit:Defend_Hermit+1","hermit:Defend_Hermit","hermit:Defend_Hermit","hermit:Snapshot","hermit:Covet","hermit:GoldenBullet","hermit:Virtue","hermit:HoleUp+1","hermit:HighCaliber+1","hermit:Determination+1","hermit:GhostlyPresence","hermit:Brawl+1","hermit:EternalForm","ReplayTheSpireMod:Restless Dread","hermit:Dissolve","Panacea","infinitespire:DeathsTouch","hermit:Malice"],"relics":["hermit:Momento","ReplayTheSpireMod:Lightbulb","hubris:Icosahedron","infinitespire:FocusingShard","reliquary:Buckler","ReplayTheSpireMod:SealedPack"],"acts_visited":["Exordium","TheCity"],"potions_floor_usage":[8,13,16],"damage_taken":[{"damage":0,"enemies":"Small Slimes","floor":1,"turns":2},{"damage":6,"enemies":"2 Louse","floor":5,"turns":2},{"damage":2,"enemies":"Jaw Worm","floor":7,"turns":6},{"damage":0,"enemies":"3 Louse","floor":10,"turns":2},{"damage":3,"enemies":"Lagavulin","floor":13,"turns":5},{"damage":3,"enemies":"Large Slime","floor":14,"turns":6},{"damage":24,"enemies":"Hexaghost","floor":16,"turns":10},{"damage":18,"enemies":"2 Thieves","floor":18,"turns":3},{"damage":30,"enemies":"Centurion and Healer","floor":19,"turns":6},{"damage":15,"enemies":"Cultist and Chosen","floor":20,"turns":5},{"damage":30,"enemies":"Shelled Parasite and Fungi","floor":21,"turns":4}],"seed_played":"-3403037395281729996","potions_obtained":[{"floor":7,"key":"Weak Potion"},{"floor":8,"key":"Fruit Juice"},{"floor":8,"key":"Energy Potion"},{"floor":8,"key":"Elixir"},{"floor":10,"key":"Block Potion"},{"floor":18,"key":"SteroidPotion"},{"floor":19,"key":"Explosive Potion"},{"floor":20,"key":"Guardian:BlockOnCardUsePotion"}],"is_trial":false,"path_per_floor":["M","?","?","$","M","R","M","?","T","M","$","R","E","M","R","B",null,"M","M","M","M"],"character_chosen":"HERMIT","items_purchased":["hermit:Virtue","hermit:Determination"],"campfire_rested":0,"item_purchase_floors":[4,11],"current_hp_per_floor":[82,70,70,70,64,64,62,67,67,67,67,67,64,61,61,37,87,69,39,24,0,0],"gold":234,"neow_bonus":"TEN_PERCENT_HP_BONUS","is_daily":false,"chose_seed":false,"campfire_upgraded":3,"win_rate":0.0,"timestamp":1613908509,"path_taken":["M","?","?","?","M","R","M","?","T","M","$","R","E","?","R","BOSS","M","M","M","M"],"items_purchased_type":["Card","Card"],"build_version":"2020-12-22","purchased_purges":2,"victory":false,"max_hp_per_floor":[82,82,82,82,82,82,82,87,87,87,87,87,87,87,87,87,87,87,87,87,87,87],"card_choices":[{"not_picked":["hermit:Gestalt","hermit:Coalescence"],"picked":"hermit:GoldenBullet","floor":1},{"not_picked":["hermit:ItchyTrigger","hermit:LowProfile"],"picked":"hermit:HoleUp","floor":5},{"not_picked":["hermit:Misfire","hermit:Maintenance"],"picked":"hermit:HighCaliber","floor":7},{"not_picked":["hermit:Headshot","hermit:FullyLoaded","hermit:TrackingShot"],"picked":"SKIP","floor":10},{"not_picked":["hermit:GoldenBullet","hermit:Headshot"],"picked":"hermit:GhostlyPresence","floor":13},{"not_picked":["hermit:Misfire","hermit:Quickdraw"],"picked":"hermit:Brawl","floor":14},{"not_picked":["hermit:HighNoon","hermit:BlackWind"],"picked":"hermit:EternalForm","floor":16},{"not_picked":["hermit:Gambit","hermit:DeadOrAlive"],"picked":"hermit:Dissolve","floor":17},{"not_picked":["PanicButton","Jack Of All Trades"],"picked":"Panacea","floor":17},{"not_picked":["infinitespire:FutureSight","ReplayTheSpireMod:Book of Names"],"picked":"infinitespire:DeathsTouch","floor":17},{"not_picked":["hermit:Manifest","hermit:Maintenance+1","hermit:Cheat"],"picked":"SKIP","floor":18},{"not_picked":["hermit:Snipe","hermit:DeadMansHand","hermit:Scavenge"],"picked":"SKIP","floor":19},{"not_picked":["hermit:DeadOrAlive","hermit:Ricochet"],"picked":"hermit:Malice","floor":20}],"player_experience":683590,"relics_obtained":[{"floor":9,"key":"infinitespire:FocusingShard"},{"floor":13,"key":"reliquary:Buckler"}],"event_choices":[{"damage_healed":0,"gold_gain":0,"player_choice":"Success","damage_taken":12,"relics_obtained":["ReplayTheSpireMod:Lightbulb"],"max_hp_gain":0,"max_hp_loss":0,"event_name":"Scrap Ooze","floor":2,"gold_loss":0},{"damage_healed":0,"gold_gain":0,"player_choice":"Got Potions","damage_taken":0,"max_hp_gain":0,"max_hp_loss":0,"event_name":"Lab","floor":8,"gold_loss":0}],"is_beta":false,"boss_relics":[{"not_picked":["Tiny House","Philosopher\u0027s Stone"],"picked":"ReplayTheSpireMod:SealedPack"}],"items_purged_floors":[11,11],"is_endless":false,"potions_floor_spawned":[7,10,18,19,20],"killed_by":"Shelled Parasite and Fungi","ascension_level":4}}