{"host":"vl1k6yl86fnmnemm","time":1613949799,"event":{"mods":["BaseMod","Colored Map","Minty Spire (QoL Compilation)","StSLib"],"gold_per_floor":[114,133,133,56,18,30,30,30,30,30,56,75,102,51,51,146,146,159,74,74,92,15,41,41,41,64,164,10,10,10],"floor_reached":29,"language":"ENG","playtime":1149,"items_purged":[],"score":297,"play_id":"b1b687ab-cee8-4c07-ab37-402bdd228b8d","local_time":"20210222002319","is_ascension_mode":false,"campfire_choices":[{"data":"Eruption","floor":7,"key":"SMITH"},{"data":"Crescendo","floor":10,"key":"SMITH"},{"floor":15,"key":"REST"},{"floor":25,"key":"REST"}],"circlet_count":0,"master_deck":["Strike_P","Strike_P","Strike_P+1","Strike_P","Defend_P","Defend_P","Defend_P","Defend_P","Eruption+1","Vigilance","Crescendo+1","CarveReality+1","Adaptation","SashWhip+1","CrushJoints","Consecrate","Halt","ClearTheMind+1","LessonLearned+1","CutThroughFate+1"],"relics":["PureWater","NeowsBlessing","Pear","Shuriken","Question Card","Sozu","Girya","MutagenicStrength","Gremlin Horn","MealTicket","Pocketwatch","InkBottle","Whetstone"],"acts_visited":["Exordium","TheCity"],"potions_floor_usage":[23,27,27],"damage_taken":[{"damage":0,"enemies":"Cultist","floor":1,"turns":1},{"damage":0,"enemies":"2 Louse","floor":2,"turns":2},{"damage":0,"enemies":"Jaw Worm","floor":6,"turns":1},{"damage":18,"enemies":"3 Sentries","floor":11,"turns":5},{"damage":7,"enemies":"Large Slime","floor":12,"turns":3},{"damage":8,"enemies":"Gremlin Nob","floor":13,"turns":3},{"damage":0,"enemies":"Slime Boss","floor":16,"turns":5},{"damage":12,"enemies":"3 Byrds","floor":18,"turns":4},{"damage":17,"enemies":"2 Thieves","floor":21,"turns":3},{"damage":30,"enemies":"Slavers","floor":23,"turns":7},{"damage":31,"enemies":"Colosseum Slavers","floor":27,"turns":4},{"damage":14,"enemies":"Colosseum Nobs","floor":27,"turns":4},{"damage":17,"enemies":"Snake Plant","floor":29,"turns":2}],"seed_played":"1718388617363398207","potions_obtained":[{"floor":11,"key":"FearPotion"},{"floor":12,"key":"Block Potion"},{"floor":13,"key":"BlessingOfTheForge"}],"is_trial":false,"path_per_floor":["M","M","?","$","?","M","R","?","T","R","E","M","E","$","R","B",null,"M","?","?","M","$","E","$","R","T","?","$","M"],"character_chosen":"WATCHER","items_purchased":["Adaptation","Consecrate","LessonLearned","Whetstone"],"campfire_rested":2,"item_purchase_floors":[4,14,22,28],"current_hp_per_floor":[72,72,72,72,72,72,72,72,82,82,64,57,49,49,73,73,82,70,70,70,53,53,23,23,47,47,2,17,0,0],"gold":10,"neow_bonus":"THREE_ENEMY_KILL","is_daily":false,"chose_seed":false,"campfire_upgraded":2,"win_rate":0.0,"timestamp":1613949799,"path_taken":["M","?","?","?","?","M","R","?","T","R","E","M","E","$","R","BOSS","M","?","?","M","?","E","?","R","T","?","$","?"],"items_purchased_type":["Card","Card","Card","Relic"],"build_version":"2020-12-22","purchased_purges":0,"victory":false,"max_hp_per_floor":[72,72,72,72,72,72,72,72,82,82,82,82,82,82,82,82,82,82,82,82,82,82,82,82,82,82,82,82,82,82],"card_choices":[{"not_picked":["FlyingSleeves","Evaluate"],"picked":"Crescendo","floor":1},{"not_picked":["SignatureMove","Evaluate"],"picked":"CarveReality","floor":2},{"not_picked":["PathToVictory","CutThroughFate"],"picked":"SashWhip","floor":6},{"not_picked":["EmptyBody","BowlingBash"],"picked":"CrushJoints","floor":11},{"not_picked":["CutThroughFate","Evaluate","SandsOfTime"],"picked":"SKIP","floor":12},{"not_picked":["SpiritShield","CutThroughFate","Establishment"],"picked":"SKIP","floor":13},{"not_picked":["Weave","Study","FearNoEvil"],"picked":"Halt","floor":18},{"not_picked":["PathToVictory","Pray","SandsOfTime"],"picked":"ClearTheMind+1","floor":21},{"not_picked":["Fasting2+1","LikeWater","WaveOfTheHand"],"picked":"CutThroughFate","floor":23}],"player_experience":44988,"relics_obtained":[{"floor":9,"key":"Pear"},{"floor":11,"key":"Shuriken"},{"floor":13,"key":"Question Card"},{"floor":23,"key":"Gremlin Horn"},{"floor":26,"key":"MealTicket"},{"floor":27,"key":"Pocketwatch"},{"floor":27,"key":"InkBottle"}],"event_choices":[{"damage_healed":0,"gold_gain":0,"player_choice":"Ignored","damage_taken":0,"max_hp_gain":0,"max_hp_loss":0,"event_name":"Golden Idol","floor":3,"gold_loss":0},{"damage_healed":0,"gold_gain":0,"player_choice":"Left Gold","damage_taken":0,"max_hp_gain":0,"max_hp_loss":0,"event_name":"World of Goop","floor":5,"gold_loss":38},{"damage_healed":0,"gold_gain":0,"player_choice":"Grow","damage_taken":0,"max_hp_gain":0,"max_hp_loss":0,"event_name":"Living Wall","floor":8,"gold_loss":0,"cards_upgraded":["CarveReality"]},{"damage_healed":0,"gold_gain":0,"player_choice":"Obtained Relic","damage_taken":0,"relics_obtained":["Girya"],"max_hp_gain":0,"max_hp_loss":0,"event_name":"Addict","floor":19,"gold_loss":85},{"damage_healed":0,"gold_gain":0,"player_choice":"Inject Mutagens","damage_taken":0,"relics_obtained":["MutagenicStrength"],"max_hp_gain":0,"max_hp_loss":0,"event_name":"Drug Dealer","floor":20,"gold_loss":0},{"damage_healed":0,"gold_gain":0,"player_choice":"Fight","damage_taken":0,"max_hp_gain":0,"max_hp_loss":0,"event_name":"Colosseum","floor":27,"gold_loss":0},{"damage_healed":0,"gold_gain":0,"player_choice":"Fought Nobs","damage_taken":0,"max_hp_gain":0,"max_hp_loss":0,"event_name":"Colosseum","floor":27,"gold_loss":0}],"is_beta":false,"boss_relics":[{"not_picked":["Black Star","Astrolabe"],"picked":"Sozu"}],"items_purged_floors":[],"is_endless":false,"potions_floor_spawned":[11,12,13,16,27],"killed_by":"Snake Plant","ascension_level":0}}