{"host":"rsbhidffjle4v6w5","time":1613935817,"event":{"mods":["Act Like it!","Ascension Reborn","BaseMod","Better Note","Better Third Choice","BetterRewards","Block Reminder","Colored Map","Minty Spire (QoL Compilation)","Quick Restart","Reliquary","Replay The Spire","Ruina","StSLib"],"gold_per_floor":[118,118,118,138,152,117,158,171,202,214,214,214,250,266,266,387,387,409,433,393,416,416,446,446,338,436,452,266,278,58,75,75,200,200,222,238,163,163,69,69,92,152,152,174,192,292,686,706,706,706,706,706],"floor_reached":51,"language":"ENG","playtime":2494,"items_purged":["Strike_G","Decay","Injury"],"score":911,"play_id":"aa2770b5-5431-4ccd-b5f2-6b017cd8f32e","local_time":"20210221223017","is_ascension_mode":true,"campfire_choices":[{"floor":12.0,"key":"RECALL"},{"data":"Malaise","floor":15.0,"key":"SMITH"},{"data":"Blade Dance","floor":24.0,"key":"SMITH"},{"data":"Defend_G","floor":32.0,"key":"SMITH"},{"data":"Defend_G","floor":40,"key":"SMITH"},{"floor":49,"key":"REST"}],"circlet_count":0,"master_deck":["Strike_G+1","Strike_G","Strike_G","Defend_G+1","Defend_G+1","Defend_G+1","Defend_G+1","Defend_G+1","Survivor+1","Neutralize+1","Quick Slash+1","Dagger Spray+1","Poisoned Stab+1","Quick Slash+1","Blade Dance+1","Malaise+1","Dagger Spray+1","Burst+1","ReplayTheSpireMod:Speed Training+1","Catalyst+1","Catalyst+1","Quick Slash+1","Venomology","AscMod:ascendersbane","Fluid Movement+1","Crippling Poison","Replay:Poison Smokescreen","Dodge and Roll+1","Draining Mist","Night Terror","Dodge and Roll+1"],"relics":["Ring of the Snake","ClockworkSouvenir","Molten Egg 2","HornCleat","Basket Of Snakes","Replay:Rubber Ducky","Replay:Mystery Machine","Unceasing Top","Blood Vial","Philosopher\u0027s Stone","Letter Opener","reliquary:Buckler","Sundial","Onion Ring","Guide Book","War Paint","Replay:Ancient Bell","Snake Skull","Snack Pack","Counterbalance","Peace Pipe","Mercury Hourglass","Dream Catcher","Old Coin"],"acts_visited":["Exordium","TheCity","TheBeyond"],"potions_floor_usage":[36,41,41,42,44,45,45,45,47,47,48,50,51,51,51],"damage_taken":[{"damage":0.0,"enemies":"Small Slimes","floor":1.0,"turns":3.0},{"damage":0.0,"enemies":"2 Louse","floor":4.0,"turns":6.0},{"damage":0.0,"enemies":"Cultist","floor":5.0,"turns":3.0},{"damage":10.0,"enemies":"3 Sentries","floor":7.0,"turns":6.0},{"damage":3.0,"enemies":"Red Slaver","floor":8.0,"turns":3.0},{"damage":1.0,"enemies":"2 Fungi Beasts","floor":10.0,"turns":2.0},{"damage":0.0,"enemies":"Gremlin Nob","floor":13.0,"turns":2.0},{"damage":0.0,"enemies":"Large Slime","floor":14.0,"turns":4.0},{"damage":30.0,"enemies":"Fading Forest","floor":16.0,"turns":11.0},{"damage":0.0,"enemies":"Spheric Guardian","floor":18.0,"turns":3.0},{"damage":9.0,"enemies":"Shell Parasite","floor":19.0,"turns":2.0},{"damage":0.0,"enemies":"Centurion and Healer","floor":21.0,"turns":5.0},{"damage":4.0,"enemies":"Slavers","floor":23.0,"turns":2.0},{"damage":0.0,"enemies":"Snake Plant","floor":27.0,"turns":3.0},{"damage":0.0,"enemies":"Sentry and Sphere","floor":29.0,"turns":2.0},{"damage":0.0,"enemies":"Shelled Parasite and Fungi","floor":31.0,"turns":3.0},{"damage":46.0,"enemies":"Pondfish","floor":33.0,"turns":6.0},{"damage":12.0,"enemies":"Orb Walker","floor":35.0,"turns":3.0},{"damage":0,"enemies":"3 Darklings","floor":36,"turns":2},{"damage":0,"enemies":"4 Shapes","floor":41,"turns":7},{"damage":6,"enemies":"2 Orb Walkers","floor":42,"turns":3},{"damage":12,"enemies":"Jaw Worm Horde","floor":44,"turns":3},{"damage":0,"enemies":"3 Darklings","floor":45,"turns":3},{"damage":10,"enemies":"Reptomancer","floor":47,"turns":3},{"damage":5,"enemies":"Sphere and 2 Shapes","floor":48,"turns":4},{"damage":62,"enemies":"Time Eater","floor":50,"turns":12},{"damage":34,"enemies":"Replay:Hell Engine","floor":51,"turns":5}],"seed_played":"-4475976258129408986","potions_obtained":[{"floor":1.0,"key":"CunningPotion"},{"floor":1.0,"key":"LifebloodPotion"},{"floor":4.0,"key":"AttackPotion"},{"floor":7.0,"key":"SkillPotion"},{"floor":8.0,"key":"Elixir"},{"floor":10.0,"key":"ColorlessPotion"},{"floor":13.0,"key":"CunningPotion"},{"floor":13.0,"key":"LifebloodPotion"},{"floor":16.0,"key":"Swift Potion"},{"floor":16.0,"key":"SpeedPotion"},{"floor":18.0,"key":"PowerPotion"},{"floor":18.0,"key":"FearPotion"},{"floor":19.0,"key":"Weak Potion"},{"floor":23.0,"key":"SkillPotion"},{"floor":27.0,"key":"EntropicBrew"},{"floor":29.0,"key":"SpeedPotion"},{"floor":31.0,"key":"Dexterity Potion"},{"floor":33.0,"key":"LifebloodPotion"},{"floor":35.0,"key":"AttackPotion"},{"floor":36,"key":"SpeedPotion"},{"floor":41,"key":"Energy Potion"},{"floor":42,"key":"Energy Potion"},{"floor":44,"key":"Adrenaline Potion"},{"floor":45,"key":"Fire Potion"},{"floor":47,"key":"Adrenaline Potion"},{"floor":47,"key":"Strength Potion"},{"floor":48,"key":"ColorlessPotion"}],"is_trial":false,"path_per_floor":["M","?","?","M","M","?","E","M","T","M","T","R","E","M","R","B",null,"M","M","?","M","?","E","R","$","T","M","$","M","$","M","R","B",null,"M","M","$","?","$","R","M","?","T","M","M","?","E","M","R","B","B"],"character_chosen":"THE_SILENT","items_purchased":["ClockworkSouvenir","Molten Egg 2","HornCleat","Quick Slash+1","Regen Potion","reliquary:Buckler","Onion Ring","Guide Book","War Paint"],"campfire_rested":1,"item_purchase_floors":[0,0,0,0,0,25,28,30,30],"current_hp_per_floor":[38,38,13,28,28,45,35,32,32,31,31,31,31,33,33,15,70,70,61,61,63,63,61,61,61,61,63,63,65,65,67,67,23,70,58,64,64,64,64,64,66,60,60,54,56,40,36,37,56,12,0,0],"gold":706,"neow_bonus":"","is_daily":false,"chose_seed":false,"campfire_upgraded":4,"win_rate":0.0,"timestamp":1613935817,"path_taken":["M","?","?","M","M","?","E","M","T","M","?","R","E","M","R","BOSS","M","M","?","M","?","E","R","$","T","M","$","?","?","M","R","BOSS","M","M","$","?","$","R","M","?","T","?","M","?","E","M","R","BOSS","BOSS"],"items_purchased_type":["Relic","Relic","Relic","Card","Potion","Relic","Relic","Relic","Relic"],"build_version":"2020-12-22","purchased_purges":3,"victory":false,"max_hp_per_floor":[70,70,70,70,70,70,70,70,70,70,70,70,70,70,70,70,70,70,70,70,70,70,70,70,70,70,70,70,70,70,70,70,70,70,70,70,70,66,66,66,66,66,66,66,66,66,66,66,66,66,66,66],"card_choices":[{"not_picked":["Sucker Punch+1","Sneak Up"],"picked":"Dagger Spray+1","floor":1.0},{"not_picked":["Sneak Up","Hidden Blade","Underhanded Strike+1"],"picked":"SKIP","floor":4.0},{"not_picked":["Noxious Fumes","Blade Dance"],"picked":"Poisoned Stab+1","floor":5.0},{"not_picked":["Dagger Spray+1","Backflip"],"picked":"Quick Slash+1","floor":7.0},{"not_picked":["Underhanded Strike+1","Caltrops"],"picked":"Blade Dance","floor":8.0},{"not_picked":["All Out Attack+1","Prepared"],"picked":"Malaise","floor":10.0},{"not_picked":["ReplayTheSpireMod:Shiv Toss","Skewer+1","Bane+1"],"picked":"SKIP","floor":13.0},{"not_picked":["Caltrops","Fluid Movement"],"picked":"Dagger Spray+1","floor":14.0},{"not_picked":["ReplayTheSpireMod:Necrosis","Envenom"],"picked":"Burst","floor":16.0},{"not_picked":["Acrobatics","Replay:Poison Smokescreen","Sucker Punch+1"],"picked":"SKIP","floor":18.0},{"not_picked":["Dodge and Roll","Deadly Poison"],"picked":"ReplayTheSpireMod:Speed Training","floor":19.0},{"not_picked":["Draining Mist","Predator+1"],"picked":"Catalyst+1","floor":21.0},{"not_picked":["Riddle With Holes+1","ReplayTheSpireMod:Tripwire+1"],"picked":"Catalyst+1","floor":23.0},{"not_picked":["ReplayTheSpireMod:Tripwire","Slice+1","PiercingWail+1"],"picked":"SKIP","floor":27.0},{"not_picked":["Dodge and Roll","Bane+1"],"picked":"Quick Slash+1","floor":29.0},{"not_picked":["Blur","ReplayTheSpireMod:Scrap Shanks","Infinite Blades+1"],"picked":"SKIP","floor":31.0},{"not_picked":["Die Die Die+1","Wraith Form v2"],"picked":"Venomology","floor":33.0},{"not_picked":["AscMod:ascendersbane","ReplayTheSpireMod:IOU"],"picked":"Decay","floor":34.0},{"not_picked":["ReplayTheSpireMod:Restless Dread","Voices"],"picked":"AscMod:ascendersbane","floor":34.0},{"not_picked":["Shame","AbeCurse"],"picked":"Injury","floor":34.0},{"not_picked":["Deadly Poison","Replay:Poison Smokescreen+1"],"picked":"Fluid Movement+1","floor":35.0},{"not_picked":["Skewer+1","Doppelganger","Choke+1"],"picked":"SKIP","floor":36},{"not_picked":["Sucker Punch+1","Dagger Throw+1","Flying Knee+1"],"picked":"SKIP","floor":41},{"not_picked":["Bane+1","PiercingWail"],"picked":"Crippling Poison","floor":42},{"not_picked":["Sucker Punch+1","Distraction"],"picked":"Replay:Poison Smokescreen","floor":44},{"not_picked":["ReplayTheSpireMod:Shiv Toss","Blade Dance"],"picked":"Dodge and Roll+1","floor":45},{"not_picked":["PiercingWail","Bane+1"],"picked":"Draining Mist","floor":46},{"not_picked":["Hidden Blade","Flying Knee+1"],"picked":"Night Terror","floor":47},{"not_picked":["Dagger Spray+1","Cloak And Dagger"],"picked":"Dodge and Roll+1","floor":48}],"player_experience":1135800,"relics_obtained":[{"floor":7.0,"key":"Replay:Mystery Machine"},{"floor":11.0,"key":"Unceasing Top"},{"floor":13.0,"key":"Blood Vial"},{"floor":23.0,"key":"Letter Opener"},{"floor":26.0,"key":"Sundial"},{"floor":42,"key":"Peace Pipe"},{"floor":43,"key":"Mercury Hourglass"},{"floor":46,"key":"Dream Catcher"},{"floor":47,"key":"Old Coin"}],"event_choices":[{"damage_healed":0.0,"max_hp_gain":0.0,"max_hp_loss":0.0,"gold_gain":0.0,"event_name":"Living Wall","player_choice":"Grow","floor":2.0,"gold_loss":0.0,"damage_taken":0.0,"cards_upgraded":["Neutralize"]},{"damage_healed":0.0,"max_hp_gain":0.0,"max_hp_loss":0.0,"gold_gain":0.0,"event_name":"betterThird:BetterScrap","player_choice":"Relic ","floor":3.0,"gold_loss":0.0,"damage_taken":25.0,"cards_obtained":["Uppercut"]},{"damage_healed":17.0,"max_hp_gain":0.0,"max_hp_loss":0.0,"gold_gain":0.0,"event_name":"The Cleric","player_choice":"Healed","floor":6.0,"gold_loss":35.0,"damage_taken":0.0},{"damage_healed":0.0,"max_hp_gain":0.0,"max_hp_loss":0.0,"gold_gain":0.0,"event_name":"Designer","player_choice":"Upgrade","floor":20.0,"gold_loss":40.0,"damage_taken":0.0,"cards_upgraded":["Burst"]},{"cards_removed":["Strike_G"],"damage_healed":0.0,"max_hp_gain":0.0,"max_hp_loss":0.0,"gold_gain":0.0,"event_name":"Bonfire Elementals","player_choice":"Offered Basic","floor":22.0,"gold_loss":0.0,"damage_taken":0.0},{"damage_healed":0,"gold_gain":0,"player_choice":"Max HP","damage_taken":0,"max_hp_gain":0,"max_hp_loss":4,"event_name":"Winding Halls","floor":38,"gold_loss":0},{"damage_healed":0,"gold_gain":0,"player_choice":"Fight","damage_taken":0,"max_hp_gain":0,"max_hp_loss":0,"event_name":"Mysterious Sphere","floor":42,"gold_loss":0}],"is_beta":false,"boss_relics":[{"not_picked":["Cursed Key","Snecko Eye"],"picked":"Philosopher\u0027s Stone"},{"not_picked":["Runic Pyramid","Snecko Scales"],"picked":"Replay:Ancient Bell"},{"not_picked":["reliquary:WeakTea","Vajra"],"picked":"Snake Skull"},{"not_picked":["reliquary:GummyVitamins","reliquary:JackalopeAntler"],"picked":"Snack Pack"},{"not_picked":["reliquary:KillPill","Replay:PocketPolymizer"],"picked":"Counterbalance"}],"items_purged_floors":[0,37,39],"is_endless":false,"potions_floor_spawned":[1,4,13,16,18,19,21,35,47],"killed_by":"Replay:Hell Engine","ascension_level":0}}