{"host":"poshtwjux72eqzmy","time":1613878888,"event":{"mods":["BaseMod","Bestiary","Block Reminder","Highlight Path","Minty Spire (QoL Compilation)","Quick Restart","Relic Stats","StSLib","ojb\u0027s Info Mod"],"gold_per_floor":[135,4,58,58,97,145,145,183,183,183,266,1,1,56,68,80,80],"floor_reached":16,"language":"ENG","playtime":958,"items_purged":["Strike_R","Strike_R"],"score":236,"play_id":"a7859de8-9a09-42fb-b195-4b114df27023","local_time":"20210221054128","is_ascension_mode":true,"campfire_choices":[{"data":"Double Tap","floor":7.0,"key":"SMITH"},{"data":"HandOfGreed","floor":10.0,"key":"SMITH"},{"data":"True Grit","floor":15.0,"key":"SMITH"}],"circlet_count":0,"master_deck":["AscendersBane","Strike_R","Strike_R","Defend_R","Defend_R","Defend_R","Defend_R","Bash+1","HandOfGreed+1","Headbutt+1","Cleave","Feel No Pain","Double Tap+1","Pommel Strike","Shrug It Off","True Grit+1"],"relics":["Burning Blood","Pear","Meat on the Bone","Eternal Feather","Frozen Eye","MawBank"],"acts_visited":["Exordium"],"potions_floor_usage":[16,16],"damage_taken":[{"damage":12.0,"enemies":"Jaw Worm","floor":1.0,"turns":2.0},{"damage":5.0,"enemies":"2 Louse","floor":3.0,"turns":3.0},{"damage":0.0,"enemies":"Cultist","floor":5.0,"turns":2.0},{"damage":20.0,"enemies":"Lagavulin","floor":6.0,"turns":7.0},{"damage":20.0,"enemies":"Large Slime","floor":8.0,"turns":6.0},{"damage":24.0,"enemies":"3 Sentries","floor":11.0,"turns":6.0},{"damage":14.0,"enemies":"Lagavulin","floor":14.0,"turns":7.0},{"damage":36,"enemies":"Hexaghost","floor":16,"turns":7}],"seed_played":"-2051957990341000886","potions_obtained":[{"floor":1.0,"key":"Ancient Potion"},{"floor":3.0,"key":"Energy Potion"},{"floor":8.0,"key":"AttackPotion"},{"floor":14.0,"key":"Strength Potion"}],"is_trial":false,"path_per_floor":["M","$","M","?","M","E","R","M","T","R","E","$","?","E","R","B"],"character_chosen":"IRONCLAD","items_purchased":["Cleave","Frozen Eye"],"campfire_rested":0,"item_purchase_floors":[2,12],"current_hp_per_floor":[62,62,63,43,49,45,45,31,31,31,25,25,18,22,31,0,0],"gold":80,"neow_bonus":"RANDOM_COLORLESS_2","is_daily":false,"chose_seed":false,"campfire_upgraded":3,"win_rate":0.0,"timestamp":1613878888,"path_taken":["M","$","M","?","M","E","R","M","T","R","E","$","?","E","R","BOSS"],"items_purchased_type":["Card","Relic"],"build_version":"2020-12-22","purchased_purges":2,"victory":false,"max_hp_per_floor":[68,68,68,68,68,78,78,78,78,78,78,78,78,78,78,78,78],"relic_stats":{"counters":[8,40],"Eternal Feather":9,"MawBank":24,"obtain_stats":[{"Frozen Eye":12,"Pear":6,"Eternal Feather":11,"MawBank":14,"Burning Blood":0,"Meat on the Bone":9},{"Frozen Eye":6,"Pear":4,"Eternal Feather":6,"MawBank":7,"Burning Blood":0,"Meat on the Bone":5},{"Frozen Eye":26,"Pear":14,"Eternal Feather":26,"MawBank":33,"Burning Blood":0,"Meat on the Bone":20}],"Burning Blood":42,"Meat on the Bone":24},"card_choices":[{"not_picked":["Secret Weapon","Secret Technique"],"picked":"HandOfGreed","floor":0.0},{"not_picked":["Warcry","Anger"],"picked":"Headbutt","floor":1.0},{"not_picked":["Heavy Blade","Cleave","Headbutt"],"picked":"SKIP","floor":3.0},{"not_picked":["Thunderclap","Reckless Charge"],"picked":"Feel No Pain","floor":5.0},{"not_picked":["Perfected Strike","Armaments"],"picked":"Double Tap","floor":6.0},{"not_picked":["Inflame","Pummel"],"picked":"Pommel Strike","floor":8.0},{"not_picked":["Twin Strike","Headbutt"],"picked":"Shrug It Off","floor":11.0},{"not_picked":["Feel No Pain","Heavy Blade"],"picked":"True Grit","floor":14.0}],"player_experience":1151635,"relics_obtained":[{"floor":6.0,"key":"Pear"},{"floor":9.0,"key":"Meat on the Bone"},{"floor":11.0,"key":"Eternal Feather"},{"floor":14.0,"key":"MawBank"}],"event_choices":[{"damage_healed":0.0,"max_hp_gain":0.0,"max_hp_loss":0.0,"gold_gain":0.0,"event_name":"Shining Light","player_choice":"Entered Light","floor":4.0,"gold_loss":0.0,"damage_taken":20.0,"cards_upgraded":["Bash","Headbutt"]},{"cards_removed":["Strike_R"],"damage_healed":0.0,"max_hp_gain":0.0,"max_hp_loss":0.0,"gold_gain":0.0,"event_name":"Golden Wing","player_choice":"Card Removal","floor":13.0,"gold_loss":0.0,"damage_taken":7.0}],"is_beta":false,"boss_relics":[],"items_purged_floors":[2,12],"is_endless":false,"potions_floor_spawned":[1,3,8,14],"killed_by":"Hexaghost","ascension_level":20}}