{"host":"cr9rpoy6dx9riis3","time":1613942991,"event":{"mods":["AchievementEnabler","BaseMod","Better Altar","Better Note","Better Sensory Stone","Better Skull","Better Third Choice","Better-Laid Plans","BetterRewards","Block Reminder","Curses Come First","Displayed Cursed Tome","Emptier Cage","Marked Mod","Minty Spire (QoL Compilation)","Permanent Neow","Relic Sorter","StSLib","The Blue Laboratory","Transform Curses"],"gold_per_floor":[109,284,298,298,47,47,63,95,118,118,137,137,149,161,173,185,185],"floor_reached":16,"language":"ENG","playtime":708,"items_purged":["Defend_G","Doubt"],"score":185,"play_id":"e1ed6d23-5dcd-4da2-bb93-6e65448adbcd","local_time":"20210221222951","is_ascension_mode":true,"campfire_choices":[{"data":"Panacea","floor":6,"key":"SMITH"},{"data":"Survivor","floor":13,"key":"SMITH"},{"floor":15,"key":"REST"}],"circlet_count":0,"master_deck":["Strike_G","Strike_G","Strike_G","Strike_G","Strike_G","Defend_G","Defend_G","Defend_G","Defend_G","Survivor+1","Neutralize","Panacea+1","Accuracy","Backflip"],"relics":["Ring of the Snake","MawBank","MealTicket","Lantern","Toy Ornithopter"],"acts_visited":["Exordium"],"potions_floor_usage":[8,8,16],"damage_taken":[{"damage":6,"enemies":"Jaw Worm","floor":1,"turns":5},{"damage":8,"enemies":"Small Slimes","floor":3,"turns":4},{"damage":1,"enemies":"Cultist","floor":7,"turns":3},{"damage":31,"enemies":"Lagavulin","floor":8,"turns":7},{"damage":0,"enemies":"Exordium Wildlife","floor":11,"turns":5},{"damage":83,"enemies":"Slime Boss","floor":16,"turns":12}],"seed_played":"-7571906282788544853","potions_obtained":[{"floor":1,"key":"blueLaboratory:EnvenomedCoating"},{"floor":3,"key":"blueLaboratory:TrueEctoplasm"},{"floor":11,"key":"Weak Potion"}],"is_trial":false,"path_per_floor":["M","?","M","?","$","R","M","E","T","$","M","?","R","$","R","B"],"character_chosen":"THE_SILENT","items_purchased":["Toy Ornithopter","Panacea","Lantern"],"campfire_rested":1,"item_purchase_floors":[0,0,5],"current_hp_per_floor":[48,48,40,40,40,40,39,28,28,43,43,31,31,46,70,0,0],"gold":185,"neow_bonus":"","is_daily":false,"chose_seed":false,"campfire_upgraded":2,"win_rate":0.0,"timestamp":1613942991,"path_taken":["M","?","M","?","$","R","?","E","T","$","M","?","R","?","R","BOSS"],"items_purchased_type":["Relic","Card","Relic"],"build_version":"2020-12-22","purchased_purges":2,"victory":false,"max_hp_per_floor":[70,70,70,70,70,70,70,80,80,80,80,80,80,80,80,80,80],"card_choices":[{"not_picked":["Acrobatics","Endless Agony","Cloak And Dagger"],"picked":"SKIP","floor":1},{"not_picked":["Cloak And Dagger","Underhanded Strike","Dodge and Roll"],"picked":"SKIP","floor":3},{"not_picked":["Leg Sweep","Crippling Poison"],"picked":"Accuracy","floor":7},{"not_picked":["Catalyst","PiercingWail","Caltrops"],"picked":"SKIP","floor":8},{"not_picked":["Outmaneuver","Predator"],"picked":"Backflip","floor":11}],"player_experience":773413,"relics_obtained":[{"floor":8,"key":"Pear"},{"floor":9,"key":"MealTicket"}],"event_choices":[{"damage_healed":0,"gold_gain":175,"player_choice":"AGREE","damage_taken":109,"max_hp_gain":0,"max_hp_loss":0,"event_name":"betterThird:BetterSerpent","floor":2,"gold_loss":0},{"cards_removed":["Panacea"],"damage_healed":0,"gold_gain":0,"player_choice":"Give","damage_taken":0,"max_hp_gain":0,"max_hp_loss":0,"event_name":"betterNote:BetterNote","floor":4,"gold_loss":0,"cards_obtained":["None"]},{"damage_healed":0,"gold_gain":0,"player_choice":"Relic ","damage_taken":12,"max_hp_gain":0,"max_hp_loss":0,"event_name":"betterThird:BetterScrap","floor":12,"gold_loss":0,"cards_obtained":["Skim"]}],"is_beta":false,"boss_relics":[],"items_purged_floors":[0,5],"is_endless":false,"potions_floor_spawned":[1,3,11],"killed_by":"Slime Boss","ascension_level":5}}