{"host":"z37g2hkgkh2zjyzk","time":1613875362,"event":{"mods":["2.2 Compatiblity","AchievementEnabler","BaseMod","Bestiary","Colored Map","Colored Powertips","Curses Come First","Highlight Path","Keyboard Shortcuts","Minty Spire (QoL Compilation)","Relic Stats","StSLib","SuperFastMode"],"gold_per_floor":[115,115,126,126,146,146,181,181,205,220,245,6,63,80,80,182,182,200,190,210,210,229,229,240,240,240],"floor_reached":25,"language":"ENG","playtime":1712,"items_purged":[],"score":294,"play_id":"038c6821-f4e9-441c-a3d4-08547d6ecf31","local_time":"20210221034242","is_ascension_mode":true,"campfire_choices":[{"data":"Sunder","floor":6,"key":"SMITH"},{"data":"Creative AI","floor":8,"key":"SMITH"},{"floor":15,"key":"REST"},{"floor":23,"key":"REST"}],"circlet_count":0,"master_deck":["Defend_B","Defend_B","Defend_B","Defend_B","Zap+1","Dualcast","Sweeping Beam","Darkness","Creative AI+1","Forethought","Sunder+1","Conserve Battery","Force Field","Undo","Cold Snap","Reboot","Leap","Skim","Coolheaded+1","Bite","Bite","Bite","Bite","Bite","Self Repair"],"relics":["Inserter","DataDisk","Tiny Chest","Turnip","Mummified Hand","Nuclear Battery"],"acts_visited":["Exordium","TheCity"],"potions_floor_usage":[16,16],"damage_taken":[{"damage":0,"enemies":"Small Slimes","floor":1,"turns":3},{"damage":1,"enemies":"Cultist","floor":3,"turns":3},{"damage":3,"enemies":"2 Louse","floor":5,"turns":2},{"damage":20,"enemies":"3 Sentries","floor":7,"turns":5},{"damage":8,"enemies":"Exordium Thugs","floor":10,"turns":5},{"damage":32,"enemies":"Gremlin Nob","floor":11,"turns":4},{"damage":1,"enemies":"3 Louse","floor":14,"turns":2},{"damage":18,"enemies":"The Guardian","floor":16,"turns":9},{"damage":4,"enemies":"Chosen","floor":18,"turns":6},{"damage":16,"enemies":"2 Thieves","floor":19,"turns":4},{"damage":12,"enemies":"Shelled Parasite and Fungi","floor":20,"turns":8},{"damage":12,"enemies":"Snecko","floor":22,"turns":6},{"damage":29,"enemies":"Snake Plant","floor":24,"turns":5},{"damage":54,"enemies":"Gremlin Leader","floor":25,"turns":5}],"seed_played":"-8010973406681850457","potions_obtained":[{"floor":10,"key":"Energy Potion"},{"floor":11,"key":"LiquidBronze"},{"floor":16,"key":"FearPotion"},{"floor":24,"key":"Energy Potion"}],"is_trial":false,"path_per_floor":["M","?","M","?","M","R","E","R","T","M","E","$","?","M","R","B",null,"M","M","M","?","M","R","M","E"],"character_chosen":"DEFECT","items_purchased":["Mummified Hand"],"campfire_rested":2,"item_purchase_floors":[12],"current_hp_per_floor":[75,75,74,74,71,71,51,51,51,43,11,11,11,10,32,14,60,56,40,28,28,28,43,33,0,0],"gold":240,"neow_bonus":"BOSS_RELIC","is_daily":false,"chose_seed":false,"campfire_upgraded":2,"win_rate":0.0,"timestamp":1613875362,"path_taken":["M","?","?","?","M","R","E","R","T","M","E","?","?","M","R","BOSS","M","M","M","?","M","R","M","E"],"items_purchased_type":["Relic"],"build_version":"2020-12-22","purchased_purges":0,"victory":false,"max_hp_per_floor":[75,75,75,75,75,75,75,75,75,75,75,75,75,75,75,75,75,75,75,75,52,52,52,52,52,52],"relic_stats":{"Inserter":[33],"counters":[14,67],"Mummified Hand":[34],"Tiny Chest":0,"Turnip":[6],"obtain_stats":[{"DataDisk":7,"Inserter":0,"Mummified Hand":12,"Tiny Chest":9,"Turnip":11,"Cracked Core":0,"Nuclear Battery":17},{"DataDisk":4,"Inserter":0,"Mummified Hand":6,"Tiny Chest":4,"Turnip":6,"Cracked Core":0,"Nuclear Battery":8},{"DataDisk":13,"Inserter":0,"Mummified Hand":22,"Tiny Chest":13,"Turnip":22,"Cracked Core":0,"Nuclear Battery":33}]},"card_choices":[{"not_picked":["Stack","Steam"],"picked":"Sweeping Beam","floor":1},{"not_picked":["Conserve Battery","Go for the Eyes"],"picked":"Darkness","floor":3},{"not_picked":["Streamline","Go for the Eyes"],"picked":"Conserve Battery","floor":5},{"not_picked":["Recycle","Barrage"],"picked":"Force Field","floor":7},{"not_picked":["Streamline","Skim"],"picked":"Undo","floor":10},{"not_picked":["Barrage","Coolheaded"],"picked":"Cold Snap","floor":11},{"not_picked":["Steam","Stack","Tempest"],"picked":"SKIP","floor":14},{"not_picked":["Creative AI","Meteor Strike"],"picked":"Reboot","floor":16},{"not_picked":["Rebound","BootSequence"],"picked":"Leap","floor":18},{"not_picked":["Recycle","Leap"],"picked":"Skim","floor":19},{"not_picked":["Barrage","Go for the Eyes"],"picked":"Coolheaded+1","floor":20},{"not_picked":["Rebound","Barrage"],"picked":"Self Repair","floor":22},{"not_picked":["Go for the Eyes","Sweeping Beam","Rip and Tear+1"],"picked":"SKIP","floor":24}],"player_experience":170858,"relics_obtained":[{"floor":7,"key":"DataDisk"},{"floor":9,"key":"Tiny Chest"},{"floor":11,"key":"Turnip"}],"event_choices":[{"damage_healed":0,"gold_gain":0,"player_choice":"Forge","damage_taken":0,"max_hp_gain":0,"max_hp_loss":0,"event_name":"Accursed Blacksmith","floor":2,"gold_loss":0,"cards_upgraded":["Zap"]},{"damage_healed":0,"gold_gain":0,"player_choice":"3 cards matched","damage_taken":0,"max_hp_gain":0,"max_hp_loss":0,"event_name":"Match and Keep!","floor":4,"gold_loss":0,"cards_obtained":["Creative AI","Forethought","Sunder"]},{"damage_healed":0,"gold_gain":57,"player_choice":"Gained Gold","damage_taken":0,"max_hp_gain":0,"max_hp_loss":0,"event_name":"Golden Wing","floor":13,"gold_loss":0},{"damage_healed":0,"gold_gain":0,"player_choice":"Became a vampire","damage_taken":0,"max_hp_gain":0,"max_hp_loss":23,"event_name":"Vampires","floor":21,"gold_loss":0,"cards_obtained":["Bite","Bite","Bite","Bite","Bite"]}],"is_beta":false,"boss_relics":[{"not_picked":["SlaversCollar","Fusion Hammer"],"picked":"Nuclear Battery"}],"items_purged_floors":[],"is_endless":false,"potions_floor_spawned":[10,11,16,24],"killed_by":"Gremlin Leader","ascension_level":5}}