{"host":"2d69zsihwnsihkt1","time":1613931630,"event":{"mods":["AchievementEnabler","Act Like it!","BaseMod","Better Altar","Better Note","Better Skull","Bossed Relics","Colored Map","Colored Powertips","Curses Come First","Displayed Cursed Tome","Googly Eyes","Hermit","Minty Spire (QoL Compilation)","Rare Cards Sparkle","Relic Stats","Replay The Spire","Robot Space Explorer","Shapeshifter Mod","Shop Mod","StSLib","The Forsaken","The Hayseed","The Runesmith"],"gold_per_floor":[365,38,49,72,101,101,133,133,182,182,182,182,182,195,195,334,334,347,356,25,48,71,71,111,145,145,145,154,154,167,45,45,184,184,205,262,595,617,249,249,293,293,293,311,330,349,349,134,134,134],"floor_reached":51,"language":"ENG","playtime":3651,"items_purged":["ReplayTheSpireMod:Doomed","theForsaken:TheForsaken_Defend","theForsaken:TheForsaken_Strike"],"score":617,"play_id":"ec425523-e194-46b1-8c94-927098a2ac42","local_time":"20210221122030","is_ascension_mode":true,"campfire_choices":[{"data":"theForsaken:Smite","floor":6,"key":"SMITH"},{"data":"theForsaken:BattleHymn","floor":8,"key":"SMITH"},{"data":"theForsaken:Penitence","floor":10,"key":"SMITH"},{"floor":13,"key":"REST"},{"data":"theForsaken:TheForsaken_Strike","floor":15,"key":"SMITH"},{"floor":23,"key":"REST"},{"data":"theForsaken:SpreadingPlague","floor":27,"key":"SMITH"},{"data":"theForsaken:FountainOfLife","floor":29,"key":"SMITH"},{"floor":32,"key":"REST"},{"floor":40,"key":"REST"},{"floor":47,"key":"REST"},{"data":"theForsaken:Mantra","floor":49,"key":"SMITH"}],"circlet_count":0,"master_deck":["theForsaken:TheForsaken_Strike","theForsaken:TheForsaken_Strike+1","theForsaken:TheForsaken_Defend","theForsaken:TheForsaken_Defend","theForsaken:TheForsaken_Defend","theForsaken:Smite+1","theForsaken:Penitence+1","theForsaken:BattleHymn+1","theForsaken:SpreadingPlague+1","theForsaken:BottledPlague","theForsaken:DefensiveStance","The Bomb","theForsaken:DarkBarrier","theForsaken:FountainOfLife+1","theForsaken:Mantra+1","theForsaken:Enfeeble+1","theForsaken:Purification","theForsaken:DefensiveStance","Specialist","Specialist","theForsaken:Enfeeble","theForsaken:Retribution","theForsaken:Terrorize+1","Apotheosis","theForsaken:Riposte"],"relics":["theForsaken:JudgementScales","Snack Pack","CeramicFish","HornCleat","Blue Doll","SlaversCollar","Membership Card","theForsaken:Lifeblossom","Blood Vial","Ice Cream","Bottled Tornado","theForsaken:PaleLantern","FossilizedHelix","theForsaken:ScaryMask","BranchBurnRelic","Chameleon Ring","Oddly Smooth Stone","Regal Pillow"],"acts_visited":["Exordium","TheCity","TheBeyond"],"potions_floor_usage":[18,24,24,24,30,33,33,33,41,45,45,45,50,50,50,50],"damage_taken":[{"damage":8,"enemies":"Cultist","floor":1,"turns":5},{"damage":0,"enemies":"2 Louse","floor":3,"turns":2},{"damage":2,"enemies":"Jaw Worm","floor":5,"turns":4},{"damage":21,"enemies":"3 Sentries","floor":7,"turns":11},{"damage":3,"enemies":"Blue Slaver","floor":14,"turns":3},{"damage":66,"enemies":"Slime Boss","floor":16,"turns":17},{"damage":25,"enemies":"2 Thieves","floor":18,"turns":4},{"damage":18,"enemies":"Chosen","floor":21,"turns":7},{"damage":19,"enemies":"Snake Plant","floor":22,"turns":4},{"damage":15,"enemies":"Replay:Snechameleon","floor":24,"turns":5},{"damage":19,"enemies":"Cultist and Chosen","floor":25,"turns":5},{"damage":20,"enemies":"Centurion and Healer","floor":30,"turns":7},{"damage":31,"enemies":"Collector","floor":33,"turns":9},{"damage":24,"enemies":"3 Shapes","floor":35,"turns":6},{"damage":0,"enemies":"Orb Walker","floor":38,"turns":3},{"damage":37,"enemies":"R_Hoarder","floor":41,"turns":9},{"damage":67,"enemies":"Jaw Worm Horde","floor":44,"turns":5},{"damage":0,"enemies":"Transient","floor":45,"turns":5},{"damage":1,"enemies":"Spire Growth","floor":46,"turns":7},{"damage":41,"enemies":"Replay:Hell Engine","floor":50,"turns":12}],"seed_played":"-4229831059385098530","potions_obtained":[{"floor":5,"key":"CultistPotion"},{"floor":16,"key":"Fire Potion"},{"floor":21,"key":"Fire Potion"},{"floor":25,"key":"Dexterity Potion"},{"floor":30,"key":"Milkshake"},{"floor":41,"key":"SteroidPotion"},{"floor":44,"key":"Weak Potion"},{"floor":45,"key":"Venom Potion"}],"is_trial":false,"path_per_floor":["M","$","M","T","M","R","E","R","T","R","?","?","R","M","R","B",null,"M","?","$","M","M","R","E","M","T","R","?","R","M","$","R","B",null,"M","?","?","M","$","R","E","?","T","M","M","M","R","$","R","B",null],"character_chosen":"THE_FORSAKEN","items_purchased":["Snack Pack","Membership Card","theForsaken:Lifeblossom","theForsaken:DefensiveStance","The Bomb","Bottled Tornado","theForsaken:DefensiveStance","Specialist","Dead Branch","theForsaken:Enfeeble","theForsaken:ScaryMask","Apotheosis","DuplicationPotion","theForsaken:Riposte"],"campfire_rested":5,"item_purchase_floors":[2,20,20,20,20,31,39,39,39,39,39,48,48,48],"current_hp_per_floor":[57,57,59,59,59,59,56,56,56,56,40,45,66,68,68,17,70,50,50,50,46,39,60,64,63,63,63,63,63,54,54,73,69,76,70,51,51,59,59,79,65,65,65,18,32,48,91,91,91,97],"gold":134,"neow_bonus":"TWO_FIFTY_GOLD","is_daily":false,"chose_seed":false,"campfire_upgraded":7,"win_rate":0.0,"timestamp":1613931630,"path_taken":["M","$","M","?","M","R","E","R","T","R","?","?","R","M","R","BOSS","M","?","$","M","?","R","E","M","T","R","?","R","M","?","R","BOSS","M","?","?","M","$","R","E","?","T","M","?","M","R","$","R","BOSS"],"items_purchased_type":["Relic","Relic","Relic","Card","Card","Relic","Card","Card","Relic","Card","Relic","Card","Potion","Card"],"build_version":"2020-12-22","purchased_purges":3,"victory":true,"max_hp_per_floor":[65,65,65,65,65,65,65,65,65,65,65,70,70,70,70,70,70,70,70,70,70,70,70,70,70,70,70,70,70,73,73,73,76,76,79,79,79,79,79,79,85,85,85,85,91,94,94,94,94,97],"relic_stats":{"Blood Vial":14,"Regal Pillow":15,"counters":[20,130],"CeramicFish":162,"obtain_stats":[{"Ice Cream":26,"theForsaken:ScaryMask":39,"Regal Pillow":43,"Golden Idol":11,"CeramicFish":4,"Dead Branch":39,"Oddly Smooth Stone":42,"Blue Doll":9,"theForsaken:Lifeblossom":20,"theForsaken:PaleLantern":34,"Bottled Tornado":31,"Blood Vial":24,"SlaversCollar":17,"BranchBurnRelic":40,"HornCleat":7,"Chameleon Ring":41,"Snack Pack":2,"Membership Card":20,"theForsaken:JudgementScales":0,"FossilizedHelix":36},{"Ice Cream":11,"theForsaken:ScaryMask":15,"Regal Pillow":16,"Golden Idol":4,"CeramicFish":2,"Dead Branch":15,"Oddly Smooth Stone":16,"Blue Doll":4,"theForsaken:Lifeblossom":7,"theForsaken:PaleLantern":13,"Bottled Tornado":12,"Blood Vial":10,"SlaversCollar":6,"BranchBurnRelic":15,"HornCleat":4,"Chameleon Ring":16,"Snack Pack":1,"Membership Card":7,"theForsaken:JudgementScales":0,"FossilizedHelix":14},{"Ice Cream":67,"theForsaken:ScaryMask":92,"Regal Pillow":101,"Golden Idol":22,"CeramicFish":7,"Dead Branch":92,"Oddly Smooth Stone":101,"Blue Doll":22,"theForsaken:Lifeblossom":46,"theForsaken:PaleLantern":83,"Bottled Tornado":74,"Blood Vial":62,"SlaversCollar":42,"BranchBurnRelic":92,"HornCleat":22,"Chameleon Ring":101,"Snack Pack":5,"Membership Card":46,"theForsaken:JudgementScales":0,"FossilizedHelix":89}]},"card_choices":[{"not_picked":["theForsaken:FuryStrikes","theForsaken:CreepingInfection","theForsaken:ScorchingSunlight"],"picked":"SKIP","floor":1},{"not_picked":["theForsaken:Parry","theForsaken:InspiringBlow","theForsaken:Eulogy"],"picked":"SKIP","floor":3},{"not_picked":["theForsaken:InspiringBlow","theForsaken:Parry"],"picked":"theForsaken:BattleHymn","floor":5},{"not_picked":["theForsaken:ShieldBash","theForsaken:HorrifyingStrike","theForsaken:HymnOfRest"],"picked":"SKIP","floor":7},{"not_picked":["theForsaken:CorruptedForm","theForsaken:ScorchingSunlight","theForsaken:StoreUp"],"picked":"SKIP","floor":14},{"not_picked":["theForsaken:SacrificeSoul","theForsaken:DesperatePlea"],"picked":"theForsaken:SpreadingPlague","floor":16},{"not_picked":["theForsaken:HorrifyingStrike","theForsaken:ShieldBash+1","theForsaken:ChargeAttack"],"picked":"SKIP","floor":18},{"not_picked":["theForsaken:PreciseStrike","theForsaken:HymnOfRest","theForsaken:SolarFlare"],"picked":"SKIP","floor":21},{"not_picked":["theForsaken:ShieldBash","theForsaken:HorrifyingStrike","theForsaken:ScorchingSunlight"],"picked":"SKIP","floor":22},{"not_picked":["theForsaken:BottledPlague","theForsaken:CleansingLight","theForsaken:HorrifyingStrike+1"],"picked":"SKIP","floor":24},{"not_picked":["theForsaken:PowerUp","theForsaken:Terrorize"],"picked":"theForsaken:DarkBarrier","floor":25},{"not_picked":["theForsaken:BlindFaith","theForsaken:PanicDive+1","theForsaken:HymnOfPatience"],"picked":"SKIP","floor":30},{"not_picked":["theForsaken:Temperance","theForsaken:Retribution"],"picked":"theForsaken:Mantra","floor":33},{"not_picked":["theForsaken:FuryStrikes","theForsaken:PanicDive","theForsaken:HorrifyingStrike+1"],"picked":"SKIP","floor":35},{"not_picked":["theForsaken:NobleSacrifice+1","theForsaken:ChargeAttack"],"picked":"theForsaken:Enfeeble+1","floor":36},{"not_picked":["theForsaken:Backlash+1","theForsaken:InspiringBlow+1"],"picked":"theForsaken:Purification","floor":38},{"not_picked":["theForsaken:Parry+1","theForsaken:HorrifyingStrike"],"picked":"theForsaken:Retribution","floor":41},{"not_picked":["theForsaken:BottledPlague","theForsaken:ChargeAttack+1","theForsaken:StoreUp+1"],"picked":"SKIP","floor":44},{"not_picked":["theForsaken:NobleSacrifice","theForsaken:Eulogy"],"picked":"theForsaken:Terrorize+1","floor":45},{"not_picked":["theForsaken:Devotion+1","theForsaken:Tranquility","theForsaken:SacrificeSoul"],"picked":"SKIP","floor":46}],"player_experience":1833070,"relics_obtained":[{"floor":4,"key":"CeramicFish"},{"floor":7,"key":"HornCleat"},{"floor":9,"key":"Blue Doll"},{"floor":24,"key":"Blood Vial"},{"floor":26,"key":"Ice Cream"},{"floor":36,"key":"FossilizedHelix"},{"floor":41,"key":"Chameleon Ring"},{"floor":43,"key":"Regal Pillow"}],"event_choices":[{"damage_healed":0,"gold_gain":0,"player_choice":"Take Damage","damage_taken":16,"relics_obtained":["Golden Idol"],"max_hp_gain":0,"max_hp_loss":0,"event_name":"Golden Idol","floor":11,"gold_loss":0},{"damage_healed":0,"gold_gain":0,"player_choice":"Donut","damage_taken":0,"max_hp_gain":5,"max_hp_loss":0,"event_name":"Big Fish","floor":12,"gold_loss":0},{"damage_healed":0,"gold_gain":0,"cards_transformed":["theForsaken:TheForsaken_Strike"],"player_choice":"Transformed","damage_taken":0,"max_hp_gain":0,"max_hp_loss":0,"event_name":"Transmorgrifier","floor":19,"gold_loss":0,"cards_obtained":["theForsaken:BottledPlague"]},{"damage_healed":0,"gold_gain":0,"player_choice":"Read","damage_taken":0,"max_hp_gain":0,"max_hp_loss":0,"event_name":"The Library","floor":28,"gold_loss":0,"cards_obtained":["theForsaken:FountainOfLife"]},{"damage_healed":0,"gold_gain":333,"player_choice":"Gave Idol","damage_taken":0,"max_hp_gain":0,"max_hp_loss":0,"event_name":"The Moai Head","floor":37,"relics_lost":["Golden Idol"],"gold_loss":0},{"damage_healed":0,"gold_gain":0,"player_choice":"Gave Potion","damage_taken":0,"relics_obtained":["Oddly Smooth Stone"],"max_hp_gain":0,"max_hp_loss":0,"event_name":"WeMeetAgain","floor":42,"gold_loss":0}],"is_beta":false,"boss_relics":[{"not_picked":["Runic Dome","Ectoplasm"],"picked":"SlaversCollar"},{"not_picked":["Pandora\u0027s Box","Runic Pyramid"],"picked":"theForsaken:PaleLantern"}],"items_purged_floors":[2,39,48],"is_endless":false,"potions_floor_spawned":[5,16,21,25,30,41,44,45],"ascension_level":2}}