{"host":"eeeqmyc7a1933jos","time":1613938911,"event":{"mods":["2.2 Compatiblity","Act Like it!","BaseMod","CapriCore","Colored Powertips","Downfall","Elementarium","Friendly Minions","Gensokyo","GifTheSpireLib","Gremlin Mod","Hallownest","Hermit","Infinite Spire","Jorbs\u0027s Wanderer Trilogy","Marisa????????","Mimic Mod","Minty Spire (QoL Compilation)","Random Character Button","Random Character Mod","Rare Cards Sparkle","Relic Sorter","Relic Stats","Remilia??????","Replay The Spire","Robot Space Explorer","SIMod","Spire Arcade","StSLib","The Bug Knight","The Dragon Tamer","The Immortal","The Marked","The Senshi","The Vixen","Wandering Minibosses"],"gold_per_floor":[115,135,135,148,160,160,177,212,245,245,245,245,52,52,52,152,152,165,165,178,277,8,8,8,8,46,46,71,71,103,121,121,219,219,231,243,254,16,16,35,35,51,90,90,125,144,193,227,227,227],"floor_reached":51,"language":"ENG","playtime":2485,"items_purged":["RobotSpaceExplorer:Strike","RobotSpaceExplorer:Defend","RobotSpaceExplorer:Defend"],"score":948,"play_id":"bba2b1a1-89ec-47f6-8feb-7a3c67a15378","local_time":"20210221212151","is_ascension_mode":false,"campfire_choices":[{"data":"RobotSpaceExplorer:LuckyStrike","floor":6,"key":"SMITH"},{"data":"RobotSpaceExplorer:RigExplosive","floor":10,"key":"SMITH"},{"data":"RobotSpaceExplorer:MiniLasers","floor":12,"key":"SMITH"},{"data":"RobotSpaceExplorer:MiniBoosters","floor":15,"key":"SMITH"},{"data":"Secret Technique","floor":23,"key":"SMITH"},{"data":"infinitespire:Collect","floor":25,"key":"SMITH"},{"data":"RobotSpaceExplorer:Accelerator","floor":29,"key":"SMITH"},{"data":"RobotSpaceExplorer:MetalStrike","floor":32,"key":"SMITH"},{"data":"RobotSpaceExplorer:MiniDrones","floor":41,"key":"SMITH"},{"data":"RobotSpaceExplorer:ScrapShield","floor":44,"key":"SMITH"},{"data":"RobotSpaceExplorer:GearShield","floor":44,"key":"SMITH"},{"data":"RobotSpaceExplorer:MiniDrones","floor":49,"key":"SMITH"},{"data":"RobotSpaceExplorer:Scan","floor":49,"key":"SMITH"}],"circlet_count":0,"master_deck":["RobotSpaceExplorer:Strike","RobotSpaceExplorer:Scan+1","RobotSpaceExplorer:MiniLasers+1","RobotSpaceExplorer:SurgingStrike","RobotSpaceExplorer:RigExplosive+1","RobotSpaceExplorer:GearShield+1","RobotSpaceExplorer:LuckyStrike+1","RobotSpaceExplorer:MetalStrike+1","RobotSpaceExplorer:ScrapShield+1","RobotSpaceExplorer:StunGrenade","RobotSpaceExplorer:MiniBoosters+1","RobotSpaceExplorer:Accelerator+1","RobotSpaceExplorer:MiniDrones+1","RobotSpaceExplorer:ScrapMissile","Secret Technique+1","infinitespire:Collect+1","RobotSpaceExplorer:FreezeRay+1","RobotSpaceExplorer:GlueShot+1","RobotSpaceExplorer:MiniDrones+1","RobotSpaceExplorer:ScrapShield+1","RobotSpaceExplorer:Jetpack+1","RobotSpaceExplorer:GlueShot","RobotSpaceExplorer:Probe+1"],"relics":["RobotSpaceExplorer:TurboCore","Gensokyo:LunaticRedEyes","infinitespire:Lucky Rock","Pen Nib","Gensokyo:Justice","Replay:Drink Me","TheAbacus","Golden Egg","Replay:Mystery Machine","Elementarium:GoldenMirage","Elementarium:ElementariumTrophy","Sundial","Replay:Arrowhead","Molten Egg 2","Dream Catcher","Juzu Bracelet"],"acts_visited":["Exordium","Gensokyo:Gensokyo","Elementarium:Elementarium"],"potions_floor_usage":[5,7,8,8,9,16,16,20,26,28,30,33,33,35,37,40,42,43,45,46,48,50,50],"damage_taken":[{"damage":0,"enemies":"Gensokyo:Python","floor":1,"turns":4},{"damage":0,"enemies":"Gensokyo:3_Fairies","floor":2,"turns":3},{"damage":3,"enemies":"Gensokyo:Gryphon","floor":4,"turns":4},{"damage":3,"enemies":"Gensokyo:Python_and_Kodama","floor":5,"turns":5},{"damage":2,"enemies":"Gensokyo:3_Kodama","floor":7,"turns":6},{"damage":3,"enemies":"Gensokyo:Mamizou","floor":8,"turns":7},{"damage":4,"enemies":"Gensokyo:5_Fairies","floor":9,"turns":9},{"damage":8,"enemies":"Gensokyo:Yukari","floor":16,"turns":8},{"damage":2,"enemies":"Elementarium:MUD_AND_TAR_GOLEMS","floor":18,"turns":4},{"damage":0,"enemies":"Elementarium:2_ELEMENTALS","floor":20,"turns":1},{"damage":0,"enemies":"Elementarium:STONE_GOLEMS","floor":26,"turns":3},{"damage":0,"enemies":"Elementarium:ElementalPortal","floor":28,"turns":3},{"damage":0,"enemies":"Elementarium:GOLDEN_STATUES","floor":30,"turns":2},{"damage":0,"enemies":"Elementarium:STONE_GOLEMS","floor":31,"turns":2},{"damage":0,"enemies":"Elementarium:PHOENIXES","floor":33,"turns":4},{"damage":0,"enemies":"Gensokyo:3_Boulders","floor":35,"turns":2},{"damage":0,"enemies":"Gensokyo:AncientGuardian","floor":36,"turns":2},{"damage":0,"enemies":"Gensokyo:4_Bats","floor":37,"turns":2},{"damage":0,"enemies":"Gensokyo:Dusk_and_Dawn","floor":40,"turns":2},{"damage":0,"enemies":"Gensokyo:Rafflesia","floor":42,"turns":4},{"damage":0,"enemies":"Gensokyo:3_Boulders","floor":43,"turns":5},{"damage":0,"enemies":"Gensokyo:Marisa","floor":45,"turns":2},{"damage":1,"enemies":"Gensokyo:3_Boulders","floor":46,"turns":2},{"damage":0,"enemies":"Gensokyo:Kasen","floor":48,"turns":4},{"damage":1,"enemies":"Gensokyo:Scarlet_Devils","floor":50,"turns":5}],"seed_played":"-3497482230436676973","potions_obtained":[{"floor":1,"key":"DistilledChaos"},{"floor":7,"key":"sneckomod:MuddlingPotion"},{"floor":16,"key":"Strength Potion"},{"floor":33,"key":"SteroidPotion"}],"is_trial":false,"path_per_floor":["M","M","?","M","M","R","M","E","MIM","R","?","R","$","?","R","B",null,"M","?","M","?","$","R","AVR","R","MIM","$","E","R","?","M","R","B",null,"M","M","M","$","?","M","R","M","MIM","R","E","M","T","E","R","B",null],"character_chosen":"RobotSpaceExplorer","items_purchased":["RobotSpaceExplorer:MiniBoosters","RobotSpaceExplorer:JunkDive","Secret Technique","Sundial"],"campfire_rested":0,"item_purchase_floors":[13,13,22,38],"current_hp_per_floor":[82,82,82,79,76,76,74,71,67,67,51,51,51,51,51,43,62,60,60,60,60,60,60,60,60,60,60,60,60,60,60,60,60,62,62,62,62,62,53,53,53,53,53,53,53,52,52,52,52,51],"gold":227,"neow_bonus":"TEN_PERCENT_HP_BONUS","is_daily":false,"chose_seed":false,"campfire_upgraded":13,"win_rate":0.0,"timestamp":1613938911,"path_taken":["M","M","?","M","?","R","M","E","MIM","R","?","R","?","?","R","BOSS","M","?","M","?","$","R","AVR","R","MIM","$","E","R","?","M","R","BOSS","M","?","M","$","?","M","R","M","MIM","R","E","M","?","E","R","BOSS"],"items_purchased_type":["Card","Card","Card","Relic"],"build_version":"2020-12-22","purchased_purges":3,"victory":true,"max_hp_per_floor":[82,82,82,82,82,82,82,82,82,82,82,82,82,82,82,82,62,62,62,62,62,62,62,62,62,62,62,62,62,62,62,62,62,62,62,62,62,62,62,62,62,62,62,62,62,62,62,62,62,62],"relic_stats":{"Dream Catcher":0,"TheAbacus":[174],"counters":[25,95],"Sundial":[8],"Pen Nib":[24],"Juzu Bracelet":0,"obtain_stats":[{"Golden Egg":26,"RobotSpaceExplorer:RoboCore":0,"Pen Nib":9,"Juzu Bracelet":48,"infinitespire:Lucky Rock":8,"Gensokyo:Justice":14,"Replay:Mystery Machine":28,"Gensokyo:LunaticRedEyes":3,"RobotSpaceExplorer:TurboCore":34,"Replay:Arrowhead":43,"Elementarium:GoldenMirage":30,"Dream Catcher":47,"TheAbacus":24,"Elementarium:ElementariumTrophy":33,"Sundial":38,"Molten Egg 2":45,"Replay:Drink Me":17},{"Golden Egg":11,"RobotSpaceExplorer:RoboCore":0,"Pen Nib":7,"Juzu Bracelet":24,"infinitespire:Lucky Rock":6,"Gensokyo:Justice":7,"Replay:Mystery Machine":12,"Gensokyo:LunaticRedEyes":2,"RobotSpaceExplorer:TurboCore":15,"Replay:Arrowhead":21,"Elementarium:GoldenMirage":13,"Dream Catcher":23,"TheAbacus":10,"Elementarium:ElementariumTrophy":15,"Sundial":18,"Molten Egg 2":22,"Replay:Drink Me":8},{"Golden Egg":54,"RobotSpaceExplorer:RoboCore":0,"Pen Nib":38,"Juzu Bracelet":90,"infinitespire:Lucky Rock":29,"Gensokyo:Justice":38,"Replay:Mystery Machine":57,"Gensokyo:LunaticRedEyes":7,"RobotSpaceExplorer:TurboCore":65,"Replay:Arrowhead":82,"Elementarium:GoldenMirage":59,"Dream Catcher":86,"TheAbacus":51,"Elementarium:ElementariumTrophy":65,"Sundial":71,"Molten Egg 2":84,"Replay:Drink Me":46}]},"card_choices":[{"not_picked":["RobotSpaceExplorer:Reload","RobotSpaceExplorer:Blitz"],"picked":"RobotSpaceExplorer:SurgingStrike","floor":1},{"not_picked":["RobotSpaceExplorer:ShockKick","RobotSpaceExplorer:SlimeMissile"],"picked":"RobotSpaceExplorer:RigExplosive","floor":2},{"not_picked":["RobotSpaceExplorer:Probe","RobotSpaceExplorer:FrostMissile"],"picked":"RobotSpaceExplorer:GearShield","floor":4},{"not_picked":["RobotSpaceExplorer:ScrapToss","RobotSpaceExplorer:Counterblock"],"picked":"RobotSpaceExplorer:LuckyStrike","floor":5},{"not_picked":["RobotSpaceExplorer:GlueShot","RobotSpaceExplorer:Ammunition"],"picked":"RobotSpaceExplorer:MetalStrike","floor":7},{"not_picked":["RobotSpaceExplorer:DroneSwarm","RobotSpaceExplorer:BigMissile"],"picked":"RobotSpaceExplorer:ScrapShield","floor":8},{"not_picked":["RobotSpaceExplorer:ToxicBomb","RobotSpaceExplorer:Counterblock"],"picked":"RobotSpaceExplorer:StunGrenade","floor":9},{"not_picked":["RobotSpaceExplorer:HighVoltage","RobotSpaceExplorer:Asteroid"],"picked":"RobotSpaceExplorer:Accelerator","floor":16},{"not_picked":["RobotSpaceExplorer:SurgingStrike","RobotSpaceExplorer:StunGrenade"],"picked":"RobotSpaceExplorer:MiniDrones","floor":18},{"not_picked":["RobotSpaceExplorer:StunGrenade","RobotSpaceExplorer:FrostMissile","RobotSpaceExplorer:TurboDodge"],"picked":"SKIP","floor":20},{"not_picked":["RobotSpaceExplorer:StarLightning","RobotSpaceExplorer:GlueShot+1"],"picked":"RobotSpaceExplorer:ScrapMissile","floor":21},{"not_picked":["RobotSpaceExplorer:ImprovisedAttack","RobotSpaceExplorer:DualCore"],"picked":"RobotSpaceExplorer:FreezeRay+1","floor":26},{"not_picked":["RobotSpaceExplorer:IronShell","RobotSpaceExplorer:Electroshield+1","RobotSpaceExplorer:PowerCollector+1"],"picked":"SKIP","floor":28},{"not_picked":["RobotSpaceExplorer:ShovelStrike","RobotSpaceExplorer:StunGrenade"],"picked":"RobotSpaceExplorer:GlueShot+1","floor":30},{"not_picked":["RobotSpaceExplorer:SurgingShield","RobotSpaceExplorer:LaserBurst"],"picked":"RobotSpaceExplorer:MiniDrones","floor":31},{"not_picked":["RobotSpaceExplorer:ShovelStrike+1","RobotSpaceExplorer:MakeshiftVolley+1"],"picked":"RobotSpaceExplorer:ScrapShield+1","floor":35},{"not_picked":["RobotSpaceExplorer:SwiftStep","RobotSpaceExplorer:FrostMissile"],"picked":"RobotSpaceExplorer:Jetpack+1","floor":36},{"not_picked":["RobotSpaceExplorer:FreezeRay+1","RobotSpaceExplorer:Reload+1","RobotSpaceExplorer:SlimeMissile"],"picked":"SKIP","floor":37},{"not_picked":["RobotSpaceExplorer:LaserBurst+1","RobotSpaceExplorer:SlimeMissile+1"],"picked":"RobotSpaceExplorer:GlueShot","floor":40},{"not_picked":["RobotSpaceExplorer:SlimeMissile","RobotSpaceExplorer:ShovelStrike+1"],"picked":"RobotSpaceExplorer:Probe+1","floor":42},{"not_picked":["RobotSpaceExplorer:Pulsar+1","RobotSpaceExplorer:FrostMissile+1","RobotSpaceExplorer:HighVoltage+1"],"picked":"SKIP","floor":45},{"not_picked":["RobotSpaceExplorer:Counterblock","RobotSpaceExplorer:LaserBurst+1","RobotSpaceExplorer:IronShell+1"],"picked":"SKIP","floor":46},{"not_picked":["RobotSpaceExplorer:ScrapShield","RobotSpaceExplorer:PowerCollector","RobotSpaceExplorer:DroneSwarm"],"picked":"SKIP","floor":48}],"player_experience":1225287,"relics_obtained":[{"floor":8,"key":"infinitespire:Lucky Rock"},{"floor":9,"key":"Pen Nib"},{"floor":26,"key":"Golden Egg"},{"floor":28,"key":"Replay:Mystery Machine"},{"floor":30,"key":"Elementarium:GoldenMirage"},{"floor":43,"key":"Replay:Arrowhead"},{"floor":45,"key":"Molten Egg 2"},{"floor":47,"key":"Dream Catcher"},{"floor":48,"key":"Juzu Bracelet"}],"event_choices":[{"damage_healed":0,"gold_gain":0,"player_choice":"Ignored","damage_taken":0,"max_hp_gain":0,"max_hp_loss":0,"event_name":"Elementarium:ElementalBlades","floor":19,"gold_loss":0},{"damage_healed":0,"gold_gain":0,"player_choice":"Fight","damage_taken":0,"max_hp_gain":0,"max_hp_loss":0,"event_name":"Elementarium:GoldenStatues","floor":30,"gold_loss":0}],"is_beta":false,"boss_relics":[{"not_picked":["Snecko Eye","ReplayTheSpireMod:DimensionalGlitch"],"picked":"Replay:Drink Me"},{"not_picked":["Coffee Dripper","Pandora\u0027s Box"],"picked":"RobotSpaceExplorer:TurboCore"}],"items_purged_floors":[13,22,24],"is_endless":false,"potions_floor_spawned":[1,7,16,28,30,31,33,36,37,45,46],"ascension_level":0}}