{"host":"eya4veotfj2c6je8","time":1613922652,"event":{"mods":["2.2 Compatiblity","AchievementEnabler","BaseMod","BetterRewards","Colored Map","Downfall","Hermit","Hubris","Infinite Spire","Jorbs\u0027s Wanderer Trilogy","Koishi","Marisa????????","Minty Spire (QoL Compilation)","Replay The Spire","Shop Mod","StSLib","Td1madao Mod","The Animator","The Construct","The Cursed","The Disciple","The Hierophant","The Mystic","The Runesmith","The Servant 0.9.4"],"gold_per_floor":[99,109,120,120,140,175,227,27,59,44,54,54,66,66,82,187,187,87,106,125,125,135,135,159,171,171,188,18,53,71,84,102,155,155,155,167,178,178,197,28,82,102,122,122,136,153,153,205,222,222,222,222],"floor_reached":50,"language":"ENG","playtime":14452,"items_purged":["Pain"],"score":634,"play_id":"edb01738-5261-4039-84d8-a046ef8b46c1","local_time":"20210221095052","is_ascension_mode":false,"campfire_choices":[{"floor":1.0,"key":"RECALL"},{"data":"champ:Taunt","floor":8.0,"key":"SMITH"},{"floor":12.0,"key":"REST"},{"data":"champ:IgnorePain","floor":18.0,"key":"SMITH"},{"floor":26.0,"key":"REST"},{"floor":44,"key":"REST"},{"data":"champ:MurderStrike","floor":47,"key":"SMITH"}],"circlet_count":0,"master_deck":["champ:Strike","champ:Strike","champ:Strike","champ:Strike","champ:Defend+1","champ:Defend","champ:Defend","champ:Defend","champ:Execute+1","champ:Taunt+1","champ:IronFortress+1","champ:SkillfulDodge","champ:BringItOn","champ:Backstep","champ:DeathBlow","champ:SwordThrow","champ:StanceDance","champ:Haymaker","downfall:Malfunctioning","champ:TornadoPunch","champ:IgnorePain+1","champ:Endure","champ:FanOfKnives","Writhe","champ:CrookedStrike","champ:EnragedBash+1","champ:Parry","champ:VampiricStrike","champ:PreciseThrust+1","champ:BerserkersShout","champ:FanOfKnives+1","champ:StanceDance","champ:MurderStrike+1","champ:FanOfKnives+1","champ:FanOfKnives","Replay:Fractal Strike","Parasite","champ:FocusedDefense+1","champ:SetATrap","animator:Curse_Greed","Replay:SS_forest_2","Pot Of Greed","Pot Of Greed","Pot Of Greed","Pot Of Greed","champ:EndlessRage","champ:HoldFirm","champ:RecklessLeap+1","champ:Shatter","champ:DefensiveShout","champ:CrownThrow+1"],"relics":["champ:ChampionCrown","hubris:Towel","Centennial Puzzle","downfall:HeartBlessingRed","downfall:HeartBlessingBlue","Replay:Mystery Machine","hubris:VirtuousBlindfold","downfall:HeartBlessingGreen","infinitespire:PuzzleCube","hubris:Icosahedron","Happy Flower","Bag of Marbles","Bronze Scales","Painkiller Herb","WarpedTongs","ReplayTheSpireMod:CursedCoin","Pet Ghost","Grinning Jar","CatCart"],"acts_visited":["Exordium","TheCity","TheBeyond"],"potions_floor_usage":[33,42,48,50,50,50],"damage_taken":[{"damage":10.0,"enemies":"2 Louse","floor":2.0,"turns":4.0},{"damage":14.0,"enemies":"Small Slimes","floor":3.0,"turns":3.0},{"damage":12.0,"enemies":"Jaw Worm","floor":5.0,"turns":4.0},{"damage":27.0,"enemies":"3 Sentries","floor":6.0,"turns":12.0},{"damage":20.0,"enemies":"Gremlin Nob","floor":9.0,"turns":4.0},{"damage":20.0,"enemies":"downfall:FleeingMerchant","floor":10.0,"turns":4.0},{"damage":12.0,"enemies":"Gremlin Gang","floor":11.0,"turns":6.0},{"damage":48.0,"enemies":"Large Slime","floor":13.0,"turns":5.0},{"damage":10.0,"enemies":"3 Louse","floor":15.0,"turns":4.0},{"damage":55.0,"enemies":"DF_ARCHETYPE_STREAMLINE","floor":16.0,"turns":11.0},{"damage":20.0,"enemies":"3 Byrds","floor":19.0,"turns":4.0},{"damage":28.0,"enemies":"Shell Parasite","floor":20.0,"turns":5.0},{"damage":23.0,"enemies":"Snecko","floor":22.0,"turns":5.0},{"damage":38.0,"enemies":"Snake Plant","floor":25.0,"turns":5.0},{"damage":37.0,"enemies":"Centurion and Healer","floor":27.0,"turns":5.0},{"damage":20.0,"enemies":"downfall:FleeingMerchant","floor":28.0,"turns":4.0},{"damage":22.0,"enemies":"Slavers","floor":29.0,"turns":4.0},{"damage":22.0,"enemies":"Cultist and Chosen","floor":30.0,"turns":5.0},{"damage":23,"enemies":"Chosen and Byrds","floor":31,"turns":5},{"damage":10,"enemies":"Snecko","floor":32,"turns":2},{"damage":80,"enemies":"IC_MUSHROOM_ARCHETYPE","floor":33,"turns":7},{"damage":25,"enemies":"Orb Walker","floor":36,"turns":2},{"damage":5,"enemies":"3 Darklings","floor":37,"turns":2},{"damage":29,"enemies":"Writhing Mass","floor":39,"turns":3},{"damage":41,"enemies":"downfall:FleeingMerchant","floor":40,"turns":4},{"damage":15,"enemies":"4 Shapes","floor":42,"turns":1},{"damage":25,"enemies":"Jaw Worm Horde","floor":43,"turns":2},{"damage":46,"enemies":"Maw","floor":45,"turns":7},{"damage":60,"enemies":"Transient","floor":46,"turns":5},{"damage":62,"enemies":"Orin","floor":48,"turns":7},{"damage":30,"enemies":"Spire Growth","floor":49,"turns":2},{"damage":217,"enemies":"WA_ARCHETYPE_DIVINITY","floor":50,"turns":5}],"seed_played":"7139990209570022344","potions_obtained":[{"floor":2.0,"key":"sneckomod:MuddlingPotion"},{"floor":5.0,"key":"DistilledChaos"},{"floor":6.0,"key":"SpeedPotion"},{"floor":15.0,"key":"champ:CounterPotion"},{"floor":19.0,"key":"LiquidBronze"},{"floor":20.0,"key":"Swift Potion"},{"floor":29.0,"key":"Regen Potion"},{"floor":31,"key":"FearPotion"},{"floor":39,"key":"Energy Potion"},{"floor":45,"key":"Adrenaline Potion"},{"floor":46,"key":"champ:TechniquePotion"},{"floor":48,"key":"FearPotion"}],"is_trial":false,"path_per_floor":["R_BF","M","M","?","M","E","T","R","E","$","M","R","M","?","M","B",null,"R","M","M","?","M","?","T","M","R","M","$","E","M","M","M","B",null,"T","?","?","?","?","T","T","?","?","T","?","?","T","?","?","B"],"character_chosen":"THE_CHAMP","items_purchased":["Bag of Marbles","ReplayTheSpireMod:CursedCoin","Replay:SS_forest_2","Pet Ghost"],"campfire_rested":3,"item_purchase_floors":[28,40,40,40],"current_hp_per_floor":[99,99,95,95,93,76,76,86,86,86,74,106,88,88,88,63,109,109,109,101,101,93,93,93,75,107,95,95,83,109,106,106,66,109,109,94,100,80,67,62,68,74,70,108,93,99,105,92,93,0,0,0],"gold":222,"neow_bonus":"TEN_PERCENT_HP_BONUS","is_daily":false,"chose_seed":false,"campfire_upgraded":3,"win_rate":0.0,"timestamp":1613922652,"path_taken":["R_BF","M","M","?","M","E","T","R","E","$","M","R","M","?","M","BOSS","R","M","M","?","M","?","T","M","R","?","$","E","M","M","M","BOSS","T","?","?","?","?","T","T","?","?","T","?","?","T","?","?","BOSS"],"items_purchased_type":["Relic","Relic","Card","Relic"],"build_version":"2020-12-22","purchased_purges":1,"victory":false,"max_hp_per_floor":[99,99,99,99,99,99,99,109,109,109,109,109,109,109,109,109,109,109,109,109,109,109,109,109,109,109,109,109,109,109,109,109,109,109,109,109,109,109,109,109,109,109,109,109,109,109,109,109,109,109,109,109],"card_choices":[{"not_picked":["champ:PerfectedStrike","champ:DefensiveShout"],"picked":"champ:IronFortress","floor":2.0},{"not_picked":["champ:ArenaPreparation","champ:AdrenalArmor"],"picked":"champ:SkillfulDodge","floor":3.0},{"not_picked":["champ:FlashCut","champ:Duel"],"picked":"champ:BringItOn","floor":5.0},{"not_picked":["champ:HeartStrike","champ:AdrenalArmor"],"picked":"champ:Backstep","floor":6.0},{"not_picked":["champ:BladeFlurry","champ:Shatter"],"picked":"champ:DeathBlow","floor":9.0},{"not_picked":["champ:BringItOn","champ:DefensiveShout"],"picked":"champ:SwordThrow","floor":10.0},{"not_picked":["champ:BringItOn","champ:DeathBlow"],"picked":"champ:StanceDance","floor":11.0},{"not_picked":["champ:BladeFlurry","champ:Shatter"],"picked":"champ:Haymaker","floor":13.0},{"not_picked":["champ:Circumvent","champ:CrownThrow"],"picked":"champ:TornadoPunch","floor":15.0},{"not_picked":["champ:CheapShot","champ:HeavySlash"],"picked":"champ:IgnorePain","floor":16.0},{"not_picked":["champ:BladeFlurry","champ:Circumvent"],"picked":"champ:Endure","floor":19.0},{"not_picked":["champ:Circumvent+1","champ:FalseCounter"],"picked":"champ:FanOfKnives","floor":20.0},{"not_picked":["champ:CalledShot","champ:PreemptiveStrike+1"],"picked":"champ:CrookedStrike","floor":22.0},{"not_picked":["champ:SkillfulDodge+1","champ:FaceSlap"],"picked":"champ:EnragedBash+1","floor":25.0},{"not_picked":["champ:RisingSlash","champ:StanceDance"],"picked":"champ:Parry","floor":27.0},{"not_picked":["champ:PerfectedStrike+1","champ:FlashCut"],"picked":"champ:VampiricStrike","floor":28.0},{"not_picked":["champ:BladeFlurry+1","champ:Parry"],"picked":"champ:PreciseThrust+1","floor":29.0},{"not_picked":["champ:Backstep","champ:TornadoPunch"],"picked":"champ:BerserkersShout","floor":30.0},{"not_picked":["champ:TornadoPunch","champ:BringItOn"],"picked":"champ:FanOfKnives+1","floor":31},{"not_picked":["champ:IronFortress","champ:Backstep+1"],"picked":"champ:StanceDance","floor":32},{"not_picked":["champ:Devastate","champ:GladiatorForm"],"picked":"champ:MurderStrike","floor":33},{"not_picked":["champ:Circumvent","champ:ArenaPreparation"],"picked":"champ:FanOfKnives+1","floor":36},{"not_picked":["champ:Backstep","champ:FaceSlap+1"],"picked":"champ:FanOfKnives","floor":37},{"not_picked":["infinitespire:Menacing","infinitespire:Starlight"],"picked":"Replay:Fractal Strike","floor":38},{"not_picked":["champ:SkillfulDodge","champ:Shatter"],"picked":"champ:FocusedDefense+1","floor":39},{"not_picked":["champ:BladeFlurry","champ:PreciseThrust"],"picked":"champ:SetATrap","floor":40},{"not_picked":["champ:GutPunch","champ:SetATrap"],"picked":"champ:EndlessRage","floor":42},{"not_picked":["champ:IronFortress","champ:AdrenalArmor+1"],"picked":"champ:HoldFirm","floor":43},{"not_picked":["champ:IgnorePain","champ:AdrenalArmor"],"picked":"champ:RecklessLeap+1","floor":45},{"not_picked":["champ:PreemptiveStrike+1","champ:DefensiveShout"],"picked":"champ:Shatter","floor":46},{"not_picked":["champ:Circumvent","champ:FaceSlap+1"],"picked":"champ:DefensiveShout","floor":48},{"not_picked":["champ:Parry+1","champ:Shatter+1"],"picked":"champ:CrownThrow+1","floor":49}],"player_experience":328265,"relics_obtained":[{"floor":6.0,"key":"Centennial Puzzle"},{"floor":9.0,"key":"Replay:Mystery Machine"},{"floor":24.0,"key":"Happy Flower"},{"floor":29.0,"key":"Bronze Scales"},{"floor":41,"key":"Grinning Jar"},{"floor":48,"key":"CatCart"}],"event_choices":[{"damage_healed":0,"gold_gain":0,"player_choice":"Rummage","damage_taken":0,"relics_obtained":["WarpedTongs"],"max_hp_gain":0,"max_hp_loss":0,"event_name":"Accursed Blacksmith","floor":35,"gold_loss":0,"cards_obtained":["Pain"]},{"damage_healed":0,"gold_gain":0,"player_choice":"Fight","damage_taken":0,"max_hp_gain":0,"max_hp_loss":0,"event_name":"OrinTheCat","floor":48,"gold_loss":0}],"is_beta":false,"boss_relics":[{"not_picked":["Black Star","hubris:CrackedHourglass"],"picked":"hubris:VirtuousBlindfold"},{"not_picked":["construct:ClawGrip","Philosopher\u0027s Stone"],"picked":"Painkiller Herb"}],"items_purged_floors":[40],"is_endless":false,"potions_floor_spawned":[2,5,6,15,19,20,29,31,39,45,46,48],"killed_by":"WA_ARCHETYPE_DIVINITY","ascension_level":0}}