{"host":"ydg0vn0pu4pubmdt","time":1613938054,"event":{"mods":["AchievementEnabler","BaseMod","Colored Map","Minty Spire (QoL Compilation)","Quick Restart","SuperFastMode"],"gold_per_floor":[113,126,140,156,169,199,199,68,68,68,68,68,94,107,107,183,183,197,197,208,21,21,21,21],"floor_reached":23,"language":"KOR","playtime":532,"items_purged":["Strike_R","Strike_R"],"score":452,"play_id":"c8a8db5c-81fe-406e-bb39-95d022830590","local_time":"20210222050734","is_ascension_mode":true,"campfire_choices":[{"data":"Seeing Red","floor":7.0,"key":"SMITH"},{"data":"Demon Form","floor":10.0,"key":"SMITH"},{"data":"Pummel","floor":15.0,"key":"SMITH"}],"circlet_count":0,"master_deck":["AscendersBane","Strike_R","Defend_R","Defend_R","Bash","Demon Form+1","Feel No Pain","Seeing Red+1","Pummel+1","Pummel","Dropkick","Impervious","Evolve","Battle Trance"],"relics":["Burning Blood","White Beast Statue","Bottled Tornado","Potion Belt","Empty Cage","Turnip"],"acts_visited":["Exordium","TheCity"],"potions_floor_usage":[],"damage_taken":[{"damage":2.0,"enemies":"Cultist","floor":1.0,"turns":4.0},{"damage":6.0,"enemies":"Jaw Worm","floor":2.0,"turns":6.0},{"damage":1.0,"enemies":"2 Louse","floor":3.0,"turns":4.0},{"damage":16.0,"enemies":"Red Slaver","floor":4.0,"turns":5.0},{"damage":6.0,"enemies":"2 Fungi Beasts","floor":5.0,"turns":3.0},{"damage":26.0,"enemies":"3 Sentries","floor":6.0,"turns":10.0},{"damage":0.0,"enemies":"Lagavulin","floor":13.0,"turns":4.0},{"damage":16.0,"enemies":"Blue Slaver","floor":14.0,"turns":6.0},{"damage":34.0,"enemies":"Hexaghost","floor":16.0,"turns":8.0},{"damage":13.0,"enemies":"Spheric Guardian","floor":18.0,"turns":4.0},{"damage":27.0,"enemies":"Shell Parasite","floor":20.0,"turns":4.0},{"damage":40,"enemies":"Book of Stabbing","floor":23,"turns":4}],"seed_played":"-7325396784225809085","potions_obtained":[{"floor":1.0,"key":"ColorlessPotion"},{"floor":3.0,"key":"ElixirPotion"},{"floor":5.0,"key":"Fire Potion"},{"floor":13.0,"key":"Regen Potion"},{"floor":14.0,"key":"PowerPotion"},{"floor":16.0,"key":"ColorlessPotion"},{"floor":18.0,"key":"Explosive Potion"},{"floor":20.0,"key":"LiquidBronze"}],"is_trial":false,"path_per_floor":["M","M","M","M","M","E","R","$","T","R","?","?","E","M","R","B",null,"M","?","M","$","?","E"],"character_chosen":"IRONCLAD","items_purchased":["BloodPotion","Battle Trance"],"campfire_rested":0,"item_purchase_floors":[8,21],"current_hp_per_floor":[68,68,68,58,58,38,38,38,38,38,31,31,37,27,27,14,55,48,48,40,40,40,0,0],"gold":21,"neow_bonus":"THREE_RARE_CARDS","is_daily":false,"chose_seed":false,"campfire_upgraded":3,"win_rate":0.0,"timestamp":1613938054,"path_taken":["M","M","M","M","M","E","R","$","T","R","?","?","E","M","R","BOSS","M","?","M","$","?","E"],"items_purchased_type":["Potion","Card"],"build_version":"2020-12-22","purchased_purges":2,"victory":false,"max_hp_per_floor":[68,68,68,68,68,68,68,68,68,68,68,68,68,68,68,68,68,68,68,68,68,68,68,68],"card_choices":[{"not_picked":["Impervious","Berserk"],"picked":"Demon Form","floor":0.0},{"not_picked":["Flame Barrier","Sword Boomerang"],"picked":"Feel No Pain","floor":1.0},{"not_picked":["Warcry","Dark Embrace"],"picked":"Seeing Red","floor":2.0},{"not_picked":["Wild Strike","Pommel Strike","Body Slam"],"picked":"SKIP","floor":3.0},{"not_picked":["Warcry","Flame Barrier"],"picked":"Pummel","floor":4.0},{"not_picked":["Clash","Metallicize","Dropkick"],"picked":"SKIP","floor":5.0},{"not_picked":["Feel No Pain","Searing Blow"],"picked":"Pummel","floor":6.0},{"not_picked":["Demon Form","Pommel Strike","Body Slam"],"picked":"SKIP","floor":13.0},{"not_picked":["Flex","Ghostly Armor"],"picked":"Dropkick","floor":14.0},{"not_picked":["Berserk","Immolate"],"picked":"Impervious","floor":16.0},{"not_picked":["Pommel Strike","Shrug It Off"],"picked":"Evolve","floor":18.0},{"not_picked":["Wild Strike","Blood for Blood","Clash"],"picked":"SKIP","floor":20.0}],"player_experience":621359,"relics_obtained":[{"floor":6.0,"key":"White Beast Statue"},{"floor":9.0,"key":"Bottled Tornado"},{"floor":13.0,"key":"Potion Belt"},{"floor":22.0,"key":"Turnip"}],"event_choices":[{"cards_removed":["Strike_R"],"damage_healed":0.0,"max_hp_gain":0.0,"max_hp_loss":0.0,"gold_gain":0.0,"event_name":"Golden Wing","player_choice":"Card Removal","floor":11.0,"gold_loss":0.0,"damage_taken":7.0},{"cards_removed":["Defend_R"],"damage_healed":0.0,"max_hp_gain":0.0,"max_hp_loss":0.0,"gold_gain":0.0,"event_name":"Purifier","player_choice":"Purged","floor":12.0,"gold_loss":0.0,"damage_taken":0.0},{"damage_healed":0.0,"max_hp_gain":0.0,"max_hp_loss":0.0,"gold_gain":0.0,"event_name":"Vampires","player_choice":"Ignored","floor":19.0,"gold_loss":0.0,"damage_taken":0.0},{"damage_healed":0.0,"max_hp_gain":0.0,"max_hp_loss":0.0,"gold_gain":0.0,"event_name":"Wheel of Change","player_choice":"Relic","floor":22.0,"gold_loss":0.0,"damage_taken":0.0}],"is_beta":false,"boss_relics":[{"not_picked":["Velvet Choker","Philosopher\u0027s Stone"],"picked":"Empty Cage"}],"items_purged_floors":[8,21],"is_endless":false,"potions_floor_spawned":[1,3,5,6,13,14,16,18,20],"killed_by":"Book of Stabbing","ascension_level":20}}