{"host":"ij84le5dz5iaw1mq","time":1613919983,"event":{"mods":["AchievementEnabler","BaseMod","Better Altar","Better Match","Better Note","Better Sensory Stone","Better Skull","Better Third Choice","BetterRewards","Colored Map","Colored Powertips","DeckTracker","Hermit","Hubris","Infinite Spire","Minty Spire (QoL Compilation)","Permanent Neow","Quick Restart","Rare Cards Sparkle","Replay The Spire","Shop Mod","Somnambulant","StSLib","The Cursed","The Disciple","The Elementalist","The Runesmith","The Spell Scribe"],"gold_per_floor":[112,132,147,160,4,4,4],"floor_reached":6,"language":"ENG","playtime":466,"items_purged":[],"score":38,"play_id":"dfa50fc1-dc16-4d55-9d56-c87809a0b05b","local_time":"20210221100623","is_ascension_mode":false,"campfire_choices":[],"circlet_count":0,"master_deck":["Runesmith:Strike_RS","Runesmith:Strike_RS","Runesmith:Strike_RS","Runesmith:Strike_RS","Runesmith:Defend_RS","Runesmith:Defend_RS","Runesmith:Defend_RS","Runesmith:Defend_RS","Runesmith:CraftFirestone","Runesmith:Fortify","Runesmith:EarthShield","Runesmith:EnergizedChisel","Runesmith:CraftPrismatica"],"relics":["Runesmith:BrokenRuby","MerchantsRug"],"acts_visited":["Exordium"],"potions_floor_usage":[6],"damage_taken":[{"damage":0,"enemies":"Jaw Worm","floor":1,"turns":5},{"damage":0,"enemies":"Cultist","floor":2,"turns":4},{"damage":1,"enemies":"2 Louse","floor":3,"turns":3},{"damage":0,"enemies":"Large Slime","floor":4,"turns":6},{"damage":69,"enemies":"Gremlin Nob","floor":6,"turns":5}],"seed_played":"1192220141360226090","potions_obtained":[{"floor":4,"key":"Energy Potion"}],"is_trial":false,"path_per_floor":["M","M","M","M","$","E"],"character_chosen":"RUNESMITH_CLASS","items_purchased":["MerchantsRug"],"campfire_rested":0,"item_purchase_floors":[5],"current_hp_per_floor":[70,70,69,69,69,0,0],"gold":4,"neow_bonus":"THREE_CARDS","is_daily":false,"chose_seed":false,"campfire_upgraded":0,"win_rate":0.0,"timestamp":1613919983,"path_taken":["M","M","M","M","$","E"],"items_purchased_type":["Relic"],"build_version":"2020-12-22","purchased_purges":0,"victory":false,"max_hp_per_floor":[70,70,70,70,70,70,70],"card_choices":[{"not_picked":["Runesmith:CraftVitae","Runesmith:Repurpose"],"picked":"Runesmith:EarthShield","floor":0},{"not_picked":["Runesmith:HammerThrow","Runesmith:HeatExchange","Runesmith:Repurpose"],"picked":"SKIP","floor":1},{"not_picked":["Runesmith:StaticCage","Runesmith:Overpower"],"picked":"Runesmith:EnergizedChisel","floor":2},{"not_picked":["Runesmith:Electrocute","Runesmith:CraftReservo","Runesmith:BackupBattery"],"picked":"SKIP","floor":3},{"not_picked":["Runesmith:EnergizedChisel","Runesmith:BackupBattery"],"picked":"Runesmith:CraftPrismatica","floor":4}],"player_experience":148468,"relics_obtained":[],"event_choices":[],"is_beta":false,"boss_relics":[],"items_purged_floors":[],"is_endless":false,"potions_floor_spawned":[4],"killed_by":"Gremlin Nob","ascension_level":0}}