{"host":"38p8qnzhmsyj15s2","time":1613889718,"event":{"mods":["AchievementEnabler","Act Like it!","Aspiration","Bard","BaseMod","BetterRewards","Challenge The Spire","Colored Powertips","Conspire","DeckTracker","Defuse TimeMaze Blight","Downfall","Energized Spire","GifTheSpireLib","Googly Eyes","Halation","Hermit","Hubris","Infinite Spire","Jorbs\u0027s Wanderer Trilogy","Minty Spire (QoL Compilation)","Quick Restart","Random Character Button","Rare Cards Sparkle","Relic Sorter","Replay The Spire","StSLib","The Cursed","The Hayseed","The Hierophant","The Jungle","The Servant 0.9.4","TheFirefly","Wandering Minibosses","everything is the same but u backflip on backflip"],"gold_per_floor":[117,137,157,235,247,278,278,294,320,352,379,398,398,411,411,508,508,522,195,207,207,207,207,241,241,264,293,307,324,350,369,369,493,493,535,535,583,583,633,645,734,746,758,845,857,938,950,1056,1068,1080,1080],"floor_reached":50,"language":"ENG","playtime":6800,"items_purged":["Strike_R","Strike_R"],"score":900,"play_id":"bb8c17ac-076d-48c1-925e-343689a81f66","local_time":"20210221064158","is_ascension_mode":false,"campfire_choices":[{"data":"Cleave","floor":7,"key":"SMITH"},{"data":"Pummel","floor":13,"key":"SMITH"},{"data":"Strike_R","floor":15,"key":"PURGE"},{"data":"hermit:BodyArmor","floor":23,"key":"SMITH"},{"data":"ReplayTheSpireMod:Stacked","floor":25,"key":"SMITH"},{"data":"hermit:LoneWolf","floor":32,"key":"SMITH"},{"data":"Barricade","floor":40,"key":"SMITH"},{"data":"hermit:FromBeyond","floor":42,"key":"SMITH"},{"data":"ReplayTheSpireMod:Limb From Limb","floor":45,"key":"SMITH"},{"data":"conspire:Purge","floor":47,"key":"SMITH"},{"floor":49,"key":"REST"}],"circlet_count":0,"master_deck":["Strike_R","Defend_R","Defend_R","Bash+1","Metallicize","Cleave+1","Combust","Berserk","Pummel+1","ReplayTheSpireMod:Stacked+1","ReplayTheSpireMod:Limb From Limb+1","Thunderclap","conspire:Purge+1","Replay:Many Hands","Warcry+1","hermit:BodyArmor+1","hermit:LowProfile","hermit:LoneWolf+1","Rampage+1","Armaments+1","Barricade+1","hermit:Gestalt","hermit:FromBeyond+1","Dark Embrace","Life Link+1","Amnesia","Replay:Fractal Strike","Normality","hubris:Envy","True Grit"],"relics":["Burning Blood","halation:PinkSoulGem","Boot","Pet Ghost","hubris:SlimyHat","Odd Mushroom","Cursed Key","hubris:DisguiseKit","hubris:IronBody","Oddly Smooth Stone","Bronze Scales","halation:Toothbrush","Red Skull","infinitespire:EvilPickle","Runic Pyramid","halation:PapillonHeart","Durian","Ring of Greed","MawBank","Replay:Wax Seal","ReplayTheSpireMod:Ring of Sloth","hubris:Potato","aspiration:FrozenJewel","Blue Doll","wanderingMiniBosses:OtherGremlinHorn","Mercury Hourglass"],"acts_visited":["Exordium","TheCity","TheBeyond"],"potions_floor_usage":[8,14,16,16,28,30,33,48,50],"damage_taken":[{"damage":5,"enemies":"Jaw Worm","floor":1,"turns":4},{"damage":0,"enemies":"2 Louse","floor":2,"turns":4},{"damage":4,"enemies":"conspire:RoseBush","floor":3,"turns":3},{"damage":10,"enemies":"conspire:2 RoseBushes","floor":5,"turns":4},{"damage":26,"enemies":"Replay:BlueRogue","floor":6,"turns":8},{"damage":8,"enemies":"Red Slaver","floor":8,"turns":6},{"damage":21,"enemies":"3 Sentries","floor":10,"turns":5},{"damage":9,"enemies":"The Mushroom Lair","floor":11,"turns":3},{"damage":5,"enemies":"2 Fungi Beasts","floor":12,"turns":3},{"damage":4,"enemies":"Large Slime","floor":14,"turns":7},{"damage":27,"enemies":"Hexaghost","floor":16,"turns":12},{"damage":21,"enemies":"Spheric Guardian","floor":18,"turns":4},{"damage":0,"enemies":"Chosen","floor":20,"turns":3},{"damage":40,"enemies":"Slavers","floor":24,"turns":5},{"damage":6,"enemies":"Nightmare","floor":27,"turns":10},{"damage":10,"enemies":"Sentry and Sphere","floor":28,"turns":7},{"damage":5,"enemies":"Snecko","floor":29,"turns":3},{"damage":16,"enemies":"Slavers","floor":30,"turns":2},{"damage":1,"enemies":"conspire:HollyBat","floor":31,"turns":9},{"damage":14,"enemies":"Pondfish","floor":33,"turns":8},{"damage":36,"enemies":"Orb Walker","floor":35,"turns":6},{"damage":7,"enemies":"3 Darklings","floor":37,"turns":4},{"damage":0,"enemies":"Reptomancer","floor":41,"turns":1},{"damage":50,"enemies":"Nightmare","floor":44,"turns":5},{"damage":1,"enemies":"Writhing Mass","floor":46,"turns":4},{"damage":27,"enemies":"Reptomancer","floor":48,"turns":5},{"damage":55,"enemies":"conspire:OrnateMirror","floor":50,"turns":5}],"seed_played":"1861179114231500535","potions_obtained":[{"floor":5,"key":"infinitespire:BlackPotion"},{"floor":8,"key":"GamblersBrew"},{"floor":12,"key":"Fire Potion"},{"floor":14,"key":"PowerPotion"},{"floor":20,"key":"Block Potion"},{"floor":27,"key":"ColorlessPotion"},{"floor":28,"key":"Explosive Potion"},{"floor":31,"key":"Ancient Potion"},{"floor":37,"key":"ColorlessPotion"},{"floor":48,"key":"Fire Potion"}],"is_trial":false,"path_per_floor":["M","M","M","?","M","E","R","M","T","E","?","M","R","M","R","B",null,"M","$","M","?","?","R","E","R","T","NM","M","M","E","M","R","B",null,"M","?","M","AVR","?","R","E","R","T","NM","R","M","R","E","R","B"],"character_chosen":"IRONCLAD","items_purchased":["hubris:DisguiseKit"],"campfire_rested":1,"item_purchase_floors":[19],"current_hp_per_floor":[80,80,80,80,76,56,56,54,54,39,36,37,37,39,39,18,80,65,65,71,71,71,71,37,37,37,37,33,37,27,32,32,27,86,59,59,58,66,66,66,75,75,75,34,34,42,42,21,51,0,0],"gold":1080,"neow_bonus":"UPGRADE_CARD","is_daily":false,"chose_seed":false,"campfire_upgraded":9,"win_rate":0.0,"timestamp":1613889718,"path_taken":["M","M","M","?","M","E","R","M","T","E","?","M","R","M","R","BOSS","M","$","M","?","?","R","E","R","T","NM","M","?","E","M","R","BOSS","M","?","M","AVR","?","R","E","R","T","NM","R","M","R","E","R","BOSS"],"items_purchased_type":["Relic"],"build_version":"2020-12-22","purchased_purges":2,"victory":false,"max_hp_per_floor":[80,80,80,80,80,80,80,80,80,80,80,80,80,80,80,80,80,80,80,80,80,80,80,80,80,80,80,80,83,83,83,83,86,86,89,85,85,93,93,93,96,96,96,99,99,102,102,102,102,102,102],"card_choices":[{"not_picked":["Sever Soul","Perfected Strike"],"picked":"Metallicize","floor":1},{"not_picked":["Rage","Clash"],"picked":"Cleave","floor":2},{"not_picked":["Sever Soul","Iron Wave"],"picked":"Combust","floor":3},{"not_picked":["Perfected Strike","Run Through"],"picked":"Warcry","floor":5},{"not_picked":["Thunderclap","Cleave"],"picked":"Berserk","floor":6},{"not_picked":["Iron Wave","Carnage"],"picked":"Pummel","floor":8},{"not_picked":["Sword Boomerang","Body Slam"],"picked":"ReplayTheSpireMod:Stacked","floor":10},{"not_picked":["True Grit","Combust"],"picked":"ReplayTheSpireMod:Limb From Limb","floor":11},{"not_picked":["Sword Boomerang","Twin Strike"],"picked":"Thunderclap","floor":12},{"not_picked":["Reckless Charge","Spot Weakness"],"picked":"conspire:Purge","floor":14},{"not_picked":["Limit Break","Hemogenesis"],"picked":"Replay:Many Hands","floor":16},{"not_picked":["hubris:CleavingFinish","Whirlwind"],"picked":"Warcry+1","floor":18},{"not_picked":["Metallicize","Uppercut","Bloodletting+1"],"picked":"hermit:BodyArmor","floor":20},{"not_picked":["Replay:Undeath\u0027s Touch","True Grit","Anger"],"picked":"hermit:LowProfile","floor":24},{"not_picked":["Armaments+1","Thunderclap","Replay:Undeath\u0027s Touch+1"],"picked":"hermit:LoneWolf","floor":27},{"not_picked":["Headbutt","infinitespire:OneForAll","hermit:ItchyTrigger"],"picked":"Rampage+1","floor":28},{"not_picked":["ReplayTheSpireMod:Strike From Hell","Body Slam+1","hermit:NoHoldsBarred"],"picked":"Armaments+1","floor":29},{"not_picked":["Impervious","Twin Strike","hermit:SprayPray"],"picked":"Barricade","floor":30},{"not_picked":["Twin Strike+1","hubris:ReadiedAction","Clash"],"picked":"hermit:Gestalt","floor":31},{"not_picked":["Fiend Fire","Demon Form","Offering"],"picked":"hermit:FromBeyond","floor":33},{"not_picked":["Rampage","Warcry","hermit:HoleUp"],"picked":"Dark Embrace","floor":35},{"not_picked":["Disarm","hubris:ReadiedAction+1","hermit:Dive"],"picked":"Life Link+1","floor":37},{"not_picked":["Armaments+1","Twin Strike+1","conspire:Charge+1","hermit:Combo"],"picked":"SKIP","floor":41},{"not_picked":["hubris:InfiniteBlow","infinitespire:NeuralNetwork"],"picked":"Replay:Fractal Strike","floor":44},{"not_picked":["Shockwave+1","ReplayTheSpireMod:Strike From Hell","Warcry+1","hermit:Horror"],"picked":"SKIP","floor":44},{"not_picked":["Clothesline","Twin Strike","Pommel Strike","hermit:Feint"],"picked":"SKIP","floor":46},{"not_picked":["hubris:ReadiedAction","Brutality","hermit:Vantage"],"picked":"True Grit","floor":48}],"player_experience":31201,"relics_obtained":[{"floor":6,"key":"Boot"},{"floor":9,"key":"Pet Ghost"},{"floor":10,"key":"hubris:SlimyHat"},{"floor":11,"key":"Odd Mushroom"},{"floor":24,"key":"Oddly Smooth Stone"},{"floor":26,"key":"Bronze Scales"},{"floor":27,"key":"halation:Toothbrush"},{"floor":30,"key":"Red Skull"},{"floor":39,"key":"Ring of Greed"},{"floor":39,"key":"MawBank"},{"floor":39,"key":"Replay:Wax Seal"},{"floor":39,"key":"ReplayTheSpireMod:Ring of Sloth"},{"floor":41,"key":"hubris:Potato"},{"floor":43,"key":"aspiration:FrozenJewel"},{"floor":44,"key":"Blue Doll"},{"floor":46,"key":"wanderingMiniBosses:OtherGremlinHorn"},{"floor":48,"key":"Mercury Hourglass"}],"event_choices":[{"damage_healed":0,"gold_gain":78,"player_choice":"Gained Gold","damage_taken":0,"max_hp_gain":0,"max_hp_loss":0,"event_name":"Golden Wing","floor":4,"gold_loss":0},{"damage_healed":0,"gold_gain":0,"player_choice":"Fought Mushrooms","damage_taken":0,"max_hp_gain":0,"max_hp_loss":0,"event_name":"Mushrooms","floor":11,"gold_loss":0},{"damage_healed":0,"gold_gain":0,"player_choice":"Gave Potion","damage_taken":0,"relics_obtained":["hubris:IronBody"],"max_hp_gain":0,"max_hp_loss":0,"event_name":"WeMeetAgain","floor":22,"gold_loss":0}],"is_beta":false,"boss_relics":[{"not_picked":["energizedSpire:DecayingSkull","ReplayTheSpireMod:DimensionalGlitch"],"picked":"Cursed Key"},{"not_picked":["energizedSpire:SpiderWeb","Mark of Pain"],"picked":"Runic Pyramid"}],"items_purged_floors":[19,38],"is_endless":true,"potions_floor_spawned":[5,8,12,14,20,27,28,31,37,48],"killed_by":"conspire:OrnateMirror","ascension_level":0}}