{"host":"rw1trt79hfpl7pom","time":1613917208,"event":{"mods":["BaseMod","Bestiary","Colored Map","Jorbs\u0027s Wanderer Trilogy","Minty Spire (QoL Compilation)","Relic Stats","StSLib","SuperFastMode"],"gold_per_floor":[114,26,26,45,45,71,71,106,174,203,161,196,196,209,209,284,284,298,317,70,82,82,116,116,132,132,159,159,173,198,217,217,294,294,311,321,336,351,367,396,396,408,435,469,486,542,542,602,602,632,632,632,632,27,60,60],"floor_reached":57,"language":"ENG","playtime":4099,"items_purged":["Strike_P","Strike_P+1"],"score":3074,"play_id":"e86984e2-78f4-45a4-aaaf-77146ceed3b7","local_time":"20210221062008","is_ascension_mode":true,"campfire_choices":[{"floor":7.0,"key":"REST"},{"data":"TalkToTheHand","floor":13.0,"key":"SMITH"},{"data":"Tantrum","floor":15.0,"key":"SMITH"},{"data":"Eruption","floor":24.0,"key":"SMITH"},{"data":"ThirdEye","floor":32,"key":"SMITH"},{"floor":41,"key":"RECALL"}],"circlet_count":0,"master_deck":["AscendersBane","Strike_P+1","Strike_P+1","Defend_P+1","Defend_P+1","Defend_P+1","Defend_P+1","Eruption+1","Vigilance+1","FlyingSleeves+1","ReachHeaven+1","EmptyFist+1","Tantrum+1","ThirdEye+1","TalkToTheHand+1","ClearTheMind+1","LessonLearned+1","WheelKick+1","CutThroughFate+1","Wallop+1","DeceiveReality+1","Wallop+1","InnerPeace+1","FlurryOfBlows+1","Scrawl+1","EmptyBody+1","FearNoEvil+1","Study+1","Worship+1","Protect+1","Meditate+1","Wish+1","TalkToTheHand+1","Secret Technique+1","Madness+1","Collect+1"],"relics":["Black Star","Lantern","Potion Belt","Regal Pillow","Damaru","War Paint","Toxic Egg 2","White Beast Statue","Ancient Tea Set","Mango","Yang","Coffee Dripper","Blood Vial","Du-Vu Doll","Molten Egg 2","Toy Ornithopter","Whetstone","Mummified Hand","The Courier","Tiny Chest","SacredBark","Centennial Puzzle","Dead Branch","Akabeko","Turnip","Boot","Singing Bowl","Oddly Smooth Stone","Juzu Bracelet","Bottled Flame","TeardropLocket","Pantograph","Orichalcum","Sundial"],"acts_visited":["Exordium","TheCity","TheBeyond","TheEnding"],"potions_floor_usage":[33,37,39,40,42,44,48,56,56,56,56,56,56,56,56],"damage_taken":[{"damage":5.0,"enemies":"Small Slimes","floor":1.0,"turns":4.0},{"damage":1.0,"enemies":"2 Louse","floor":4.0,"turns":4.0},{"damage":16.0,"enemies":"Gremlin Nob","floor":6.0,"turns":3.0},{"damage":22.0,"enemies":"3 Sentries","floor":8.0,"turns":4.0},{"damage":22.0,"enemies":"Lagavulin","floor":10.0,"turns":5.0},{"damage":1.0,"enemies":"Gremlin Nob","floor":12.0,"turns":3.0},{"damage":0.0,"enemies":"Cultist","floor":14.0,"turns":4.0},{"damage":25.0,"enemies":"Hexaghost","floor":16.0,"turns":9.0},{"damage":0.0,"enemies":"Chosen","floor":18.0,"turns":3.0},{"damage":0.0,"enemies":"3 Byrds","floor":19.0,"turns":4.0},{"damage":16.0,"enemies":"Shelled Parasite and Fungi","floor":21.0,"turns":5.0},{"damage":20.0,"enemies":"Slavers","floor":23.0,"turns":4.0},{"damage":0.0,"enemies":"3 Cultists","floor":25.0,"turns":2.0},{"damage":0.0,"enemies":"Gremlin Leader","floor":27.0,"turns":7.0},{"damage":0.0,"enemies":"Cultist and Chosen","floor":29.0,"turns":4.0},{"damage":19.0,"enemies":"Book of Stabbing","floor":30.0,"turns":5.0},{"damage":0,"enemies":"Snecko","floor":31,"turns":2},{"damage":5,"enemies":"Collector","floor":33,"turns":6},{"damage":0,"enemies":"3 Shapes","floor":35,"turns":4},{"damage":0,"enemies":"Orb Walker","floor":36,"turns":4},{"damage":6,"enemies":"Writhing Mass","floor":37,"turns":4},{"damage":0,"enemies":"Sphere and 2 Shapes","floor":38,"turns":3},{"damage":0,"enemies":"Transient","floor":39,"turns":6},{"damage":14,"enemies":"Giant Head","floor":40,"turns":6},{"damage":0,"enemies":"Jaw Worm Horde","floor":42,"turns":2},{"damage":0,"enemies":"Reptomancer","floor":44,"turns":3},{"damage":0,"enemies":"4 Shapes","floor":45,"turns":4},{"damage":0,"enemies":"Giant Head","floor":46,"turns":5},{"damage":9,"enemies":"Reptomancer","floor":48,"turns":5},{"damage":20,"enemies":"Awakened One","floor":50,"turns":10},{"damage":18,"enemies":"Donu and Deca","floor":51,"turns":5},{"damage":28,"enemies":"Shield and Spear","floor":55,"turns":5},{"damage":11,"enemies":"The Heart","floor":56,"turns":9}],"seed_played":"767909877559883645","potions_obtained":[{"floor":4.0,"key":"PowerPotion"},{"floor":8.0,"key":"Fruit Juice"},{"floor":12.0,"key":"Dexterity Potion"},{"floor":14.0,"key":"CultistPotion"},{"floor":16.0,"key":"SpeedPotion"},{"floor":18.0,"key":"Fire Potion"},{"floor":21.0,"key":"BlessingOfTheForge"},{"floor":23.0,"key":"Energy Potion"},{"floor":25.0,"key":"Strength Potion"},{"floor":27.0,"key":"BottledMiracle"},{"floor":29.0,"key":"BottledMiracle"},{"floor":30.0,"key":"Block Potion"},{"floor":33,"key":"Explosive Potion"},{"floor":35,"key":"Regen Potion"},{"floor":36,"key":"SteroidPotion"},{"floor":37,"key":"PowerPotion"},{"floor":39,"key":"LiquidMemories"},{"floor":40,"key":"SneckoOil"},{"floor":42,"key":"DuplicationPotion"},{"floor":44,"key":"Weak Potion"},{"floor":45,"key":"EntropicBrew"},{"floor":48,"key":"Dexterity Potion"}],"is_trial":false,"path_per_floor":["M","$","?","M","?","E","R","E","T","E","?","E","R","M","R","B",null,"M","M","$","M","?","E","R","M","T","E","T","M","E","M","R","B",null,"M","M","M","M","M","E","R","M","T","E","M","E","?","E","R","B","B",null,"R","$","E","B",null],"character_chosen":"WATCHER","items_purchased":["ReachHeaven","Blood Vial","TeardropLocket","Pantograph","EntropicBrew"],"campfire_rested":1,"item_purchase_floors":[2,20,54,54,54],"current_hp_per_floor":[56,56,56,55,50,34,68,46,46,24,24,37,37,37,37,12,65,70,70,70,56,50,32,32,34,34,36,36,43,26,28,28,30,73,75,77,78,80,87,73,73,80,80,87,87,87,79,77,77,59,43,78,78,78,54,88],"gold":60,"neow_bonus":"BOSS_RELIC","is_daily":false,"chose_seed":false,"campfire_upgraded":4,"win_rate":0.0,"timestamp":1613917208,"path_taken":["M","$","?","M","?","E","R","E","T","E","?","E","R","M","R","BOSS","M","M","$","M","?","E","R","?","T","E","?","?","E","M","R","BOSS","M","M","?","M","M","E","R","M","T","E","M","E","?","E","R","BOSS","BOSS","R","$","E","BOSS"],"items_purchased_type":["Card","Relic","Relic","Relic","Potion"],"build_version":"2020-12-22","purchased_purges":2,"victory":true,"max_hp_per_floor":[68,68,68,68,68,68,68,68,68,68,68,82,82,82,82,82,82,87,87,87,87,87,87,87,87,87,87,87,87,87,87,87,87,87,87,87,87,87,87,87,87,87,87,87,87,87,89,89,89,89,89,89,89,89,91,91],"relic_stats":{"Regal Pillow":14,"Singing Bowl":4,"counters":[33,153],"Dead Branch":[76],"Yang":[416],"Juzu Bracelet":0,"Whetstone":["ReachHeaven","Strike_P"],"War Paint":["Defend_P","Defend_P"],"Orichalcum":[0],"Boot":[50],"Blood Vial":40,"Centennial Puzzle":[15],"Mummified Hand":[28],"Sundial":[0],"Pantograph":25,"Tiny Chest":0,"Turnip":[2],"Black Star":12,"obtain_stats":[{"Lantern":5,"Regal Pillow":6,"Singing Bowl":46,"SacredBark":34,"Mango":12,"Yang":12,"Juzu Bracelet":48,"Whetstone":27,"TeardropLocket":54,"Ancient Tea Set":10,"Boot":44,"Blood Vial":20,"Centennial Puzzle":40,"Mummified Hand":28,"Sundial":55,"Pantograph":54,"Tiny Chest":30,"Toxic Egg 2":9,"Potion Belt":6,"Dead Branch":40,"Damaru":8,"Oddly Smooth Stone":46,"The Courier":30,"War Paint":8,"Orichalcum":55,"White Beast Statue":10,"Akabeko":43,"Du-Vu Doll":23,"Bottled Flame":48,"Molten Egg 2":23,"Turnip":44,"Black Star":0,"Coffee Dripper":17,"PureWater":0,"Toy Ornithopter":27},{"Lantern":2,"Regal Pillow":3,"Singing Bowl":28,"SacredBark":18,"Mango":6,"Yang":6,"Juzu Bracelet":29,"Whetstone":14,"TeardropLocket":31,"Ancient Tea Set":5,"Boot":26,"Blood Vial":10,"Centennial Puzzle":24,"Mummified Hand":14,"Sundial":32,"Pantograph":31,"Tiny Chest":16,"Toxic Egg 2":4,"Potion Belt":3,"Dead Branch":24,"Damaru":4,"Oddly Smooth Stone":28,"The Courier":16,"War Paint":4,"Orichalcum":32,"White Beast Statue":5,"Akabeko":25,"Du-Vu Doll":12,"Bottled Flame":29,"Molten Egg 2":12,"Turnip":26,"Black Star":0,"Coffee Dripper":8,"PureWater":0,"Toy Ornithopter":14},{"Lantern":8,"Regal Pillow":11,"Singing Bowl":119,"SacredBark":78,"Mango":23,"Yang":23,"Juzu Bracelet":124,"Whetstone":61,"TeardropLocket":139,"Ancient Tea Set":20,"Boot":110,"Blood Vial":43,"Centennial Puzzle":105,"Mummified Hand":61,"Sundial":144,"Pantograph":139,"Tiny Chest":70,"Toxic Egg 2":15,"Potion Belt":11,"Dead Branch":105,"Damaru":15,"Oddly Smooth Stone":119,"The Courier":70,"War Paint":15,"Orichalcum":144,"White Beast Statue":20,"Akabeko":107,"Du-Vu Doll":52,"Bottled Flame":124,"Molten Egg 2":52,"Turnip":110,"Black Star":0,"Coffee Dripper":36,"PureWater":0,"Toy Ornithopter":61}],"Toy Ornithopter":52},"card_choices":[{"not_picked":["PathToVictory","CutThroughFate"],"picked":"FlyingSleeves","floor":1.0},{"not_picked":["Protect","CutThroughFate"],"picked":"EmptyFist","floor":4.0},{"not_picked":["Adaptation","Prostrate"],"picked":"Tantrum","floor":6.0},{"not_picked":["Indignation","Fasting2"],"picked":"ThirdEye","floor":8.0},{"not_picked":["Wireheading","WheelKick"],"picked":"TalkToTheHand","floor":10.0},{"not_picked":["WheelKick","Sanctity+1"],"picked":"ClearTheMind+1","floor":12.0},{"not_picked":["Nirvana","Consecrate","Evaluate+1"],"picked":"SKIP","floor":14.0},{"not_picked":["SpiritShield+1","Scrawl+1"],"picked":"LessonLearned","floor":16.0},{"not_picked":["SashWhip+1","SandsOfTime"],"picked":"WheelKick+1","floor":18.0},{"not_picked":["Sanctity+1","FlyingSleeves"],"picked":"CutThroughFate","floor":19.0},{"not_picked":["Evaluate+1","CutThroughFate","CrushJoints"],"picked":"SKIP","floor":21.0},{"not_picked":["Study","SignatureMove+1","Alpha+1"],"picked":"SKIP","floor":23.0},{"not_picked":["BowlingBash+1","InnerPeace+1"],"picked":"Wallop+1","floor":25.0},{"not_picked":["PathToVictory+1","Crescendo+1"],"picked":"DeceiveReality+1","floor":27.0},{"not_picked":["CrushJoints+1","ForeignInfluence+1"],"picked":"Wallop+1","floor":29.0},{"not_picked":["EmptyFist+1","FlyingSleeves+1"],"picked":"InnerPeace+1","floor":30.0},{"not_picked":["Prostrate+1","BowlingBash+1"],"picked":"FlurryOfBlows+1","floor":31},{"not_picked":["Alpha+1","Devotion"],"picked":"Scrawl+1","floor":33},{"not_picked":["DeceiveReality+1","FollowUp+1"],"picked":"EmptyBody+1","floor":35},{"not_picked":["FlurryOfBlows+1","SignatureMove+1"],"picked":"FearNoEvil+1","floor":36},{"not_picked":["Conclude+1","ForeignInfluence+1"],"picked":"Study+1","floor":37},{"not_picked":["CrushJoints+1","JustLucky+1"],"picked":"Worship+1","floor":38},{"not_picked":["Crescendo+1","Sanctity+1"],"picked":"Protect+1","floor":39},{"not_picked":["Halt+1","CutThroughFate+1","Consecrate+1"],"picked":"SKIP","floor":40},{"not_picked":["CutThroughFate+1","Nirvana"],"picked":"Meditate+1","floor":42},{"not_picked":["CrushJoints+1","PathToVictory+1","JustLucky+1"],"picked":"SKIP","floor":44},{"not_picked":["FlyingSleeves+1","JustLucky+1"],"picked":"Wish+1","floor":45},{"not_picked":["ClearTheMind+1","Perseverance+1"],"picked":"TalkToTheHand+1","floor":46},{"not_picked":["Deep Breath+1","Swift Strike+1"],"picked":"Secret Technique+1","floor":47},{"not_picked":["Discovery+1","Blind+1","The Bomb+1"],"picked":"Singing Bowl","floor":47},{"not_picked":["Enlightenment+1","Good Instincts+1"],"picked":"Madness+1","floor":47},{"not_picked":["Protect+1","CarveReality+1"],"picked":"Collect+1","floor":48},{"not_picked":["Consecrate+1","Nirvana+1","JustLucky+1"],"picked":"Singing Bowl","floor":55}],"player_experience":2857157,"relics_obtained":[{"floor":6.0,"key":"Potion Belt"},{"floor":6.0,"key":"Regal Pillow"},{"floor":8.0,"key":"Damaru"},{"floor":8.0,"key":"War Paint"},{"floor":9.0,"key":"Toxic Egg 2"},{"floor":10.0,"key":"White Beast Statue"},{"floor":10.0,"key":"Ancient Tea Set"},{"floor":12.0,"key":"Mango"},{"floor":12.0,"key":"Yang"},{"floor":23.0,"key":"Du-Vu Doll"},{"floor":23.0,"key":"Molten Egg 2"},{"floor":27.0,"key":"Toy Ornithopter"},{"floor":27.0,"key":"Whetstone"},{"floor":28.0,"key":"Mummified Hand"},{"floor":30.0,"key":"The Courier"},{"floor":30.0,"key":"Tiny Chest"},{"floor":40,"key":"Centennial Puzzle"},{"floor":40,"key":"Dead Branch"},{"floor":43,"key":"Akabeko"},{"floor":44,"key":"Turnip"},{"floor":44,"key":"Boot"},{"floor":46,"key":"Singing Bowl"},{"floor":46,"key":"Oddly Smooth Stone"},{"floor":48,"key":"Juzu Bracelet"},{"floor":48,"key":"Bottled Flame"},{"floor":55,"key":"Orichalcum"},{"floor":55,"key":"Sundial"}],"event_choices":[{"damage_healed":0.0,"max_hp_gain":0.0,"max_hp_loss":0.0,"gold_gain":0.0,"event_name":"Liars Game","player_choice":"Ignored","floor":3.0,"gold_loss":0.0,"damage_taken":0.0},{"damage_healed":0.0,"max_hp_gain":0.0,"max_hp_loss":0.0,"gold_gain":0.0,"event_name":"Scrap Ooze","player_choice":"Success","floor":5.0,"gold_loss":0.0,"damage_taken":5.0,"relics_obtained":["Lantern"]},{"damage_healed":0.0,"max_hp_gain":0.0,"max_hp_loss":0.0,"gold_gain":0.0,"event_name":"World of Goop","player_choice":"Left Gold","floor":11.0,"gold_loss":42.0,"damage_taken":0.0},{"damage_healed":0.0,"max_hp_gain":0.0,"max_hp_loss":0.0,"gold_gain":0.0,"event_name":"Knowing Skull","player_choice":"","floor":22.0,"potions_obtained":[],"gold_loss":0.0,"damage_taken":6.0,"cards_obtained":[]},{"damage_healed":0,"gold_gain":0,"player_choice":"Memory 3","damage_taken":10,"max_hp_gain":0,"max_hp_loss":0,"event_name":"SensoryStone","floor":47,"gold_loss":0}],"is_beta":false,"boss_relics":[{"not_picked":["Velvet Choker","Ectoplasm"],"picked":"Coffee Dripper"},{"not_picked":["Tiny House","Runic Dome"],"picked":"SacredBark"}],"items_purged_floors":[20,54],"is_endless":false,"potions_floor_spawned":[4,8,12,14,16,18,19,21,23,25,27,29,30,31,33,35,36,37,38,39,40,42,44,45,46,48,55],"ascension_level":20}}