{"host":"Jitters","time":1613889315,"event":{"mods":["BaseMod","Colored Powertips","Curses Come First","Downfall","Minty Spire (QoL Compilation)","Relic Stats","Reliquary","Shop Mod","Spicy Shops","StSLib"],"gold_per_floor":[99,114,289,301,2,2,2,0,29,129,129,139,139,139,152,152,152,152],"floor_reached":16,"language":"ENG","playtime":713,"items_purged":[],"score":113,"play_id":"0f7df78e-feeb-41d9-8ee7-42263ee42b4d","local_time":"20210221013515","is_ascension_mode":true,"campfire_choices":[{"data":"bronze:Replicate","floor":1.0,"key":"SMITH"},{"data":"bronze:Invalidate","floor":6,"key":"SMITH"}],"circlet_count":0,"master_deck":["bronze:Strike","bronze:Strike","bronze:Strike","bronze:Strike+1","bronze:Defend","bronze:Defend+1","bronze:Defend","bronze:Defend","bronze:Replicate+1","bronze:Goto+1","bronze:Invalidate+1","Doubt","bronze:BuggyMess","bronze:Fortify","bronze:Flail","bronze:Backtrace","bronze:DigitalCarnage+1","downfall:Malfunctioning","bronze:WildBeam+1","Regret","bronze:Separator+1"],"relics":["bronze:BronzeCore","Toy Ornithopter","Meat on the Bone","bronze:Timepiece","Molten Egg 2","hexamod:CandleOfCauterizing","GremlinMask"],"acts_visited":["Exordium"],"potions_floor_usage":[15,16,16],"damage_taken":[{"damage":3.0,"enemies":"Jaw Worm","floor":2.0,"turns":4.0},{"damage":3.0,"enemies":"Small Slimes","floor":4.0,"turns":3.0},{"damage":10.0,"enemies":"downfall:FleeingMerchant","floor":5.0,"turns":4.0},{"damage":20,"enemies":"downfall:FleeingMerchant","floor":8,"turns":4},{"damage":40,"enemies":"3 Sentries","floor":9,"turns":12},{"damage":0,"enemies":"2 Louse","floor":12,"turns":2},{"damage":12,"enemies":"Lots of Slimes","floor":15,"turns":3},{"damage":27,"enemies":"WA_ARCHETYPE_RETAIN","floor":16,"turns":4}],"seed_played":"-5748256932956935374","potions_obtained":[{"floor":9,"key":"sneckomod:MuddlingPotion"},{"floor":12,"key":"CultistPotion"},{"floor":15,"key":"DistilledChaos"}],"is_trial":false,"path_per_floor":["R","M","?","M","$","R","T","$","E","?","?","M","?","?","M","B"],"character_chosen":"THE_AUTOMATON","items_purchased":["Meat on the Bone","bronze:Flail"],"campfire_rested":0,"item_purchase_floors":[5,5],"current_hp_per_floor":[70,67,67,64,54,54,54,46,18,18,18,30,30,30,35,18,18,18],"gold":152,"neow_bonus":"RANDOM_COMMON_RELIC","is_daily":false,"chose_seed":false,"campfire_upgraded":2,"win_rate":0.0,"timestamp":1613889315,"path_taken":["R","M","?","M","$","R","T","$","E","?","?","M","?","?","M","BOSS"],"items_purchased_type":["Relic","Card"],"build_version":"2020-11-17","purchased_purges":0,"victory":false,"max_hp_per_floor":[70,70,70,70,70,70,70,70,70,70,70,70,70,70,70,70,70,70],"relic_stats":{"counters":[8,36],"obtain_stats":[{"hexamod:CandleOfCauterizing":13,"bronze:BronzeCore":0,"bronze:Timepiece":7,"Molten Egg 2":9,"GremlinMask":14,"Toy Ornithopter":0,"Meat on the Bone":5},{"hexamod:CandleOfCauterizing":6,"bronze:BronzeCore":0,"bronze:Timepiece":3,"Molten Egg 2":5,"GremlinMask":6,"Toy Ornithopter":0,"Meat on the Bone":3},{"hexamod:CandleOfCauterizing":29,"bronze:BronzeCore":0,"bronze:Timepiece":11,"Molten Egg 2":27,"GremlinMask":29,"Toy Ornithopter":0,"Meat on the Bone":11}],"Toy Ornithopter":10,"Meat on the Bone":48},"card_choices":[{"not_picked":["bronze:Frontload","bronze:DelayedGuard"],"picked":"bronze:Invalidate","floor":2.0},{"not_picked":["bronze:DelayedGuard","bronze:Optimize"],"picked":"bronze:BuggyMess","floor":4.0},{"not_picked":["bronze:DelayedGuard","bronze:Optimize"],"picked":"bronze:Fortify","floor":5},{"not_picked":["bronze:WildBeam","bronze:HyperBeam"],"picked":"bronze:Backtrace","floor":8},{"not_picked":["bronze:Boost","bronze:Turbo"],"picked":"bronze:DigitalCarnage+1","floor":9},{"not_picked":["bronze:Deprecate","bronze:Flail+1"],"picked":"bronze:WildBeam+1","floor":12},{"not_picked":["bronze:MaxOutput","bronze:BitShift"],"picked":"bronze:Separator+1","floor":15}],"player_experience":226959,"relics_obtained":[{"floor":7,"key":"bronze:Timepiece"},{"floor":9,"key":"Molten Egg 2"}],"event_choices":[{"damage_healed":0,"gold_gain":0,"player_choice":"Box","damage_taken":0,"relics_obtained":["hexamod:CandleOfCauterizing"],"max_hp_gain":0,"max_hp_loss":0,"event_name":"Big Fish","floor":13,"gold_loss":0,"cards_obtained":["Regret"]},{"damage_healed":0,"gold_gain":0,"player_choice":"Trade","damage_taken":0,"relics_obtained":["GremlinMask"],"max_hp_gain":0,"max_hp_loss":0,"event_name":"FaceTrader","floor":14,"gold_loss":0}],"is_beta":true,"boss_relics":[],"items_purged_floors":[],"is_endless":false,"potions_floor_spawned":[9,12,15],"killed_by":"WA_ARCHETYPE_RETAIN","ascension_level":3}}