{"host":"8is2j71l4wmybkoi","time":1613918349,"event":{"mods":["AchievementEnabler","BaseMod","Colored Map","DeckTracker","Minty Spire (QoL Compilation)","Rare Cards Sparkle","Relic Stats","StSLib","SuperFastMode"],"gold_per_floor":[115,115,125,275,39,39,39,70,94,112,147,167,167,92,92,164,164,178,178,196,207,207,207,218,248,248,248,248,259,44,118,118,197,197,213,228,228,66,66,100,100,112,112,130,5,5,5,5,5,5,5],"floor_reached":50,"language":"KOR","playtime":1995,"items_purged":["Doubt","Defend_G","Dagger Spray"],"score":965,"play_id":"cb3d8f3e-08e7-4354-b5a8-3ef72612220d","local_time":"20210221233909","is_ascension_mode":true,"campfire_choices":[{"data":"Neutralize","floor":6.0,"key":"SMITH"},{"floor":13.0,"key":"REST"},{"data":"Caltrops","floor":15.0,"key":"SMITH"},{"data":"Venomology","floor":23.0,"key":"SMITH"},{"floor":28.0,"key":"REST"},{"data":"Catalyst","floor":32,"key":"SMITH"},{"data":"Apotheosis","floor":41,"key":"SMITH"},{"data":"Well Laid Plans","floor":46,"key":"SMITH"},{"floor":49,"key":"RECALL"}],"circlet_count":0,"master_deck":["AscendersBane","Defend_G","Defend_G+1","Survivor+1","Neutralize+1","Heel Hook","Backstab","Corpse Explosion","Bane","Leg Sweep","Well Laid Plans+1","Caltrops+1","Venomology+1","CurseOfTheBell","Prepared","Poisoned Stab","Backflip","Bite","Bite","Bite","Bite","Bite","Finisher+1","J.A.X.","PiercingWail","Catalyst+1","Adrenaline","Deadly Poison","Apotheosis+1","Catalyst+1","Blur","Acrobatics+1","Bouncing Flask+1","Enlightenment","Flash of Steel","Purity"],"relics":["Ring of the Snake","Orichalcum","Potion Belt","Blue Candle","Calling Bell","Ornamental Fan","CaptainsWheel","War Paint","Nilry\u0027s Codex","Bronze Scales","Bottled Tornado","Coffee Dripper","Shuriken","TungstenRod"],"acts_visited":["Exordium","TheCity","TheBeyond"],"potions_floor_usage":[29,33,33,33,36,40,40,42,42,44,48,48,50],"damage_taken":[{"damage":2.0,"enemies":"Jaw Worm","floor":1.0,"turns":5.0},{"damage":0.0,"enemies":"Small Slimes","floor":3.0,"turns":2.0},{"damage":41.0,"enemies":"Gremlin Nob","floor":8.0,"turns":5.0},{"damage":0.0,"enemies":"Cultist","floor":10.0,"turns":3.0},{"damage":19.0,"enemies":"Lagavulin","floor":11.0,"turns":7.0},{"damage":0.0,"enemies":"3 Louse","floor":12.0,"turns":1.0},{"damage":12.0,"enemies":"Hexaghost","floor":16.0,"turns":8.0},{"damage":0.0,"enemies":"3 Byrds","floor":18.0,"turns":3.0},{"damage":11.0,"enemies":"Spheric Guardian","floor":20.0,"turns":7.0},{"damage":10.0,"enemies":"Centurion and Healer","floor":21.0,"turns":4.0},{"damage":16.0,"enemies":"Snake Plant","floor":24.0,"turns":5.0},{"damage":15.0,"enemies":"Gremlin Leader","floor":25.0,"turns":8.0},{"damage":26,"enemies":"Shelled Parasite and Fungi","floor":29,"turns":3},{"damage":43,"enemies":"Collector","floor":33,"turns":7},{"damage":7,"enemies":"Orb Walker","floor":35,"turns":3},{"damage":12,"enemies":"3 Shapes","floor":36,"turns":4},{"damage":35,"enemies":"Nemesis","floor":40,"turns":7},{"damage":7,"enemies":"Spire Growth","floor":42,"turns":3},{"damage":6,"enemies":"Transient","floor":44,"turns":5},{"damage":7,"enemies":"3 Darklings","floor":48,"turns":3},{"damage":24,"enemies":"Donu and Deca","floor":50,"turns":2}],"seed_played":"-5361990612850882046","potions_obtained":[{"floor":11.0,"key":"Explosive Potion"},{"floor":12.0,"key":"FearPotion"},{"floor":18.0,"key":"Fire Potion"},{"floor":24.0,"key":"FairyPotion"},{"floor":29,"key":"SteroidPotion"},{"floor":35,"key":"FearPotion"},{"floor":42,"key":"Fire Potion"}],"is_trial":false,"path_per_floor":["M","?","M","?","$","R","?","E","T","M","E","M","R","?","R","B",null,"M","?","M","M","?","R","M","E","T","?","R","M","$","T","R","B",null,"M","M","?","$","?","E","R","M","T","M","$","R","?","M","R","B"],"character_chosen":"THE_SILENT","items_purchased":["Corpse Explosion","Catalyst","Regen Potion","Apotheosis"],"campfire_rested":2,"item_purchase_floors":[5,30,30,38],"current_hp_per_floor":[57,62,62,62,62,62,62,21,21,21,2,2,23,23,23,11,56,56,35,39,29,29,29,21,16,16,16,30,6,6,6,6,15,41,42,38,38,38,38,14,14,15,15,25,25,25,16,13,13,0,0],"gold":5,"neow_bonus":"TRANSFORM_CARD","is_daily":false,"chose_seed":false,"campfire_upgraded":6,"win_rate":0.0,"timestamp":1613918349,"path_taken":["M","?","M","?","$","R","?","E","T","M","E","?","R","?","R","BOSS","M","?","M","M","?","R","M","E","T","?","R","M","$","?","R","BOSS","M","?","?","$","?","E","R","?","T","M","$","R","?","M","R","BOSS"],"items_purchased_type":["Card","Card","Potion","Card"],"build_version":"2020-12-22","purchased_purges":3,"victory":false,"max_hp_per_floor":[66,71,71,71,71,71,71,71,71,71,71,71,71,71,71,71,71,71,71,71,71,49,49,49,49,49,49,49,49,49,49,49,49,49,49,49,49,49,49,49,49,49,49,49,49,49,49,49,49,49,49],"relic_stats":{"counters":[21,95],"Ornamental Fan":[84],"Shuriken":[5],"Blue Candle":[6],"Bronze Scales":[80],"Orichalcum":[120],"War Paint":["Survivor","Defend_G"],"obtain_stats":[{"Potion Belt":9,"Nilry\u0027s Codex":19,"Blue Candle":11,"Orichalcum":8,"War Paint":17,"Bottled Tornado":31,"Calling Bell":17,"CaptainsWheel":17,"Ornamental Fan":17,"Shuriken":40,"Bronze Scales":25,"Coffee Dripper":34,"TungstenRod":43,"Ring of the Snake":0},{"Potion Belt":3,"Nilry\u0027s Codex":8,"Blue Candle":5,"Orichalcum":3,"War Paint":7,"Bottled Tornado":13,"Calling Bell":7,"CaptainsWheel":7,"Ornamental Fan":7,"Shuriken":17,"Bronze Scales":12,"Coffee Dripper":14,"TungstenRod":18,"Ring of the Snake":0},{"Potion Belt":12,"Nilry\u0027s Codex":34,"Blue Candle":22,"Orichalcum":12,"War Paint":31,"Bottled Tornado":61,"Calling Bell":31,"CaptainsWheel":31,"Ornamental Fan":31,"Shuriken":82,"Bronze Scales":58,"Coffee Dripper":68,"TungstenRod":85,"Ring of the Snake":0}],"TungstenRod":8,"Ring of the Snake":[42]},"card_choices":[{"not_picked":["Backflip","Blur"],"picked":"Dagger Spray","floor":1.0},{"not_picked":["Setup","Deflect"],"picked":"Backstab","floor":3.0},{"not_picked":["Prepared","Masterful Stab"],"picked":"Leg Sweep","floor":8.0},{"not_picked":["Sucker Punch","Underhanded Strike"],"picked":"Well Laid Plans","floor":10.0},{"not_picked":["Setup","Underhanded Strike","Dagger Spray"],"picked":"SKIP","floor":11.0},{"not_picked":["Sucker Punch","PiercingWail"],"picked":"Caltrops","floor":12.0},{"not_picked":["Night Terror","After Image"],"picked":"Venomology","floor":16.0},{"not_picked":["Quick Slash","Poisoned Stab"],"picked":"Prepared","floor":18.0},{"not_picked":["Caltrops","Flying Knee"],"picked":"Poisoned Stab","floor":20.0},{"not_picked":["Flechettes","Dodge and Roll"],"picked":"Backflip","floor":21.0},{"not_picked":["Quick Slash","Dagger Spray","Flying Knee"],"picked":"SKIP","floor":24.0},{"not_picked":["Masterful Stab","Predator"],"picked":"Finisher+1","floor":25.0},{"not_picked":["Concentrate","Dagger Spray"],"picked":"PiercingWail","floor":29},{"not_picked":["Doppelganger","After Image"],"picked":"Adrenaline","floor":33},{"not_picked":["PiercingWail","Cloak And Dagger"],"picked":"Deadly Poison","floor":35},{"not_picked":["Quick Slash","Poisoned Stab","Dagger Throw"],"picked":"SKIP","floor":36},{"not_picked":["Cloak And Dagger","Endless Agony"],"picked":"Blur","floor":40},{"not_picked":["Prepared","Well Laid Plans"],"picked":"Acrobatics+1","floor":42},{"not_picked":["Prepared+1","Backflip"],"picked":"Bouncing Flask+1","floor":44},{"not_picked":["Bandage Up","Magnetism"],"picked":"Enlightenment","floor":47},{"not_picked":["Trip","Madness"],"picked":"Flash of Steel","floor":47},{"not_picked":["Dramatic Entrance","Discovery"],"picked":"Purity","floor":47}],"player_experience":1289001,"relics_obtained":[{"floor":8.0,"key":"Orichalcum"},{"floor":9.0,"key":"Potion Belt"},{"floor":11.0,"key":"Blue Candle"},{"floor":17.0,"key":"Ornamental Fan"},{"floor":17.0,"key":"CaptainsWheel"},{"floor":17.0,"key":"War Paint"},{"floor":19.0,"key":"Nilry\u0027s Codex"},{"floor":25.0,"key":"Bronze Scales"},{"floor":31,"key":"Bottled Tornado"},{"floor":40,"key":"Shuriken"},{"floor":43,"key":"TungstenRod"}],"event_choices":[{"damage_healed":0.0,"max_hp_gain":5.0,"max_hp_loss":0.0,"gold_gain":0.0,"event_name":"Big Fish","player_choice":"Donut","floor":2.0,"gold_loss":0.0,"damage_taken":0.0},{"damage_healed":0.0,"max_hp_gain":0.0,"max_hp_loss":0.0,"gold_gain":150.0,"event_name":"Liars Game","player_choice":"AGREE","floor":4.0,"gold_loss":0.0,"damage_taken":0.0,"cards_obtained":["Doubt"]},{"damage_healed":0.0,"max_hp_gain":0.0,"max_hp_loss":0.0,"gold_gain":0.0,"cards_transformed":["Strike_G"],"event_name":"Transmorgrifier","player_choice":"Transformed","floor":7.0,"gold_loss":0.0,"damage_taken":0.0,"cards_obtained":["Bane"]},{"cards_removed":["Defend_G"],"damage_healed":0.0,"max_hp_gain":0.0,"max_hp_loss":0.0,"gold_gain":0.0,"event_name":"The Cleric","player_choice":"Card Removal","floor":14.0,"gold_loss":75.0,"damage_taken":0.0},{"damage_healed":0.0,"max_hp_gain":0.0,"max_hp_loss":0.0,"gold_gain":0.0,"event_name":"Cursed Tome","player_choice":"Obtained Book","floor":19.0,"gold_loss":0.0,"damage_taken":21.0},{"damage_healed":0.0,"max_hp_gain":0.0,"max_hp_loss":22.0,"gold_gain":0.0,"event_name":"Vampires","player_choice":"Became a vampire","floor":22.0,"gold_loss":0.0,"damage_taken":0.0,"cards_obtained":["Bite","Bite","Bite","Bite","Bite"]},{"damage_healed":0.0,"max_hp_gain":0.0,"max_hp_loss":0.0,"gold_gain":0.0,"event_name":"Drug Dealer","player_choice":"Obtain J.A.X.","floor":27.0,"gold_loss":0.0,"damage_taken":0.0,"cards_obtained":["J.A.X."]},{"damage_healed":0,"gold_gain":0,"player_choice":"Ignored","damage_taken":0,"max_hp_gain":0,"max_hp_loss":0,"event_name":"Mysterious Sphere","floor":37,"gold_loss":0},{"damage_healed":0,"gold_gain":0,"player_choice":"Copied","damage_taken":0,"max_hp_gain":0,"max_hp_loss":0,"event_name":"Duplicator","floor":39,"gold_loss":0,"cards_obtained":["Catalyst"]},{"damage_healed":0,"gold_gain":0,"player_choice":"Memory 3","damage_taken":10,"max_hp_gain":0,"max_hp_loss":0,"event_name":"SensoryStone","floor":47,"gold_loss":0}],"is_beta":false,"boss_relics":[{"not_picked":["WristBlade","Astrolabe"],"picked":"Calling Bell"},{"not_picked":["Empty Cage","Pandora\u0027s Box"],"picked":"Coffee Dripper"}],"items_purged_floors":[5,30,45],"is_endless":false,"potions_floor_spawned":[11,12,18,24,29,35,42],"killed_by":"Donu and Deca","ascension_level":15}}