{"host":"xm0tf1maiknh0fp9","time":1613884131,"event":{"mods":["BaseMod","Colored Map","Colored Powertips","Googly Eyes","Minty Spire (QoL Compilation)","Replay The Spire","StSLib"],"gold_per_floor":[113,43,43,57,71,71,100,100,176,251,281,295,295,295,295,393,393,411,427,427,352,352,352,364,389,389,132,132,150,75,170,197,211,211,316,316,316,316],"floor_reached":37,"language":"ENG","playtime":1091,"items_purged":["Strike_P+1","Vigilance"],"score":671,"play_id":"c59291f8-0125-4bd0-8250-c3268410c7f4","local_time":"20210221000851","is_ascension_mode":true,"campfire_choices":[{"data":"Eruption","floor":6.0,"key":"SMITH"},{"data":"Defend_P","floor":8.0,"key":"SMITH"},{"floor":15.0,"key":"REST"},{"floor":26,"key":"REST"},{"floor":34,"key":"REST"}],"circlet_count":0,"master_deck":["Defend_P+1","Defend_P+1","Defend_P+1","Defend_P+1","Eruption+1","ConjureBlade+1","WreathOfFlame+1","MasterReality","Fasting2","Fasting2+1","DeusExMachina","Vault"],"relics":["PureWater","Centennial Puzzle","ReplayTheSpireMod:Shallot","Bronze Scales","Empty Cage","Dream Catcher","Chemical X","War Paint","Question Card","VioletLotus"],"acts_visited":["Exordium","TheCity","TheBeyond"],"potions_floor_usage":[24,32,32,32,35,37],"damage_taken":[{"damage":2.0,"enemies":"Jaw Worm","floor":1.0,"turns":4.0},{"damage":1.0,"enemies":"Cultist","floor":4.0,"turns":4.0},{"damage":2.0,"enemies":"Small Slimes","floor":5.0,"turns":4.0},{"damage":10.0,"enemies":"Lagavulin","floor":7.0,"turns":5.0},{"damage":31.0,"enemies":"Replay:BlueRogue","floor":11.0,"turns":5.0},{"damage":0.0,"enemies":"Red Slaver","floor":12.0,"turns":3.0},{"damage":0.0,"enemies":"Slime Boss","floor":16.0,"turns":3.0},{"damage":22.0,"enemies":"Shell Parasite","floor":18.0,"turns":5.0},{"damage":0.0,"enemies":"3 Byrds","floor":19.0,"turns":2.0},{"damage":19,"enemies":"3 Cultists","floor":24,"turns":4},{"damage":7,"enemies":"Replay:Snechameleon","floor":25,"turns":5},{"damage":0,"enemies":"Chosen and Byrds","floor":29,"turns":3},{"damage":14,"enemies":"Book of Stabbing","floor":32,"turns":3},{"damage":9,"enemies":"Sentry and Sphere","floor":33,"turns":5},{"damage":29,"enemies":"Champ","floor":35,"turns":9},{"damage":61,"enemies":"3 Darklings","floor":37,"turns":17}],"seed_played":"6450311670611531190","potions_obtained":[{"floor":5.0,"key":"Doom Potion"},{"floor":12.0,"key":"LiquidBronze"},{"floor":18.0,"key":"Strength Potion"},{"floor":19.0,"key":"LiquidMemories"},{"floor":29,"key":"ColorlessPotion"},{"floor":32,"key":"Block Potion"}],"is_trial":false,"path_per_floor":["M","$","?","M","M","R","E","R","T","?","E","M","?","?","R","B",null,"M","M","?","$","PTL","PTL","M","E","R","$","T","M","?","?","E","M","R","B",null,"M"],"character_chosen":"WATCHER","items_purchased":["ConjureBlade","Chemical X"],"campfire_rested":3,"item_purchase_floors":[2,27],"current_hp_per_floor":[63,63,63,62,60,60,50,50,50,43,12,12,12,12,33,33,62,40,40,40,40,40,40,21,14,35,35,35,35,35,35,21,12,33,4,55,0,0],"gold":316,"neow_bonus":"RANDOM_EVENT","is_daily":false,"chose_seed":false,"campfire_upgraded":2,"win_rate":0.0,"timestamp":1613884131,"path_taken":["M","$","?","?","M","R","E","R","T","?","E","?","?","?","R","BOSS","M","M","?","$","PTL","PTL","M","E","R","$","T","M","?","?","E","?","R","BOSS","M"],"items_purchased_type":["Card","Relic"],"build_version":"2020-12-22","purchased_purges":2,"victory":false,"max_hp_per_floor":[72,72,72,72,72,72,72,72,72,72,72,72,72,72,72,72,72,72,72,72,72,72,72,72,72,72,72,72,72,72,72,72,72,72,72,72,72,72],"card_choices":[{"not_picked":["ClearTheMind","SashWhip"],"picked":"FlurryOfBlows","floor":1.0},{"not_picked":["WheelKick","Halt","CutThroughFate"],"picked":"SKIP","floor":4.0},{"not_picked":["Sanctity","SashWhip","FlyingSleeves"],"picked":"SKIP","floor":5.0},{"not_picked":["Perseverance","Indignation","WheelKick"],"picked":"SKIP","floor":7.0},{"not_picked":["Vengeance","LikeWater"],"picked":"WreathOfFlame","floor":11.0},{"not_picked":["Consecrate","Evaluate","ConjureBlade"],"picked":"SKIP","floor":12.0},{"not_picked":["Alpha","DeusExMachina"],"picked":"MasterReality","floor":16.0},{"not_picked":["SashWhip","Nirvana"],"picked":"Fasting2","floor":18.0},{"not_picked":["Study+1","Halt","CutThroughFate"],"picked":"SKIP","floor":19.0},{"not_picked":["SignatureMove","EmptyFist","EmptyMind"],"picked":"SKIP","floor":24},{"not_picked":["PathToVictory+1","ThirdEye","SignatureMove"],"picked":"SKIP","floor":25},{"not_picked":["Indignation","CutThroughFate+1","Nirvana"],"picked":"SKIP","floor":29},{"not_picked":["Tantrum+1","Swivel"],"picked":"Fasting2+1","floor":31},{"not_picked":["Worship+1","EmptyMind"],"picked":"DeusExMachina","floor":32},{"not_picked":["Consecrate+1","SashWhip","Swivel+1","ForeignInfluence"],"picked":"SKIP","floor":33},{"not_picked":["Replay:LoomingThreat","Establishment","Devotion"],"picked":"Vault","floor":35}],"player_experience":187041,"relics_obtained":[{"floor":7.0,"key":"Centennial Puzzle"},{"floor":9.0,"key":"ReplayTheSpireMod:Shallot"},{"floor":11.0,"key":"Bronze Scales"},{"floor":25,"key":"Dream Catcher"},{"floor":28,"key":"War Paint"},{"floor":32,"key":"Question Card"}],"event_choices":[{"cards_removed":["Strike_P"],"damage_healed":0.0,"max_hp_gain":0.0,"max_hp_loss":0.0,"gold_gain":0.0,"event_name":"Living Wall","player_choice":"Forget","floor":0.0,"gold_loss":0.0,"damage_taken":0.0},{"damage_healed":0.0,"max_hp_gain":0.0,"max_hp_loss":0.0,"gold_gain":0.0,"event_name":"Upgrade Shrine","player_choice":"Upgraded","floor":3.0,"gold_loss":0.0,"damage_taken":0.0,"cards_upgraded":["ConjureBlade"]},{"damage_healed":0.0,"max_hp_gain":0.0,"max_hp_loss":0.0,"gold_gain":75.0,"event_name":"FaceTrader","player_choice":"Touch","floor":10.0,"gold_loss":0.0,"damage_taken":7.0},{"damage_healed":0.0,"max_hp_gain":0.0,"max_hp_loss":0.0,"gold_gain":0.0,"event_name":"Scrap Ooze","player_choice":"Fled","floor":13.0,"gold_loss":0.0,"damage_taken":0.0},{"damage_healed":0.0,"max_hp_gain":0.0,"max_hp_loss":0.0,"gold_gain":0.0,"event_name":"Back to Basics","player_choice":"Simplicity","floor":20.0,"gold_loss":0.0,"damage_taken":0.0,"cards_upgraded":["Strike_P","Strike_P","Defend_P","Defend_P","Defend_P"]},{"cards_removed":["Strike_P"],"damage_healed":0,"gold_gain":0,"player_choice":"Gave Gold","damage_taken":0,"max_hp_gain":0,"max_hp_loss":0,"event_name":"Beggar","floor":30,"gold_loss":75}],"is_beta":false,"boss_relics":[{"not_picked":["Honey Jar","Coffee Dripper"],"picked":"Empty Cage"},{"not_picked":["Runic Dome","Replay:Ancient Bell"],"picked":"VioletLotus"}],"items_purged_floors":[21,27],"is_endless":false,"potions_floor_spawned":[5,12,18,19,29,32],"killed_by":"3 Darklings","ascension_level":9}}