{"host":"lnfs5t5iydkm2lft","time":1613941803,"event":{"mods":["AchievementEnabler","Aspiration","BaseMod","Better Third Choice","BetterRewards","Colored Powertips","Downfall","Hermit","Hubris","Infinite Spire","Marisa????????","Minty Spire (QoL Compilation)","Quick Restart","Reliquary","Replay The Spire","StSLib","The Runesmith","TheBandit","everything is the same but u backflip on backflip"],"gold_per_floor":[112,180,180,191,191,225,225,258,305,315,348,348,359,375,375,480,480,494,510,660,677,329,357,369,404,416,378,390,432,444,205,217,331,343,373,385,307,336,394,406,451,463,475,487,519,550,21,21,21,21,21,21,21,52,52],"floor_reached":56,"language":"ENG","playtime":4222,"items_purged":["hubris:Envy","Strike_P","Defend_P"],"score":1770,"play_id":"f2f93532-fe1e-42b4-b31a-0dff49d79373","local_time":"20210221151003","is_ascension_mode":true,"campfire_choices":[{"data":"Protect","floor":7,"key":"SMITH"},{"floor":12,"key":"REST"},{"data":"FlurryOfBlows","floor":15,"key":"SMITH"},{"data":"Vault","floor":28,"key":"SMITH"},{"floor":32,"key":"RECALL"},{"data":"ReplayTheSpireMod:Chaos Vortex","floor":40,"key":"SMITH"},{"data":"infinitespire:Gouge","floor":42,"key":"SMITH"},{"data":"ReplayTheSpireMod:Private Reserves","floor":44,"key":"SMITH"},{"floor":49,"key":"DIG"},{"data":"Devotion","floor":52,"key":"SMITH"}],"circlet_count":0,"master_deck":["Strike_P","Strike_P+1","Defend_P","Defend_P+1","Defend_P+1","Eruption+1","Vigilance","SignatureMove+1","Protect+1","Bandage Up+1","FlurryOfBlows+1","FollowUp","FollowUp","Vault+1","DeceiveReality+1","ReplayTheSpireMod:Chaos Vortex+1","Judgement","Transmutation","ReplayTheSpireMod:Private Reserves+1","Poisoned Strike","Prostrate","Consecrate+1","Devotion+1","Replay:BluntJabs+1","infinitespire:Gouge+1","Halt+1","Parasite","ClearTheMind","Crescendo","EmptyBody"],"relics":["PureWater","War Paint","infinitespire:CheckeredPen","ReplayTheSpireMod:TigerMarble","Guardian:PocketSentry","Ring of Chaos","reliquary:RedPaperclip","ReplayTheSpireMod:CursedCoin","Anchor","ReplayTheSpireMod:ShopPack","MealTicket","MawBank","hubris:CuriousFeather","Replay:Baseball","hubris:EvacipatedBox","aspiration:SeaSaltIceCream","MawBank","hubris:Backtick","hubris:Potato","CatCart","The Courier","BargainBundle","Anchor","aspiration:FetidBarrel","aspiration:VileToxins","Bird Faced Urn","reliquary:PrincelyHelmet"],"acts_visited":["Exordium","TheCity","TheBeyond","TheEnding"],"potions_floor_usage":[8,11,11,16,19,25,35,39,39,39,45,55,55,55],"damage_taken":[{"damage":0,"enemies":"Cultist","floor":1,"turns":4},{"damage":0,"enemies":"2 Louse","floor":4,"turns":1},{"damage":2,"enemies":"3 Sentries","floor":6,"turns":7},{"damage":14,"enemies":"Lagavulin","floor":8,"turns":3},{"damage":0,"enemies":"Jaw Worm","floor":10,"turns":2},{"damage":0,"enemies":"Gremlin Nob","floor":11,"turns":1},{"damage":0,"enemies":"Exordium Thugs","floor":13,"turns":2},{"damage":1,"enemies":"Gremlin Gang","floor":14,"turns":4},{"damage":0,"enemies":"Slime Boss","floor":16,"turns":4},{"damage":9,"enemies":"Shell Parasite","floor":18,"turns":4},{"damage":0,"enemies":"2 Thieves","floor":19,"turns":1},{"damage":0,"enemies":"Centurion and Healer","floor":21,"turns":3},{"damage":0,"enemies":"Gremlin Leader","floor":23,"turns":6},{"damage":1,"enemies":"Snake Plant","floor":24,"turns":3},{"damage":0,"enemies":"Slavers","floor":25,"turns":3},{"damage":2,"enemies":"Book of Stabbing","floor":29,"turns":4},{"damage":0,"enemies":"Automaton","floor":33,"turns":7},{"damage":0,"enemies":"3 Darklings","floor":35,"turns":4},{"damage":0,"enemies":"Orb Walker","floor":38,"turns":3},{"damage":0,"enemies":"Orin","floor":39,"turns":7},{"damage":0,"enemies":"R_Hoarder","floor":41,"turns":4},{"damage":0,"enemies":"Transient","floor":45,"turns":6},{"damage":0,"enemies":"Writhing Mass","floor":46,"turns":2},{"damage":23,"enemies":"Donu and Deca","floor":50,"turns":8},{"damage":7,"enemies":"Shield and Spear","floor":54,"turns":6},{"damage":46,"enemies":"The Heart","floor":55,"turns":9}],"seed_played":"4660110820347930684","potions_obtained":[{"floor":1,"key":"FearPotion"},{"floor":4,"key":"FearPotion"},{"floor":8,"key":"DuplicationPotion"},{"floor":13,"key":"Swift Potion"},{"floor":18,"key":"Toxic Potion"},{"floor":23,"key":"Cursed Concoction"},{"floor":25,"key":"Block Potion"},{"floor":35,"key":"Weak Potion"},{"floor":39,"key":"ColorlessPotion"},{"floor":41,"key":"BlessingOfTheForge"}],"is_trial":false,"path_per_floor":["M","T","?","M","?","E","R","E","T","M","E","R","M","M","R","B",null,"M","M","AVR","M","$","E","M","E","T","?","R","E","$","$","R","B",null,"M","?","?","M","?","R","E","R","T","R","M","M","$","?","R","B",null,"R","$","E","B",null],"character_chosen":"WATCHER","items_purchased":["War Paint","SignatureMove","Anchor","ReplayTheSpireMod:ShopPack","hubris:EvacipatedBox","aspiration:SeaSaltIceCream","BargainBundle","Elixir","DistilledChaos","Crescendo","EmptyBody","reliquary:SculptingSteel","aspiration:FetidBarrel","aspiration:VileToxins"],"campfire_rested":1,"item_purchase_floors":[0,0,22,22,30,31,47,47,47,47,47,47,47,47],"current_hp_per_floor":[72,72,72,72,72,70,70,58,58,58,58,72,72,72,72,72,72,63,63,63,63,63,67,70,70,70,70,70,72,53,68,68,72,72,72,54,54,54,60,60,60,60,60,60,66,66,72,72,72,61,72,72,72,67,32],"gold":52,"neow_bonus":"","is_daily":false,"chose_seed":false,"campfire_upgraded":7,"win_rate":0.0,"timestamp":1613941803,"path_taken":["M","?","?","M","?","E","R","E","T","M","E","R","M","M","R","BOSS","M","M","AVR","M","$","E","?","E","T","?","R","E","?","$","R","BOSS","M","?","?","?","?","R","E","R","T","R","M","M","$","?","R","BOSS","R","$","E","BOSS"],"items_purchased_type":["Relic","Card","Relic","Relic","Relic","Relic","Relic","Potion","Potion","Card","Card","Relic","Relic","Relic"],"build_version":"2020-12-22","purchased_purges":3,"victory":true,"max_hp_per_floor":[72,72,72,72,72,72,72,72,72,72,72,72,72,72,72,72,72,72,72,72,72,72,72,72,72,72,72,72,72,72,72,72,72,72,72,72,72,72,72,72,72,72,72,72,72,72,72,72,72,72,72,72,72,72,72],"card_choices":[{"not_picked":["EmptyBody","JustLucky"],"picked":"Protect","floor":1},{"not_picked":["Crescendo","FlyingSleeves","Sanctity"],"picked":"SKIP","floor":4},{"not_picked":["EmptyFist","FlyingSleeves","Protect"],"picked":"SKIP","floor":6},{"not_picked":["Evaluate","Tantrum","Omniscience"],"picked":"SKIP","floor":8},{"not_picked":["Study","EmptyFist"],"picked":"FlurryOfBlows","floor":10},{"not_picked":["EmptyFist","FlyingSleeves"],"picked":"FollowUp","floor":11},{"not_picked":["Halt","FlyingSleeves","CrushJoints"],"picked":"SKIP","floor":13},{"not_picked":["SandsOfTime","Indignation"],"picked":"FollowUp","floor":14},{"not_picked":["Judgement","MasterReality"],"picked":"Vault","floor":16},{"not_picked":["PathToVictory","Meditate"],"picked":"DeceiveReality+1","floor":18},{"not_picked":["Protect","Replay:BluntJabs","SashWhip+1"],"picked":"SKIP","floor":19},{"not_picked":["Crescendo+1","FearNoEvil"],"picked":"Judgement","floor":21},{"not_picked":["Sadistic Nature","The Bomb"],"picked":"Transmutation","floor":22},{"not_picked":["Dark Shackles","Trip"],"picked":"ReplayTheSpireMod:Private Reserves","floor":22},{"not_picked":["Bandage Up","Specialist"],"picked":"Poisoned Strike","floor":22},{"not_picked":["Adaptation","FlyingSleeves","SignatureMove"],"picked":"SKIP","floor":23},{"not_picked":["FollowUp","Replay:BluntJabs","Replay:Cycle+1"],"picked":"SKIP","floor":24},{"not_picked":["SashWhip","FlurryOfBlows"],"picked":"Prostrate","floor":25},{"not_picked":["CrushJoints","Fasting2"],"picked":"Consecrate+1","floor":29},{"not_picked":["Blasphemy","Wish"],"picked":"Devotion","floor":33},{"not_picked":["Protect","WindmillStrike"],"picked":"Replay:BluntJabs+1","floor":35},{"not_picked":["infinitespire:SevenWalls","infinitespire:TheBestDefense"],"picked":"infinitespire:Gouge","floor":36},{"not_picked":["WindmillStrike","FollowUp+1","FlurryOfBlows"],"picked":"SKIP","floor":38},{"not_picked":["Perseverance+1","ForeignInfluence+1"],"picked":"Halt+1","floor":41},{"not_picked":["Judgement","Worship","Halt+1"],"picked":"SKIP","floor":45},{"not_picked":["Judgement","Worship","Halt+1"],"picked":"SKIP","floor":45},{"not_picked":["FlurryOfBlows","Crescendo"],"picked":"ClearTheMind","floor":46},{"not_picked":["DeceiveReality+1","PathToVictory+1","Indignation+1"],"picked":"SKIP","floor":54}],"player_experience":410175,"relics_obtained":[{"floor":2,"key":"infinitespire:CheckeredPen"},{"floor":6,"key":"ReplayTheSpireMod:TigerMarble"},{"floor":8,"key":"Guardian:PocketSentry"},{"floor":9,"key":"Whetstone"},{"floor":11,"key":"reliquary:WeakTea"},{"floor":23,"key":"MealTicket"},{"floor":25,"key":"MawBank"},{"floor":26,"key":"hubris:CuriousFeather"},{"floor":29,"key":"Replay:Baseball"},{"floor":39,"key":"CatCart"},{"floor":41,"key":"The Courier"},{"floor":49,"key":"Bird Faced Urn"},{"floor":54,"key":"reliquary:PrincelyHelmet"}],"event_choices":[{"damage_healed":0,"gold_gain":0,"player_choice":"1 cards matched","damage_taken":0,"max_hp_gain":0,"max_hp_loss":0,"event_name":"Match and Keep!","floor":5,"gold_loss":0,"cards_obtained":["Bandage Up"]},{"damage_healed":0,"gold_gain":0,"player_choice":"Bet on Murderer","damage_taken":0,"max_hp_gain":0,"max_hp_loss":0,"event_name":"The Joust","floor":27,"gold_loss":50},{"cards_removed":["Strike_P"],"damage_healed":0,"gold_gain":0,"player_choice":"Upgrade and Remove","damage_taken":0,"max_hp_gain":0,"max_hp_loss":0,"event_name":"Designer","floor":37,"gold_loss":90,"cards_upgraded":["Bandage Up"]},{"damage_healed":0,"gold_gain":0,"player_choice":"Fight","damage_taken":0,"max_hp_gain":0,"max_hp_loss":0,"event_name":"OrinTheCat","floor":39,"gold_loss":0}],"is_beta":false,"boss_relics":[{"not_picked":["Replay:Wanted Poster","aspiration:SilentSkillbook"],"picked":"Ring of Chaos"},{"not_picked":["aspiration:RitualDagger","Pandora\u0027s Box","hubris:ScarierMask"],"picked":"hubris:Backtick"}],"items_purged_floors":[20,22,47],"is_endless":false,"potions_floor_spawned":[1,4,8,13,18,23,25,35,39,41],"ascension_level":1}}