{"host":"opdum64sdiqzxm7l","time":1613906423,"event":{"mods":["Act Like it!","Ascension Reborn","Aspiration","BaseMod","CapriCore","Colored Powertips","Conspire","Energized Spire","Friendly Minions","Jedi Mod","Minty Spire (QoL Compilation)","MostiFishMod","Pale of the Ancients","Reliquary","Replay The Spire","RumiaBox-露米娅的神秘盒子","Spicy Shops","StSLib","TestMod","The Immortal","The Jungle","UnlockEverythingMod","Waifu the Spire","[IsaacMod]以撒尖塔","[功能]功能增强和修复MOD","【功能Mod】混沌之环修复补丁","【功能Mod】聪明的最终Boss","【遗物卡牌】REMEMod"],"gold_per_floor":[114,114,119,119,119,151,166,194,194,194,213,213,213,234,234,341,341,361,62,62,212,64,123,204,204,255,289,298,323,343,49,49,187,187,224,251,251,269,26,74,103,158,158,158,234,234,281,299,299,334,386,429,619,356,356,413,413,-1244,-1244,-1055],"floor_reached":61,"language":"ZHS","playtime":4350,"items_purged":["Doubt","MokouMod:Strike","MokouMod:Defend","MokouMod:Defend","Delirium"],"score":1625,"play_id":"24e39bfb-1cc0-490b-883b-5528563d3298","local_time":"20210221192023","is_ascension_mode":true,"campfire_choices":[{"data":"DevaForm","floor":10.0,"key":"SMITH"},{"data":"MokouMod:Ember","floor":15.0,"key":"SMITH"},{"data":"MokouMod:Extinguish","floor":25.0,"key":"SMITH"},{"floor":32.0,"key":"RECALL"},{"data":"MokouMod:Ventilation","floor":44.0,"key":"SMITH"},{"data":"MokouMod:SacredFire","floor":49.0,"key":"SMITH"},{"data":"MostiFishMod:MusicBox","floor":55.0,"key":"SMITH"},{"data":"MokouMod:SearingBlow","floor":57.0,"key":"SMITH"}],"circlet_count":1,"master_deck":["MokouMod:Strike+1","MokouMod:Strike+1","MokouMod:Defend","MokouMod:Defend+1","MokouMod:HeatSpark","MokouMod:HouraiForge","DevaForm+1","MokouMod:SearingBlow+1","MokouMod:Ember+1","MokouMod:RoaringFlare+1","MokouMod:ProfanedFlare","MokouMod:SubterraneanCore","MokouMod:InfernalWave","MokouMod:BurningDraft","MokouMod:Ventilation+1","MokouMod:PhoenixForm","MostiFishMod:MusicBox+1","MokouMod:IgnitionBarrier","MokouMod:Rebirth","MokouMod:Extinguish+1","MokouMod:SacredFire+1","MokouMod:Sear","MokouMod:IndiscriminateIgnition","MokouMod:SpontaneousHumanCombustion","MokouMod:Trailblazer","ReplayTheSpireMod:Uncanny Aura","conspire:Banana","Chrysalis","Madness","Madness","MokouMod:ExplosiveFlame","MokouMod:Geothermal","testmod-AdversityCounterattack","MokouMod:Fireball","MokouMod:Rekindle+1","MokouMod:FujiyamaVolcano+1","MokouMod:Wildfire+1","Magnetism+1"],"relics":["MokouMod:PhoenixFeather","REME_ComplimentaryCards","DaveBox","testmod-TestBox","HushsDoor","PokeGo","testmod-TheFather","ArrowTower","testmod-LifeArmor","SSSystem","OriginationStaff","reliquary:Aerogel","reliquary:Firecrackers","testmod-DragonStarHat","testmod-DeterminationOfClimber","GuppysCollar","Whetstone","BargainBundle","TheBible","CeramicFish","NineVolt","testmod-ArcanaOfDestiny","Replay:Bottled Steam","Kunai","testmod-ObsoleteBoomerang","Ying","testmod-DeterminationOfClimber","testmod-CardMagician","Membership Card","reliquary:WeakTea","testmod-Register","Golden Egg","jedi:gremlinknob","Happy Flower","Sundial","Omamori","Circlet","paleoftheancients:Timepiece","paleoftheancients:KeyRelic","Spirit Poop","GodSword6","testmod-Antiphasic","reliquary:QuartzCube","Dodecahedron","reliquary:PorcupineQuills","paleoftheancients:SoulOfTheHexaghost","Orichalcum","HandDrill","Oddly Smooth Stone","BelialBook","ReplayTheSpireMod:TigerMarble","SynthV:MejaisSoulstealer"],"acts_visited":["Exordium","Exordium","TheBeyond","paleoftheancients:PaleOfTheAncients"],"potions_floor_usage":[60],"damage_taken":[{"damage":7.0,"enemies":"Jaw Worm","floor":1.0,"turns":4.0},{"damage":20.0,"enemies":"Gremlin Nob","floor":6.0,"turns":4.0},{"damage":0.0,"enemies":"conspire:RoseBush","floor":7.0,"turns":3.0},{"damage":13.0,"enemies":"Replay:BlueRogue","floor":8.0,"turns":6.0},{"damage":2.0,"enemies":"Small Slimes","floor":11.0,"turns":3.0},{"damage":0.0,"enemies":"3 Louse","floor":14.0,"turns":2.0},{"damage":0.0,"enemies":"Hexaghost","floor":16.0,"turns":6.0},{"damage":14.0,"enemies":"theJungle:Flameango_and_Byrd","floor":18.0,"turns":4.0},{"damage":1.0,"enemies":"theJungle:2_Phrogs","floor":23.0,"turns":4.0},{"damage":0.0,"enemies":"theJungle:5_Spyders","floor":27.0,"turns":3.0},{"damage":11.0,"enemies":"JungleHuntersEvent","floor":29.0,"turns":4.0},{"damage":17.0,"enemies":"theJungle:2_Snecko_Cultists","floor":30.0,"turns":3.0},{"damage":1.0,"enemies":"theJungle:TotemBoss","floor":33.0,"turns":1.0},{"damage":0.0,"enemies":"3 Shapes","floor":35.0,"turns":1.0},{"damage":0.0,"enemies":"Reptomancer","floor":40.0,"turns":1.0},{"damage":0.0,"enemies":"Orb Walker","floor":41.0,"turns":1.0},{"damage":0.0,"enemies":"R_Hoarder","floor":42.0,"turns":1.0},{"damage":0.0,"enemies":"Mind Bloom Boss Battle","floor":45.0,"turns":1.0},{"damage":0.0,"enemies":"Sphere and 2 Shapes","floor":48.0,"turns":1.0},{"damage":0.0,"enemies":"Time Eater","floor":50.0,"turns":1.0},{"damage":0.0,"enemies":"Time Eater","floor":51.0,"turns":1.0},{"damage":0.0,"enemies":"Time Eater","floor":52.0,"turns":1.0},{"damage":0.0,"enemies":"Time Eater","floor":56.0,"turns":1.0},{"damage":28,"enemies":"Delirium","floor":60,"turns":2}],"seed_played":"1682702650356390870","potions_obtained":[{"floor":7.0,"key":"LifebloodPotion"},{"floor":8.0,"key":"PowerPotion"},{"floor":12.0,"key":"Fruit Juice"},{"floor":12.0,"key":"jedi:StrikingPotion"},{"floor":23.0,"key":"REME_GoldPotion"},{"floor":29.0,"key":"Block Potion"},{"floor":48.0,"key":"Doom Potion"},{"floor":52.0,"key":"jedi:StrikingPotion"}],"is_trial":false,"path_per_floor":["M","?","$","?","?","E","M","E","T","R","M","?","T","M","R","B",null,"M","$","?","?","$","E","?","R","T","M","?","?","M","$","R","B",null,"M","?","?","?","$","E","M","E","T","R","?","?","T","M","R","B","M","M","?","$","R","M","R","$","?","B",null],"character_chosen":"MKU","items_purchased":["ReplayTheSpireMod:CursedCoin","testmod-LifeArmor","SSSystem","GuppysCollar","MokouMod:PhoenixForm","MostiFishMod:MusicBox","Whetstone","BargainBundle","MokouMod:Rebirth","TheBible","CeramicFish","MokouMod:Extinguish","MokouMod:SacredFire","NineVolt","testmod-ArcanaOfDestiny","Diplopia","testmod-ObsoleteBoomerang","Ying","Membership Card","MokouMod:ExplosiveFlame","MokouMod:Geothermal","reliquary:WeakTea","testmod-AdversityCounterattack","testmod-Register","Golden Egg","GodSword6","testmod-Antiphasic","reliquary:QuartzCube","Dodecahedron","reliquary:PorcupineQuills","Orichalcum","HandDrill","Oddly Smooth Stone","BelialBook","ReplayTheSpireMod:TigerMarble","Magnetism","SynthV:MejaisSoulstealer"],"campfire_rested":0,"item_purchase_floors":[3,3,3,17,17,17,19,19,19,19,19,19,19,19,22,31,31,31,39,39,39,39,39,39,39,54,54,54,54,54,58,58,58,58,58,58,58],"current_hp_per_floor":[68,53,53,53,53,33,33,20,20,20,18,23,23,23,23,23,58,47,47,32,32,32,37,22,22,22,26,26,25,12,12,12,33,58,58,48,48,41,41,56,59,60,60,60,60,60,60,60,60,64,65,66,66,66,66,67,67,67,67,69],"gold":-1055,"neow_bonus":"TRANSFORM_CARD","is_daily":false,"chose_seed":false,"campfire_upgraded":7,"win_rate":0.0,"timestamp":1613906423,"path_taken":["M","?","$","?","?","E","?","E","T","R","?","?","?","?","R","BOSS","M","$","?","?","$","E","?","R","T","?","?","?","?","?","R","BOSS","M","?","?","?","$","E","?","E","T","R","?","?","?","?","R","BOSS","M","M","?","$","R","M","R","$","?","BOSS"],"items_purchased_type":["Relic","Relic","Relic","Relic","Card","Card","Relic","Relic","Card","Relic","Relic","Card","Card","Relic","Relic","Relic","Relic","Relic","Relic","Card","Card","Relic","Card","Relic","Relic","Relic","Relic","Relic","Relic","Relic","Relic","Relic","Relic","Relic","Relic","Card","Relic"],"build_version":"2020-12-22","purchased_purges":5,"victory":true,"max_hp_per_floor":[75,75,75,75,75,75,75,75,75,75,75,80,80,80,80,80,58,58,58,58,58,58,58,58,58,58,58,58,58,58,58,58,58,58,58,58,58,58,58,59,59,60,60,60,60,60,60,60,60,64,65,66,66,66,66,67,67,67,67,69],"card_choices":[{"not_picked":["MokouMod:BurningDraft","MokouMod:Sear"],"picked":"MokouMod:SearingBlow","floor":1.0},{"not_picked":["MokouMod:Overheat","MokouMod:IgnitionBarrier"],"picked":"MokouMod:RoaringFlare","floor":6.0},{"not_picked":["MokouMod:IgneousBlow","MokouMod:WarmUp"],"picked":"MokouMod:ProfanedFlare","floor":7.0},{"not_picked":["MokouMod:FlickeringFlame","MokouMod:Singe"],"picked":"MokouMod:SubterraneanCore","floor":8.0},{"not_picked":["MokouMod:BlazingComet","MokouMod:ThermalPressure"],"picked":"MokouMod:InfernalWave","floor":11.0},{"not_picked":["MokouMod:SubterraneanCore","MokouMod:HeatFactory"],"picked":"MokouMod:BurningDraft","floor":14.0},{"not_picked":["MokouMod:RadiantBlade","MokouMod:ExplosiveFlame"],"picked":"MokouMod:Ventilation","floor":16.0},{"not_picked":["MokouMod:HeartofFire","MokouMod:FlickeringFlame"],"picked":"MokouMod:IgnitionBarrier","floor":18.0},{"not_picked":["MokouMod:ExplosiveFlame","MokouMod:Combust"],"picked":"MokouMod:Sear","floor":23.0},{"not_picked":["MokouMod:Scorch","MokouMod:FusionFlare"],"picked":"MokouMod:IndiscriminateIgnition","floor":27.0},{"not_picked":["MokouMod:RoaringFlare","MokouMod:ImperishableFlame","MokouMod:Stoke"],"picked":"SKIP","floor":30.0},{"not_picked":["MokouMod:HouraiForge","MokouMod:SearingBlow"],"picked":"MokouMod:SpontaneousHumanCombustion","floor":33.0},{"not_picked":["MokouMod:Ember+1","MokouMod:BurningDraft"],"picked":"MokouMod:Trailblazer","floor":35.0},{"not_picked":["Replay:Sssssssssshield","MostiFishMod:SupremeArchaeology"],"picked":"ReplayTheSpireMod:Uncanny Aura","floor":36.0},{"not_picked":["Purity","testmod-PerfectCombo"],"picked":"conspire:Banana","floor":36.0},{"not_picked":["testmod-Provocation","MostiFishMod:SupremeArchaeology"],"picked":"Chrysalis","floor":36.0},{"not_picked":["MokouMod:Combust","MokouMod:Firecracker","MokouMod:ResoluteFlare"],"picked":"SKIP","floor":40.0},{"not_picked":["MokouMod:Ember","MokouMod:IllusoryBattlefield"],"picked":"MokouMod:Fireball","floor":41.0},{"not_picked":["MokouMod:Overheat+1","MokouMod:HeatFactory"],"picked":"MokouMod:Rekindle","floor":42.0},{"not_picked":["MokouMod:Firecracker","MokouMod:EternalBurstReactor"],"picked":"MokouMod:FujiyamaVolcano+1","floor":45.0},{"not_picked":["MokouMod:Stoke+1","MokouMod:Singe+1","MokouMod:FlickeringFlame+1"],"picked":"SKIP","floor":48.0},{"not_picked":["MokouMod:ImperishableFlame","MokouMod:RoaringFlare+1"],"picked":"MokouMod:Wildfire+1","floor":51.0},{"not_picked":["MokouMod:FlareStarter","MokouMod:Scorch","MokouMod:BurningDraft+1"],"picked":"SKIP","floor":52.0},{"not_picked":["MokouMod:IcarusDive+1","MokouMod:Stoke","MokouMod:FlareStarter"],"picked":"SKIP","floor":56.0}],"player_experience":37,"relics_obtained":[{"floor":6.0,"key":"OriginationStaff"},{"floor":8.0,"key":"reliquary:Aerogel"},{"floor":9.0,"key":"reliquary:Firecrackers"},{"floor":13.0,"key":"testmod-DragonStarHat"},{"floor":23.0,"key":"Replay:Bottled Steam"},{"floor":29.0,"key":"Kunai"},{"floor":40.0,"key":"jedi:gremlinknob"},{"floor":42.0,"key":"Happy Flower"},{"floor":43.0,"key":"Sundial"},{"floor":45.0,"key":"Dead Branch"},{"floor":47.0,"key":"Omamori"},{"floor":56.0,"key":"paleoftheancients:SoulOfTheHexaghost"}],"event_choices":[{"damage_healed":0.0,"max_hp_gain":0.0,"max_hp_loss":0.0,"gold_gain":0.0,"event_name":"Shining Light","player_choice":"Entered Light","floor":2.0,"gold_loss":0.0,"damage_taken":15.0,"cards_upgraded":["MokouMod:Strike","MokouMod:Defend"]},{"damage_healed":0.0,"max_hp_gain":0.0,"max_hp_loss":0.0,"gold_gain":0.0,"cards_transformed":["MokouMod:Strike"],"event_name":"Living Wall","player_choice":"Change","floor":4.0,"gold_loss":0.0,"damage_taken":0.0,"cards_obtained":["MokouMod:Ember"]},{"damage_healed":0.0,"max_hp_gain":0.0,"max_hp_loss":0.0,"gold_gain":0.0,"event_name":"恩洛斯的盘子","player_choice":"Sell","floor":5.0,"relics_lost":["ReplayTheSpireMod:CursedCoin"],"gold_loss":0.0,"damage_taken":0.0},{"damage_healed":0.0,"max_hp_gain":0.0,"max_hp_loss":0.0,"gold_gain":0.0,"event_name":"Lab","player_choice":"Got Potions","floor":12.0,"gold_loss":0.0,"damage_taken":0.0},{"damage_healed":0.0,"max_hp_gain":0.0,"max_hp_loss":0.0,"gold_gain":0.0,"event_name":"SensoryStone","player_choice":"Memory 3","floor":36.0,"gold_loss":0.0,"damage_taken":10.0},{"damage_healed":0.0,"max_hp_gain":0.0,"max_hp_loss":0.0,"gold_gain":0.0,"event_name":"给自己的盒子","player_choice":"Ignored","floor":37.0,"gold_loss":0.0,"damage_taken":0.0},{"damage_healed":0.0,"max_hp_gain":0.0,"max_hp_loss":0.0,"gold_gain":0.0,"event_name":"Winding Halls","player_choice":"Embrace Madness","floor":38.0,"gold_loss":0.0,"damage_taken":7.0,"cards_obtained":["Madness","Madness"]},{"damage_healed":0.0,"max_hp_gain":0.0,"max_hp_loss":0.0,"gold_gain":0.0,"event_name":"MindBloom","player_choice":"Fight","floor":45.0,"gold_loss":0.0,"damage_taken":0.0},{"damage_healed":0.0,"max_hp_gain":0.0,"max_hp_loss":0.0,"gold_gain":0.0,"event_name":"conspire:Investor","player_choice":"Leave","floor":46.0,"gold_loss":0.0,"damage_taken":0.0}],"is_beta":false,"boss_relics":[{"not_picked":["Astrolabe","Honey Jar"],"picked":"testmod-DeterminationOfClimber"},{"not_picked":[]},{"not_picked":["testmod-IncinerationGenerator","jedi:battlestandard"],"picked":"testmod-CardMagician"},{"not_picked":[]}],"items_purged_floors":[3,19,22,31,54],"is_endless":false,"potions_floor_spawned":[7,8,14,14,23,29,41,45,48,48,52,52],"ascension_level":0}}