{"host":"fdtmcpjlr9eclyu9","time":1613899148,"event":{"mods":["Act Like it!","BaseMod","CapriCore","Downfall","Marisa（霧雨　魔理沙）","Minty Spire (QoL Compilation)","Quick Restart","Reimu（博丽灵梦）","Remilia（蕾米莉亚）","Spicy Shops","StSLib","The Immortal","The Servant 0.9.4","Waifu the Spire","Youmu（魂魄妖梦）","Yuyuko"],"gold_per_floor":[99,114,127,127,37,54,126,160,160,177,177,187,206,237,258,258,258,258],"floor_reached":16,"language":"ZHS","playtime":1261,"items_purged":["hexamod:Strike"],"score":114,"play_id":"95fef04a-8ef4-40d5-97c9-a63308d1025a","local_time":"20210221171908","is_ascension_mode":false,"campfire_choices":[{"data":"hexamod:Float","floor":1,"key":"SMITH"},{"data":"hexamod:SoulSteal","floor":11,"key":"SMITH"}],"circlet_count":0,"master_deck":["hexamod:Strike","hexamod:Strike","hexamod:Defend","hexamod:Defend","hexamod:Sear","hexamod:Float+1","hexamod:HeatMetal","hexamod:RainOfEmbers+1","hexamod:Hexaguard","hexamod:SoulSteal+1","Normality","hexamod:ThirdSeal","hexamod:SkipABeat","hexamod:SecondSeal"],"relics":["hexamod:SpiritBrand","StrikeDummy","Bag of Preparation","Omamori"],"acts_visited":["Exordium"],"potions_floor_usage":[14,15,16],"damage_taken":[{"damage":0,"enemies":"2 Louse","floor":2,"turns":2},{"damage":0,"enemies":"Cultist","floor":3,"turns":3},{"damage":5,"enemies":"downfall:FleeingMerchant","floor":5,"turns":4},{"damage":7,"enemies":"Small Slimes","floor":6,"turns":3},{"damage":24,"enemies":"3 Sentries","floor":8,"turns":6},{"damage":10,"enemies":"Exordium Thugs","floor":10,"turns":3},{"damage":6,"enemies":"Exordium Wildlife","floor":12,"turns":3},{"damage":0,"enemies":"2 Fungi Beasts","floor":13,"turns":4},{"damage":17,"enemies":"Lagavulin","floor":14,"turns":4},{"damage":5,"enemies":"downfall:LooterAlt","floor":15,"turns":4},{"damage":37,"enemies":"IC_STATUS_ARCHETYPE","floor":16,"turns":8}],"seed_played":"3276518625950055185","potions_obtained":[{"floor":6,"key":"Guardian:BlockOnCardUsePotion"},{"floor":8,"key":"Swift Potion"},{"floor":13,"key":"SkillPotion"},{"floor":14,"key":"FairyPotion"}],"is_trial":false,"path_per_floor":["R","M","M","?","$","M","T","E","?","M","R","M","M","E","M","B"],"character_chosen":"THE_SPIRIT","items_purchased":[],"campfire_rested":0,"item_purchase_floors":[],"current_hp_per_floor":[77,77,77,77,72,65,65,41,41,31,31,25,25,8,3,0,0,0],"gold":258,"neow_bonus":"TEN_PERCENT_HP_BONUS","is_daily":false,"chose_seed":false,"campfire_upgraded":2,"win_rate":0.0,"timestamp":1613899148,"path_taken":["R","M","M","?","$","?","T","E","?","M","R","?","M","E","M","BOSS"],"items_purchased_type":[],"build_version":"2020-12-22","purchased_purges":1,"victory":false,"max_hp_per_floor":[77,77,77,77,77,77,77,77,77,77,77,77,77,77,77,77,77,77],"card_choices":[{"not_picked":["hexamod:GhostLash","hexamod:GhostShield"],"picked":"hexamod:HeatMetal","floor":2},{"not_picked":["hexamod:BacktrackSmack","hexamod:InspiringFlames"],"picked":"hexamod:RainOfEmbers","floor":3},{"not_picked":["hexamod:GhostShield","hexamod:ChargedBarrage","hexamod:FastForward"],"picked":"SKIP","floor":5},{"not_picked":["hexamod:Incineration","hexamod:GhostShield"],"picked":"hexamod:Hexaguard","floor":6},{"not_picked":["hexamod:RadiantFlame","hexamod:ShieldOfDarkness"],"picked":"hexamod:SoulSteal","floor":8},{"not_picked":["hexamod:HeatMetal","hexamod:BacktrackSmack","hexamod:SwordOfDarkness"],"picked":"SKIP","floor":10},{"not_picked":["hexamod:HauntingEcho","hexamod:GhostShield"],"picked":"hexamod:ThirdSeal","floor":12},{"not_picked":["hexamod:SwordOfDarkness","hexamod:TurnItUp"],"picked":"hexamod:SkipABeat","floor":13},{"not_picked":["hexamod:SpectersWail","hexamod:AdvancingGuard","hexamod:Incineration"],"picked":"SKIP","floor":13},{"not_picked":["hexamod:CatchUp","hexamod:PhantomCloak"],"picked":"hexamod:SecondSeal","floor":14},{"not_picked":["hexamod:Incineration","hexamod:SpectersWail","hexamod:Again"],"picked":"SKIP","floor":14},{"not_picked":["hexamod:ThermalTransfer","hexamod:EtherealExpedition","hexamod:NightmareGuise"],"picked":"SKIP","floor":15},{"not_picked":["hexamod:EtherealExpedition","hexamod:ShieldOfDarkness","hexamod:InspiringFlames"],"picked":"SKIP","floor":15}],"player_experience":397492,"relics_obtained":[{"floor":7,"key":"StrikeDummy"},{"floor":8,"key":"Bag of Preparation"},{"floor":14,"key":"Omamori"}],"event_choices":[],"is_beta":false,"boss_relics":[],"items_purged_floors":[5],"is_endless":false,"potions_floor_spawned":[6,8,13,14],"killed_by":"IC_STATUS_ARCHETYPE","ascension_level":0}}