{"host":"z37g2hkgkh2zjyzk","time":1613931574,"event":{"mods":["2.2 Compatiblity","AchievementEnabler","BaseMod","Bestiary","Colored Map","Colored Powertips","Curses Come First","Highlight Path","Keyboard Shortcuts","Minty Spire (QoL Compilation)","Relic Stats","StSLib","SuperFastMode"],"gold_per_floor":[115,125,50,66,80,107,107,137,149,161,208,231,263,309,321,435,447,473,496,522,101,117,117,146,157,157,157,168,185,220,253,253,357,357,369,329,348,258,278,278,308,308,308,308,328,54,65,65,65,65,65,65,13,42,42],"floor_reached":56,"language":"ENG","playtime":5089,"items_purged":["Strike_G","Strike_G","Strike_G"],"score":1586,"play_id":"979df0ad-4d73-46c1-93b0-c964149d2823","local_time":"20210221191934","is_ascension_mode":true,"campfire_choices":[{"floor":7,"key":"REST"},{"data":"Neutralize","floor":10,"key":"SMITH"},{"data":"Poisoned Stab","floor":15,"key":"SMITH"},{"data":"Catalyst","floor":23,"key":"SMITH"},{"floor":27,"key":"REST"},{"data":"Envenom","floor":32,"key":"SMITH"},{"floor":40,"key":"RECALL"},{"data":"After Image","floor":42,"key":"SMITH"},{"data":"Backflip","floor":44,"key":"SMITH"},{"data":"Noxious Fumes","floor":49,"key":"SMITH"},{"data":"Catalyst","floor":52,"key":"SMITH"}],"circlet_count":0,"master_deck":["Strike_G","Defend_G","Defend_G","Defend_G+1","Defend_G","Defend_G+1","Survivor","Neutralize+1","Deadly Poison","Poisoned Stab+1","Deadly Poison","Backflip+1","PiercingWail","Die Die Die+1","Dagger Spray","Malaise","Caltrops","Leg Sweep","Setup","Bouncing Flask+1","Acrobatics+1","Catalyst+1","Envenom+1","Outmaneuver+1","Noxious Fumes+1","Catalyst+1","After Image+1","Backflip+1","Riddle With Holes+1","Catalyst+1","Flechettes+1","Corpse Explosion"],"relics":["Black Star","Orichalcum","Snake Skull","Singing Bowl","MawBank","Centennial Puzzle","Gremlin Horn","Mummified Hand","Prayer Wheel","Sundial","Velvet Choker","PreservedInsect","War Paint","Pocketwatch","Bronze Scales","Paper Crane","Red Mask","Omamori","CaptainsWheel","Calling Bell","Nunchaku","Pantograph","StoneCalendar","Ginger","Pear","ClockworkSouvenir","Bottled Flame","Lantern"],"acts_visited":["Exordium","TheCity","TheBeyond","TheEnding"],"potions_floor_usage":[6,8,13,14,16,22,28,31,39,39,55,55],"damage_taken":[{"damage":2,"enemies":"Small Slimes","floor":1,"turns":4},{"damage":2,"enemies":"Jaw Worm","floor":2,"turns":4},{"damage":0,"enemies":"Cultist","floor":4,"turns":4},{"damage":1,"enemies":"2 Fungi Beasts","floor":5,"turns":3},{"damage":23,"enemies":"Gremlin Nob","floor":6,"turns":5},{"damage":5,"enemies":"3 Sentries","floor":8,"turns":11},{"damage":9,"enemies":"Gremlin Nob","floor":11,"turns":4},{"damage":3,"enemies":"Exordium Thugs","floor":12,"turns":6},{"damage":4,"enemies":"Large Slime","floor":13,"turns":5},{"damage":4,"enemies":"3 Sentries","floor":14,"turns":3},{"damage":8,"enemies":"Hexaghost","floor":16,"turns":8},{"damage":9,"enemies":"Spheric Guardian","floor":18,"turns":4},{"damage":1,"enemies":"Shell Parasite","floor":19,"turns":5},{"damage":15,"enemies":"Snake Plant","floor":20,"turns":4},{"damage":6,"enemies":"3 Cultists","floor":22,"turns":6},{"damage":6,"enemies":"Gremlin Leader","floor":24,"turns":4},{"damage":17,"enemies":"Centurion and Healer","floor":25,"turns":4},{"damage":9,"enemies":"Shelled Parasite and Fungi","floor":28,"turns":3},{"damage":0,"enemies":"Snake Plant","floor":29,"turns":3},{"damage":0,"enemies":"Masked Bandits","floor":30,"turns":3},{"damage":2,"enemies":"Slavers","floor":31,"turns":2},{"damage":17,"enemies":"Champ","floor":33,"turns":6},{"damage":0,"enemies":"Orb Walker","floor":35,"turns":2},{"damage":0,"enemies":"3 Shapes","floor":37,"turns":3},{"damage":0,"enemies":"Transient","floor":39,"turns":5},{"damage":14,"enemies":"Nemesis","floor":41,"turns":5},{"damage":1,"enemies":"Writhing Mass","floor":45,"turns":3},{"damage":0,"enemies":"Sphere and 2 Shapes","floor":47,"turns":4},{"damage":42,"enemies":"Donu and Deca","floor":50,"turns":5},{"damage":31,"enemies":"Shield and Spear","floor":54,"turns":3},{"damage":17,"enemies":"The Heart","floor":55,"turns":5}],"seed_played":"2549534580354584949","potions_obtained":[{"floor":1,"key":"EssenceOfSteel"},{"floor":6,"key":"EssenceOfSteel"},{"floor":11,"key":"DuplicationPotion"},{"floor":12,"key":"Fruit Juice"},{"floor":14,"key":"GamblersBrew"},{"floor":20,"key":"FearPotion"},{"floor":24,"key":"LiquidBronze"},{"floor":25,"key":"PowerPotion"},{"floor":36,"key":"SkillPotion"},{"floor":36,"key":"BlessingOfTheForge"},{"floor":36,"key":"SteroidPotion"},{"floor":45,"key":"SpeedPotion"},{"floor":47,"key":"SneckoOil"}],"is_trial":false,"path_per_floor":["M","M","$","M","M","E","R","E","T","R","E","M","M","E","R","B",null,"M","M","M","$","M","R","E","M","T","R","M","M","?","E","R","B",null,"M","?","M","?","M","R","E","R","T","R","M","$","M","$","R","B",null,"R","$","E","B",null],"character_chosen":"THE_SILENT","items_purchased":["PreservedInsect","Catalyst","War Paint","ClockworkSouvenir","Strength Potion"],"campfire_rested":2,"item_purchase_floors":[21,21,21,46,53],"current_hp_per_floor":[61,59,59,59,58,35,56,51,51,51,44,43,44,42,42,34,69,60,61,46,46,44,44,38,25,25,52,43,45,47,47,47,30,80,82,82,84,84,86,86,84,84,84,84,83,83,87,87,87,70,107,107,107,78,86],"gold":42,"neow_bonus":"BOSS_RELIC","is_daily":false,"chose_seed":false,"campfire_upgraded":8,"win_rate":0.0,"timestamp":1613931574,"path_taken":["M","M","$","M","M","E","R","E","T","R","E","M","M","E","R","BOSS","M","M","M","$","M","R","E","M","T","R","M","M","?","E","R","BOSS","M","?","?","?","M","R","E","R","T","R","M","$","M","?","R","BOSS","R","$","E","BOSS"],"items_purchased_type":["Relic","Card","Relic","Relic","Potion"],"build_version":"2020-12-22","purchased_purges":3,"victory":true,"max_hp_per_floor":[70,70,70,70,70,70,70,70,70,70,72,74,79,81,81,81,81,81,83,83,83,87,87,87,91,91,91,91,93,95,97,97,97,97,99,99,101,101,103,103,115,115,115,115,115,115,119,119,119,119,119,119,119,121,121],"relic_stats":{"Singing Bowl":36,"Gremlin Horn":[14,14],"counters":[31,136],"StoneCalendar":[0],"Snake Skull":[262],"PreservedInsect":200,"Ginger":[4],"Orichalcum":[324],"War Paint":["Defend_G","Defend_G"],"MawBank":156,"Centennial Puzzle":[57],"Nunchaku":[3],"Mummified Hand":[48],"Sundial":[8],"Bronze Scales":[183],"Pantograph":50,"Prayer Wheel":12,"Black Star":8,"obtain_stats":[{"Lantern":54,"Singing Bowl":8,"Gremlin Horn":11,"StoneCalendar":34,"Snake Skull":6,"Ginger":41,"ClockworkSouvenir":46,"Centennial Puzzle":9,"Nunchaku":34,"Mummified Hand":11,"Sundial":14,"Pantograph":34,"Prayer Wheel":14,"Red Mask":30,"Ring of the Snake":0,"Pear":41,"Velvet Choker":17,"PreservedInsect":21,"Omamori":31,"Orichalcum":6,"War Paint":21,"Paper Crane":26,"MawBank":8,"Calling Bell":34,"CaptainsWheel":31,"Bottled Flame":54,"Bronze Scales":24,"Black Star":0,"Pocketwatch":24},{"Lantern":30,"Singing Bowl":6,"Gremlin Horn":7,"StoneCalendar":22,"Snake Skull":5,"Ginger":26,"ClockworkSouvenir":27,"Centennial Puzzle":6,"Nunchaku":22,"Mummified Hand":7,"Sundial":10,"Pantograph":22,"Prayer Wheel":10,"Red Mask":20,"Ring of the Snake":0,"Pear":26,"Velvet Choker":11,"PreservedInsect":14,"Omamori":21,"Orichalcum":5,"War Paint":14,"Paper Crane":17,"MawBank":6,"Calling Bell":22,"CaptainsWheel":21,"Bottled Flame":30,"Bronze Scales":16,"Black Star":0,"Pocketwatch":16},{"Lantern":131,"Singing Bowl":31,"Gremlin Horn":35,"StoneCalendar":101,"Snake Skull":20,"Ginger":116,"ClockworkSouvenir":119,"Centennial Puzzle":31,"Nunchaku":101,"Mummified Hand":35,"Sundial":49,"Pantograph":101,"Prayer Wheel":49,"Red Mask":93,"Ring of the Snake":0,"Pear":116,"Velvet Choker":57,"PreservedInsect":70,"Omamori":95,"Orichalcum":20,"War Paint":70,"Paper Crane":84,"MawBank":31,"Calling Bell":101,"CaptainsWheel":95,"Bottled Flame":131,"Bronze Scales":80,"Black Star":0,"Pocketwatch":80}],"Pocketwatch":[54]},"card_choices":[{"not_picked":["Crippling Poison","Dagger Throw"],"picked":"Deadly Poison","floor":1},{"not_picked":["Cloak And Dagger","Underhanded Strike"],"picked":"Poisoned Stab","floor":2},{"not_picked":["Dagger Throw","Slice"],"picked":"Deadly Poison","floor":4},{"not_picked":["Underhanded Strike","Sucker Punch"],"picked":"Backflip","floor":5},{"not_picked":["Outmaneuver","Dash"],"picked":"PiercingWail","floor":6},{"not_picked":["Dodge and Roll","Tactician"],"picked":"Die Die Die","floor":8},{"not_picked":["Poisoned Stab","Dagger Throw","Slice"],"picked":"Singing Bowl","floor":11},{"not_picked":["Quick Slash","Eviscerate","Dash"],"picked":"Singing Bowl","floor":12},{"not_picked":["Underhanded Strike","Escape Plan"],"picked":"Dagger Spray","floor":13},{"not_picked":["Prepared","Dagger Spray","Sucker Punch"],"picked":"Singing Bowl","floor":14},{"not_picked":["Bullet Time","Unload"],"picked":"Malaise","floor":16},{"not_picked":["Backflip","Calculated Gamble+1"],"picked":"Caltrops","floor":18},{"not_picked":["Masterful Stab","Skewer+1"],"picked":"Leg Sweep","floor":18},{"not_picked":["PiercingWail","Finisher"],"picked":"Setup","floor":19},{"not_picked":["Bane+1","Finisher+1","Underhanded Strike"],"picked":"Singing Bowl","floor":19},{"not_picked":["Outmaneuver","Prepared"],"picked":"Bouncing Flask+1","floor":20},{"not_picked":["Prepared","Die Die Die"],"picked":"Acrobatics+1","floor":20},{"not_picked":["Concentrate","Masterful Stab","Caltrops+1"],"picked":"Singing Bowl","floor":22},{"not_picked":["Deadly Poison","Dagger Throw+1","Sucker Punch"],"picked":"Singing Bowl","floor":22},{"not_picked":["Prepared","Crippling Poison+1"],"picked":"Envenom","floor":24},{"not_picked":["Sucker Punch","Acrobatics+1","PiercingWail+1"],"picked":"Singing Bowl","floor":25},{"not_picked":["Outmaneuver","Unload","Bane"],"picked":"Singing Bowl","floor":25},{"not_picked":["Backflip","Masterful Stab"],"picked":"Outmaneuver+1","floor":28},{"not_picked":["Dagger Spray+1","Slice"],"picked":"Noxious Fumes","floor":28},{"not_picked":["Backflip","Accuracy+1"],"picked":"Catalyst","floor":29},{"not_picked":["Deadly Poison+1","Dagger Spray+1","Underhanded Strike"],"picked":"Singing Bowl","floor":29},{"not_picked":["Blade Dance","Backflip+1","Infinite Blades"],"picked":"Singing Bowl","floor":30},{"not_picked":["Sucker Punch","Outmaneuver","Blade Dance"],"picked":"Singing Bowl","floor":31},{"not_picked":["Grand Finale","Corpse Explosion"],"picked":"After Image","floor":33},{"not_picked":["Prepared","Outmaneuver+1","Cloak And Dagger+1"],"picked":"Singing Bowl","floor":35},{"not_picked":["Blur","Outmaneuver+1"],"picked":"Backflip+1","floor":35},{"not_picked":["Finisher+1","Blade Dance"],"picked":"Riddle With Holes+1","floor":37},{"not_picked":["PiercingWail","Dodge and Roll","Backflip"],"picked":"Singing Bowl","floor":37},{"not_picked":["Quick Slash+1","Setup+1","Eviscerate+1"],"picked":"Singing Bowl","floor":39},{"not_picked":["Flechettes+1","Eviscerate"],"picked":"Catalyst+1","floor":39},{"not_picked":["Dagger Spray+1","Skewer","Dodge and Roll"],"picked":"Singing Bowl","floor":41},{"not_picked":["Deflect","Choke+1"],"picked":"Flechettes+1","floor":45},{"not_picked":["Dagger Spray+1","Poisoned Stab+1"],"picked":"Corpse Explosion","floor":45},{"not_picked":["Expertise","Quick Slash","Poisoned Stab"],"picked":"Singing Bowl","floor":47},{"not_picked":["Skewer","Reflex","Blade Dance"],"picked":"Singing Bowl","floor":47},{"not_picked":["Blade Dance","Endless Agony","Envenom"],"picked":"Singing Bowl","floor":54}],"player_experience":180879,"relics_obtained":[{"floor":6,"key":"Orichalcum"},{"floor":6,"key":"Snake Skull"},{"floor":8,"key":"Singing Bowl"},{"floor":8,"key":"MawBank"},{"floor":9,"key":"Centennial Puzzle"},{"floor":11,"key":"Gremlin Horn"},{"floor":11,"key":"Mummified Hand"},{"floor":14,"key":"Prayer Wheel"},{"floor":14,"key":"Sundial"},{"floor":24,"key":"Pocketwatch"},{"floor":24,"key":"Bronze Scales"},{"floor":26,"key":"Paper Crane"},{"floor":30,"key":"Red Mask"},{"floor":31,"key":"Omamori"},{"floor":31,"key":"CaptainsWheel"},{"floor":34,"key":"Nunchaku"},{"floor":34,"key":"Pantograph"},{"floor":34,"key":"StoneCalendar"},{"floor":41,"key":"Ginger"},{"floor":41,"key":"Pear"},{"floor":54,"key":"Bottled Flame"},{"floor":54,"key":"Lantern"}],"event_choices":[{"damage_healed":0,"gold_gain":0,"player_choice":"Fought Bandits","damage_taken":0,"max_hp_gain":0,"max_hp_loss":0,"event_name":"Masked Bandits","floor":30,"gold_loss":0},{"damage_healed":0,"gold_gain":0,"player_choice":"Bought 3 Potions","damage_taken":0,"max_hp_gain":0,"max_hp_loss":0,"event_name":"The Woman in Blue","floor":36,"gold_loss":0},{"cards_removed":["Strike_G"],"damage_healed":0,"gold_gain":0,"player_choice":"Upgrade and Remove","damage_taken":0,"max_hp_gain":0,"max_hp_loss":0,"event_name":"Designer","floor":38,"gold_loss":90,"cards_upgraded":["Die Die Die"]}],"is_beta":false,"boss_relics":[{"not_picked":["Philosopher\u0027s Stone","Runic Pyramid"],"picked":"Velvet Choker"},{"not_picked":["SacredBark","Tiny House"],"picked":"Calling Bell"}],"items_purged_floors":[3,21,46],"is_endless":false,"potions_floor_spawned":[1,6,11,12,14,20,24,25,45,47,54],"ascension_level":6}}