{"host":"y76clbnovzmw9ubx","time":1613922796,"event":{"mods":["AchievementEnabler","BaseMod","Minty Spire (QoL Compilation)","Permanent Neow","Relic Stats"],"gold_per_floor":[114,30,49,68,81,114,114,114,114],"floor_reached":8,"language":"ENG","playtime":574,"items_purged":[],"score":116,"play_id":"cf30076f-7f9e-4ee9-9505-dcd1a9889775","local_time":"20210221105316","is_ascension_mode":true,"campfire_choices":[{"data":"Leg Sweep","floor":7,"key":"SMITH"}],"circlet_count":0,"master_deck":["AscendersBane","Strike_G","Strike_G","Strike_G","Strike_G","Strike_G","Defend_G","Defend_G","Defend_G","Defend_G","Defend_G","Survivor","Neutralize","Dagger Throw","Bouncing Flask","Predator","Leg Sweep+1"],"relics":["Ring of the Snake","Singing Bowl"],"acts_visited":["Exordium"],"potions_floor_usage":[8,8],"damage_taken":[{"damage":0.0,"enemies":"Small Slimes","floor":1.0,"turns":3.0},{"damage":0.0,"enemies":"Cultist","floor":3.0,"turns":3.0},{"damage":1.0,"enemies":"Jaw Worm","floor":4.0,"turns":4.0},{"damage":4.0,"enemies":"Large Slime","floor":5.0,"turns":7.0},{"damage":30,"enemies":"Gremlin Nob","floor":6,"turns":4},{"damage":34,"enemies":"3 Sentries","floor":8,"turns":11}],"seed_played":"-8535861156314063524","potions_obtained":[{"floor":1.0,"key":"Swift Potion"},{"floor":4.0,"key":"Fruit Juice"}],"is_trial":false,"path_per_floor":["M","$","M","M","M","E","R","E"],"character_chosen":"THE_SILENT","items_purchased":["CunningPotion"],"campfire_rested":0,"item_purchase_floors":[2],"current_hp_per_floor":[59,59,59,58,54,24,24,0,0],"gold":114,"neow_bonus":"THREE_CARDS","is_daily":false,"chose_seed":false,"campfire_upgraded":1,"win_rate":0.0,"timestamp":1613922796,"path_taken":["M","$","M","M","M","E","R","E"],"items_purchased_type":["Potion"],"build_version":"2020-12-22","purchased_purges":0,"victory":false,"max_hp_per_floor":[66,66,66,66,66,66,66,71,71],"relic_stats":{"Singing Bowl":0,"counters":[6,32],"obtain_stats":[{"Singing Bowl":6,"Ring of the Snake":0},{"Singing Bowl":5,"Ring of the Snake":0},{"Singing Bowl":21,"Ring of the Snake":0}],"Ring of the Snake":[12]},"card_choices":[{"not_picked":["Dodge and Roll","Blade Dance"],"picked":"Dagger Throw","floor":0.0},{"not_picked":["Endless Agony","Deflect"],"picked":"Bouncing Flask","floor":1.0},{"not_picked":["Expertise","Setup","Sucker Punch"],"picked":"SKIP","floor":3.0},{"not_picked":["Sucker Punch","Flying Knee","Outmaneuver"],"picked":"SKIP","floor":4.0},{"not_picked":["Blur","Dodge and Roll"],"picked":"Predator","floor":5.0},{"not_picked":["Skewer","Crippling Poison"],"picked":"Leg Sweep","floor":6}],"player_experience":3271187,"relics_obtained":[{"floor":6,"key":"Singing Bowl"}],"event_choices":[],"is_beta":false,"boss_relics":[],"items_purged_floors":[],"is_endless":false,"potions_floor_spawned":[1,4],"killed_by":"3 Sentries","ascension_level":20}}