{"host":"iv24d026eac8pm4e","time":1613950751,"event":{"mods":["BaseMod","Minty Spire (QoL Compilation)"],"gold_per_floor":[115,133,144,162,237,237,247,263,263,263,145,162,196,215,215,289,289,303,323,338,338,338],"floor_reached":21,"language":"ENG","playtime":1208,"items_purged":["Strike_G"],"score":374,"play_id":"d9c02511-8089-441c-9a28-a53898392a72","local_time":"20210221153911","is_ascension_mode":true,"campfire_choices":[{"data":"Cloak And Dagger","floor":6,"key":"SMITH"},{"data":"Neutralize","floor":10,"key":"SMITH"},{"data":"Footwork","floor":15,"key":"SMITH"}],"circlet_count":0,"master_deck":["AscendersBane","Strike_G","Strike_G","Strike_G","Strike_G","Defend_G","Defend_G","Defend_G","Defend_G","Defend_G","Survivor","Neutralize+1","Cloak And Dagger+1","Poisoned Stab","Infinite Blades","Blur","Dodge and Roll","Quick Slash","Footwork+1","Deflect","PiercingWail","Well Laid Plans","Burst","Catalyst+1"],"relics":["Ring of the Snake","Vajra","Bottled Flame","Lantern","Cursed Key"],"acts_visited":["Exordium","TheCity"],"potions_floor_usage":[13,13,18],"damage_taken":[{"damage":0,"enemies":"2 Louse","floor":1,"turns":2},{"damage":2,"enemies":"Jaw Worm","floor":2,"turns":4},{"damage":3,"enemies":"Small Slimes","floor":3,"turns":3},{"damage":0,"enemies":"Looter","floor":4,"turns":4},{"damage":0,"enemies":"3 Louse","floor":7,"turns":3},{"damage":2,"enemies":"Blue Slaver","floor":8,"turns":4},{"damage":0,"enemies":"2 Fungi Beasts","floor":12,"turns":4},{"damage":2,"enemies":"Gremlin Nob","floor":13,"turns":3},{"damage":18,"enemies":"Exordium Thugs","floor":14,"turns":7},{"damage":6,"enemies":"The Guardian","floor":16,"turns":17},{"damage":0,"enemies":"2 Thieves","floor":18,"turns":5},{"damage":26,"enemies":"Chosen","floor":19,"turns":7},{"damage":15,"enemies":"Snake Plant","floor":20,"turns":8},{"damage":14,"enemies":"Chosen and Byrds","floor":21,"turns":5}],"seed_played":"212298573121027694","potions_obtained":[{"floor":2,"key":"GamblersBrew"},{"floor":3,"key":"LiquidMemories"},{"floor":14,"key":"Explosive Potion"}],"is_trial":false,"path_per_floor":["M","M","M","M","?","R","M","M","T","R","$","M","E","M","R","B",null,"M","M","M","M"],"character_chosen":"THE_SILENT","items_purchased":["Footwork"],"campfire_rested":0,"item_purchase_floors":[11],"current_hp_per_floor":[59,57,54,54,43,43,43,41,41,41,41,41,39,21,21,15,53,53,27,12,0,0],"gold":338,"neow_bonus":"RANDOM_COMMON_RELIC","is_daily":false,"chose_seed":false,"campfire_upgraded":3,"win_rate":0.0,"timestamp":1613950751,"path_taken":["M","M","M","M","?","R","M","M","T","R","$","M","E","M","R","BOSS","M","M","M","M"],"items_purchased_type":["Card"],"build_version":"2020-12-22","purchased_purges":1,"victory":false,"max_hp_per_floor":[66,66,66,66,66,66,66,66,66,66,66,66,66,66,66,66,66,66,66,66,66,66],"card_choices":[{"not_picked":["Deadly Poison","Outmaneuver"],"picked":"Cloak And Dagger","floor":1},{"not_picked":["Bane","Backflip"],"picked":"Poisoned Stab","floor":2},{"not_picked":["Eviscerate","Concentrate"],"picked":"Infinite Blades","floor":3},{"not_picked":["Catalyst","Outmaneuver"],"picked":"Blur","floor":4},{"not_picked":["Slice","Dagger Throw"],"picked":"Dodge and Roll","floor":7},{"not_picked":["Deadly Poison","Underhanded Strike"],"picked":"Quick Slash","floor":8},{"not_picked":["Underhanded Strike","Outmaneuver"],"picked":"Deflect","floor":12},{"not_picked":["Masterful Stab","Flying Knee"],"picked":"PiercingWail","floor":13},{"not_picked":["Flying Knee","Expertise"],"picked":"Well Laid Plans","floor":14},{"not_picked":["Grand Finale","Storm of Steel"],"picked":"Burst","floor":16},{"not_picked":["Slice+1","Dagger Throw","Deflect"],"picked":"SKIP","floor":18},{"not_picked":["Dash","Backstab"],"picked":"Catalyst+1","floor":19},{"not_picked":["Flechettes","Deflect","Setup"],"picked":"SKIP","floor":20}],"player_experience":2563016,"relics_obtained":[{"floor":9,"key":"Bottled Flame"},{"floor":13,"key":"Lantern"}],"event_choices":[{"damage_healed":0,"gold_gain":75,"player_choice":"Gather Gold","damage_taken":11,"max_hp_gain":0,"max_hp_loss":0,"event_name":"World of Goop","floor":5,"gold_loss":0}],"is_beta":false,"boss_relics":[{"not_picked":["Velvet Choker","Pandora\u0027s Box"],"picked":"Cursed Key"}],"items_purged_floors":[11],"is_endless":false,"potions_floor_spawned":[2,3,12,14],"killed_by":"Chosen and Byrds","ascension_level":20}}