{"host":"g7uq9uzahx9e0kti","time":1613902862,"event":{"mods":["100% Spire Juice","AchievementEnabler","Act Like it!","BaseMod","CapriCore","Hermit","Koishi","Lobotomy","Minty Spire (QoL Compilation)","Permanent Neow","Quick Restart","StSLib","SuperFastMode","The Bug Knight","The Cursed","Together in Spire","WarShipGirlsR/??á´Ò³R mod"],"gold_per_floor":[114,114,114,189,206,238,238,263,263,278,57,57,57,91,91,91,91],"floor_reached":16,"language":"KOR","playtime":538,"items_purged":["Strike_R"],"score":128,"play_id":"a277d637-da0b-4aeb-b8d5-33b1c8c117fc","local_time":"20210221192102","is_ascension_mode":true,"campfire_choices":[{"floor":7,"key":"REST"},{"data":"Flex","floor":12,"key":"SMITH"},{"data":"Thunderclap","floor":15,"key":"SMITH"}],"circlet_count":0,"master_deck":["Strike_R","Strike_R","Strike_R","Strike_R","Defend_R","Defend_R","Defend_R","Bash","Rudolta","Twin Strike","Flex+1","WallGazer","Carnage","MHz","Carnage","FairyFestival","Shrug It Off","Wellcheers","Twin Strike","OSAHOGD","Thunderclap+1"],"relics":["Burning Blood","CogitoBucket","Unceasing Top","Meat on the Bone","Red Skull","Matryoshka"],"acts_visited":["Exordium"],"potions_floor_usage":[],"damage_taken":[{"damage":9,"enemies":"2 Louse","floor":1,"turns":3},{"damage":12,"enemies":"Jaw Worm","floor":5,"turns":2},{"damage":34,"enemies":"HollowMod:MossKnight","floor":6,"turns":10},{"damage":35,"enemies":"Lagavulin","floor":8,"turns":5},{"damage":2,"enemies":"Small Slimes","floor":10,"turns":3},{"damage":21,"enemies":"3 Sentries","floor":14,"turns":4},{"damage":46,"enemies":"Hexaghost","floor":16,"turns":5}],"seed_played":"-6001292443816560548","potions_obtained":[{"floor":8,"key":"BloodPotion"},{"floor":14,"key":"FearPotion"}],"is_trial":false,"path_per_floor":["M","?","?","?","M","E","R","E","T","M","$","R","$","E","R","B"],"character_chosen":"IRONCLAD","items_purchased":["Red Skull"],"campfire_rested":1,"item_purchase_floors":[11],"current_hp_per_floor":[77,77,70,59,53,25,49,20,20,38,38,38,38,35,35,0,0],"gold":91,"neow_bonus":"","is_daily":false,"chose_seed":false,"campfire_upgraded":2,"win_rate":0.0,"timestamp":1613902862,"path_taken":["M","?","?","?","M","E","R","E","T","?","$","R","?","E","R","BOSS"],"items_purchased_type":["Relic"],"build_version":"2020-12-22","purchased_purges":1,"victory":false,"max_hp_per_floor":[80,80,80,80,80,80,80,80,80,80,80,80,80,80,80,80,80],"card_choices":[{"not_picked":["Wellcheers","CrumblingArmor"],"picked":"Rudolta","floor":1},{"not_picked":["Body Slam","Perfected Strike"],"picked":"Twin Strike","floor":1},{"not_picked":[],"picked":"Flex","floor":2},{"not_picked":["PunishingBird","DreamingCurrent"],"picked":"WallGazer","floor":5},{"not_picked":["Spot Weakness","Armaments"],"picked":"Carnage","floor":5},{"not_picked":["HappyTeddy","Variant"],"picked":"MHz","floor":6},{"not_picked":["Wild Strike","Corruption"],"picked":"Carnage","floor":6},{"not_picked":["UniverseFragment","Murderer"],"picked":"FairyFestival","floor":8},{"not_picked":["Sword Boomerang","Reckless Charge"],"picked":"Shrug It Off","floor":8},{"not_picked":["Scorched","NakedNest"],"picked":"Wellcheers","floor":10},{"not_picked":["Iron Wave","Anger"],"picked":"Twin Strike","floor":10},{"not_picked":["Bloodbath","CrumblingArmor"],"picked":"OSAHOGD","floor":14},{"not_picked":["Cleave","Inflame"],"picked":"Thunderclap","floor":14}],"player_experience":160825,"relics_obtained":[{"floor":6,"key":"Unceasing Top"},{"floor":8,"key":"Meat on the Bone"},{"floor":14,"key":"Matryoshka"}],"event_choices":[{"cards_removed":["Defend_R"],"damage_healed":0,"gold_gain":0,"player_choice":"Card Removal","damage_taken":7,"max_hp_gain":0,"max_hp_loss":0,"event_name":"Golden Wing","floor":3,"gold_loss":0},{"damage_healed":0,"gold_gain":75,"player_choice":"Gather Gold","damage_taken":11,"max_hp_gain":0,"max_hp_loss":0,"event_name":"World of Goop","floor":4,"gold_loss":0}],"is_beta":false,"boss_relics":[],"items_purged_floors":[11],"is_endless":false,"potions_floor_spawned":[8,14],"killed_by":"Hexaghost","ascension_level":2}}