{"host":"9slw7l0ws16384qq","time":1613938565,"event":{"mods":["A Penny For Your Troubles","BaseMod","Colored Map","Downfall","Evolution","Hubris","Minty Spire (QoL Compilation)","Replay The Spire","StS++","StSLib"],"gold_per_floor":[99,116,38,38,51,51,51,51,36,50,65,65,125,141,155,155,155,155],"floor_reached":16,"language":"FRA","playtime":793,"items_purged":["hubris:Wrath"],"score":166,"play_id":"6a29eb27-328d-49dc-b064-1f4b14a26f71","local_time":"20210221211605","is_ascension_mode":true,"campfire_choices":[{"data":"Guardian:Defend_Guardian","floor":1,"key":"PURGE"},{"data":"Guardian:PiercingHide","floor":6,"key":"SMITH"},{"data":"Guardian:PrimingBeam","floor":8,"key":"SMITH"}],"circlet_count":0,"master_deck":["AscendersBane","Guardian:PrimingBeam+1","Guardian:PrimingBeam","Guardian:PrimingBeam","Guardian:Defend_Guardian","Guardian:Defend_Guardian","Guardian:CurlUp","Guardian:SentryBeam+1","Guardian:PiercingHide+1","Guardian:PiercingHide","Survivor","Neutralize"],"relics":["Guardian:ModeShifter","EVO:Axolotl","hubris:Towel","Mirror","ReplayTheSpireMod:CursedCoin"],"acts_visited":["Exordium"],"potions_floor_usage":[16,16],"damage_taken":[{"damage":1,"enemies":"2 Louse","floor":2,"turns":2},{"damage":0,"enemies":"downfall:FleeingMerchant","floor":3,"turns":4},{"damage":2,"enemies":"Jaw Worm","floor":5,"turns":3},{"damage":0,"enemies":"downfall:FleeingMerchant","floor":9,"turns":4},{"damage":7,"enemies":"Small Slimes","floor":10,"turns":3},{"damage":0,"enemies":"2 Fungi Beasts","floor":11,"turns":3},{"damage":1,"enemies":"downfall:FleeingMerchant","floor":13,"turns":4},{"damage":2,"enemies":"Large Slime","floor":14,"turns":8},{"damage":2,"enemies":"3 Louse","floor":15,"turns":3},{"damage":85,"enemies":"DF_ARCHETYPE_STREAMLINE","floor":16,"turns":14}],"seed_played":"-1512696462538629267","potions_obtained":[{"floor":5,"key":"StSpp:ScatteredWeakPotion"},{"floor":10,"key":"DuplicationPotion"}],"is_trial":false,"path_per_floor":["R_BF","M","$","?","M","R","T","R","$","M","M","?","$","M","M","B"],"character_chosen":"GUARDIAN","items_purchased":["Guardian:SentryBeam+1","ReplayTheSpireMod:CursedCoin"],"campfire_rested":0,"item_purchase_floors":[3,13],"current_hp_per_floor":[47,46,46,46,44,44,44,44,44,37,37,37,36,34,32,0,0,0],"gold":155,"neow_bonus":"REMOVE_TWO","is_daily":false,"chose_seed":false,"campfire_upgraded":2,"win_rate":0.0,"timestamp":1613938565,"path_taken":["R_BF","M","$","?","M","R","T","R","$","M","M","?","?","M","M","BOSS"],"items_purchased_type":["Card","Relic"],"build_version":"2020-12-22","purchased_purges":1,"victory":false,"max_hp_per_floor":[72,72,72,72,72,72,72,72,72,72,72,72,72,72,72,72,72,72],"card_choices":[{"not_picked":["Guardian:RollAttack","Guardian:PrismaticBarrier","Guardian:GuardianWhirl"],"picked":"SKIP","floor":2},{"not_picked":["Guardian:Gem_Red","Guardian:Gem_Yellow","Guardian:ShieldCharger"],"picked":"SKIP","floor":3},{"not_picked":["Guardian:PrismaticBarrier","Guardian:Incinerate"],"picked":"Guardian:PiercingHide","floor":5},{"not_picked":["Guardian:Clone","Guardian:Gem_Red","Guardian:StasisStrike"],"picked":"SKIP","floor":9},{"not_picked":["Guardian:WalkerClaw","Guardian:Gem_Yellow","Guardian:Harden"],"picked":"SKIP","floor":10},{"not_picked":["Guardian:Incinerate","Guardian:ChargeCore"],"picked":"Guardian:PiercingHide","floor":11},{"not_picked":["Guardian:PrimingBeam","Guardian:Gem_Lightblue","Guardian:Gem_Yellow"],"picked":"SKIP","floor":13},{"not_picked":["Guardian:Harden","Guardian:Planning","Guardian:ChargeCore"],"picked":"SKIP","floor":14},{"not_picked":["Guardian:GemFire","Guardian:Gem_Green","Guardian:Recover"],"picked":"SKIP","floor":15}],"player_experience":1719396,"relics_obtained":[{"floor":7,"key":"Mirror"}],"event_choices":[],"is_beta":false,"boss_relics":[],"items_purged_floors":[13],"is_endless":false,"potions_floor_spawned":[5,10,11,14],"killed_by":"DF_ARCHETYPE_STREAMLINE","ascension_level":16}}