{"host":"Yun Zhang","time":1613924303,"event":{"mods":["BaseMod","Hermit","Minty Spire (QoL Compilation)","StSLib"],"gold_per_floor":[119,119,139,152,152,152,166,180,228,239,239,239,273,291,291,386,436,448,227,259,187,206,238,254,254,254,254,254],"floor_reached":27,"language":"ZHS","playtime":1444,"items_purged":[],"score":235,"play_id":"5cb73765-dc42-4806-9ac1-361cb9ec15e0","local_time":"20210222001823","is_ascension_mode":false,"campfire_choices":[{"floor":6.0,"key":"REST"},{"data":"hermit:Brawl","floor":12.0,"key":"SMITH"},{"floor":15.0,"key":"REST"},{"floor":25,"key":"REST"}],"circlet_count":0,"master_deck":["hermit:Strike_Hermit","hermit:Strike_Hermit","hermit:Strike_Hermit","hermit:Defend_Hermit+1","hermit:Defend_Hermit","hermit:Defend_Hermit","hermit:Snapshot","hermit:Covet","hermit:Vantage","Pain","hermit:SprayPray","hermit:Magnum","hermit:Horror","hermit:Ricochet","hermit:Vantage","hermit:Brawl+1","hermit:Snipe+1","hermit:LowProfile+1","hermit:RoundhouseKick","hermit:LowProfile+1","hermit:Dive+1","hermit:Brawl+1","hermit:GoldenBullet","hermit:Manifest+1","hermit:TakeAim","hermit:Combo","hermit:Brawl+1","hermit:TakeAim+1"],"relics":["hermit:Momento","WarpedTongs","Strawberry","Toxic Egg 2","Ornamental Fan","Tiny House","DollysMirror","Red Mask","Bag of Marbles","Ice Cream"],"acts_visited":["Exordium","TheCity"],"potions_floor_usage":[],"damage_taken":[{"damage":8.0,"enemies":"2 Louse","floor":1.0,"turns":3.0},{"damage":2.0,"enemies":"Cultist","floor":3.0,"turns":4.0},{"damage":0.0,"enemies":"Jaw Worm","floor":4.0,"turns":2.0},{"damage":3.0,"enemies":"Red Slaver","floor":7.0,"turns":3.0},{"damage":2.0,"enemies":"Blue Slaver","floor":8.0,"turns":2.0},{"damage":4.0,"enemies":"Exordium Wildlife","floor":10.0,"turns":3.0},{"damage":24.0,"enemies":"Lagavulin","floor":13.0,"turns":6.0},{"damage":0.0,"enemies":"Large Slime","floor":14.0,"turns":3.0},{"damage":35.0,"enemies":"Hexaghost","floor":16.0,"turns":7.0},{"damage":18.0,"enemies":"2 Thieves","floor":18.0,"turns":5.0},{"damage":10.0,"enemies":"Masked Bandits","floor":20.0,"turns":2.0},{"damage":0.0,"enemies":"Chosen","floor":22.0,"turns":4.0},{"damage":49.0,"enemies":"Book of Stabbing","floor":23.0,"turns":8.0},{"damage":5,"enemies":"Centurion and Healer","floor":24,"turns":5},{"damage":25,"enemies":"3 Cultists","floor":27,"turns":4}],"seed_played":"-5142860225809490938","potions_obtained":[{"floor":1.0,"key":"SneckoOil"},{"floor":4.0,"key":"Dexterity Potion"},{"floor":13.0,"key":"AttackPotion"},{"floor":17.0,"key":"Explosive Potion"},{"floor":22.0,"key":"hermit:BlackBile"}],"is_trial":false,"path_per_floor":["M","?","M","M","?","R","M","M","T","M","T","R","E","M","R","B",null,"M","$","?","$","M","E","M","R","T","M"],"character_chosen":"HERMIT","items_purchased":["DollysMirror","hermit:GoldenBullet","hermit:TakeAim"],"campfire_rested":3,"item_purchase_floors":[19,19,21],"current_hp_per_floor":[46,46,44,44,44,66,63,61,68,64,64,64,40,40,64,29,87,69,69,59,59,59,10,5,31,31,6,6],"gold":254,"neow_bonus":"REMOVE_TWO","is_daily":false,"chose_seed":false,"campfire_upgraded":1,"win_rate":0.0,"timestamp":1613924303,"path_taken":["M","?","?","M","?","R","M","?","T","M","?","R","E","M","R","BOSS","M","?","?","?","M","E","M","R","T","M"],"items_purchased_type":["Relic","Card","Card"],"build_version":"2020-12-18","purchased_purges":0,"victory":false,"max_hp_per_floor":[75,75,75,75,75,75,75,75,82,82,82,82,82,82,82,82,87,87,87,87,87,87,87,87,87,87,87,87],"card_choices":[{"not_picked":["hermit:Virtue","hermit:Misfire"],"picked":"hermit:Vantage","floor":1.0},{"not_picked":["hermit:HighCaliber","hermit:Virtue"],"picked":"hermit:SprayPray","floor":3.0},{"not_picked":["hermit:LowProfile","hermit:CalledShot"],"picked":"hermit:Magnum","floor":4.0},{"not_picked":["hermit:WideOpen","hermit:SprayPray"],"picked":"hermit:Ricochet","floor":7.0},{"not_picked":["hermit:Quickdraw","hermit:Cheat"],"picked":"hermit:Vantage","floor":8.0},{"not_picked":["hermit:NoHoldsBarred","hermit:Roulette"],"picked":"hermit:Brawl","floor":10.0},{"not_picked":["hermit:CalledShot","hermit:WideOpen"],"picked":"hermit:Snipe+1","floor":13.0},{"not_picked":["hermit:Shortfuse","hermit:Glare+1"],"picked":"hermit:LowProfile+1","floor":14.0},{"not_picked":["hermit:Magnum","hermit:HighNoon"],"picked":"hermit:RoundhouseKick","floor":16.0},{"not_picked":["hermit:CalledShot","hermit:Cheat+1"],"picked":"hermit:LowProfile+1","floor":17.0},{"not_picked":["hermit:HighCaliber","hermit:Coalescence+1"],"picked":"hermit:Dive+1","floor":18.0},{"not_picked":["hermit:Dive+1","hermit:Magnum"],"picked":"hermit:Manifest+1","floor":20.0},{"not_picked":["hermit:Misfire","hermit:Dive+1"],"picked":"hermit:Combo","floor":22.0},{"not_picked":["hermit:Coalescence+1","hermit:SprayPray"],"picked":"hermit:Brawl+1","floor":23.0},{"not_picked":["hermit:Combo","hermit:SprayPray"],"picked":"hermit:TakeAim+1","floor":24}],"player_experience":298266,"relics_obtained":[{"floor":9.0,"key":"Strawberry"},{"floor":11.0,"key":"Toxic Egg 2"},{"floor":13.0,"key":"Ornamental Fan"},{"floor":20.0,"key":"Red Mask"},{"floor":23.0,"key":"Bag of Marbles"},{"floor":26,"key":"Ice Cream"}],"event_choices":[{"damage_healed":0.0,"max_hp_gain":0.0,"max_hp_loss":0.0,"gold_gain":0.0,"event_name":"Accursed Blacksmith","player_choice":"Rummage","floor":2.0,"gold_loss":0.0,"damage_taken":0.0,"relics_obtained":["WarpedTongs"],"cards_obtained":["Pain"]},{"damage_healed":0.0,"max_hp_gain":0.0,"max_hp_loss":0.0,"gold_gain":0.0,"event_name":"Match and Keep!","player_choice":"1 cards matched","floor":5.0,"gold_loss":0.0,"damage_taken":0.0,"cards_obtained":["hermit:Horror"]},{"damage_healed":0.0,"max_hp_gain":0.0,"max_hp_loss":0.0,"gold_gain":0.0,"event_name":"Masked Bandits","player_choice":"Fought Bandits","floor":20.0,"gold_loss":0.0,"damage_taken":0.0}],"is_beta":true,"boss_relics":[{"not_picked":["Sozu","Coffee Dripper"],"picked":"Tiny House"}],"items_purged_floors":[],"is_endless":false,"potions_floor_spawned":[1,4,13,14,22],"killed_by":"3 Cultists","ascension_level":0}}