{"host":"51f0ad793vly1w6u","time":1613900476,"event":{"mods":["BaseMod","Colored Map","DeckTracker","Minty Spire (QoL Compilation)","StSLib","SuperFastMode"],"gold_per_floor":[111,126,126,144,69,69,69,69,69,84,98,123,136,101,101,204,204,221,0,0,15,32,32,50,50,76,76,95,95,105,27,27,129,129,149,166,166,186,199,199,199,213,213,229,18,18,18,38,38,38],"floor_reached":51,"language":"KOR","playtime":1012,"items_purged":["Strike_G","Strike_G","After Image"],"score":923,"play_id":"85f758b3-4ca2-4a9a-9086-24ac96e8dd0b","local_time":"20210221184116","is_ascension_mode":true,"campfire_choices":[{"data":"Noxious Fumes","floor":6.0,"key":"SMITH"},{"data":"Catalyst","floor":15.0,"key":"SMITH"},{"data":"Crippling Poison","floor":23.0,"key":"SMITH"},{"data":"Footwork","floor":25.0,"key":"SMITH"},{"data":"Tactician","floor":29.0,"key":"SMITH"},{"data":"Calculated Gamble","floor":32.0,"key":"SMITH"},{"floor":40.0,"key":"REST"},{"data":"Wraith Form v2","floor":46.0,"key":"SMITH"},{"floor":49,"key":"REST"}],"circlet_count":0,"master_deck":["Defend_G","Defend_G","Defend_G","Survivor","Neutralize","Catalyst+1","Noxious Fumes+1","PiercingWail","Well Laid Plans","Crippling Poison+1","Calculated Gamble+1","Corpse Explosion","Tactician+1","Calculated Gamble","Acrobatics","Footwork+1","Deadly Poison","Reflex+1","Wraith Form v2+1","Dagger Throw+1","Glass Knife+1","Calculated Gamble+1","Blur+1","Crippling Poison+1","Deflect+1","Blur"],"relics":["Ring of the Snake","NeowsBlessing","Letter Opener","Omamori","Meat on the Bone","Velvet Choker","Membership Card","Strawberry","Lee\u0027s Waffle","Astrolabe","Snake Skull","Medical Kit"],"acts_visited":["Exordium","TheCity","TheBeyond"],"potions_floor_usage":[50,50],"damage_taken":[{"damage":0.0,"enemies":"2 Louse","floor":1.0,"turns":1.0},{"damage":0.0,"enemies":"Cultist","floor":2.0,"turns":1.0},{"damage":0.0,"enemies":"Small Slimes","floor":4.0,"turns":1.0},{"damage":4.0,"enemies":"2 Fungi Beasts","floor":10.0,"turns":4.0},{"damage":5.0,"enemies":"Blue Slaver","floor":11.0,"turns":4.0},{"damage":7.0,"enemies":"3 Sentries","floor":12.0,"turns":5.0},{"damage":11.0,"enemies":"Large Slime","floor":13.0,"turns":5.0},{"damage":24.0,"enemies":"Slime Boss","floor":16.0,"turns":8.0},{"damage":14.0,"enemies":"Shell Parasite","floor":18.0,"turns":6.0},{"damage":0.0,"enemies":"Chosen","floor":21.0,"turns":4.0},{"damage":13.0,"enemies":"Sentry and Sphere","floor":22.0,"turns":4.0},{"damage":2.0,"enemies":"Centurion and Healer","floor":24.0,"turns":4.0},{"damage":16.0,"enemies":"Snake Plant","floor":28.0,"turns":3.0},{"damage":7.0,"enemies":"Sentry and Sphere","floor":30.0,"turns":4.0},{"damage":15.0,"enemies":"Collector","floor":33.0,"turns":6.0},{"damage":0.0,"enemies":"3 Shapes","floor":35.0,"turns":2.0},{"damage":18.0,"enemies":"Orb Walker","floor":36.0,"turns":4.0},{"damage":19.0,"enemies":"Jaw Worm Horde","floor":38.0,"turns":3.0},{"damage":26.0,"enemies":"Transient","floor":39.0,"turns":5.0},{"damage":0.0,"enemies":"Maw","floor":42.0,"turns":5.0},{"damage":0.0,"enemies":"Sphere and 2 Shapes","floor":44.0,"turns":4.0},{"damage":0,"enemies":"Writhing Mass","floor":48,"turns":5},{"damage":24,"enemies":"Time Eater","floor":50,"turns":5}],"seed_played":"-1660087127688525693","potions_obtained":[{"floor":4.0,"key":"SteroidPotion"},{"floor":11.0,"key":"BlessingOfTheForge"},{"floor":12.0,"key":"Dexterity Potion"},{"floor":13.0,"key":"SpeedPotion"},{"floor":21.0,"key":"Strength Potion"},{"floor":22.0,"key":"CunningPotion"},{"floor":30.0,"key":"Fire Potion"},{"floor":35.0,"key":"Explosive Potion"},{"floor":36.0,"key":"LiquidMemories"},{"floor":39.0,"key":"DuplicationPotion"}],"is_trial":false,"path_per_floor":["M","M","?","M","$","R","?","?","T","M","M","E","M","?","R","B",null,"M","$","?","M","M","R","M","R","T","?","M","R","M","$","R","B",null,"M","M","?","M","M","R","?","M","T","M","$","R","?","M","R","B",null],"character_chosen":"THE_SILENT","items_purchased":["Membership Card","Tactician","Lee\u0027s Waffle","Medical Kit","Fruit Juice","Energy Potion"],"campfire_rested":2,"item_purchase_floors":[19,19,31,45,45,45],"current_hp_per_floor":[63,63,63,63,63,63,56,49,49,45,40,33,34,51,51,39,62,48,48,48,48,47,47,45,45,52,52,48,48,41,84,84,69,80,80,62,62,43,29,54,54,54,54,54,59,59,59,59,85,61],"gold":38,"neow_bonus":"THREE_ENEMY_KILL","is_daily":false,"chose_seed":false,"campfire_upgraded":7,"win_rate":0.0,"timestamp":1613900476,"path_taken":["M","M","?","M","?","R","?","?","T","M","?","E","M","?","R","BOSS","M","$","?","M","M","R","M","R","T","?","?","R","M","$","R","BOSS","M","M","?","M","M","R","?","M","T","M","$","R","?","?","R","BOSS"],"items_purchased_type":["Relic","Card","Relic","Relic","Potion","Potion"],"build_version":"2020-12-22","purchased_purges":3,"victory":true,"max_hp_per_floor":[70,70,70,70,70,70,70,70,70,70,70,70,70,70,70,70,70,70,70,70,70,70,70,70,70,77,77,77,77,77,84,84,84,84,84,84,84,84,84,84,84,84,84,84,89,89,89,89,89,89],"card_choices":[{"not_picked":["Cloak And Dagger","Bane"],"picked":"Masterful Stab","floor":1.0},{"not_picked":["Backflip","Underhanded Strike"],"picked":"Catalyst","floor":2.0},{"not_picked":["Underhanded Strike","Dodge and Roll"],"picked":"PiercingWail","floor":4.0},{"not_picked":["Quick Slash","Reflex"],"picked":"Well Laid Plans","floor":10.0},{"not_picked":["Caltrops","Blade Dance"],"picked":"Crippling Poison","floor":11.0},{"not_picked":["Backflip","Dagger Throw"],"picked":"Phantasmal Killer","floor":12.0},{"not_picked":["Flying Knee","Tactician"],"picked":"Calculated Gamble","floor":13.0},{"not_picked":["A Thousand Cuts","Venomology"],"picked":"Corpse Explosion","floor":16.0},{"not_picked":["Outmaneuver+1","Underhanded Strike+1","Flying Knee"],"picked":"SKIP","floor":18.0},{"not_picked":["Deflect","Skewer","Well Laid Plans"],"picked":"SKIP","floor":21.0},{"not_picked":["Flying Knee","Riddle With Holes"],"picked":"Acrobatics","floor":22.0},{"not_picked":["Slice","Underhanded Strike+1"],"picked":"Footwork","floor":24.0},{"not_picked":["PiercingWail","Dodge and Roll"],"picked":"Reflex+1","floor":28.0},{"not_picked":["Bane","Acrobatics","Dagger Spray"],"picked":"SKIP","floor":30.0},{"not_picked":["Night Terror","Corpse Explosion"],"picked":"Wraith Form v2","floor":33.0},{"not_picked":["Eviscerate+1","Masterful Stab+1","Dagger Spray"],"picked":"SKIP","floor":35.0},{"not_picked":["Cloak And Dagger","Blade Dance","Dagger Spray+1"],"picked":"SKIP","floor":36.0},{"not_picked":["Well Laid Plans","PiercingWail+1"],"picked":"Blur+1","floor":38.0},{"not_picked":["Dodge and Roll","Venomology"],"picked":"Crippling Poison+1","floor":39.0},{"not_picked":["Endless Agony+1","Dagger Spray+1","Slice+1"],"picked":"SKIP","floor":42.0},{"not_picked":["Distraction","Flechettes"],"picked":"Deflect+1","floor":44.0},{"not_picked":["Skewer+1","Deadly Poison+1"],"picked":"Blur","floor":48}],"player_experience":1467019,"relics_obtained":[{"floor":9.0,"key":"Omamori"},{"floor":12.0,"key":"Meat on the Bone"},{"floor":26.0,"key":"Strawberry"},{"floor":43.0,"key":"Snake Skull"}],"event_choices":[{"damage_healed":0.0,"max_hp_gain":0.0,"max_hp_loss":0.0,"gold_gain":0.0,"event_name":"Match and Keep!","player_choice":"1 cards matched","floor":3.0,"gold_loss":0.0,"damage_taken":0.0,"cards_obtained":["Noxious Fumes"]},{"cards_removed":["Defend_G"],"damage_healed":0.0,"max_hp_gain":0.0,"max_hp_loss":0.0,"gold_gain":0.0,"event_name":"Golden Wing","player_choice":"Card Removal","floor":7.0,"gold_loss":0.0,"damage_taken":7.0},{"damage_healed":0.0,"max_hp_gain":0.0,"max_hp_loss":0.0,"gold_gain":0.0,"event_name":"Scrap Ooze","player_choice":"Success","floor":8.0,"gold_loss":0.0,"damage_taken":7.0,"relics_obtained":["Letter Opener"]},{"damage_healed":17.0,"max_hp_gain":0.0,"max_hp_loss":0.0,"gold_gain":0.0,"event_name":"The Cleric","player_choice":"Healed","floor":14.0,"gold_loss":35.0,"damage_taken":0.0},{"damage_healed":0.0,"max_hp_gain":0.0,"max_hp_loss":0.0,"gold_gain":0.0,"cards_transformed":["Strike_G","Defend_G"],"event_name":"Drug Dealer","player_choice":"Became Test Subject","floor":20.0,"gold_loss":0.0,"damage_taken":0.0,"cards_obtained":["After Image","Calculated Gamble"]},{"damage_healed":0.0,"max_hp_gain":0.0,"max_hp_loss":0.0,"gold_gain":0.0,"event_name":"The Library","player_choice":"Read","floor":27.0,"gold_loss":0.0,"damage_taken":0.0,"cards_obtained":["Deadly Poison"]},{"damage_healed":0.0,"max_hp_gain":0.0,"max_hp_loss":0.0,"gold_gain":0.0,"event_name":"Tomb of Lord Red Mask","player_choice":"Ignored","floor":37.0,"gold_loss":0.0,"damage_taken":0.0},{"cards_removed":["Masterful Stab"],"damage_healed":0.0,"max_hp_gain":0.0,"max_hp_loss":0.0,"gold_gain":0.0,"event_name":"Falling","player_choice":"Removed Attack","floor":41.0,"gold_loss":0.0,"damage_taken":0.0},{"damage_healed":0,"gold_gain":0,"player_choice":"Ignored","damage_taken":0,"max_hp_gain":0,"max_hp_loss":0,"event_name":"Mysterious Sphere","floor":47,"gold_loss":0}],"is_beta":false,"boss_relics":[{"not_picked":["SacredBark","Tiny House"],"picked":"Velvet Choker"},{"not_picked":["Runic Dome","Pandora\u0027s Box"],"picked":"Astrolabe"}],"items_purged_floors":[5,19,45],"is_endless":false,"potions_floor_spawned":[4,11,12,13,21,22,30,35,36,39],"ascension_level":7}}