{"host":"l4bxlkn39ih8kz7u","time":1613911682,"event":{"mods":["AchievementEnabler","Act Like it!","Ascension Unlocker","BaseMod","CapriCore","Custom Start","Gensokyo","GifTheSpireLib","HololiveMod","Lobotomy","LobotomyExtend","Minty Spire (QoL Compilation)","Quick Restart","Random Character Button","Ruina","Shop Mod","StSLib","SuperFastMode","The Alterego","Waifu the Spire"],"gold_per_floor":[115,131,141,416,432,432,432,432],"floor_reached":7,"language":"RUS","playtime":207,"items_purged":[],"score":45,"play_id":"f2270d5c-2e55-4026-a310-81b19566a421","local_time":"20210221154802","is_ascension_mode":true,"campfire_choices":[],"circlet_count":0,"master_deck":["SpecialBullet","SpecialBullet","SpecialBullet","SpecialBullet","SpecialBullet","SpecialBullet","SpecialBullet","SpecialBullet","SecurityCode","TrainingCode","ExtractionCode","PunishingBird","Regret"],"relics":["CogitoBucket","Whetstone","LetterFromLob"],"acts_visited":["Exordium"],"potions_floor_usage":[],"damage_taken":[{"damage":10,"enemies":"Small Slimes","floor":1,"turns":2},{"damage":6,"enemies":"Cultist","floor":2,"turns":3},{"damage":12,"enemies":"Jaw Worm","floor":3,"turns":2},{"damage":33,"enemies":"Large Slime","floor":5,"turns":5},{"damage":50,"enemies":"Lagavulin","floor":7,"turns":5}],"seed_played":"-977283258355927177","potions_obtained":[{"floor":1,"key":"DistilledChaos"},{"floor":5,"key":"LiquidBronze"}],"is_trial":false,"path_per_floor":["M","M","M","?","M","R","E"],"character_chosen":"Angela","items_purchased":[],"campfire_rested":0,"item_purchase_floors":[],"current_hp_per_floor":[68,70,66,66,45,45,0,0],"gold":432,"neow_bonus":"RANDOM_COMMON_RELIC","is_daily":false,"chose_seed":false,"campfire_upgraded":0,"win_rate":0.0,"timestamp":1613911682,"path_taken":["M","M","M","?","M","R","E"],"items_purchased_type":[],"build_version":"2020-12-22","purchased_purges":0,"victory":false,"max_hp_per_floor":[70,70,70,70,70,70,70,70],"card_choices":[{"not_picked":["RedEyes","Heaven"],"picked":"SKIP","floor":1},{"not_picked":["Alriune","FairyFestival"],"picked":"PunishingBird","floor":2},{"not_picked":["TodaysExpression","Lantern"],"picked":"SKIP","floor":2},{"not_picked":["SomewhereSpear","RedEyes"],"picked":"SKIP","floor":3},{"not_picked":["Noise","Harmony"],"picked":"SKIP","floor":5}],"player_experience":288300,"relics_obtained":[{"floor":1,"key":"LetterFromLob"}],"event_choices":[{"damage_healed":0,"gold_gain":275,"player_choice":"Desecrate","damage_taken":0,"max_hp_gain":0,"max_hp_loss":0,"event_name":"Golden Shrine","floor":4,"gold_loss":0,"cards_obtained":["Regret"]}],"is_beta":false,"boss_relics":[],"items_purged_floors":[],"is_endless":false,"potions_floor_spawned":[1,5],"killed_by":"Lagavulin","ascension_level":1}}