{"host":"72n3jwtrlpjobydj","time":1613927423,"event":{"mods":["AchievementEnabler","Act Like it!","Arknights","BaseMod","CapriCore","DeckTracker","Hermit","Koishi","Lobotomy","Marisa£¨Ùöéë¡¡Øª×âÞÞ£©","Minty Spire (QoL Compilation)","Permanent Neow","StSLib","SuperFastMode","The Cursed","The Gatherer","The Hierophant","The Immortal"],"gold_per_floor":[363,380,46,11,11,11,11,11],"floor_reached":7,"language":"KOR","playtime":138,"items_purged":[],"score":51,"play_id":"7dd3d60d-31ab-4125-8f15-70f71219787e","local_time":"20210222021023","is_ascension_mode":true,"campfire_choices":[{"floor":6,"key":"RECALL"}],"circlet_count":0,"master_deck":["Strike_R","Strike_R","Strike_R","Strike_R+1","Strike_R","Defend_R","Defend_R","Defend_R","Defend_R","Bash+1","Twin Strike","Pommel Strike"],"relics":["Burning Blood","Strawberry","Pen Nib"],"acts_visited":["Exordium"],"potions_floor_usage":[],"damage_taken":[{"damage":1,"enemies":"2 Louse","floor":1,"turns":3},{"damage":2,"enemies":"ats:Genji","floor":2,"turns":4},{"damage":57,"enemies":"3 Sentries","floor":7,"turns":7}],"seed_played":"-7858351888083645231","potions_obtained":[],"is_trial":false,"path_per_floor":["M","M","$","?","?","R","E"],"character_chosen":"IRONCLAD","items_purchased":["Pommel Strike","Strawberry","Pen Nib"],"campfire_rested":0,"item_purchase_floors":[3,3,3],"current_hp_per_floor":[61,65,72,87,70,70,19,19],"gold":11,"neow_bonus":"TWO_FIFTY_GOLD","is_daily":false,"chose_seed":false,"campfire_upgraded":0,"win_rate":0.0,"timestamp":1613927423,"path_taken":["M","M","$","?","?","R","E"],"items_purchased_type":["Card","Relic","Relic"],"build_version":"2020-12-22","purchased_purges":0,"victory":false,"max_hp_per_floor":[80,80,87,87,87,87,87,87],"card_choices":[{"not_picked":["True Grit","Clothesline"],"picked":"Twin Strike","floor":1},{"not_picked":["Warcry","Armaments","Second Wind"],"picked":"SKIP","floor":2},{"not_picked":["Armaments","Intimidate","Power Through"],"picked":"SKIP","floor":7}],"player_experience":114251,"relics_obtained":[],"event_choices":[{"damage_healed":21,"gold_gain":0,"player_choice":"Healed","damage_taken":0,"max_hp_gain":0,"max_hp_loss":0,"event_name":"The Cleric","floor":4,"gold_loss":35},{"damage_healed":0,"gold_gain":0,"player_choice":"Entered Light","damage_taken":17,"max_hp_gain":0,"max_hp_loss":0,"event_name":"Shining Light","floor":5,"gold_loss":0,"cards_upgraded":["Bash","Strike_R"]}],"is_beta":false,"boss_relics":[],"items_purged_floors":[],"is_endless":false,"potions_floor_spawned":[7],"killed_by":"3 Sentries","ascension_level":1}}