{"host":"qz0goigh82dax5l2","time":1613883666,"event":{"mods":["Act Like it!","Alarm Clock","BaseMod","Energized Spire","Hallownest","Minty Spire (QoL Compilation)","Quick Restart","Reliquary","StSLib","Youmu£®ªÍ∆«—˝√Œ£©","°æ“≈ŒÔø®≈∆°øREMEMod"],"gold_per_floor":[111,126,145,320,320,364,376,404,416,467,479,491,803,34,34,158,158,183,183,183,4,19,19,19],"floor_reached":23,"language":"ZHS","playtime":2855,"items_purged":[],"score":197,"play_id":"9b5753ed-6cf6-482b-aa7f-62b51410847b","local_time":"20210221130106","is_ascension_mode":false,"campfire_choices":[{"floor":12,"key":"REST"},{"floor":15,"key":"REST"}],"circlet_count":0,"master_deck":["Strike_YM","Strike_YM","Strike_YM","Strike_YM","Defend_YM","Defend_YM","Defend_YM","Defend_YM","SlashOfPresentWorld","WheelOfPainOfLivingAndDead","HellRealmSword","PhosphoricSlash","LifeCuttingSword","SuddenPhantomFormationSlashOfKarmicWind","Doubt","Injury","CrescentMoonSlash","SlashOfDelusionalInnerEye","TwoHundredYojanaInOneSlash","ThreeKonsSevenHakus","IrresoluteSoul","BloodOfAsura","MatsuyoiReflectingSatelliteSlash","ObsessionSword+1","SanzenSekai","SanzenSekai"],"relics":["HalfPhantom","REME_ComplimentaryCards","NeowsBlessing","Golden Idol","MawBank","Old Coin","Kunai","FossilizedHelix","reliquary:RedPaperclip","Chemical X"],"acts_visited":["Exordium","TheCity"],"potions_floor_usage":[16,18,23],"damage_taken":[{"damage":0,"enemies":"2 Louse","floor":1,"turns":1},{"damage":0,"enemies":"Jaw Worm","floor":2,"turns":1},{"damage":0,"enemies":"Cultist","floor":3,"turns":1},{"damage":26,"enemies":"Gremlin Nob","floor":6,"turns":5},{"damage":25,"enemies":"Large Slime","floor":8,"turns":5},{"damage":17,"enemies":"Lagavulin","floor":10,"turns":9},{"damage":7,"enemies":"Hexaghost","floor":16,"turns":15},{"damage":18,"enemies":"Shell Parasite","floor":18,"turns":5},{"damage":0,"enemies":"2 Thieves","floor":22,"turns":3},{"damage":58,"enemies":"Slavers","floor":23,"turns":3}],"seed_played":"8600416134319798665","potions_obtained":[{"floor":1,"key":"Dexterity Potion"},{"floor":6,"key":"LiquidBronze"},{"floor":16,"key":"Energy Potion"},{"floor":18,"key":"REME_GoldPotion"}],"is_trial":false,"path_per_floor":["M","M","M","?","?","E","?","M","T","E","?","R","?","$","R","B",null,"M","?","?","$","M","E"],"character_chosen":"YOUMU","items_purchased":["Kunai","FossilizedHelix","ThreeKonsSevenHakus","IrresoluteSoul","BloodOfAsura","Chemical X","SanzenSekai"],"campfire_rested":2,"item_purchase_floors":[14,14,14,14,14,21,21],"current_hp_per_floor":[75,75,75,75,75,49,49,24,24,7,7,29,11,11,33,26,75,57,57,57,57,57,0,0],"gold":19,"neow_bonus":"THREE_ENEMY_KILL","is_daily":false,"chose_seed":false,"campfire_upgraded":0,"win_rate":0.0,"timestamp":1613883666,"path_taken":["M","M","M","?","?","E","?","?","T","E","?","R","?","$","R","BOSS","M","?","?","?","?","E"],"items_purchased_type":["Relic","Relic","Card","Card","Card","Relic","Card"],"build_version":"2020-12-22","purchased_purges":0,"victory":false,"max_hp_per_floor":[75,75,75,75,75,75,75,75,75,75,75,75,75,75,75,75,75,75,75,75,75,75,75,75],"card_choices":[{"not_picked":["CherryBlossomFlashing","SwordOfBindingDesires"],"picked":"PhosphoricSlash","floor":1},{"not_picked":["ReincarnationSword","SwordOfBindingDesires"],"picked":"LifeCuttingSword","floor":2},{"not_picked":["LowerRealmReflectionSlash","FantasyOfEnteringEnlightenment"],"picked":"SuddenPhantomFormationSlashOfKarmicWind","floor":3},{"not_picked":["SwordExtraction","SpiritCuttingSword"],"picked":"CrescentMoonSlash","floor":6},{"not_picked":["RapidSlash","SlashOfMeditation"],"picked":"SlashOfDelusionalInnerEye","floor":8},{"not_picked":["TenKingsRetributionOnThePreta","FlashingScatteredFlowers"],"picked":"TwoHundredYojanaInOneSlash","floor":10},{"not_picked":["StrangeHalfBody","IrresoluteSoul"],"picked":"MatsuyoiReflectingSatelliteSlash","floor":16},{"not_picked":["LifeCuttingSword","LotusPostureSlash"],"picked":"ObsessionSword+1","floor":18},{"not_picked":["PhosphoricSlash","CrescentMoonSlash"],"picked":"SanzenSekai","floor":22}],"player_experience":79819,"relics_obtained":[{"floor":6,"key":"MawBank"},{"floor":10,"key":"Lantern"}],"event_choices":[{"damage_healed":0,"gold_gain":175,"player_choice":"AGREE","damage_taken":0,"max_hp_gain":0,"max_hp_loss":0,"event_name":"Liars Game","floor":4,"gold_loss":0,"cards_obtained":["Doubt"]},{"damage_healed":0,"gold_gain":0,"player_choice":"Take Wound","damage_taken":0,"relics_obtained":["Golden Idol"],"max_hp_gain":0,"max_hp_loss":0,"event_name":"Golden Idol","floor":5,"gold_loss":0,"cards_obtained":["Injury"]},{"damage_healed":0,"gold_gain":0,"player_choice":"Gave Potion","damage_taken":0,"relics_obtained":["HornCleat"],"max_hp_gain":0,"max_hp_loss":0,"event_name":"WeMeetAgain","floor":7,"gold_loss":0},{"damage_healed":0,"gold_gain":0,"player_choice":"Ignored","damage_taken":0,"max_hp_gain":0,"max_hp_loss":0,"event_name":"Shining Light","floor":11,"gold_loss":0},{"damage_healed":0,"gold_gain":0,"player_choice":"Success","damage_taken":18,"relics_obtained":["Old Coin"],"max_hp_gain":0,"max_hp_loss":0,"event_name":"Scrap Ooze","floor":13,"gold_loss":0},{"damage_healed":0,"gold_gain":0,"player_choice":"Ignored","damage_taken":0,"max_hp_gain":0,"max_hp_loss":0,"event_name":"Ghosts","floor":19,"gold_loss":0},{"damage_healed":0,"gold_gain":0,"player_choice":"Ignored","damage_taken":0,"max_hp_gain":0,"max_hp_loss":0,"event_name":"Beggar","floor":20,"gold_loss":0}],"is_beta":false,"boss_relics":[{"not_picked":["reliquary:KinkedSpring","reliquary:Craggleroot"],"picked":"reliquary:RedPaperclip"}],"items_purged_floors":[],"is_endless":false,"potions_floor_spawned":[1,6,16,18],"killed_by":"Slavers","ascension_level":0}}