{"host":"i0kvgscy22nkofud","time":1613949438,"event":{"mods":["AchievementEnabler","BaseMod","BetterRewards","Colored Powertips","Hubris","Infinite Spire","Minty Spire (QoL Compilation)","Quick Restart","Replay The Spire","StSLib"],"gold_per_floor":[109,126,318,337,0,25,39,54,54,65,65,65,85,10,10,131,131,147,160,160,160,183,224,139,139,213,19,19,32,32,55,55,184,184,217,217,146,146,146],"floor_reached":38,"language":"ENG","playtime":14315,"items_purged":["Delirium","Injury","Amnesia"],"score":598,"play_id":"c5367944-6f9b-4ee9-bfae-da69db4d667a","local_time":"20210221161718","is_ascension_mode":false,"campfire_choices":[{"floor":15,"key":"REST"},{"floor":28,"key":"REST"},{"data":"ReplayTheSpireMod:Black Plague","floor":30,"key":"SMITH"}],"circlet_count":0,"master_deck":["Strike_R","Strike_R","Strike_R","Strike_R","Strike_R","Defend_R","Defend_R","Defend_R","Defend_R","Bash","Strike_R","hubris:Defend_Merchant","Replay:Undeath\u0027s Touch","hubris:SharpeningStone","Rage","Blood for Blood","Fire Breathing","ReplayReversal","Perfected Strike","Reckless Charge","Disarm","Body Slam","ReplayTheSpireMod:Stacked","Metallicize","hubris:StunningStrike","Anger+1","infinitespire:OneForAll","Perfected Strike","Iron Wave+1","ReplayTheSpireMod:Black Plague+1","Barricade","infinitespire:OneForAll","Demon Form","Reaper","Body Slam+1","infinitespire:SealOfDarkness+"],"relics":["Burning Blood","Strange Spoon","TungstenRod","Magic Flower","Golden Idol","Ring of Panic","ReplayTheSpireMod:Ring of Collecting","Mark of Pain","hubris:SlimyHat","hubris:ChampionShield","Replay:Rubber Ducky","Ring of Greed","MealTicket","Replay:Wax Seal","ClockworkSouvenir","infinitespire:EvilPickle","Ooze Armor","Garlic"],"acts_visited":["Exordium","TheCity","TheBeyond"],"potions_floor_usage":[6,16,23,33,33,33,38],"damage_taken":[{"damage":5,"enemies":"Cultist","floor":1,"turns":4},{"damage":0,"enemies":"Small Slimes","floor":2,"turns":3},{"damage":2,"enemies":"Jaw Worm","floor":4,"turns":3},{"damage":37,"enemies":"Gremlin Nob","floor":6,"turns":6},{"damage":12,"enemies":"Blue Slaver","floor":7,"turns":4},{"damage":10,"enemies":"Looter","floor":8,"turns":3},{"damage":17,"enemies":"2 Fungi Beasts","floor":10,"turns":5},{"damage":15,"enemies":"Blue Slaver","floor":13,"turns":4},{"damage":29,"enemies":"Fading Forest","floor":16,"turns":11},{"damage":3,"enemies":"3 Byrds","floor":18,"turns":8},{"damage":7,"enemies":"Shell Parasite","floor":19,"turns":5},{"damage":23,"enemies":"Centurion and Healer","floor":22,"turns":9},{"damage":45,"enemies":"Nightmare","floor":23,"turns":11},{"damage":1,"enemies":"Snake Plant","floor":29,"turns":2},{"damage":1,"enemies":"Snecko","floor":31,"turns":5},{"damage":2,"enemies":"Pondfish","floor":33,"turns":8},{"damage":6,"enemies":"3 Shapes","floor":35,"turns":5},{"damage":17,"enemies":"3 Darklings","floor":37,"turns":6},{"damage":92,"enemies":"2 Orb Walkers","floor":38,"turns":7}],"seed_played":"3451625507102514771","potions_obtained":[{"floor":1,"key":"Block Potion"},{"floor":8,"key":"Strength Potion"},{"floor":16,"key":"SkillPotion"},{"floor":18,"key":"ColorlessPotion"},{"floor":19,"key":"Dexterity Potion"},{"floor":23,"key":"Reflective Coating"},{"floor":32,"key":"Milkshake"},{"floor":35,"key":"Adrenaline Potion"},{"floor":37,"key":"Adrenaline Potion"}],"is_trial":false,"path_per_floor":["M","M","?","M","$","E","M","M","T","M","?","?","M","$","R","B",null,"M","M","?","AVR","M","NM","?","?","T","$","R","M","R","M","R","B",null,"M","AVR","M","?"],"character_chosen":"IRONCLAD","items_purchased":["Strange Spoon","Fire Breathing","ReplayReversal","Perfected Strike","Barricade","ClockworkSouvenir"],"campfire_rested":2,"item_purchase_floors":[5,5,5,5,27,27],"current_hp_per_floor":[96,96,96,96,96,65,59,55,55,47,47,47,41,41,69,64,96,96,96,96,96,82,46,46,46,46,61,89,96,96,96,96,96,96,96,96,88,0,0],"gold":146,"neow_bonus":"TWENTY_PERCENT_HP_BONUS","is_daily":false,"chose_seed":false,"campfire_upgraded":1,"win_rate":0.0,"timestamp":1613949438,"path_taken":["M","M","?","M","$","E","M","M","T","?","?","?","M","?","R","BOSS","M","M","?","AVR","M","NM","?","?","T","?","R","?","R","M","R","BOSS","M","AVR","M","?"],"items_purchased_type":["Relic","Card","Card","Card","Card","Relic"],"build_version":"2020-12-22","purchased_purges":3,"victory":false,"max_hp_per_floor":[96,96,96,96,96,96,96,96,96,96,96,96,96,96,96,96,96,96,96,96,96,96,96,96,96,96,96,96,96,96,96,96,96,96,96,96,96,96,96],"card_choices":[{"not_picked":["Sword Boomerang","Shrug It Off"],"picked":"Replay:Undeath\u0027s Touch","floor":1},{"not_picked":["Headbutt","Pommel Strike"],"picked":"hubris:SharpeningStone","floor":2},{"not_picked":["Power Through","hubris:ReadiedAction"],"picked":"Rage","floor":3},{"not_picked":["Run Through","Armaments"],"picked":"Blood for Blood","floor":4},{"not_picked":["Feel No Pain","Offering"],"picked":"Reckless Charge","floor":6},{"not_picked":["Twin Strike","Ghostly Armor"],"picked":"Disarm","floor":7},{"not_picked":["Warcry","Shrug It Off"],"picked":"Body Slam","floor":8},{"not_picked":["hubris:ReadiedAction","Warcry"],"picked":"ReplayTheSpireMod:Stacked","floor":10},{"not_picked":["Perfected Strike","Clothesline"],"picked":"Metallicize","floor":13},{"not_picked":["Demonic Infusion","Impervious"],"picked":"hubris:StunningStrike","floor":16},{"not_picked":["Sword Boomerang","Power Through"],"picked":"Anger+1","floor":18},{"not_picked":["Twin Strike+1","Armaments"],"picked":"infinitespire:OneForAll","floor":19},{"not_picked":["Sword Boomerang","Thunderclap"],"picked":"Perfected Strike","floor":22},{"not_picked":["Sever Soul","Thunderclap"],"picked":"Iron Wave+1","floor":23},{"not_picked":["ReplayTheSpireMod:Echoes of Time","infinitespire:SealOfDarkness+"],"picked":"ReplayTheSpireMod:Black Plague","floor":23},{"not_picked":["True Grit","Iron Wave+1"],"picked":"infinitespire:OneForAll","floor":29},{"not_picked":["Searing Blow","Body Slam"],"picked":"Demon Form","floor":31},{"not_picked":["Demon Form","hubris:StunningStrike"],"picked":"Reaper","floor":33},{"not_picked":["Blood for Blood+1","ReplayTheSpireMod:Strike From Hell"],"picked":"Body Slam+1","floor":35},{"not_picked":["ReplayTheSpireMod:Strike From Hell+1","Headbutt","Warcry"],"picked":"SKIP","floor":37}],"player_experience":0,"relics_obtained":[{"floor":6,"key":"TungstenRod"},{"floor":9,"key":"Magic Flower"},{"floor":12,"key":"Ring of Panic"},{"floor":12,"key":"ReplayTheSpireMod:Ring of Collecting"},{"floor":23,"key":"hubris:SlimyHat"},{"floor":26,"key":"Replay:Rubber Ducky"},{"floor":26,"key":"Ring of Greed"},{"floor":26,"key":"MealTicket"},{"floor":26,"key":"Replay:Wax Seal"}],"event_choices":[{"damage_healed":0,"gold_gain":0,"player_choice":"Take Wound","damage_taken":0,"relics_obtained":["Golden Idol"],"max_hp_gain":0,"max_hp_loss":0,"event_name":"Golden Idol","floor":11,"gold_loss":0,"cards_obtained":["Injury"]},{"damage_healed":0,"gold_gain":0,"player_choice":"Ignored","damage_taken":0,"max_hp_gain":0,"max_hp_loss":0,"event_name":"Vampires","floor":20,"gold_loss":0},{"damage_healed":0,"gold_gain":0,"player_choice":"Obtained Relic","damage_taken":0,"relics_obtained":["hubris:ChampionShield"],"max_hp_gain":0,"max_hp_loss":0,"event_name":"Addict","floor":24,"gold_loss":85},{"damage_healed":0,"gold_gain":0,"player_choice":"Ignored","damage_taken":0,"max_hp_gain":0,"max_hp_loss":0,"event_name":"Beggar","floor":25,"gold_loss":0},{"damage_healed":0,"gold_gain":0,"player_choice":"Fight","damage_taken":0,"max_hp_gain":0,"max_hp_loss":0,"event_name":"Mysterious Sphere","floor":38,"gold_loss":0}],"is_beta":false,"boss_relics":[{"not_picked":["Empty Cage","hubris:GrandSneckoEye"],"picked":"Mark of Pain"},{"not_picked":["Velvet Choker","hubris:RunicObelisk"],"picked":"Ooze Armor"}],"items_purged_floors":[14,21,36],"is_endless":true,"potions_floor_spawned":[1,8,16,18,19,23,35,37],"killed_by":"2 Orb Walkers","ascension_level":0}}