{"host":"mithrandi","time":1613910229,"event":{"mods":["BaseMod","Colored Map","Highlight Path","Minty Spire (QoL Compilation)","SuperFastMode"],"gold_per_floor":[213,213,226,49,60,85,85,99,125,45,59,59,92,110,110,189,189,209,209,26,41,58,58,91,100,100,127,151,151,26,26,26,109,109,129,144,159,184,195,195,230,230,230,230,230,257,275,286,286,286,286,286,295,48,90,90,90],"floor_reached":56,"language":"ENG","playtime":5367,"items_purged":["Strike_R","Strike_R","Strike_R"],"score":1950,"play_id":"b123f0f8-7d32-4d0d-aca6-5d874643e0c1","local_time":"20210221142349","is_ascension_mode":true,"campfire_choices":[{"data":"Rupture","floor":7.0,"key":"SMITH"},{"floor":12.0,"key":"REST"},{"data":"Battle Trance","floor":15.0,"key":"SMITH"},{"floor":23.0,"key":"REST"},{"floor":25.0,"key":"REST"},{"floor":32.0,"key":"REST"},{"floor":40.0,"key":"RECALL"},{"floor":42.0,"key":"REST"},{"floor":45.0,"key":"REST"},{"floor":49.0,"key":"REST"},{"floor":53.0,"key":"REST"}],"circlet_count":0,"master_deck":["AscendersBane","Strike_R","Strike_R","Defend_R","Defend_R","Defend_R","Defend_R","Bash","Battle Trance+1","Pain","Rupture+1","Shrug It Off","Twin Strike","Shrug It Off","Bloodletting","Heavy Blade","Blood for Blood","Blood for Blood","Hemokinesis","Reaper","Hemokinesis","Heavy Blade+1","Rupture","Limit Break","Thinking Ahead","Panache","Burning Pact","Exhume","Disarm"],"relics":["Burning Blood","WarpedTongs","Tiny Chest","PreservedInsect","Dream Catcher","Fusion Hammer","CeramicFish","Mango","HornCleat","Eternal Feather","Runic Pyramid","Pocketwatch","Juzu Bracelet","Kunai","Du-Vu Doll"],"acts_visited":["Exordium","TheCity","TheBeyond","TheEnding"],"potions_floor_usage":[56,56],"damage_taken":[{"damage":14.0,"enemies":"Jaw Worm","floor":1.0,"turns":5.0},{"damage":4.0,"enemies":"Cultist","floor":3.0,"turns":3.0},{"damage":11.0,"enemies":"Small Slimes","floor":5.0,"turns":3.0},{"damage":21.0,"enemies":"3 Sentries","floor":6.0,"turns":10.0},{"damage":16.0,"enemies":"Looter","floor":8.0,"turns":3.0},{"damage":6.0,"enemies":"Blue Slaver","floor":11.0,"turns":3.0},{"damage":8.0,"enemies":"Lagavulin","floor":13.0,"turns":4.0},{"damage":13.0,"enemies":"Large Slime","floor":14.0,"turns":4.0},{"damage":29.0,"enemies":"Hexaghost","floor":16.0,"turns":4.0},{"damage":12.0,"enemies":"2 Thieves","floor":18.0,"turns":4.0},{"damage":50.0,"enemies":"3 Byrds","floor":21.0,"turns":5.0},{"damage":25.0,"enemies":"Centurion and Healer","floor":22.0,"turns":6.0},{"damage":11.0,"enemies":"Gremlin Leader","floor":24.0,"turns":7.0},{"damage":32.0,"enemies":"Book of Stabbing","floor":27.0,"turns":4.0},{"damage":15.0,"enemies":"Shelled Parasite and Fungi","floor":28.0,"turns":3.0},{"damage":40.0,"enemies":"Automaton","floor":33.0,"turns":6.0},{"damage":16.0,"enemies":"Orb Walker","floor":35.0,"turns":3.0},{"damage":14.0,"enemies":"3 Shapes","floor":36.0,"turns":4.0},{"damage":23.0,"enemies":"3 Darklings","floor":37.0,"turns":3.0},{"damage":34.0,"enemies":"Mind Bloom Boss Battle","floor":38.0,"turns":5.0},{"damage":56.0,"enemies":"Jaw Worm Horde","floor":39.0,"turns":4.0},{"damage":99.0,"enemies":"Nemesis","floor":41.0,"turns":5.0},{"damage":33.0,"enemies":"Spire Growth","floor":48.0,"turns":3.0},{"damage":93.0,"enemies":"Awakened One","floor":50.0,"turns":5.0},{"damage":47.0,"enemies":"Donu and Deca","floor":51.0,"turns":4.0},{"damage":68.0,"enemies":"Shield and Spear","floor":55.0,"turns":4.0},{"damage":97,"enemies":"The Heart","floor":56,"turns":6}],"seed_played":"-113104623426939246","potions_obtained":[{"floor":1.0,"key":"GamblersBrew"},{"floor":6.0,"key":"FairyPotion"},{"floor":14.0,"key":"ElixirPotion"},{"floor":18.0,"key":"SpeedPotion"},{"floor":24.0,"key":"SteroidPotion"},{"floor":27.0,"key":"Block Potion"},{"floor":36.0,"key":"Block Potion"},{"floor":48.0,"key":"BlessingOfTheForge"},{"floor":55.0,"key":"HeartOfIron"}],"is_trial":false,"path_per_floor":["M","?","M","$","M","E","R","M","T","$","M","R","E","M","R","B",null,"M","?","$","M","M","R","E","R","T","E","M","T","$","?","R","B",null,"M","M","M","?","M","R","E","R","T","?","R","T","?","M","R","B","B",null,"R","$","E","B"],"character_chosen":"IRONCLAD","items_purchased":["Shrug It Off","Twin Strike","Blood for Blood","Hemokinesis","Exhume","Regen Potion"],"campfire_rested":8,"item_purchase_floors":[4,4,10,20,54,54],"current_hp_per_floor":[60,60,62,62,57,42,42,32,32,32,32,54,52,45,45,22,62,60,60,60,26,8,30,25,47,61,47,51,51,51,51,89,80,87,89,86,80,89,89,89,77,89,89,89,89,89,79,89,89,28,7,69,89,89,80,0,0],"gold":90,"neow_bonus":"HUNDRED_GOLD","is_daily":false,"chose_seed":false,"campfire_upgraded":2,"win_rate":0.0,"timestamp":1613910229,"path_taken":["M","?","M","$","M","E","R","M","T","?","?","R","E","M","R","BOSS","M","?","$","M","M","R","E","R","T","E","M","?","$","?","R","BOSS","M","M","M","?","M","R","E","R","T","?","R","?","?","M","R","BOSS","BOSS","R","$","E","BOSS"],"items_purchased_type":["Card","Card","Card","Card","Card","Potion"],"build_version":"2020-12-18","purchased_purges":3,"victory":false,"max_hp_per_floor":[75,75,75,75,75,75,75,75,75,75,75,75,75,75,75,75,75,75,75,75,75,75,75,75,75,89,89,89,89,89,89,89,89,89,89,89,89,89,89,89,89,89,89,89,89,89,89,89,89,89,89,89,89,89,89,89,89],"card_choices":[{"not_picked":["Armaments","True Grit"],"picked":"Battle Trance","floor":1.0},{"not_picked":["Combust","Clash"],"picked":"Rupture","floor":3.0},{"not_picked":["Evolve","Rampage"],"picked":"Shrug It Off","floor":5.0},{"not_picked":["Dual Wield","Feel No Pain"],"picked":"Bloodletting","floor":6.0},{"not_picked":["Perfected Strike","Wild Strike"],"picked":"Heavy Blade","floor":8.0},{"not_picked":["Thunderclap","True Grit"],"picked":"Blood for Blood","floor":11.0},{"not_picked":["Fiend Fire","Body Slam"],"picked":"Hemokinesis","floor":13.0},{"not_picked":["Iron Wave","Pommel Strike","Anger"],"picked":"SKIP","floor":14.0},{"not_picked":["Limit Break","Immolate"],"picked":"Reaper","floor":16.0},{"not_picked":["Armaments","Second Wind","Anger"],"picked":"SKIP","floor":18.0},{"not_picked":["Sever Soul","Wild Strike","True Grit"],"picked":"SKIP","floor":21.0},{"not_picked":["True Grit","Sword Boomerang","Iron Wave"],"picked":"SKIP","floor":22.0},{"not_picked":["Whirlwind","Perfected Strike","Dropkick"],"picked":"SKIP","floor":24.0},{"not_picked":["True Grit+1","Clash"],"picked":"Heavy Blade+1","floor":25.0},{"not_picked":["Havoc+1","Sentinel","Spot Weakness"],"picked":"SKIP","floor":27.0},{"not_picked":["Clash","Carnage"],"picked":"Rupture","floor":28.0},{"not_picked":["Offering","Feed"],"picked":"Limit Break","floor":33.0},{"not_picked":["Pummel","Evolve","Rage"],"picked":"SKIP","floor":35.0},{"not_picked":["Headbutt","Clothesline+1","True Grit"],"picked":"SKIP","floor":36.0},{"not_picked":["Dual Wield","Havoc","Intimidate"],"picked":"SKIP","floor":37.0},{"not_picked":["Clash","Dual Wield","True Grit+1"],"picked":"SKIP","floor":39.0},{"not_picked":["True Grit+1","Infernal Blade","Havoc+1"],"picked":"SKIP","floor":41.0},{"not_picked":["Impatience","Swift Strike"],"picked":"Thinking Ahead","floor":47.0},{"not_picked":["Mayhem","Purity"],"picked":"Panache","floor":47.0},{"not_picked":["Wild Strike+1","Twin Strike+1","Iron Wave"],"picked":"SKIP","floor":48.0},{"not_picked":["Havoc","Sword Boomerang"],"picked":"Burning Pact","floor":53.0},{"not_picked":["Barricade","Warcry+1"],"picked":"Disarm","floor":55.0}],"player_experience":3040263,"relics_obtained":[{"floor":6.0,"key":"Tiny Chest"},{"floor":9.0,"key":"PreservedInsect"},{"floor":13.0,"key":"Dream Catcher"},{"floor":24.0,"key":"CeramicFish"},{"floor":26.0,"key":"Mango"},{"floor":27.0,"key":"HornCleat"},{"floor":29.0,"key":"Eternal Feather"},{"floor":38.0,"key":"Pocketwatch"},{"floor":41.0,"key":"Juzu Bracelet"},{"floor":43.0,"key":"Kunai"},{"floor":55.0,"key":"Du-Vu Doll"}],"event_choices":[{"damage_healed":0.0,"max_hp_gain":0.0,"max_hp_loss":0.0,"gold_gain":0.0,"event_name":"Accursed Blacksmith","player_choice":"Rummage","floor":2.0,"gold_loss":0.0,"damage_taken":0.0,"relics_obtained":["WarpedTongs"],"cards_obtained":["Pain"]},{"damage_healed":0.0,"max_hp_gain":0.0,"max_hp_loss":0.0,"gold_gain":0.0,"event_name":"The Mausoleum","player_choice":"Ignored","floor":19.0,"gold_loss":0.0,"damage_taken":0.0},{"damage_healed":0.0,"max_hp_gain":0.0,"max_hp_loss":0.0,"gold_gain":0.0,"event_name":"Ghosts","player_choice":"Ignored","floor":31.0,"gold_loss":0.0,"damage_taken":0.0},{"damage_healed":0.0,"max_hp_gain":0.0,"max_hp_loss":0.0,"gold_gain":0.0,"event_name":"MindBloom","player_choice":"Fight","floor":38.0,"gold_loss":0.0,"damage_taken":0.0},{"damage_healed":0.0,"max_hp_gain":0.0,"max_hp_loss":0.0,"gold_gain":0.0,"event_name":"Tomb of Lord Red Mask","player_choice":"Ignored","floor":44.0,"gold_loss":0.0,"damage_taken":0.0},{"damage_healed":0.0,"max_hp_gain":0.0,"max_hp_loss":0.0,"gold_gain":0.0,"event_name":"SensoryStone","player_choice":"Memory 3","floor":47.0,"gold_loss":0.0,"damage_taken":10.0}],"is_beta":true,"boss_relics":[{"not_picked":["Empty Cage","Ectoplasm"],"picked":"Fusion Hammer"},{"not_picked":["Astrolabe","Philosopher\u0027s Stone"],"picked":"Runic Pyramid"}],"items_purged_floors":[4,20,30],"is_endless":false,"potions_floor_spawned":[1,6,11,14,18,24,27,36,37,39,48,55],"killed_by":"The Heart","ascension_level":20}}