{"host":"d4hjo1dp8g06u19c","time":1613922968,"event":{"mods":["Act Like it!","Arknights","BaseMod","Better Match","BetterRewards","Colored Map","Colored Powertips","Downfall","LagranYue(¿≠∏Ò¿ °§‘¬)","Marisa£®ÏF”Í°°ƒß¿Ì…≥£©","Minty Spire (QoL Compilation)","Quick Restart","Remove Card Discount Mod","Shop Mod","Spicy Shops","StSLib","The Animator","The Servant 0.9.4","TheSwordswoman","UnlockEverythingMod","Youmu£®ªÍ∆«—˝√Œ£©","noobMod","ÛÙª÷∏ƒœ"],"gold_per_floor":[209,56,231,231,245,271,271,305,387,352,352,89,104,121,121,220,270,289,289,299,299,299,22,42,42,42,75,75,107,133,179,191,301,313,336,348,360,372,400,431,443,555,567,629,674,248,260,260,31,31],"floor_reached":51,"language":"ZHS","playtime":2582,"items_purged":["Strike_R","Defend_R","Strike_R","Strike_R","Parasite","animator:Curse_GriefSeed","Regret","Madness","Madness","Strike_R","Parasite","Disarm","Berserk","Warcry","Warcry","Warcry","Strike_R","Bash+1","Shrug It Off","Twin Strike"],"score":896,"play_id":"dc162c01-51a5-4c0f-b690-afc0db5362cc","local_time":"20210221235608","is_ascension_mode":false,"campfire_choices":[{"data":"Heavy Blade","floor":7.0,"key":"SMITH"},{"data":"Apotheosis","floor":15.0,"key":"SMITH"},{"data":"Offering","floor":32.0,"key":"SMITH"},{"data":"Reaper","floor":41.0,"key":"SMITH"}],"circlet_count":0,"master_deck":["Heavy Blade+1","Inflame","Spot Weakness","Apotheosis+1","Flex","Sword Boomerang","Reaper+1","Inflame","Offering+1","Shrug It Off+1","Feed","Offering","Limit Break","Master of Strategy","Blood for Blood"],"relics":["Burning Blood","ice","LagranYue:RandomDrawCardRelic","MealTicket","The Courier","Tiny House","Vajra","Membership Card","CaptainsWheel","Juzu Bracelet","Lee\u0027s Waffle","Incense Burner","MawBank","Omamori","Runic Cube","Darkstone Periapt","Lantern","CatCart","Regal Pillow","Blood Vial","MerchantsRug","Brimstone","Orrery","Bag of Preparation","Bronze Scales","PrismaticShard","Nunchaku","Akabeko"],"acts_visited":["Exordium","TheCity","TheBeyond"],"potions_floor_usage":[],"damage_taken":[{"damage":10.0,"enemies":"ats:Genji","floor":1.0,"turns":5.0},{"damage":11.0,"enemies":"Jaw Worm","floor":5.0,"turns":3.0},{"damage":13.0,"enemies":"Gremlin Nob","floor":6.0,"turns":3.0},{"damage":34.0,"enemies":"Lagavulin","floor":8.0,"turns":8.0},{"damage":3.0,"enemies":"Cultist","floor":13.0,"turns":3.0},{"damage":6.0,"enemies":"Exordium Wildlife","floor":14.0,"turns":2.0},{"damage":20.0,"enemies":"The Guardian","floor":16.0,"turns":6.0},{"damage":0.0,"enemies":"Chosen","floor":18.0,"turns":4.0},{"damage":37.0,"enemies":"2 Thieves","floor":20.0,"turns":4.0},{"damage":13.0,"enemies":"Snake Plant","floor":24.0,"turns":3.0},{"damage":33.0,"enemies":"Gremlin Leader","floor":27.0,"turns":4.0},{"damage":0.0,"enemies":"Snecko","floor":29.0,"turns":4.0},{"damage":21.0,"enemies":"Centurion and Healer","floor":30.0,"turns":4.0},{"damage":20.0,"enemies":"Slavers","floor":31.0,"turns":4.0},{"damage":12.0,"enemies":"Automaton","floor":33.0,"turns":6.0},{"damage":1.0,"enemies":"3 Shapes","floor":35.0,"turns":3.0},{"damage":20.0,"enemies":"Orb Walker","floor":39.0,"turns":4.0},{"damage":6.0,"enemies":"Spire Growth","floor":40.0,"turns":3.0},{"damage":39.0,"enemies":"Orin","floor":44.0,"turns":6.0},{"damage":96.0,"enemies":"Reptomancer","floor":45.0,"turns":4.0},{"damage":28.0,"enemies":"4 Shapes","floor":47.0,"turns":4.0},{"damage":81,"enemies":"Awakened One","floor":50,"turns":5}],"seed_played":"295635000181788540","potions_obtained":[{"floor":1.0,"key":"Fire Potion"},{"floor":6.0,"key":"Swift Potion"},{"floor":14.0,"key":"champ:CounterPotion"},{"floor":17.0,"key":"EntropicBrew"},{"floor":18.0,"key":"FearPotion"},{"floor":24.0,"key":"Weak Potion"},{"floor":33.0,"key":"Strength Potion"},{"floor":39.0,"key":"BlessingOfTheForge"},{"floor":40.0,"key":"FearPotion"},{"floor":44.0,"key":"Fire Potion"},{"floor":47.0,"key":"Ancient Potion"}],"is_trial":false,"path_per_floor":["M","$","?","?","M","E","R","E","T","?","?","R","M","M","R","B",null,"M","?","M","?","?","R","M","?","T","E","T","M","M","E","R","B",null,"M","?","?","?","M","M","R","?","T","?","E","$","M","?","R","B",null],"character_chosen":"IRONCLAD","items_purchased":["Inflame","Spot Weakness","Apotheosis","Flex","Warcry","Membership Card","Inflame","CaptainsWheel","Juzu Bracelet","Lee\u0027s Waffle","Offering","Blood Vial","MerchantsRug","Warcry","Brimstone","Orrery","Bag of Preparation","Master of Strategy","Blood for Blood","Bronze Scales","PrismaticShard","Nunchaku","Akabeko"],"campfire_rested":0,"item_purchase_floors":[2,2,12,12,12,23,23,23,23,23,46,46,46,46,46,46,46,46,49,49,49,49,49],"current_hp_per_floor":[76,76,76,76,71,64,64,36,36,56,56,56,59,59,59,45,85,85,85,61,61,61,92,85,85,85,65,65,71,56,54,54,87,92,92,92,92,80,78,78,78,101,101,96,21,36,80,80,86,83],"gold":31,"neow_bonus":"HUNDRED_GOLD","is_daily":false,"chose_seed":false,"campfire_upgraded":4,"win_rate":0.0,"timestamp":1613922968,"path_taken":["M","$","?","?","M","E","R","E","T","?","?","R","M","M","R","BOSS","M","?","M","?","?","R","M","?","T","E","?","M","M","E","R","BOSS","M","?","?","?","M","M","R","?","T","?","E","$","M","?","R","BOSS"],"items_purchased_type":["Card","Card","Card","Card","Card","Relic","Card","Relic","Relic","Relic","Card","Relic","Relic","Card","Relic","Relic","Relic","Card","Card","Relic","Relic","Relic","Relic"],"build_version":"2020-12-22","purchased_purges":20,"victory":true,"max_hp_per_floor":[80,80,80,80,80,80,80,80,80,80,80,80,80,80,80,80,85,85,85,85,85,85,92,92,92,92,92,92,92,92,92,92,92,92,92,92,92,92,92,92,92,115,115,115,115,112,116,116,119,123],"card_choices":[{"not_picked":["Shockwave","Pommel Strike"],"picked":"Heavy Blade","floor":1.0},{"not_picked":["Shockwave","Blood for Blood","Body Slam"],"picked":"SKIP","floor":5.0},{"not_picked":["Double Tap","Twin Strike"],"picked":"Disarm","floor":6.0},{"not_picked":["Wild Strike","Shockwave","Iron Wave"],"picked":"SKIP","floor":8.0},{"not_picked":["Cleave","Havoc"],"picked":"Sword Boomerang","floor":13.0},{"not_picked":["Disarm","Sword Boomerang","Clash"],"picked":"SKIP","floor":14.0},{"not_picked":["Double Tap","Bludgeon"],"picked":"Reaper","floor":16.0},{"not_picked":["Clash","Heavy Blade"],"picked":"Warcry","floor":17.0},{"not_picked":["Entrench","Metallicize","Flex"],"picked":"SKIP","floor":18.0},{"not_picked":["Armaments","Flex","Twin Strike"],"picked":"SKIP","floor":20.0},{"not_picked":["True Grit+1","Armaments"],"picked":"Shrug It Off","floor":24.0},{"not_picked":["Warcry","Hemokinesis","Wild Strike"],"picked":"SKIP","floor":27.0},{"not_picked":["Rupture","Heavy Blade","Clothesline"],"picked":"SKIP","floor":29.0},{"not_picked":["Disarm+1","Sword Boomerang","Wild Strike+1"],"picked":"SKIP","floor":30.0},{"not_picked":["Brutality","Disarm","Feed"],"picked":"SKIP","floor":31.0},{"not_picked":["Anger+1","Pummel"],"picked":"Shrug It Off+1","floor":35.0},{"not_picked":["Double Tap","Pummel","Armaments+1"],"picked":"SKIP","floor":39.0},{"not_picked":["Thunderclap+1","Heavy Blade+1","Armaments+1"],"picked":"SKIP","floor":40.0},{"not_picked":["Flex","Pummel","Searing Blow+1"],"picked":"SKIP","floor":45.0},{"not_picked":["Power Through+1","Intimidate"],"picked":"Limit Break","floor":46.0},{"not_picked":["Flame Barrier+1","Warcry+1","Sword Boomerang"],"picked":"SKIP","floor":47.0}],"player_experience":143671,"relics_obtained":[{"floor":6.0,"key":"MealTicket"},{"floor":8.0,"key":"The Courier"},{"floor":26.0,"key":"Incense Burner"},{"floor":28.0,"key":"MawBank"},{"floor":31.0,"key":"Omamori"},{"floor":43.0,"key":"Lantern"},{"floor":44.0,"key":"CatCart"},{"floor":45.0,"key":"Regal Pillow"}],"event_choices":[{"damage_healed":0.0,"max_hp_gain":0.0,"max_hp_loss":0.0,"gold_gain":175.0,"event_name":"Liars Game","player_choice":"AGREE","floor":3.0,"gold_loss":0.0,"damage_taken":0.0,"cards_obtained":["Doubt"]},{"cards_removed":["Doubt"],"damage_healed":0.0,"max_hp_gain":0.0,"max_hp_loss":0.0,"gold_gain":0.0,"event_name":"Living Wall","player_choice":"Forget","floor":4.0,"gold_loss":0.0,"damage_taken":0.0},{"damage_healed":20.0,"max_hp_gain":0.0,"max_hp_loss":0.0,"gold_gain":0.0,"event_name":"The Cleric","player_choice":"Healed","floor":10.0,"gold_loss":35.0,"damage_taken":0.0},{"damage_healed":0.0,"max_hp_gain":0.0,"max_hp_loss":0.0,"gold_gain":0.0,"cards_transformed":["Defend_R"],"event_name":"Transmorgrifier","player_choice":"Transformed","floor":11.0,"gold_loss":0.0,"damage_taken":0.0,"cards_obtained":["Twin Strike"]},{"damage_healed":0.0,"max_hp_gain":0.0,"max_hp_loss":0.0,"gold_gain":0.0,"event_name":"Addict","player_choice":"Stole Relic","floor":21.0,"gold_loss":0.0,"damage_taken":0.0,"relics_obtained":["Vajra"],"cards_obtained":["Shame"]},{"cards_removed":["Shame"],"damage_healed":0.0,"max_hp_gain":0.0,"max_hp_loss":0.0,"gold_gain":0.0,"event_name":"Purifier","player_choice":"Purged","floor":22.0,"gold_loss":0.0,"damage_taken":0.0},{"damage_healed":0.0,"max_hp_gain":0.0,"max_hp_loss":0.0,"gold_gain":0.0,"event_name":"The Library","player_choice":"Read","floor":25.0,"gold_loss":0.0,"damage_taken":0.0,"cards_obtained":["Offering"]},{"damage_healed":0.0,"max_hp_gain":0.0,"max_hp_loss":0.0,"gold_gain":0.0,"event_name":"Tomb of Lord Red Mask","player_choice":"Ignored","floor":36.0,"gold_loss":0.0,"damage_taken":0.0},{"damage_healed":0.0,"max_hp_gain":0.0,"max_hp_loss":0.0,"gold_gain":0.0,"event_name":"Winding Halls","player_choice":"Embrace Madness","floor":38.0,"gold_loss":0.0,"damage_taken":12.0,"cards_obtained":["Madness","Madness"]},{"damage_healed":0.0,"max_hp_gain":0.0,"max_hp_loss":0.0,"gold_gain":0.0,"event_name":"OrinTheCat","player_choice":"Fight","floor":44.0,"gold_loss":0.0,"damage_taken":0.0},{"damage_healed":0,"gold_gain":0,"cards_transformed":["Defend_R"],"player_choice":"Transformed","damage_taken":0,"max_hp_gain":0,"max_hp_loss":0,"event_name":"Transmorgrifier","floor":48,"gold_loss":0,"cards_obtained":["Berserk"]}],"is_beta":false,"boss_relics":[{"not_picked":["Ectoplasm","Velvet Choker"],"picked":"Tiny House"},{"not_picked":["Astrolabe","Snecko Eye"],"picked":"Runic Cube"}],"items_purged_floors":[2,2,23,23,46,46,46,46,46,46,49,49,49,49,49,49,49,49,49,49],"is_endless":false,"potions_floor_spawned":[1,6,14,18,24,33,39,40,44,47],"ascension_level":0}}