{"host":"b6kqr6ulwax9qd8q","time":1613873640,"event":{"mods":["BaseMod","Minty Spire (QoL Compilation)"],"gold_per_floor":[362,537,2,17,17,42,42,52,52,66,66,66,66,80,80,177,177,190,207,306,318,336,336,336],"floor_reached":23,"language":"ENG","playtime":1743,"items_purged":["Doubt"],"score":290,"play_id":"df6b9961-3c6d-48fb-b79f-8253ed4e9d2e","local_time":"20210220211400","is_ascension_mode":true,"campfire_choices":[{"floor":7,"key":"REST"},{"floor":11,"key":"REST"},{"floor":15,"key":"DIG"}],"circlet_count":0,"master_deck":["AscendersBane","Strike_G","Strike_G","Strike_G","Strike_G","Strike_G","Defend_G","Defend_G+1","Defend_G","Defend_G","Defend_G","Survivor","Neutralize+1","Cloak And Dagger+1","Bouncing Flask","Terror","Flying Knee","Footwork","Parasite","Tactician","Wraith Form v2","Backflip+1","Dash+1","Calculated Gamble"],"relics":["Ring of the Snake","Shovel","Frozen Eye","Gremlin Horn","Bag of Marbles","Akabeko","Busted Crown"],"acts_visited":["Exordium","TheCity"],"potions_floor_usage":[6,16,19,22,22,22],"damage_taken":[{"damage":0,"enemies":"Small Slimes","floor":1,"turns":4},{"damage":0,"enemies":"2 Louse","floor":4,"turns":3},{"damage":45,"enemies":"3 Sentries","floor":6,"turns":12},{"damage":4,"enemies":"Jaw Worm","floor":8,"turns":4},{"damage":3,"enemies":"3 Louse","floor":10,"turns":3},{"damage":1,"enemies":"Large Slime","floor":14,"turns":6},{"damage":25,"enemies":"Hexaghost","floor":16,"turns":13},{"damage":6,"enemies":"Chosen","floor":18,"turns":4},{"damage":0,"enemies":"3 Byrds","floor":19,"turns":5},{"damage":20,"enemies":"Snake Plant","floor":21,"turns":6},{"damage":6,"enemies":"Centurion and Healer","floor":22,"turns":8},{"damage":35,"enemies":"Book of Stabbing","floor":23,"turns":7}],"seed_played":"-7074331982359853038","potions_obtained":[{"floor":4,"key":"Fruit Juice"},{"floor":8,"key":"AttackPotion"},{"floor":10,"key":"Weak Potion"},{"floor":16,"key":"Fruit Juice"},{"floor":19,"key":"SteroidPotion"},{"floor":21,"key":"BlessingOfTheForge"}],"is_trial":false,"path_per_floor":["M","?","$","M","?","E","R","M","T","M","R","?","?","M","R","B",null,"M","M","?","M","M","E"],"character_chosen":"THE_SILENT","items_purchased":["Shovel","Frozen Eye"],"campfire_rested":2,"item_purchase_floors":[3,3],"current_hp_per_floor":[45,45,45,45,45,5,27,23,23,20,42,27,45,44,44,19,61,55,55,55,35,34,0,0],"gold":336,"neow_bonus":"TWO_FIFTY_GOLD","is_daily":false,"chose_seed":false,"campfire_upgraded":0,"win_rate":0.0,"timestamp":1613873640,"path_taken":["M","?","$","M","?","E","R","?","T","M","R","?","?","M","R","BOSS","M","M","?","M","M","E"],"items_purchased_type":["Relic","Relic"],"build_version":"2020-12-22","purchased_purges":1,"victory":false,"max_hp_per_floor":[70,70,70,70,70,75,75,75,75,75,75,75,75,75,75,75,75,75,75,75,75,80,80,80],"card_choices":[{"not_picked":["Deflect","Flechettes"],"picked":"Cloak And Dagger","floor":1},{"not_picked":["Sucker Punch","Choke"],"picked":"Bouncing Flask","floor":4},{"not_picked":["Dodge and Roll","Skewer"],"picked":"Terror","floor":6},{"not_picked":["Bane","Setup"],"picked":"Flying Knee","floor":8},{"not_picked":["Dagger Throw","Dodge and Roll"],"picked":"Footwork","floor":10},{"not_picked":["Caltrops","Dagger Spray"],"picked":"Tactician","floor":14},{"not_picked":["Malaise","Envenom"],"picked":"Wraith Form v2","floor":16},{"not_picked":[],"picked":"Backflip+1","floor":18},{"not_picked":[],"picked":"Dash+1","floor":19},{"not_picked":[],"picked":"Calculated Gamble","floor":21},{"not_picked":["Setup"],"picked":"SKIP","floor":22}],"player_experience":622250,"relics_obtained":[{"floor":6,"key":"Gremlin Horn"},{"floor":9,"key":"Bag of Marbles"},{"floor":15,"key":"Akabeko"}],"event_choices":[{"damage_healed":0,"gold_gain":175,"player_choice":"AGREE","damage_taken":0,"max_hp_gain":0,"max_hp_loss":0,"event_name":"Liars Game","floor":2,"gold_loss":0,"cards_obtained":["Doubt"]},{"damage_healed":0,"gold_gain":0,"player_choice":"Grow","damage_taken":0,"max_hp_gain":0,"max_hp_loss":0,"event_name":"Living Wall","floor":5,"gold_loss":0,"cards_upgraded":["Neutralize"]},{"damage_healed":0,"gold_gain":0,"player_choice":"Entered Light","damage_taken":15,"max_hp_gain":0,"max_hp_loss":0,"event_name":"Shining Light","floor":12,"gold_loss":0,"cards_upgraded":["Defend_G","Cloak And Dagger"]},{"damage_healed":18,"gold_gain":0,"player_choice":"Healed and dodged fight","damage_taken":0,"max_hp_gain":0,"max_hp_loss":0,"event_name":"Mushrooms","floor":13,"gold_loss":0,"cards_obtained":["Parasite"]},{"damage_healed":0,"gold_gain":99,"player_choice":"Stole From Cult","damage_taken":0,"max_hp_gain":0,"max_hp_loss":0,"event_name":"Nest","floor":20,"gold_loss":0}],"is_beta":false,"boss_relics":[{"not_picked":["Fusion Hammer","Empty Cage"],"picked":"Busted Crown"}],"items_purged_floors":[3],"is_endless":false,"potions_floor_spawned":[4,8,10,16,19,21],"killed_by":"Book of Stabbing","ascension_level":10}}