{"host":"mvhzznpw3ffw85pv","time":1613906546,"event":{"mods":["AchievementEnabler","BaseMod","Bestiary","Block Reminder","Colored Map","Highlight Path","Minty Spire (QoL Compilation)"],"gold_per_floor":[112,122,142,153,170,170,201,201,201,201,213,213,243,71,71,71,71],"floor_reached":16,"language":"ENG","playtime":1122,"items_purged":["Strike_R"],"score":204,"play_id":"66e1b222-ad99-4979-83b7-99c017aa9179","local_time":"20210221062226","is_ascension_mode":true,"campfire_choices":[{"data":"Feed","floor":6,"key":"SMITH"},{"data":"True Grit","floor":8,"key":"SMITH"},{"data":"Whirlwind","floor":10,"key":"SMITH"},{"data":"Carnage","floor":12,"key":"SMITH"},{"data":"Shrug It Off","floor":15,"key":"SMITH"}],"circlet_count":0,"master_deck":["AscendersBane","Strike_R","Strike_R","Strike_R","Strike_R","Defend_R","Defend_R","Defend_R","Defend_R","Bash","Feed+1","Carnage+1","Whirlwind+1","True Grit+1","Dark Embrace","Corruption","Shrug It Off+1","Dark Shackles"],"relics":["Burning Blood","Centennial Puzzle","Mercury Hourglass","Paper Frog"],"acts_visited":["Exordium"],"potions_floor_usage":[7,11],"damage_taken":[{"damage":6,"enemies":"Cultist","floor":1,"turns":4},{"damage":8,"enemies":"Jaw Worm","floor":2,"turns":5},{"damage":7,"enemies":"2 Louse","floor":3,"turns":2},{"damage":1,"enemies":"2 Fungi Beasts","floor":4,"turns":4},{"damage":6,"enemies":"Exordium Wildlife","floor":5,"turns":5},{"damage":39,"enemies":"3 Sentries","floor":7,"turns":8},{"damage":8,"enemies":"Lots of Slimes","floor":11,"turns":2},{"damage":8,"enemies":"Gremlin Nob","floor":13,"turns":3},{"damage":43,"enemies":"Hexaghost","floor":16,"turns":10}],"seed_played":"598350182467402956","potions_obtained":[{"floor":2,"key":"AttackPotion"},{"floor":3,"key":"SteroidPotion"},{"floor":5,"key":"BlessingOfTheForge"},{"floor":7,"key":"AttackPotion"}],"is_trial":false,"path_per_floor":["M","M","M","M","M","R","E","R","T","R","M","R","E","$","R","B"],"character_chosen":"IRONCLAD","items_purchased":["Dark Shackles"],"campfire_rested":0,"item_purchase_floors":[14],"current_hp_per_floor":[54,55,57,65,68,68,39,39,39,39,41,41,43,43,43,0,0],"gold":71,"neow_bonus":"THREE_RARE_CARDS","is_daily":false,"chose_seed":false,"campfire_upgraded":5,"win_rate":0.0,"timestamp":1613906546,"path_taken":["M","M","M","M","?","R","E","R","T","R","M","R","E","$","R","BOSS"],"items_purchased_type":["Card"],"build_version":"2020-12-22","purchased_purges":1,"victory":false,"max_hp_per_floor":[83,86,89,92,95,95,99,99,99,99,103,103,107,107,107,107,107],"card_choices":[{"not_picked":["Reaper","Double Tap"],"picked":"Feed","floor":0},{"not_picked":["Anger","Clothesline"],"picked":"Carnage","floor":1},{"not_picked":["Twin Strike","Armaments"],"picked":"Whirlwind","floor":2},{"not_picked":["Reckless Charge","Rampage"],"picked":"True Grit","floor":3},{"not_picked":["Twin Strike","Evolve"],"picked":"Dark Embrace","floor":4},{"not_picked":["Sever Soul","Blood for Blood","Warcry"],"picked":"SKIP","floor":5},{"not_picked":["Warcry","Rage","Sever Soul"],"picked":"SKIP","floor":7},{"not_picked":["Warcry","Clothesline"],"picked":"Corruption","floor":11},{"not_picked":["Flex","Rage"],"picked":"Shrug It Off","floor":13}],"player_experience":632668,"relics_obtained":[{"floor":7,"key":"Centennial Puzzle"},{"floor":9,"key":"Mercury Hourglass"},{"floor":13,"key":"Paper Frog"}],"event_choices":[],"is_beta":false,"boss_relics":[],"items_purged_floors":[14],"is_endless":false,"potions_floor_spawned":[2,3,5,7],"killed_by":"Hexaghost","ascension_level":12}}