{"host":"21daswlctsv3qaxk","time":1613923320,"event":{"mods":["Act Like it!","BaseMod","Downfall","Hallownest","Hermit","Infinite Spire","Minty Spire (QoL Compilation)","Replay The Spire","StSLib","The Animator","The Bug Knight","The Cursed","The Jungle","The Servant 0.9.4"],"gold_per_floor":[111,122,135,135,152,186,186,186,186,186,186,203,82,97,97,194,194,214,214,228,245,245,279,279,314,314,339,359,359,373,373,373,474,474,494,494,494,454,466,466,466,100,127,140,169,186,213,213,213,213,213],"floor_reached":50,"language":"ENG","playtime":3217,"items_purged":[],"score":614,"play_id":"34d65a4f-2d45-4784-9e04-dbb1fd2a78a0","local_time":"20210221170200","is_ascension_mode":true,"campfire_choices":[{"floor":8,"key":"RECALL"},{"floor":15,"key":"REST"},{"floor":24,"key":"REST"},{"floor":32,"key":"REST"},{"data":"Sunder","floor":40,"key":"SMITH"},{"data":"Blizzard","floor":49,"key":"SMITH"}],"circlet_count":0,"master_deck":["Zap","Dualcast+1","Conserve Battery+1","Cold Snap","Melter","Cold Snap","Genetic Algorithm+1","Sweeping Beam+1","Leap","Doom and Gloom","Double Energy","Biased Cognition+1","Blizzard+1","Capacitor","Sunder+1","Ball Lightning","Rainbow","Tempest+1","Skim+1","Seek+1","Ball Lightning+1","Master of Strategy","infinitespire:Execution","Redo+1","infinitespire:Starlight","White Noise","Biased Cognition+1","Leap+1","Machine Learning","Blizzard+1"],"relics":["FrozenCore","Iron Hammer","Replay:Grab Bag","Velvet Choker","bronze:MakeshiftBattery","Darkstone Periapt","Art of War","Mercury Hourglass","DataDisk","StoneCalendar","Replay:Drink Me","Astrolabe","Replay:Kaleidoscope","Blood Vial","DollysMirror","Centennial Puzzle","infinitespire:SolderingIron","Garlic","Omamori"],"acts_visited":["Exordium","TheCity","TheBeyond"],"potions_floor_usage":[6,12,14,21,33,33,35,44],"damage_taken":[{"damage":1,"enemies":"Jaw Worm","floor":1,"turns":3},{"damage":1,"enemies":"Small Slimes","floor":2,"turns":3},{"damage":11,"enemies":"Cultist","floor":3,"turns":4},{"damage":0,"enemies":"Blue Slaver","floor":5,"turns":3},{"damage":22,"enemies":"Lagavulin","floor":6,"turns":9},{"damage":0,"enemies":"3 Louse","floor":12,"turns":1},{"damage":0,"enemies":"Red Slaver","floor":14,"turns":2},{"damage":24,"enemies":"Fading Forest","floor":16,"turns":11},{"damage":0,"enemies":"2 Thieves","floor":18,"turns":4},{"damage":6,"enemies":"3 Byrds","floor":20,"turns":4},{"damage":41,"enemies":"Snecko","floor":21,"turns":8},{"damage":3,"enemies":"Slavers","floor":23,"turns":5},{"damage":21,"enemies":"Book of Stabbing","floor":25,"turns":6},{"damage":3,"enemies":"Gremlin Leader","floor":27,"turns":7},{"damage":0,"enemies":"Snake Plant","floor":28,"turns":5},{"damage":0,"enemies":"Sentry and Sphere","floor":30,"turns":2},{"damage":32,"enemies":"Champ","floor":33,"turns":7},{"damage":0,"enemies":"Orb Walker","floor":35,"turns":3},{"damage":4,"enemies":"3 Darklings","floor":39,"turns":3},{"damage":8,"enemies":"Maw","floor":44,"turns":5},{"damage":1,"enemies":"Reptomancer","floor":45,"turns":4},{"damage":5,"enemies":"Sphere and 2 Shapes","floor":46,"turns":3},{"damage":5,"enemies":"Giant Head","floor":47,"turns":6},{"damage":82,"enemies":"Donu and Deca","floor":50,"turns":8}],"seed_played":"-762678162344797991","potions_obtained":[{"floor":1,"key":"Block Potion"},{"floor":5,"key":"Explosive Potion"},{"floor":6,"key":"PowerPotion"},{"floor":18,"key":"GamblersBrew"},{"floor":21,"key":"sneckomod:MuddlingPotion"},{"floor":27,"key":"Doom Potion"},{"floor":30,"key":"AttackPotion"},{"floor":33,"key":"LiquidMemories"},{"floor":45,"key":"BlessingOfTheForge"}],"is_trial":false,"path_per_floor":["M","M","M","?","M","E","?","R","T","?","?","M","$","M","R","B",null,"M","?","M","M","$","E","R","E","T","E","M","?","M","AVR","R","B",null,"M","?","AVR","?","M","R","?","$","T","M","E","M","E","T","R","B"],"character_chosen":"DEFECT","items_purchased":["Doom and Gloom","Double Energy","Blood Vial","White Noise","DollysMirror"],"campfire_rested":3,"item_purchase_floors":[13,13,42,42,42],"current_hp_per_floor":[53,52,41,66,66,44,44,44,44,29,29,29,29,29,51,27,75,75,75,69,28,28,25,47,26,26,23,23,23,23,23,40,8,57,57,57,57,57,53,53,39,39,39,43,54,51,57,57,57,0,0],"gold":213,"neow_bonus":"TRANSFORM_TWO_CARDS","is_daily":false,"chose_seed":false,"campfire_upgraded":2,"win_rate":0.0,"timestamp":1613923320,"path_taken":["M","M","M","?","M","E","?","R","T","?","?","M","$","M","R","BOSS","M","?","?","M","$","E","R","E","T","E","M","?","M","AVR","R","BOSS","M","?","AVR","?","?","R","?","$","T","M","E","M","E","?","R","BOSS"],"items_purchased_type":["Card","Card","Relic","Card","Relic"],"build_version":"2020-12-22","purchased_purges":0,"victory":false,"max_hp_per_floor":[75,75,75,75,75,75,75,75,75,75,75,75,75,75,75,75,75,75,75,75,75,75,75,75,75,75,75,75,75,75,57,57,57,57,57,57,57,57,57,57,57,57,57,57,57,57,57,57,57,57,57],"card_choices":[{"not_picked":["Coolheaded","Time Bomb"],"picked":"Cold Snap","floor":1},{"not_picked":["Barrage","Coolheaded","Go for the Eyes"],"picked":"SKIP","floor":2},{"not_picked":["Ball Lightning","Go for the Eyes"],"picked":"Melter","floor":3},{"not_picked":["BasicCrystalCard","Rebound"],"picked":"Cold Snap","floor":5},{"not_picked":["FTL","Creative AI"],"picked":"Genetic Algorithm","floor":6},{"not_picked":["Steam","Streamline"],"picked":"Leap","floor":12},{"not_picked":["Barrage","Go for the Eyes","Coolheaded"],"picked":"SKIP","floor":14},{"not_picked":["Echo Form","Meteor Strike"],"picked":"Biased Cognition","floor":16},{"not_picked":["Double Energy","Rebound+1"],"picked":"Turbo","floor":18},{"not_picked":["Steam","Streamline"],"picked":"Blizzard","floor":20},{"not_picked":["ReplayTheSpireMod:Reroute Power","Leap"],"picked":"Capacitor","floor":21},{"not_picked":["ReplaySolidLightProjector","Compile Driver+1"],"picked":"Sunder","floor":23},{"not_picked":["Beam Cell","Core Surge","Streamline"],"picked":"SKIP","floor":25},{"not_picked":["Darkness","Panic Button","Beam Cell"],"picked":"SKIP","floor":27},{"not_picked":["ReplayTheSpireMod:GoodbyeWorld","Compile Driver","Go for the Eyes"],"picked":"SKIP","floor":28},{"not_picked":["Recycle","Steam"],"picked":"Ball Lightning","floor":30},{"not_picked":["All For One","Creative AI"],"picked":"Rainbow","floor":33},{"not_picked":["Gash","Melter"],"picked":"Ball Lightning+1","floor":35},{"not_picked":["Swift Strike","Poisoned Strike"],"picked":"Master of Strategy","floor":36},{"not_picked":["Sweeping Beam","BasicCrystalCard"],"picked":"Redo+1","floor":39},{"not_picked":["ReplayTheSpireMod:Echoes of Time","infinitespire:Execution"],"picked":"infinitespire:Starlight","floor":41},{"not_picked":["Streamline","Sweeping Beam"],"picked":"Leap+1","floor":44},{"not_picked":["Hologram+1","FTL+1"],"picked":"Machine Learning","floor":45},{"not_picked":["Stack+1","Cold Snap+1","Panic Button"],"picked":"SKIP","floor":46},{"not_picked":["ReplayTheSpireMod:Reroute Power","Heatsinks+1"],"picked":"Blizzard+1","floor":47}],"player_experience":234534,"relics_obtained":[{"floor":6,"key":"Iron Hammer"},{"floor":23,"key":"Darkstone Periapt"},{"floor":25,"key":"Art of War"},{"floor":26,"key":"Mercury Hourglass"},{"floor":27,"key":"DataDisk"},{"floor":43,"key":"Centennial Puzzle"},{"floor":45,"key":"infinitespire:SolderingIron"},{"floor":47,"key":"Garlic"},{"floor":48,"key":"Omamori"}],"event_choices":[{"damage_healed":25,"gold_gain":0,"player_choice":"Banana","damage_taken":0,"max_hp_gain":0,"max_hp_loss":0,"event_name":"Big Fish","floor":4,"gold_loss":0},{"damage_healed":0,"gold_gain":0,"player_choice":"Entered Light","damage_taken":15,"max_hp_gain":0,"max_hp_loss":0,"event_name":"Shining Light","floor":10,"gold_loss":0,"cards_upgraded":["Conserve Battery","Dualcast"]},{"cards_removed":["Defend_B"],"damage_healed":0,"gold_gain":0,"player_choice":"Offered Basic","damage_taken":0,"max_hp_gain":0,"max_hp_loss":0,"event_name":"Bonfire Elementals","floor":19,"gold_loss":0},{"damage_healed":0,"gold_gain":0,"player_choice":"Ignored","damage_taken":0,"max_hp_gain":0,"max_hp_loss":0,"event_name":"Vampires","floor":29,"gold_loss":0},{"damage_healed":0,"gold_gain":0,"player_choice":"Memory 1","damage_taken":0,"max_hp_gain":0,"max_hp_loss":0,"event_name":"SensoryStone","floor":36,"gold_loss":0},{"damage_healed":0,"gold_gain":0,"player_choice":"Upgrade","damage_taken":0,"max_hp_gain":0,"max_hp_loss":0,"event_name":"Designer","floor":38,"gold_loss":40,"cards_upgraded":["Biased Cognition"]}],"is_beta":false,"boss_relics":[{"not_picked":["Replay:Bronze Core","SlaversCollar"],"picked":"Replay:Grab Bag"},{"not_picked":["Cursed Key","Fusion Hammer"],"picked":"Velvet Choker"},{"not_picked":["Sozu","Replay:Fungal Core"],"picked":"bronze:MakeshiftBattery"},{"not_picked":["Inserter","ReplayTheSpireMod:SealedPack"],"picked":"FrozenCore"},{"not_picked":["Black Star","Snecko Eye"],"picked":"Astrolabe"}],"items_purged_floors":[],"is_endless":false,"potions_floor_spawned":[1,5,6,18,21,27,30,33,45],"killed_by":"Donu and Deca","ascension_level":1}}