{"host":"t9vqxmgmtrdkt9v9","time":1613882446,"event":{"mods":["AchievementEnabler","BaseMod","Colored Map","Minty Spire (QoL Compilation)","Permanent Neow","Relic Stats","StSLib"],"gold_per_floor":[119,43,63,63,78,109,109,138,138,138,173,192,226,246,246,317,317,333,92,112,112,112,112,143,8,8,27,62,50,67,102,102,179,179,199,136,136,147,147,147,178,212,212,225,235,254,286,286,286,286],"floor_reached":51,"language":"ENG","playtime":2891,"items_purged":["Strike_G","Strike_G","Strike_G"],"score":1780,"play_id":"60ee6e56-d9f5-404d-bc31-8c6e4b0efb1e","local_time":"20210221144046","is_ascension_mode":true,"campfire_choices":[{"floor":7.0,"key":"REST"},{"data":"Accuracy","floor":15.0,"key":"SMITH"},{"data":"Storm of Steel","floor":23.0,"key":"SMITH"},{"data":"Accuracy","floor":32.0,"key":"SMITH"},{"data":"Blade Dance","floor":40.0,"key":"SMITH"},{"floor":49,"key":"REST"}],"circlet_count":0,"master_deck":["AscendersBane","Defend_G","Defend_G","Defend_G+1","Defend_G","Survivor","Neutralize+1","Accuracy+1","Backstab","Terror","Venomology","Sucker Punch","Acrobatics","Backflip","Storm of Steel+1","Acrobatics+1","Accuracy+1","Prepared+1","Bane","Blur","Die Die Die","Blade Dance+1","Cloak And Dagger","Phantasmal Killer","Night Terror","Calculated Gamble","Backflip+1","After Image"],"relics":["Ring of the Snake","Boot","WingedGreaves","Question Card","Du-Vu Doll","Gremlin Horn","Runic Pyramid","Membership Card","Ancient Tea Set","Lee\u0027s Waffle","Mercury Hourglass","War Paint","Bronze Scales","Cursed Key","Kunai","Happy Flower","PreservedInsect"],"acts_visited":["Exordium","TheCity","TheBeyond"],"potions_floor_usage":[47,50],"damage_taken":[{"damage":5.0,"enemies":"Small Slimes","floor":1.0,"turns":5.0},{"damage":3.0,"enemies":"2 Louse","floor":3.0,"turns":4.0},{"damage":1.0,"enemies":"Cultist","floor":5.0,"turns":4.0},{"damage":24.0,"enemies":"Lagavulin","floor":6.0,"turns":10.0},{"damage":25.0,"enemies":"3 Sentries","floor":8.0,"turns":9.0},{"damage":0.0,"enemies":"Exordium Thugs","floor":10.0,"turns":1.0},{"damage":0.0,"enemies":"Lagavulin","floor":11.0,"turns":6.0},{"damage":0.0,"enemies":"Gremlin Gang","floor":12.0,"turns":4.0},{"damage":7.0,"enemies":"Gremlin Nob","floor":13.0,"turns":3.0},{"damage":2.0,"enemies":"2 Fungi Beasts","floor":14.0,"turns":3.0},{"damage":2.0,"enemies":"Hexaghost","floor":16.0,"turns":9.0},{"damage":0.0,"enemies":"Spheric Guardian","floor":18.0,"turns":3.0},{"damage":9.0,"enemies":"Shell Parasite","floor":20.0,"turns":3.0},{"damage":4.0,"enemies":"Book of Stabbing","floor":24.0,"turns":2.0},{"damage":4.0,"enemies":"Snecko","floor":27.0,"turns":5.0},{"damage":7.0,"enemies":"Gremlin Leader","floor":28.0,"turns":3.0},{"damage":12.0,"enemies":"Centurion and Healer","floor":30.0,"turns":4.0},{"damage":6.0,"enemies":"Book of Stabbing","floor":31.0,"turns":2.0},{"damage":0.0,"enemies":"Collector","floor":33.0,"turns":2.0},{"damage":1.0,"enemies":"3 Shapes","floor":35.0,"turns":2.0},{"damage":0.0,"enemies":"Orb Walker","floor":38.0,"turns":2.0},{"damage":2.0,"enemies":"Nemesis","floor":41.0,"turns":3.0},{"damage":0.0,"enemies":"Giant Head","floor":42.0,"turns":3.0},{"damage":0.0,"enemies":"Jaw Worm Horde","floor":44.0,"turns":3.0},{"damage":17.0,"enemies":"Spire Growth","floor":45.0,"turns":3.0},{"damage":0.0,"enemies":"Writhing Mass","floor":46.0,"turns":3.0},{"damage":11,"enemies":"Reptomancer","floor":47,"turns":4},{"damage":51,"enemies":"Time Eater","floor":50,"turns":7}],"seed_played":"-4858667566027225040","potions_obtained":[{"floor":3.0,"key":"Weak Potion"},{"floor":5.0,"key":"Fire Potion"},{"floor":8.0,"key":"ColorlessPotion"},{"floor":11.0,"key":"EntropicBrew"},{"floor":12.0,"key":"Fruit Juice"},{"floor":14.0,"key":"AttackPotion"},{"floor":18.0,"key":"CultistPotion"},{"floor":33.0,"key":"Swift Potion"},{"floor":35.0,"key":"Weak Potion"},{"floor":38.0,"key":"DuplicationPotion"},{"floor":45.0,"key":"BlessingOfTheForge"}],"is_trial":false,"path_per_floor":["M","$","M","?","M","E","R","E","T","M","E","M","E","M","R","B",null,"M","$","M","?","?","R","E","$","T","M","E","$","M","E","R","B",null,"M","$","?","M","T","R","E","E","T","M","M","M","E","?","R","B",null],"character_chosen":"THE_SILENT","items_purchased":["Infinite Blades","Membership Card","Accuracy","Lee\u0027s Waffle","Cloak And Dagger"],"campfire_rested":2,"item_purchase_floors":[2,19,19,25,29],"current_hp_per_floor":[54,54,51,56,55,31,52,27,27,27,27,27,25,23,23,21,62,62,62,53,53,53,53,49,83,83,79,72,72,60,54,54,54,76,75,75,75,75,75,75,73,73,73,73,65,65,54,54,78,27],"gold":286,"neow_bonus":"UPGRADE_CARD","is_daily":false,"chose_seed":false,"campfire_upgraded":4,"win_rate":0.0,"timestamp":1613882446,"path_taken":["M","$","M","?","M","E","R","E","T","M","E","M","E","M","R","BOSS","M","$","M","?","?","R","E","$","T","M","E","$","M","E","R","BOSS","M","$","?","?","?","R","E","E","T","?","M","M","E","?","R","BOSS"],"items_purchased_type":["Card","Relic","Card","Relic","Card"],"build_version":"2020-12-22","purchased_purges":3,"victory":true,"max_hp_per_floor":[66,66,66,71,71,71,71,71,71,71,71,71,76,76,76,76,76,76,76,76,76,76,76,76,83,83,83,83,83,83,83,83,83,83,83,83,83,83,83,83,83,83,83,83,83,83,83,83,83,83],"relic_stats":{"Lee\u0027s Waffle":34,"Gremlin Horn":[14,14],"Happy Flower":[6],"counters":[28,112],"PreservedInsect":0,"War Paint":["Acrobatics","Defend_G"],"Boot":[20],"Question Card":21,"Cursed Key":0,"Mercury Hourglass":[172],"Bronze Scales":[78],"Kunai":[17],"obtain_stats":[{"Lee\u0027s Waffle":25,"Gremlin Horn":13,"Happy Flower":42,"PreservedInsect":47,"War Paint":28,"Boot":6,"Question Card":9,"Ancient Tea Set":24,"Cursed Key":34,"Mercury Hourglass":26,"Du-Vu Doll":11,"Bronze Scales":31,"WingedGreaves":8,"Membership Card":19,"Kunai":41,"Ring of the Snake":0,"Runic Pyramid":17},{"Lee\u0027s Waffle":14,"Gremlin Horn":9,"Happy Flower":23,"PreservedInsect":27,"War Paint":16,"Boot":4,"Question Card":5,"Ancient Tea Set":14,"Cursed Key":19,"Mercury Hourglass":14,"Du-Vu Doll":7,"Bronze Scales":18,"WingedGreaves":5,"Membership Card":12,"Kunai":22,"Ring of the Snake":0,"Runic Pyramid":11},{"Lee\u0027s Waffle":66,"Gremlin Horn":46,"Happy Flower":92,"PreservedInsect":105,"War Paint":74,"Boot":23,"Question Card":32,"Ancient Tea Set":66,"Cursed Key":82,"Mercury Hourglass":66,"Du-Vu Doll":39,"Bronze Scales":80,"WingedGreaves":32,"Membership Card":61,"Kunai":89,"Ring of the Snake":0,"Runic Pyramid":58}],"Ring of the Snake":[56]},"card_choices":[{"not_picked":["Dagger Spray","Backflip"],"picked":"Accuracy","floor":1.0},{"not_picked":["Setup","Sucker Punch"],"picked":"Backstab","floor":3.0},{"not_picked":["Underhanded Strike","Setup","Quick Slash"],"picked":"SKIP","floor":5.0},{"not_picked":["Well Laid Plans","Concentrate"],"picked":"Terror","floor":6.0},{"not_picked":["Bouncing Flask","Predator"],"picked":"Venomology","floor":8.0},{"not_picked":["Prepared","Outmaneuver","Concentrate"],"picked":"Sucker Punch","floor":11.0},{"not_picked":["Quick Slash","Flechettes","Catalyst"],"picked":"Acrobatics","floor":12.0},{"not_picked":["Flying Knee","Eviscerate","Noxious Fumes","Night Terror"],"picked":"SKIP","floor":13.0},{"not_picked":["Poisoned Stab","Endless Agony","Dagger Throw"],"picked":"Backflip","floor":14.0},{"not_picked":["Doppelganger","Adrenaline","Burst"],"picked":"Storm of Steel","floor":16.0},{"not_picked":["Dagger Spray","Outmaneuver","Choke"],"picked":"Acrobatics","floor":18.0},{"not_picked":["Backstab","Bane","Deadly Poison"],"picked":"Prepared+1","floor":20.0},{"not_picked":["Prepared","Poisoned Stab","Slice"],"picked":"Die Die Die","floor":24.0},{"not_picked":["Outmaneuver","Dodge and Roll","Well Laid Plans","Expertise"],"picked":"SKIP","floor":27.0},{"not_picked":["Dodge and Roll","Bane","Accuracy+1"],"picked":"Blade Dance","floor":28.0},{"not_picked":["Acrobatics","Cloak And Dagger","Quick Slash"],"picked":"Phantasmal Killer","floor":30.0},{"not_picked":["Skewer","Slice","Endless Agony","Blur"],"picked":"SKIP","floor":31.0},{"not_picked":["Phantasmal Killer","A Thousand Cuts","Malaise"],"picked":"Night Terror","floor":33.0},{"not_picked":["Predator","Poisoned Stab","Flechettes"],"picked":"Calculated Gamble","floor":35.0},{"not_picked":["Underhanded Strike","Sucker Punch","Flying Knee"],"picked":"Backflip+1","floor":38.0},{"not_picked":["Poisoned Stab+1","Deflect","Flechettes","Bane"],"picked":"SKIP","floor":41.0},{"not_picked":["Poisoned Stab+1","Deflect","Flechettes","Bane"],"picked":"SKIP","floor":41.0},{"not_picked":["Sucker Punch+1","All Out Attack+1","Infinite Blades"],"picked":"After Image","floor":42.0},{"not_picked":["Distraction+1","Bane","Tactician","Predator"],"picked":"SKIP","floor":44.0},{"not_picked":["Caltrops+1","Poisoned Stab","Acrobatics+1","Crippling Poison"],"picked":"SKIP","floor":45.0},{"not_picked":["Quick Slash","Flying Knee","Footwork+1","Prepared"],"picked":"SKIP","floor":46.0},{"not_picked":["Flying Knee+1","Escape Plan+1","Cloak And Dagger","Concentrate"],"picked":"SKIP","floor":47}],"player_experience":460355,"relics_obtained":[{"floor":6.0,"key":"Boot"},{"floor":8.0,"key":"WingedGreaves"},{"floor":9.0,"key":"Question Card"},{"floor":11.0,"key":"Du-Vu Doll"},{"floor":13.0,"key":"Gremlin Horn"},{"floor":24.0,"key":"Ancient Tea Set"},{"floor":26.0,"key":"Mercury Hourglass"},{"floor":28.0,"key":"War Paint"},{"floor":31.0,"key":"Bronze Scales"},{"floor":41.0,"key":"Kunai"},{"floor":42.0,"key":"Happy Flower"},{"floor":47,"key":"PreservedInsect"}],"event_choices":[{"damage_healed":0.0,"max_hp_gain":5.0,"max_hp_loss":0.0,"gold_gain":0.0,"event_name":"Big Fish","player_choice":"Donut","floor":4.0,"gold_loss":0.0,"damage_taken":0.0},{"damage_healed":0.0,"max_hp_gain":0.0,"max_hp_loss":0.0,"gold_gain":0.0,"event_name":"The Mausoleum","player_choice":"Ignored","floor":21.0,"gold_loss":0.0,"damage_taken":0.0},{"damage_healed":0.0,"max_hp_gain":0.0,"max_hp_loss":0.0,"gold_gain":0.0,"cards_transformed":["Strike_G","Strike_G"],"event_name":"Drug Dealer","player_choice":"Became Test Subject","floor":22.0,"gold_loss":0.0,"damage_taken":0.0,"cards_obtained":["Bane","Blur"]},{"cards_removed":["Defend_G"],"damage_healed":0.0,"max_hp_gain":0.0,"max_hp_loss":0.0,"gold_gain":0.0,"event_name":"Bonfire Elementals","player_choice":"Offered Basic","floor":37.0,"gold_loss":0.0,"damage_taken":0.0},{"cards_removed":["Infinite Blades"],"damage_healed":0,"gold_gain":0,"player_choice":"Removed Power","damage_taken":0,"max_hp_gain":0,"max_hp_loss":0,"event_name":"Falling","floor":48,"gold_loss":0}],"is_beta":false,"boss_relics":[{"not_picked":["Coffee Dripper","Runic Dome"],"picked":"Runic Pyramid"},{"not_picked":["SlaversCollar","Empty Cage"],"picked":"Cursed Key"}],"items_purged_floors":[19,25,36],"is_endless":false,"potions_floor_spawned":[3,5,8,11,12,14,18,20,33,35,38,41,45],"ascension_level":19}}