{"host":"vbswmqvkphw5sjbx","time":1613886189,"event":{"mods":["BaseMod","BetterRewards","CatGirl Mod","Downfall","Hubris","Infinite Spire","Jorbs\u0027s Wanderer Trilogy","Koishi","Minty Spire (QoL Compilation)","Replay The Spire","SacredBarkPlus","Shade Mod","Spicy Shops","StSLib","The Clintock","The Jungle","The Marked","The Mystic","TheSwordswoman","everything is the same but u backflip on backflip"],"gold_per_floor":[99,111,23,23,33,43,43,57,57,57,75,93,93,108,127,223,223,23,42,54,39,54,82,82,97,97,430,443,258,158,158,172,270,270,270,55,55,55,74,90,90,109,109,119,131,163,0,11,30,30,30,30],"floor_reached":50,"language":"ENG","playtime":5708,"items_purged":[],"score":587,"play_id":"3a573f21-85d5-43fd-b5b8-7bf79110e9fc","local_time":"20210220214309","is_ascension_mode":false,"campfire_choices":[{"floor":1.0,"key":"RECALL"},{"data":"Slimebound:ItLooksTasty","floor":10.0,"key":"SMITH"},{"data":"Slimebound:Schlurp","floor":13.0,"key":"SMITH"},{"floor":18.0,"key":"DIG"},{"data":"Slimebound:SpikyOuterGoop","floor":26.0,"key":"SMITH"},{"data":"Slimebound:GoopSpray","floor":30.0,"key":"SMITH"},{"floor":35.0,"key":"DIG"},{"data":"Slimebound:LevelUp","floor":43.0,"key":"SMITH"}],"circlet_count":0,"master_deck":["Slimebound:Strike_Slimebound","Slimebound:Strike_Slimebound+1","Slimebound:Strike_Slimebound","Slimebound:Tackle","Slimebound:Defend_Slimebound","Slimebound:Defend_Slimebound","Slimebound:Defend_Slimebound","Slimebound:Defend_Slimebound","Slimebound:Split+1","Slimebound:CorrosiveSpit","hubris:Insight","Slimebound:ItLooksTasty","Slimebound:ItLooksTasty+1","Slimebound:Recollect","Slimebound:HauntingLick","Slimebound:SlimeSpikes","Slimebound:PressTheAttack","Slimebound:Schlurp+1","Slimebound:SplitMire","Slimebound:LeechingTouch","Slimebound:RallyTheTroops+1","Slimebound:MegaLick+1","Slimebound:LeechEnergy","Slimebound:HauntingLick","Clumsy","Slimebound:SpikyOuterGoop+1","Slimebound:GoopSpray+1","Slimebound:RollThrough+1","Slimebound:Recycling+1","Slimebound:ComboTackle+1","Slimebound:LevelUp+1","Slimebound:LevelUp+1","Sickly","Slimebound:PrepareCrush+1","Slimebound:RainOfGoop+1","hubris:Sloth","Slimebound:SpikyOuterGoop+1","Slimebound:GoopSpray","Slimebound:Darklings+1","Slimebound:SamplingLick+1","Slimebound:Gluttony+1","Slimebound:AcidTongue","Slimebound:HauntingLick","Slimebound:Recollect+1"],"relics":["Slimebound:AbsorbEndCombatUpgraded","Cursed Key","downfall:HeartBlessingBlue","downfall:HeartBlessingRed","hubris:BottledRain","Pantograph","HornCleat","Old Coin","theJungle:Creamberry","downfall:HeartBlessingGreen","Replay:Bottled Flurry","Replay:Rubber Ducky","Ring of Misfortune","Ring of Fury","PreservedInsect","Onion Ring","Happy Flower","Lee\u0027s Waffle","Whetstone"],"acts_visited":["Exordium","theJungle:Jungle","TheBeyond"],"potions_floor_usage":[46,50,50,50],"damage_taken":[{"damage":2.0,"enemies":"Small Slimes","floor":2.0,"turns":4.0},{"damage":11.0,"enemies":"downfall:FleeingMerchant","floor":3.0,"turns":4.0},{"damage":1.0,"enemies":"Cultist","floor":5.0,"turns":3.0},{"damage":9.0,"enemies":"Jaw Worm","floor":6.0,"turns":2.0},{"damage":8.0,"enemies":"Red Slaver","floor":8.0,"turns":2.0},{"damage":19.0,"enemies":"Exordium Thugs","floor":11.0,"turns":4.0},{"damage":4.0,"enemies":"Blue Slaver","floor":12.0,"turns":3.0},{"damage":7.0,"enemies":"2 Fungi Beasts","floor":14.0,"turns":3.0},{"damage":3.0,"enemies":"Exordium Thugs","floor":15.0,"turns":3.0},{"damage":20.0,"enemies":"WA_ARCHETYPE_RETAIN","floor":16.0,"turns":6.0},{"damage":6.0,"enemies":"Shell Parasite","floor":19.0,"turns":4.0},{"damage":7.0,"enemies":"theJungle:MUSHROOMGANG","floor":20.0,"turns":4.0},{"damage":0.0,"enemies":"downfall:FleeingMerchant","floor":21.0,"turns":4.0},{"damage":7.0,"enemies":"theJungle:2_Snecko_Cultists","floor":22.0,"turns":4.0},{"damage":23.0,"enemies":"theJungle:2_Phrogs","floor":23.0,"turns":7.0},{"damage":0.0,"enemies":"Snake Plant","floor":25.0,"turns":3.0},{"damage":42.0,"enemies":"theJungle:MamaSnecko","floor":27.0,"turns":5.0},{"damage":3.0,"enemies":"theJungle:SlimyTreeVines","floor":28.0,"turns":7.0},{"damage":6.0,"enemies":"theJungle:Snecko_Cultist_And_Trap","floor":32.0,"turns":6.0},{"damage":50.0,"enemies":"DF_ARCHETYPE_CLAW","floor":33.0,"turns":11.0},{"damage":0.0,"enemies":"downfall:FleeingMerchant","floor":36.0,"turns":4.0},{"damage":17.0,"enemies":"3 Darklings","floor":39.0,"turns":6.0},{"damage":0.0,"enemies":"Orb Walker","floor":40.0,"turns":3.0},{"damage":11.0,"enemies":"Maw","floor":42.0,"turns":8.0},{"damage":37.0,"enemies":"3 Darklings","floor":44.0,"turns":6.0},{"damage":4,"enemies":"4 Shapes","floor":45,"turns":7},{"damage":4,"enemies":"Nemesis","floor":46,"turns":5},{"damage":0,"enemies":"downfall:FleeingMerchant","floor":47,"turns":3},{"damage":0,"enemies":"Maw","floor":48,"turns":6},{"damage":14,"enemies":"Spire Growth","floor":49,"turns":4},{"damage":142,"enemies":"SI_POISON_ARCHETYPE","floor":50,"turns":7}],"seed_played":"8494391380041513558","potions_obtained":[{"floor":5.0,"key":"Dexterity Potion"},{"floor":8.0,"key":"Slimebound:SlimyTonguePotion"},{"floor":15.0,"key":"Adrenaline Potion"},{"floor":16.0,"key":"SpeedPotion"},{"floor":19.0,"key":"Elixir"},{"floor":22.0,"key":"FearPotion"},{"floor":25.0,"key":"AttackPotion"},{"floor":28.0,"key":"EssenceOfSteel"},{"floor":40.0,"key":"Weak Potion"},{"floor":48,"key":"Doom Potion"},{"floor":49,"key":"Weak Potion"}],"is_trial":false,"path_per_floor":["R","M","$","?","M","M","T","M","?","R","M","M","R","M","M","B",null,"R","M","M","$","M","E","T","M","R","E","M","?","R","?","M","B",null,"R","$","?","?","M","M","T","M","R","M","M","E","$","M","M","B"],"character_chosen":"SLIMEBOUND","items_purchased":["Slimebound:Recollect","Slimebound:LevelUp","Replay:Rubber Ducky","Happy Flower","Lee\u0027s Waffle","Whetstone","Slimebound:AcidTongue"],"campfire_rested":0,"item_purchase_floors":[3,36,36,47,47,47,47],"current_hp_per_floor":[65,65,60,60,65,58,58,56,65,65,50,54,54,55,58,46,65,75,69,70,75,68,53,53,61,61,27,38,38,38,38,40,23,75,75,75,75,67,65,75,75,67,67,38,46,54,82,82,68,0,0,0],"gold":30,"neow_bonus":"RANDOM_COLORLESS","is_daily":false,"chose_seed":false,"campfire_upgraded":5,"win_rate":0.0,"timestamp":1613886189,"path_taken":["R","M","$","?","?","?","T","M","?","R","?","M","R","M","M","BOSS","R","M","M","$","M","E","T","M","R","E","M","?","R","?","M","BOSS","R","$","?","?","M","M","T","M","R","M","?","E","?","M","M","BOSS"],"items_purchased_type":["Card","Card","Relic","Relic","Relic","Relic","Card"],"build_version":"2020-12-22","purchased_purges":0,"victory":false,"max_hp_per_floor":[65,65,65,65,65,65,65,65,65,65,65,65,65,65,65,65,65,75,75,75,75,75,75,75,75,75,75,75,75,75,75,75,75,75,75,75,75,75,75,75,75,75,75,75,75,75,82,82,82,82,82,82],"card_choices":[{"not_picked":["Mind Blast","Dark Shackles"],"picked":"hubris:Insight","floor":0.0},{"not_picked":["Slimebound:SlimeSpikes","Slimebound:AcidTongue"],"picked":"Slimebound:ItLooksTasty","floor":2.0},{"not_picked":["Slimebound:FinishingTackle","Slimebound:SplitBruiser"],"picked":"Slimebound:ItLooksTasty","floor":3.0},{"not_picked":["Slimebound:LeechEnergy","Slimebound:GoopTackle"],"picked":"Slimebound:HauntingLick","floor":5.0},{"not_picked":["Slimebound:CheckThePlaybook","Slimebound:ViciousTackle","Slimebound:SlimeTap"],"picked":"SKIP","floor":6.0},{"not_picked":["Slimebound:FormOfPuddle","Slimebound:PressTheAttack"],"picked":"Slimebound:SlimeSpikes","floor":8.0},{"not_picked":["Slimebound:FinishingTackle","Slimebound:LivingWall"],"picked":"Slimebound:PressTheAttack","floor":11.0},{"not_picked":["Slimebound:DivideAndConquer","Slimebound:Grow"],"picked":"Slimebound:Schlurp","floor":12.0},{"not_picked":["Slimebound:RainOfGoop","Slimebound:HungryTackle"],"picked":"Slimebound:SplitMire","floor":14.0},{"not_picked":["Slimebound:Overexert","Slimebound:Repurpose"],"picked":"Slimebound:LeechingTouch","floor":15.0},{"not_picked":["Slimebound:CheckThePlaybook","Slimebound:Teamwork"],"picked":"Slimebound:RallyTheTroops","floor":16.0},{"not_picked":["Slimebound:ServeAndProtect","Slimebound:Grow","Slimebound:SplitAcid"],"picked":"SKIP","floor":19.0},{"not_picked":["Slimebound:HauntingLick+1","Slimebound:ComboTackle"],"picked":"Slimebound:MegaLick+1","floor":20.0},{"not_picked":["Slimebound:SplitBruiser","Slimebound:ComboTackle"],"picked":"Slimebound:LeechEnergy","floor":21.0},{"not_picked":["Slimebound:ItLooksTasty","Slimebound:FinishingTackle","Slimebound:LivingWall"],"picked":"SKIP","floor":22.0},{"not_picked":["Slimebound:SlimeBrawl","Slimebound:FormOfPuddle"],"picked":"Slimebound:HauntingLick","floor":23.0},{"not_picked":["Slimebound:LeechingTouch","Slimebound:SplitAcid"],"picked":"Slimebound:SpikyOuterGoop","floor":25.0},{"not_picked":["Slimebound:SplitBruiser+1","Slimebound:PressTheAttack+1","Slimebound:LeechEnergy"],"picked":"SKIP","floor":27.0},{"not_picked":["Slimebound:HauntingLick","Slimebound:LivingWall"],"picked":"Slimebound:GoopSpray","floor":28.0},{"not_picked":["Slimebound:TongueLash+1","Slimebound:SplitAcid+1"],"picked":"Slimebound:RollThrough+1","floor":32.0},{"not_picked":["Slimebound:Teamwork+1","Slimebound:TagTeam+1"],"picked":"Slimebound:Recycling+1","floor":33.0},{"not_picked":["Slimebound:ProtectTheBoss+1","Slimebound:SlimeBarrage+1"],"picked":"Slimebound:ComboTackle+1","floor":36.0},{"not_picked":["Slimebound:PressTheAttack","Slimebound:SplitAcid"],"picked":"Slimebound:PrepareCrush+1","floor":39.0},{"not_picked":["Slimebound:PressTheAttack","Slimebound:GoopSpray"],"picked":"Slimebound:RainOfGoop+1","floor":40.0},{"not_picked":["Slimebound:LeechingTouch","Slimebound:Prepare"],"picked":"Slimebound:SpikyOuterGoop+1","floor":42.0},{"not_picked":["Slimebound:ProtectTheBoss+1","Slimebound:Replication+1"],"picked":"Slimebound:GoopSpray","floor":44.0},{"not_picked":["Slimebound:SplitLeeching","Slimebound:Schlurp"],"picked":"Slimebound:Darklings+1","floor":45},{"not_picked":["Slimebound:Replication+1","Slimebound:GoopSpray+1"],"picked":"Slimebound:SamplingLick+1","floor":46},{"not_picked":["Slimebound:SplitAcid+1","Slimebound:SamplingLick"],"picked":"Slimebound:Gluttony+1","floor":47},{"not_picked":["Slimebound:Schlurp+1","Slimebound:GoopTackle+1"],"picked":"Slimebound:HauntingLick","floor":48},{"not_picked":["Slimebound:SplitMire+1","Slimebound:ProtectTheBoss+1"],"picked":"Slimebound:Recollect+1","floor":49}],"player_experience":197046,"relics_obtained":[{"floor":18.0,"key":"hubris:BottledRain"},{"floor":23.0,"key":"Pantograph"},{"floor":24.0,"key":"HornCleat"},{"floor":27.0,"key":"Old Coin"},{"floor":35.0,"key":"Replay:Bottled Flurry"},{"floor":37.0,"key":"Ring of Misfortune"},{"floor":37.0,"key":"Ring of Fury"},{"floor":41.0,"key":"PreservedInsect"},{"floor":46,"key":"Onion Ring"}],"event_choices":[{"damage_healed":9.0,"max_hp_gain":0.0,"max_hp_loss":0.0,"gold_gain":0.0,"event_name":"Wheel of Change","player_choice":"Full Heal","floor":9.0,"gold_loss":0.0,"damage_taken":0.0}],"is_beta":false,"boss_relics":[{"not_picked":["Honey Jar","Snecko Eye"],"picked":"Cursed Key"},{"not_picked":["Replay:Fungal Core","SlaversCollar"],"picked":"Slimebound:AbsorbEndCombatUpgraded"}],"items_purged_floors":[],"is_endless":false,"potions_floor_spawned":[5,8,15,16,19,22,25,28,40,48,49],"killed_by":"SI_POISON_ARCHETYPE","ascension_level":0}}