{"host":"c1h8o8aodufyrxir","time":1613875704,"event":{"mods":["AchievementEnabler","BaseMod","Block Reminder","Downfall","Minty Spire (QoL Compilation)","Rare Cards Sparkle","Relic Stats","StSLib"],"gold_per_floor":[99,116,134,134,146,146,146,158,186,218,259,30,58,58,75,172,172,72,91,104,104,116,216,267,267,286,286,386,30,130,164,174,271,271,271,288,308,308,408,408,408,408,308,66,66,66,98,98,110,110,110,110,110,110],"floor_reached":52,"language":"ENG","playtime":4927,"items_purged":[],"score":783,"play_id":"51f8792e-5eb6-4bc6-801f-5658e4c8dde6","local_time":"20210220194824","is_ascension_mode":false,"campfire_choices":[{"data":"Slimebound:Split","floor":1,"key":"SMITH"},{"data":"Slimebound:Grow","floor":6,"key":"SMITH"},{"data":"Slimebound:SlimeTap","floor":8,"key":"SMITH"},{"data":"Slimebound:MassRepurpose","floor":18,"key":"SMITH"},{"floor":27,"key":"RECALL"},{"floor":30,"key":"REST"},{"data":"Slimebound:Prepare","floor":35,"key":"SMITH"},{"data":"Slimebound:SlimeBarrage","floor":40,"key":"SMITH"},{"data":"expansioncontent:DashGenerateEvil","floor":43,"key":"SMITH"}],"circlet_count":0,"master_deck":["Slimebound:Strike_Slimebound+1","Slimebound:Strike_Slimebound+1","Slimebound:Strike_Slimebound+1","Slimebound:Tackle+1","Slimebound:Defend_Slimebound+1","Slimebound:Defend_Slimebound+1","Slimebound:Defend_Slimebound+1","Slimebound:Defend_Slimebound+1","Slimebound:Split+1","Slimebound:CorrosiveSpit+1","Slimebound:SamplingLick+1","Slimebound:Grow+1","Slimebound:SlimeTap+1","Slimebound:SplitLeeching+1","Slimebound:RejuvenatingLick+1","Slimebound:SlimeSpikes+1","Slimebound:MegaLick+1","Slimebound:Repurpose+1","Slimebound:Prepare+1","Iron Wave+1","Slimebound:PressTheAttack+1","Slimebound:MassRepurpose+1","Slimebound:Nibble+1","Slimebound:SlimeSpikes+1","Slimebound:SlimeBarrage+1","Slimebound:CheckThePlaybook+1","Slimebound:SplitMire+1","Slimebound:SamplingLick+1","Slimebound:SplitLeeching+1","expansioncontent:DashGenerateEvil+1","Slimebound:LeechingTouch+1","Slimebound:LeechLife+1","Slimebound:TongueLash+1","Slimebound:GrowthPunch+1","Slimebound:LivingWall+1","Slimebound:LevelUp+1","expansioncontent:DashGenerateEvil+1","Slimebound:LeadByExample","Slimebound:TongueLash"],"relics":["Slimebound:AbsorbEndCombatUpgraded","MawBank","Pen Nib","Juzu Bracelet","Oddly Smooth Stone","Velvet Choker","downfall:GremlinWheel","Orichalcum","Bird Faced Urn","Kunai","Happy Flower","Incense Burner","Matryoshka","Potion Belt","Strawberry","Bronze Scales","Darkstone Periapt"],"acts_visited":["Exordium","TheCity","TheBeyond","TheEnding"],"potions_floor_usage":[23,28,28,28,52],"damage_taken":[{"damage":0,"enemies":"Jaw Worm","floor":2,"turns":3},{"damage":0,"enemies":"Cultist","floor":3,"turns":3},{"damage":1,"enemies":"Small Slimes","floor":5,"turns":4},{"damage":2,"enemies":"Gremlin Gang","floor":9,"turns":5},{"damage":2,"enemies":"Blue Slaver","floor":10,"turns":3},{"damage":0,"enemies":"Lagavulin","floor":11,"turns":6},{"damage":0,"enemies":"downfall:FleeingMerchant","floor":12,"turns":4},{"damage":9,"enemies":"3 Sentries","floor":13,"turns":5},{"damage":6,"enemies":"Red Slaver","floor":15,"turns":3},{"damage":20,"enemies":"DF_ARCHETYPE_STREAMLINE","floor":16,"turns":11},{"damage":8,"enemies":"downfall:LooterAlt2","floor":19,"turns":5},{"damage":16,"enemies":"Chosen","floor":20,"turns":6},{"damage":5,"enemies":"Snake Plant","floor":22,"turns":5},{"damage":0,"enemies":"Snake Plant","floor":23,"turns":3},{"damage":12,"enemies":"3 Cultists","floor":26,"turns":5},{"damage":54,"enemies":"Colosseum Nobs","floor":28,"turns":5},{"damage":0,"enemies":"downfall:FleeingMerchant","floor":29,"turns":4},{"damage":19,"enemies":"Book of Stabbing","floor":31,"turns":6},{"damage":0,"enemies":"Snecko","floor":32,"turns":5},{"damage":18,"enemies":"WA_ARCHETYPE_CALM","floor":33,"turns":9},{"damage":31,"enemies":"3 Darklings","floor":36,"turns":4},{"damage":10,"enemies":"3 Shapes","floor":37,"turns":5},{"damage":0,"enemies":"downfall:LadyInBlue","floor":39,"turns":9},{"damage":9,"enemies":"downfall:FleeingMerchant","floor":44,"turns":4},{"damage":18,"enemies":"Reptomancer","floor":47,"turns":5},{"damage":0,"enemies":"Jaw Worm Horde","floor":49,"turns":4},{"damage":21,"enemies":"SI_POISON_ARCHETYPE","floor":50,"turns":12},{"damage":116,"enemies":"downfall:CharBossMerchant","floor":52,"turns":8}],"seed_played":"6969868591333965988","potions_obtained":[{"floor":4,"key":"Weak Potion"},{"floor":4,"key":"DistilledChaos"},{"floor":4,"key":"SkillPotion"},{"floor":5,"key":"AttackPotion"},{"floor":26,"key":"Explosive Potion"},{"floor":28,"key":"LiquidMemories"},{"floor":31,"key":"SmokeBomb"},{"floor":32,"key":"AttackPotion"},{"floor":39,"key":"DuplicationPotion"},{"floor":39,"key":"ColorlessPotion"},{"floor":39,"key":"champ:CounterPotion"}],"is_trial":false,"path_per_floor":["R","M","M","?","M","R","T","R","M","M","E","$","E","?","M","B",null,"R","M","M","?","M","?","T","?","M","R","?","$","R","E","M","B",null,"R","M","M","?","?","R","T","?","R","$","?","?","E","?","M","B",null,"E"],"character_chosen":"SLIMEBOUND","items_purchased":["Slimebound:Repurpose","Juzu Bracelet","expansioncontent:DashGenerateEvil","Happy Flower","Bronze Scales","Slimebound:LevelUp"],"campfire_rested":1,"item_purchase_floors":[12,12,29,29,44,44],"current_hp_per_floor":[65,65,65,65,65,65,65,65,65,65,65,65,59,59,55,43,65,65,59,47,47,46,52,52,52,48,48,2,12,31,24,36,26,65,65,51,52,52,65,65,72,72,82,76,76,72,62,62,72,70,72,0,0,0],"gold":110,"neow_bonus":"THREE_CARDS","is_daily":false,"chose_seed":false,"campfire_upgraded":7,"win_rate":0.0,"timestamp":1613875704,"path_taken":["R","M","M","?","M","R","T","R","?","M","E","$","E","?","M","BOSS","R","M","M","?","M","?","T","?","M","R","?","?","R","E","M","BOSS","R","M","M","?","?","R","T","?","R","$","?","?","E","?","M","BOSS","E"],"items_purchased_type":["Card","Relic","Card","Relic","Relic","Card"],"build_version":"2020-12-22","purchased_purges":0,"victory":false,"max_hp_per_floor":[65,65,65,65,65,65,65,65,65,65,65,65,65,65,65,65,65,65,65,65,65,65,65,65,65,65,65,65,65,65,65,65,65,65,65,65,65,65,65,65,72,72,82,82,82,72,72,72,72,72,72,72,72,72],"relic_stats":{"Darkstone Periapt":0,"Happy Flower":[23],"counters":[28,148],"Bird Faced Urn":[34],"Bronze Scales":[53],"Pen Nib":[18],"Juzu Bracelet":4,"Kunai":[11],"Orichalcum":[54],"MawBank":60,"obtain_stats":[{"Potion Belt":39,"Darkstone Periapt":47,"Happy Flower":29,"downfall:HeartBlessingRed":30,"Oddly Smooth Stone":13,"Velvet Choker":17,"downfall:HeartBlessingGreen":18,"Pen Nib":11,"Juzu Bracelet":12,"Incense Burner":31,"Orichalcum":24,"MawBank":7,"downfall:GremlinWheel":23,"Matryoshka":38,"downfall:HeartBlessingBlue":43,"Bird Faced Urn":28,"Strawberry":41,"Bronze Scales":44,"Slimebound:AbsorbEndCombat":0,"Kunai":28,"Slimebound:AbsorbEndCombatUpgraded":34},{"Potion Belt":23,"Darkstone Periapt":25,"Happy Flower":17,"downfall:HeartBlessingRed":17,"Oddly Smooth Stone":8,"Velvet Choker":10,"downfall:HeartBlessingGreen":10,"Pen Nib":6,"Juzu Bracelet":7,"Incense Burner":18,"Orichalcum":14,"MawBank":3,"downfall:GremlinWheel":14,"Matryoshka":22,"downfall:HeartBlessingBlue":23,"Bird Faced Urn":16,"Strawberry":23,"Bronze Scales":24,"Slimebound:AbsorbEndCombat":0,"Kunai":16,"Slimebound:AbsorbEndCombatUpgraded":20},{"Potion Belt":115,"Darkstone Periapt":124,"Happy Flower":78,"downfall:HeartBlessingRed":78,"Oddly Smooth Stone":33,"Velvet Choker":46,"downfall:HeartBlessingGreen":46,"Pen Nib":24,"Juzu Bracelet":28,"Incense Burner":84,"Orichalcum":64,"MawBank":10,"downfall:GremlinWheel":64,"Matryoshka":106,"downfall:HeartBlessingBlue":115,"Bird Faced Urn":74,"Strawberry":115,"Bronze Scales":119,"Slimebound:AbsorbEndCombat":0,"Kunai":74,"Slimebound:AbsorbEndCombatUpgraded":98}]},"card_choices":[{"not_picked":["Slimebound:Dissolve","Slimebound:Chomp"],"picked":"Slimebound:SamplingLick","floor":0},{"not_picked":["Slimebound:SplitAcid","Slimebound:LevelUp"],"picked":"Slimebound:SplitLeeching","floor":2},{"not_picked":["Slimebound:SamplingLick","Slimebound:GoopSpray"],"picked":"Slimebound:Grow","floor":3},{"not_picked":["Slimebound:LeechingTouch","Slimebound:HauntingLick"],"picked":"Slimebound:SlimeTap","floor":5},{"not_picked":["Slimebound:Teamwork","Slimebound:SlimeBrawl"],"picked":"Slimebound:SplitLeeching","floor":9},{"not_picked":["Slimebound:SlimeBrawl","Slimebound:LeadByExample"],"picked":"Slimebound:RejuvenatingLick","floor":10},{"not_picked":["Slimebound:LevelUp","Slimebound:FormOfPuddle"],"picked":"Slimebound:SlimeSpikes","floor":11},{"not_picked":["Slimebound:LeechingTouch","Slimebound:SamplingLick"],"picked":"Slimebound:MegaLick","floor":12},{"not_picked":["Slimebound:ServeAndProtect","Slimebound:Gluttony"],"picked":"Slimebound:Prepare","floor":13},{"not_picked":["Slimebound:FinishingTackle","Slimebound:FormOfPuddle"],"picked":"Slimebound:PressTheAttack","floor":15},{"not_picked":["Slimebound:DuplicatedForm","Slimebound:Overexert"],"picked":"Slimebound:MassRepurpose","floor":16},{"not_picked":["Slimebound:LevelUp","Slimebound:SplitLeeching"],"picked":"Slimebound:Nibble","floor":19},{"not_picked":["Slimebound:TongueLash","Slimebound:SplitAcid"],"picked":"Slimebound:SlimeSpikes","floor":20},{"not_picked":["Slimebound:FlameTackle","Slimebound:BestDefense"],"picked":"Slimebound:SlimeBarrage","floor":22},{"not_picked":["Slimebound:SplitLeeching","Slimebound:TongueLash"],"picked":"Slimebound:SplitMire+1","floor":26},{"not_picked":["Slimebound:Schlurp+1","Slimebound:Dissolve"],"picked":"Slimebound:SamplingLick","floor":28},{"not_picked":["Slimebound:BestDefense+1","Slimebound:ComboTackle"],"picked":"Slimebound:SplitLeeching+1","floor":29},{"not_picked":["Slimebound:Nibble","Slimebound:SplitLeeching"],"picked":"Slimebound:SlimeBrawl+1","floor":31},{"not_picked":["Slimebound:ComboTackle","Slimebound:SplitMire"],"picked":"Slimebound:LeechingTouch","floor":32},{"not_picked":["Slimebound:RallyTheTroops","Slimebound:CheckThePlaybook"],"picked":"Slimebound:LeechLife","floor":33},{"not_picked":["Slimebound:SplitMire","Slimebound:SplitAcid+1"],"picked":"Slimebound:TongueLash+1","floor":36},{"not_picked":["Slimebound:PressTheAttack","Slimebound:SamplingLick"],"picked":"Slimebound:GrowthPunch","floor":37},{"not_picked":["Slimebound:ProtectTheBoss","Slimebound:GoopTackle"],"picked":"Slimebound:LivingWall+1","floor":39},{"not_picked":["Slimebound:FlameTackle+1","Slimebound:Gluttony","Slimebound:SplitLeeching+1"],"picked":"SKIP","floor":44},{"not_picked":["Slimebound:FlameTackle+1","Slimebound:ForwardTackle+1"],"picked":"Slimebound:LeadByExample","floor":47},{"not_picked":["Slimebound:ItLooksTasty+1","Slimebound:SlimeBarrage"],"picked":"Slimebound:TongueLash","floor":49}],"player_experience":168967,"relics_obtained":[{"floor":7,"key":"MawBank"},{"floor":11,"key":"Pen Nib"},{"floor":13,"key":"Oddly Smooth Stone"},{"floor":23,"key":"downfall:GremlinWheel"},{"floor":24,"key":"Orichalcum"},{"floor":28,"key":"Bird Faced Urn"},{"floor":28,"key":"Kunai"},{"floor":31,"key":"Incense Burner"},{"floor":38,"key":"Matryoshka"},{"floor":39,"key":"Potion Belt"},{"floor":41,"key":"Strawberry"},{"floor":47,"key":"Darkstone Periapt"}],"event_choices":[{"damage_healed":0,"gold_gain":0,"player_choice":"Got Potions","damage_taken":0,"max_hp_gain":0,"max_hp_loss":0,"event_name":"Lab","floor":4,"gold_loss":0},{"cards_removed":["Slimebound:SplitLeeching"],"damage_healed":0,"gold_gain":0,"player_choice":"Took Card","damage_taken":0,"max_hp_gain":0,"max_hp_loss":0,"event_name":"NoteForYourself","floor":14,"gold_loss":0,"cards_obtained":["Iron Wave"]},{"damage_healed":0,"gold_gain":0,"player_choice":"Ignored","damage_taken":0,"max_hp_gain":0,"max_hp_loss":0,"event_name":"Vampires","floor":21,"gold_loss":0},{"damage_healed":0,"gold_gain":200,"player_choice":"Gold","damage_taken":0,"max_hp_gain":0,"max_hp_loss":0,"event_name":"Wheel of Change","floor":30,"gold_loss":0},{"cards_removed":["Slimebound:SlimeBrawl"],"damage_healed":0,"gold_gain":0,"player_choice":"Removed Skill","damage_taken":0,"max_hp_gain":0,"max_hp_loss":0,"event_name":"Falling","floor":48,"gold_loss":0}],"is_beta":false,"boss_relics":[{"not_picked":["Pandora\u0027s Box","Coffee Dripper"],"picked":"Velvet Choker"},{"not_picked":["Slimebound:TarBlob","SacredBark"],"picked":"Slimebound:AbsorbEndCombatUpgraded"}],"items_purged_floors":[],"is_endless":false,"potions_floor_spawned":[5,10,11,13,15,16,26,28,31,32,37,49],"killed_by":"downfall:CharBossMerchant","ascension_level":0}}