{"host":"as7albp2mcgkylj3","time":1613869299,"event":{"mods":["2.2 Compatiblity","AchievementEnabler","BaseMod","Colored Map","DeckTracker","Downfall","Googly Eyes","Highlight Path","Minty Spire (QoL Compilation)","Replay The Spire","StSLib","SuperFastMode"],"gold_per_floor":[99,113,130,130,149,149,174,174,199,109,259,277,290,300,312,412,412,412,430,515,515,515,525,594,325,360,374,387,415,215,265,279,375,375,375,394,407,423,723,738,762,662,662,60,70,70,70,105,131,143,155,194,31,31,31,31],"floor_reached":57,"language":"ITA","playtime":3127,"items_purged":["bronze:Defend","bronze:Strike","bronze:Defend","bronze:Strike","bronze:WhirlingStrike+1"],"score":1454,"play_id":"4cee2cac-01bb-43c9-9a06-081047695c78","local_time":"20210221020139","is_ascension_mode":true,"campfire_choices":[{"data":"bronze:Defend","floor":1,"key":"PURGE"},{"data":"bronze:Goto","floor":6,"key":"SMITH"},{"floor":18,"key":"RECALL"},{"floor":30,"key":"REST"},{"floor":35,"key":"REST"},{"floor":42,"key":"REST"},{"floor":46,"key":"REST"},{"floor":54,"key":"REST"}],"circlet_count":0,"master_deck":["bronze:Defend","bronze:Replicate","bronze:Goto+1","bronze:DelayedSlice","bronze:Branch+1","bronze:ChildClass+1","bronze:DelayedSlice+1","bronze:HardenedForm+1","bronze:Branch+1","bronze:InfiniteLoop+1","bronze:CutThrough+1","bronze:GetLatest+1","bronze:Iterate+1","Pot Of Greed","Pot Of Greed"],"relics":["bronze:BronzeCore","Ancient Tea Set","Molten Egg 2","Replay:Grab Bag","Sozu","ReplayTheSpireMod:DimensionalGlitch","Ring of Chaos","MutagenicStrength","Singing Bowl","Guide Book","MealTicket","Counterbalance","downfall:HeartBlessingRed","downfall:HeartBlessingGreen","Simple Rune","Fusion Hammer","downfall:HeartBlessingBlue","Bottled Tornado","Grinning Jar","Boot","Chemical X","MawBank","TungstenRod"],"acts_visited":["Exordium","TheCity","TheBeyond","TheEnding"],"potions_floor_usage":[50,55,56],"damage_taken":[{"damage":0,"enemies":"Small Slimes","floor":2,"turns":3},{"damage":4,"enemies":"Jaw Worm","floor":3,"turns":5},{"damage":1,"enemies":"Cultist","floor":5,"turns":3},{"damage":8,"enemies":"Gremlin Nob","floor":9,"turns":3},{"damage":0,"enemies":"downfall:FleeingMerchant","floor":10,"turns":4},{"damage":0,"enemies":"Large Slime","floor":12,"turns":2},{"damage":8,"enemies":"Red Slaver","floor":13,"turns":3},{"damage":1,"enemies":"Blue Slaver","floor":14,"turns":2},{"damage":0,"enemies":"downfall:LooterAlt","floor":15,"turns":2},{"damage":42,"enemies":"DF_ARCHETYPE_STREAMLINE","floor":16,"turns":7},{"damage":0,"enemies":"3 Byrds","floor":19,"turns":1},{"damage":0,"enemies":"Shell Parasite","floor":23,"turns":1},{"damage":0,"enemies":"downfall:FleeingMerchant","floor":25,"turns":4},{"damage":6,"enemies":"Slavers","floor":26,"turns":2},{"damage":0,"enemies":"Chosen and Byrds","floor":27,"turns":3},{"damage":3,"enemies":"Shelled Parasite and Fungi","floor":28,"turns":3},{"damage":2,"enemies":"Book of Stabbing","floor":29,"turns":3},{"damage":0,"enemies":"downfall:FleeingMerchant","floor":31,"turns":1},{"damage":0,"enemies":"Snecko","floor":32,"turns":1},{"damage":0,"enemies":"WA_ARCHETYPE_CALM","floor":33,"turns":3},{"damage":0,"enemies":"3 Darklings","floor":36,"turns":2},{"damage":0,"enemies":"3 Shapes","floor":37,"turns":1},{"damage":0,"enemies":"Maw","floor":38,"turns":4},{"damage":21,"enemies":"Writhing Mass","floor":40,"turns":3},{"damage":0,"enemies":"3 Darklings","floor":45,"turns":2},{"damage":0,"enemies":"R_Hoarder","floor":48,"turns":3},{"damage":5,"enemies":"Maw","floor":49,"turns":4},{"damage":62,"enemies":"SI_POISON_ARCHETYPE","floor":50,"turns":4},{"damage":0,"enemies":"downfall:CharBossMerchant","floor":52,"turns":3},{"damage":0,"enemies":"downfall:NeowBoss","floor":55,"turns":9},{"damage":39,"enemies":"downfall:NeowBossFinal","floor":56,"turns":6}],"seed_played":"5714723732408936213","potions_obtained":[{"floor":5,"key":"ColorlessPotion"},{"floor":12,"key":"champ:CounterPotion"},{"floor":13,"key":"LiquidBronze"}],"is_trial":false,"path_per_floor":["R_BF","M","M","?","M","R","T","?","E","$","?","M","M","M","M","B",null,"R_BF","M","?","?","?","M","T","$","E","M","M","E","R","$","M","B",null,"R","M","M","M","?","M","T","R","?","$","M","R","?","E","M","B",null,"E","$","R","B","B",null],"character_chosen":"THE_AUTOMATON","items_purchased":["Guide Book","Simple Rune","Grinning Jar","Boot","Chemical X"],"campfire_rested":5,"item_purchase_floors":[25,31,44,44,44],"current_hp_per_floor":[70,70,66,66,65,65,65,65,57,57,57,57,49,48,48,6,70,70,70,49,49,49,49,49,51,45,45,44,42,64,76,78,80,80,80,82,84,86,86,67,67,98,98,98,100,100,100,102,99,37,104,106,106,106,106,67],"gold":31,"neow_bonus":"REMOVE_CARD","is_daily":false,"chose_seed":false,"campfire_upgraded":1,"win_rate":0.0,"timestamp":1613869299,"path_taken":["R_BF","M","M","?","M","R","T","?","E","$","?","M","M","?","M","BOSS","R_BF","M","?","?","?","M","T","?","E","M","?","E","R","$","M","BOSS","R","M","M","M","?","?","T","R","?","$","M","R","?","E","M","BOSS","E","$","R","BOSS","BOSS"],"items_purchased_type":["Relic","Relic","Relic","Relic","Relic"],"build_version":"2020-12-22","purchased_purges":5,"victory":true,"max_hp_per_floor":[70,70,70,70,70,70,70,70,70,70,70,70,70,70,70,70,70,70,70,70,70,70,70,70,72,72,72,74,74,74,76,78,80,80,80,82,84,86,86,88,88,98,98,98,100,100,100,102,104,104,104,106,106,106,106,106],"card_choices":[{"not_picked":["bronze:OilSpill","bronze:Shell","bronze:Frontload"],"picked":"SKIP","floor":2},{"not_picked":["bronze:Branch","bronze:BuggyMess"],"picked":"bronze:DelayedSlice","floor":3},{"not_picked":["bronze:BuggyMess","bronze:Shell","bronze:Invalidate"],"picked":"SKIP","floor":5},{"not_picked":["bronze:Shield","bronze:DelayedGuard"],"picked":"bronze:WhirlingStrike+1","floor":9},{"not_picked":["bronze:CloningBeam+1","bronze:Overheat+1"],"picked":"bronze:Branch+1","floor":10},{"not_picked":["bronze:DarkDash+1","bronze:Break+1","bronze:Constructor"],"picked":"SKIP","floor":12},{"not_picked":["bronze:WhirlingStrike+1","bronze:DelayedGuard"],"picked":"bronze:ChildClass","floor":13},{"not_picked":["bronze:Turbo","bronze:DelayedGuard","bronze:OilSpill+1"],"picked":"SKIP","floor":14},{"not_picked":["bronze:BuggyMess","bronze:Return"],"picked":"bronze:DelayedSlice+1","floor":15},{"not_picked":["bronze:BurnOut+1","bronze:SpaghettiCode"],"picked":"bronze:HardenedForm","floor":16},{"not_picked":["bronze:MaxOutput+1","bronze:Invalidate"],"picked":"bronze:Branch+1","floor":19},{"not_picked":["bronze:Boost","bronze:ItsAFeature","bronze:BugBarrage+1"],"picked":"SKIP","floor":23},{"not_picked":["bronze:FindAndReplace","bronze:Fortify+1","bronze:Frontload+1"],"picked":"Singing Bowl","floor":25},{"not_picked":["bronze:Constructor","bronze:AlphaBuild+1"],"picked":"bronze:CutThrough+1","floor":26},{"not_picked":["bronze:BuggyMess","bronze:ForLoop+1"],"picked":"bronze:GetLatest+1","floor":27},{"not_picked":["bronze:Shield","bronze:DelayedSlice+1","bronze:Shell"],"picked":"Singing Bowl","floor":28},{"not_picked":["bronze:RecursiveStrike+1","bronze:Invalidate+1"],"picked":"bronze:Iterate+1","floor":29},{"not_picked":["bronze:Constructor","bronze:Separator+1","bronze:ForceShield"],"picked":"Singing Bowl","floor":31},{"not_picked":["bronze:Turbo+1","bronze:Fortify+1","bronze:ForceShield"],"picked":"Singing Bowl","floor":32},{"not_picked":["bronze:SpaghettiCode","bronze:Virus+1","bronze:CleanCode"],"picked":"Singing Bowl","floor":33},{"not_picked":["bronze:Backtrace+1","bronze:Optimize","bronze:OilSpill+1"],"picked":"Singing Bowl","floor":36},{"not_picked":["bronze:NullPointer+1","bronze:WildBeam+1","bronze:BugBarrage+1"],"picked":"Singing Bowl","floor":37},{"not_picked":["bronze:ClassDefault+1","bronze:FollowUp+1","bronze:WildBeam+1"],"picked":"Singing Bowl","floor":38},{"not_picked":["bronze:Constructor","bronze:Invalidate+1","bronze:DelayedSlice+1"],"picked":"Singing Bowl","floor":40},{"not_picked":["bronze:Shield+1","bronze:Repair+1","bronze:DelayedSlice+1"],"picked":"Singing Bowl","floor":45},{"not_picked":["bronze:Shield+1","bronze:Invalidate","bronze:ShipIt+1"],"picked":"Singing Bowl","floor":48},{"not_picked":["bronze:Repulsor","bronze:OilSpill+1","bronze:Constructor+1"],"picked":"Singing Bowl","floor":49},{"not_picked":["bronze:Backtrace+1","bronze:Fortify+1","bronze:CutThrough+1"],"picked":"Singing Bowl","floor":52}],"player_experience":527703,"relics_obtained":[{"floor":7,"key":"Ancient Tea Set"},{"floor":9,"key":"Molten Egg 2"},{"floor":24,"key":"Singing Bowl"},{"floor":26,"key":"MealTicket"},{"floor":29,"key":"Counterbalance"},{"floor":43,"key":"Bottled Tornado"},{"floor":48,"key":"MawBank"},{"floor":52,"key":"TungstenRod"}],"event_choices":[{"cards_removed":["bronze:Strike"],"damage_healed":0,"gold_gain":0,"player_choice":"Card Removal","damage_taken":0,"max_hp_gain":0,"max_hp_loss":0,"event_name":"The Cleric","floor":4,"gold_loss":0},{"damage_healed":0,"gold_gain":0,"player_choice":"Inject Mutagens","damage_taken":0,"relics_obtained":["MutagenicStrength"],"max_hp_gain":0,"max_hp_loss":0,"event_name":"Drug Dealer","floor":21,"gold_loss":0},{"damage_healed":0,"gold_gain":300,"player_choice":"Gold","damage_taken":0,"max_hp_gain":0,"max_hp_loss":0,"event_name":"Wheel of Change","floor":39,"gold_loss":0}],"is_beta":false,"boss_relics":[{"not_picked":["Replay:Wanted Poster","Snecko Eye"],"picked":"Replay:Grab Bag"},{"not_picked":["Busted Crown","Painkiller Herb"],"picked":"Sozu"},{"not_picked":["Velvet Choker","ReplayTheSpireMod:Onyx Gauntlets"],"picked":"ReplayTheSpireMod:DimensionalGlitch"},{"not_picked":["Kintsugi","bronze:PlatinumCore"],"picked":"Ring of Chaos"},{"not_picked":["Honey Jar","Coffee Dripper"],"picked":"Fusion Hammer"}],"items_purged_floors":[10,25,31,44,53],"is_endless":false,"potions_floor_spawned":[5,12,13,14,16,19,23,27,33,37,48,49,52],"ascension_level":1}}