{"host":"mpysornf1vqkhgbh","time":1613911915,"event":{"mods":["AchievementEnabler","Act Like it!","BaseMod","Better Sensory Stone","Better Silent Start","Colored Map","Friendly Minions","Gensokyo","Googly Eyes","Highlight Path","Magitek Elite","Minty Spire (QoL Compilation)","Quick Restart","Robot Space Explorer","Ruina","Spire Arcade","StSLib","The Cursed","The Disciple","The Druid","The Gatherer","The Hierophant","The Jungle","The Marked","The Saiyan","The Senshi","The Witch","TheBandit","TheVacant","thorton"],"gold_per_floor":[112,131,148,148,164,164,197,197,276,276,129,129,146,157,157,254,254,266,266,94,94,110,110,110,110,110,138,150,163,163,163,163,258,258,268,268,328,88,105,105,135,151,177,22,22,22,22,22,22,22],"floor_reached":51,"language":"ENG","playtime":3274,"items_purged":["theMarked:Strike","theMarked:Strike"],"score":666,"play_id":"011ca47e-3a69-4f24-8e25-ade5b6ad7060","local_time":"20210221065155","is_ascension_mode":false,"campfire_choices":[{"data":"theMarked:Frustration","floor":6,"key":"SMITH"},{"data":"theMarked:ChainLightning","floor":8,"key":"SMITH"},{"data":"theMarked:SoldierOfQuellstein","floor":10,"key":"SMITH"},{"data":"theMarked:Heritage","floor":12,"key":"SMITH"},{"data":"theMarked:RogueSparks","floor":15,"key":"SMITH"},{"data":"theMarked:MysticalArsenal","floor":23,"key":"SMITH"},{"data":"theMarked:Toughness","floor":30,"key":"SMITH"},{"data":"theMarked:Vacuum","floor":32,"key":"SMITH"},{"data":"theMarked:TakeOffHeels","floor":40,"key":"SMITH"},{"data":"theMarked:Parkour","floor":45,"key":"SMITH"},{"data":"theMarked:WardOff","floor":47,"key":"SMITH"},{"data":"theMarked:RepellingDischarge","floor":49,"key":"SMITH"}],"circlet_count":0,"master_deck":["theMarked:Strike+1","theMarked:Strike+1","theMarked:Strike+1","theMarked:Defend+1","theMarked:Defend+1","theMarked:Defend+1","theMarked:Defend+1","theMarked:SoldierOfQuellstein+1","theMarked:WardOff","theMarked:WardOff+1","theMarked:ChainLightning+1","theMarked:Frustration+1","theMarked:Parkour+1","theMarked:Heritage+1","theMarked:BanishingStrike","theMarked:RogueSparks+1","theMarked:Vacuum+1","theMarked:Indomitable+1","theMarked:MysticalArsenal+1","theMarked:Memento+1","theMarked:RepellingDischarge+1","theMarked:Toughness+1","theMarked:WardOff+1","theMarked:TakeOffHeels+1","theMarked:SwordAndMagic+1","Madness+1","theMarked:ContemptForTheProud","theMarked:EnhanceMovement+1","theMarked:TakeOffHeels+1"],"relics":["theMarked:ArtifactOfAir","WingedGreaves","theMarked:NailFile","Philosopher\u0027s Stone","Potion Belt","Happy Flower","Juzu Bracelet","SlaversCollar","Eternal Feather","Ice Cream","Centennial Puzzle","Vajra"],"acts_visited":["Exordium","TheCity","TheBeyond"],"potions_floor_usage":[3,7,13,18,27,27,27,27,27,33,33,41,50,50],"damage_taken":[{"damage":1,"enemies":"Cultist","floor":1,"turns":3},{"damage":5,"enemies":"Small Slimes","floor":2,"turns":3},{"damage":0,"enemies":"Jaw Worm","floor":3,"turns":4},{"damage":0,"enemies":"2 Fungi Beasts","floor":5,"turns":4},{"damage":15,"enemies":"Lagavulin","floor":7,"turns":8},{"damage":0,"enemies":"Blue Slaver","floor":13,"turns":3},{"damage":1,"enemies":"3 Louse","floor":14,"turns":3},{"damage":29,"enemies":"Hexaghost","floor":16,"turns":8},{"damage":32,"enemies":"2 Thieves","floor":18,"turns":3},{"damage":4,"enemies":"Shell Parasite","floor":22,"turns":4},{"damage":3,"enemies":"Gremlin Leader","floor":27,"turns":8},{"damage":0,"enemies":"Snecko","floor":28,"turns":3},{"damage":6,"enemies":"Cultist and Chosen","floor":29,"turns":5},{"damage":41,"enemies":"Collector","floor":33,"turns":7},{"damage":30,"enemies":"3 Darklings","floor":35,"turns":6},{"damage":4,"enemies":"3 Shapes","floor":39,"turns":4},{"damage":33,"enemies":"Nemesis","floor":41,"turns":9},{"damage":14,"enemies":"Sphere and 2 Shapes","floor":42,"turns":4},{"damage":42,"enemies":"Time Eater","floor":50,"turns":10}],"seed_played":"575068560196207017","potions_obtained":[{"floor":1,"key":"SmokeBomb"},{"floor":3,"key":"Fruit Juice"},{"floor":4,"key":"Ancient Potion"},{"floor":4,"key":"EssenceOfSteel"},{"floor":4,"key":"LiquidMemories"},{"floor":7,"key":"theMarked:ChargePotion"},{"floor":13,"key":"SneckoOil"},{"floor":18,"key":"EntropicBrew"},{"floor":22,"key":"ColorlessPotion"},{"floor":29,"key":"GamblersBrew"},{"floor":41,"key":"theMarked:ChargePotion"}],"is_trial":false,"path_per_floor":["M","M","M","?","M","R","E","R","T","R","$","R","M","M","R","B",null,"M","T","$","?","M","R","$","$","T","E","M","M","R","?","R","B",null,"M","?","?","$","M","R","E","M","T","$","R","?","R","?","R","B",null],"character_chosen":"THE_DEFAULT","items_purchased":["theMarked:Heritage","theMarked:MysticalArsenal","Eternal Feather","Vajra"],"campfire_rested":0,"item_purchase_floors":[11,20,38,44],"current_hp_per_floor":[78,73,78,78,78,78,63,63,63,63,63,63,63,62,62,43,84,52,52,52,52,48,48,48,48,48,45,45,49,49,77,77,46,84,64,48,48,48,54,69,36,32,32,32,47,47,62,62,77,35],"gold":22,"neow_bonus":"TEN_PERCENT_HP_BONUS","is_daily":false,"chose_seed":false,"campfire_upgraded":12,"win_rate":0.0,"timestamp":1613911915,"path_taken":["M","M","?","?","M","R","E","R","T","R","$","R","M","M","R","BOSS","M","?","$","?","M","R","?","$","T","E","M","M","R","?","R","BOSS","M","?","?","$","M","R","E","M","T","$","R","?","R","?","R","BOSS"],"items_purchased_type":["Card","Card","Relic","Relic"],"build_version":"2020-12-22","purchased_purges":2,"victory":true,"max_hp_per_floor":[79,79,84,84,84,84,84,84,84,84,84,84,84,84,84,84,84,84,84,84,84,84,84,84,84,84,84,84,84,84,84,84,84,84,84,84,84,84,84,84,84,84,84,84,84,84,84,84,84,84],"card_choices":[{"not_picked":["theMarked:ShockingTouch","theMarked:Aftermath"],"picked":"theMarked:WardOff","floor":1},{"not_picked":["theMarked:ElectricStrings","theMarked:GodGivenPower"],"picked":"theMarked:WardOff","floor":2},{"not_picked":["theMarked:TunnelVision","theMarked:Electrify"],"picked":"theMarked:ChainLightning","floor":3},{"not_picked":["theMarked:MuscleMemory","theMarked:ShockingTouch"],"picked":"theMarked:Frustration","floor":5},{"not_picked":["theMarked:TakeCover","theMarked:ThrowWeapon"],"picked":"theMarked:Parkour","floor":7},{"not_picked":["theMarked:SwordAndMagic","theMarked:Improvise"],"picked":"theMarked:BanishingStrike","floor":13},{"not_picked":["theMarked:EmpowerWeapon","theMarked:Frustration"],"picked":"theMarked:RogueSparks","floor":14},{"not_picked":["theMarked:DispelDoubt","theMarked:Challenge"],"picked":"theMarked:Vacuum","floor":16},{"not_picked":["theMarked:WardOff","theMarked:ElectricStrings"],"picked":"theMarked:Indomitable+1","floor":18},{"not_picked":["theMarked:KeepCalmAndFight","theMarked:Aftermath"],"picked":"theMarked:Memento+1","floor":22},{"not_picked":["theMarked:TakeCover","theMarked:Memento"],"picked":"theMarked:RepellingDischarge","floor":27},{"not_picked":["theMarked:Parkour","theMarked:BanishingStrike"],"picked":"theMarked:Toughness","floor":28},{"not_picked":["theMarked:HeightenedSenses","theMarked:WastefulAttack"],"picked":"theMarked:WardOff","floor":29},{"not_picked":["theMarked:UnarmedFury","theMarked:Levitate"],"picked":"theMarked:TakeOffHeels","floor":33},{"not_picked":["theMarked:Heritage","theMarked:ShockingTouch+1"],"picked":"theMarked:SwordAndMagic+1","floor":35},{"not_picked":["theMarked:ElectricStrings","theMarked:WardOff+1","theMarked:WastefulAttack"],"picked":"SKIP","floor":39},{"not_picked":["theMarked:TwofoldDefense","theMarked:Generate"],"picked":"theMarked:ContemptForTheProud","floor":41},{"not_picked":["theMarked:ElectricStrings","theMarked:SwordAndMagic"],"picked":"theMarked:EnhanceMovement+1","floor":42}],"player_experience":1066783,"relics_obtained":[{"floor":7,"key":"WingedGreaves"},{"floor":9,"key":"theMarked:NailFile"},{"floor":19,"key":"Potion Belt"},{"floor":26,"key":"Happy Flower"},{"floor":27,"key":"Juzu Bracelet"},{"floor":41,"key":"Ice Cream"},{"floor":43,"key":"Centennial Puzzle"}],"event_choices":[{"damage_healed":0,"gold_gain":0,"player_choice":"Got Potions","damage_taken":0,"max_hp_gain":0,"max_hp_loss":0,"event_name":"Lab","floor":4,"gold_loss":0},{"damage_healed":0,"gold_gain":0,"player_choice":"Simplicity","damage_taken":0,"max_hp_gain":0,"max_hp_loss":0,"event_name":"Back to Basics","floor":21,"gold_loss":0,"cards_upgraded":["theMarked:Strike","theMarked:Strike","theMarked:Strike","theMarked:Defend","theMarked:Defend","theMarked:Defend","theMarked:Defend"]},{"damage_healed":28,"gold_gain":0,"player_choice":"Heal","damage_taken":0,"max_hp_gain":0,"max_hp_loss":0,"event_name":"The Library","floor":31,"gold_loss":0},{"damage_healed":0,"gold_gain":3,"player_choice":"2","damage_taken":0,"max_hp_gain":0,"max_hp_loss":16,"event_name":"betterStone:BetterStone","floor":36,"gold_loss":0},{"damage_healed":0,"gold_gain":0,"player_choice":"Copied","damage_taken":0,"max_hp_gain":0,"max_hp_loss":0,"event_name":"Duplicator","floor":46,"gold_loss":0,"cards_obtained":["theMarked:TakeOffHeels"]},{"damage_healed":0,"gold_gain":0,"player_choice":"Upgraded","damage_taken":0,"max_hp_gain":0,"max_hp_loss":0,"event_name":"Upgrade Shrine","floor":48,"gold_loss":0,"cards_upgraded":["theMarked:WardOff"]}],"is_beta":false,"boss_relics":[{"not_picked":["Coffee Dripper","Sozu"],"picked":"Philosopher\u0027s Stone"},{"not_picked":["Snecko Eye","Velvet Choker"],"picked":"SlaversCollar"}],"items_purged_floors":[11,20],"is_endless":false,"potions_floor_spawned":[1,3,7,13,18,22,29,41],"ascension_level":0}}