{"host":"b3fp0sgzld04crtx","time":1613942988,"event":{"mods":["AchievementEnabler","BaseMod","Colored Map","Colored Powertips","Highlight Path","Minty Spire (QoL Compilation)","Quick Restart","StSLib"],"gold_per_floor":[114,114,64,87,362,396,417,431,454,529,529,20,120,143,143,267,267,281,206,227,31,31,64,78,78,78,99,118,139,139,139,139,263,263,276,609,0,11,29,55,66,80,80,180,196,196,216,243,243,243,243,243,43,72,72],"floor_reached":56,"language":"ENG","playtime":5698,"items_purged":["Regret"],"score":1453,"play_id":"02fda797-e5ee-436a-819c-83d4f0dddb7e","local_time":"20210221152948","is_ascension_mode":true,"campfire_choices":[{"data":"Apotheosis","floor":15,"key":"SMITH"},{"data":"RitualDagger","floor":25,"key":"SMITH"},{"data":"Bullet Time","floor":32,"key":"SMITH"},{"floor":46,"key":"REST"},{"floor":49,"key":"RECALL"},{"data":"Adrenaline","floor":52,"key":"SMITH"}],"circlet_count":0,"master_deck":["Strike_G","Strike_G","Strike_G","Defend_G","Defend_G","Defend_G","Defend_G","Defend_G","Survivor","Neutralize","Cloak And Dagger","Noxious Fumes","Envenom","Apotheosis+1","Bandage Up","Caltrops","Bullet Time+1","Slice","Predator+1","RitualDagger+1","PiercingWail","Blade Dance","Backflip","Bullet Time","Venomology","Noxious Fumes+1","Infinite Blades","Prepared","Adrenaline+1","Backstab+1","Noxious Fumes","Adrenaline+1","PiercingWail+1"],"relics":["Ring of the Snake","NeowsBlessing","Vajra","Potion Belt","Anchor","PreservedInsect","WristBlade","Bronze Scales","Pen Nib","Bird Faced Urn","Regal Pillow","Black Star","Red Mask","Bag of Preparation","Omamori","MealTicket","Pear","DollysMirror","Strawberry","Calipers"],"acts_visited":["Exordium","TheCity","TheBeyond","TheEnding"],"potions_floor_usage":[8,20,23,23,23,29,33,38,39,39,40,40,45,45,47,48,50,50,50,55,55,55,55,55],"damage_taken":[{"damage":0,"enemies":"Small Slimes","floor":1,"turns":1},{"damage":0,"enemies":"2 Louse","floor":4,"turns":1},{"damage":0,"enemies":"Gremlin Nob","floor":6,"turns":1},{"damage":1,"enemies":"Cultist","floor":7,"turns":4},{"damage":3,"enemies":"3 Louse","floor":8,"turns":4},{"damage":12,"enemies":"2 Fungi Beasts","floor":14,"turns":4},{"damage":6,"enemies":"Hexaghost","floor":16,"turns":9},{"damage":10,"enemies":"Spheric Guardian","floor":18,"turns":4},{"damage":17,"enemies":"2 Thieves","floor":19,"turns":5},{"damage":0,"enemies":"Snecko","floor":20,"turns":4},{"damage":9,"enemies":"Book of Stabbing","floor":23,"turns":3},{"damage":10,"enemies":"Centurion and Healer","floor":24,"turns":6},{"damage":0,"enemies":"Cultist and Chosen","floor":27,"turns":4},{"damage":2,"enemies":"Snecko","floor":28,"turns":4},{"damage":8,"enemies":"Snake Plant","floor":29,"turns":2},{"damage":26,"enemies":"Automaton","floor":33,"turns":8},{"damage":3,"enemies":"3 Shapes","floor":35,"turns":7},{"damage":14,"enemies":"3 Darklings","floor":38,"turns":4},{"damage":41,"enemies":"Spire Growth","floor":39,"turns":4},{"damage":45,"enemies":"Giant Head","floor":40,"turns":8},{"damage":5,"enemies":"Sphere and 2 Shapes","floor":41,"turns":3},{"damage":0,"enemies":"3 Darklings","floor":42,"turns":4},{"damage":8,"enemies":"4 Shapes","floor":45,"turns":5},{"damage":0,"enemies":"Transient","floor":47,"turns":5},{"damage":0,"enemies":"Nemesis","floor":48,"turns":3},{"damage":118,"enemies":"Time Eater","floor":50,"turns":9},{"damage":22,"enemies":"Shield and Spear","floor":54,"turns":5},{"damage":57,"enemies":"The Heart","floor":55,"turns":8}],"seed_played":"-5364065160413292405","potions_obtained":[{"floor":6,"key":"SteroidPotion"},{"floor":7,"key":"Strength Potion"},{"floor":8,"key":"BlessingOfTheForge"},{"floor":16,"key":"Regen Potion"},{"floor":20,"key":"BlessingOfTheForge"},{"floor":24,"key":"SkillPotion"},{"floor":29,"key":"FairyPotion"},{"floor":33,"key":"LiquidMemories"},{"floor":38,"key":"SpeedPotion"},{"floor":39,"key":"Explosive Potion"},{"floor":41,"key":"AttackPotion"},{"floor":45,"key":"FairyPotion"},{"floor":48,"key":"BlessingOfTheForge"},{"floor":54,"key":"Dexterity Potion"}],"is_trial":false,"path_per_floor":["M","?","?","M","?","E","M","M","T","?","?","$","?","M","R","B",null,"M","M","M","$","?","E","M","R","T","M","M","M","T","?","R","B",null,"M","?","?","M","M","E","M","M","T","?","M","R","M","E","R","B",null,"R","$","E","B",null],"character_chosen":"THE_SILENT","items_purchased":["Apotheosis","PreservedInsect","Bandage Up","Bronze Scales","Poison Potion","DollysMirror","PowerPotion"],"campfire_rested":1,"item_purchase_floors":[12,12,12,21,21,53,53],"current_hp_per_floor":[70,53,53,53,53,53,52,49,49,38,38,38,38,30,30,30,70,60,49,55,55,49,49,43,43,43,47,53,47,47,47,47,33,70,70,70,70,66,37,8,17,33,33,33,37,70,70,80,80,7,80,80,80,75,38],"gold":72,"neow_bonus":"THREE_ENEMY_KILL","is_daily":false,"chose_seed":false,"campfire_upgraded":4,"win_rate":0.0,"timestamp":1613942988,"path_taken":["M","?","?","M","?","E","?","M","T","?","?","$","?","M","R","BOSS","M","M","?","$","?","E","M","R","T","M","M","M","?","?","R","BOSS","M","?","?","M","?","E","M","M","T","?","?","R","M","E","R","BOSS","R","$","E","BOSS"],"items_purchased_type":["Card","Relic","Card","Relic","Potion","Relic","Potion"],"build_version":"2020-12-22","purchased_purges":1,"victory":true,"max_hp_per_floor":[70,70,70,70,70,70,70,70,70,70,70,70,70,70,70,70,70,70,70,70,70,70,70,70,70,70,70,70,70,70,70,70,70,70,70,70,70,70,70,70,70,70,70,70,70,70,70,80,80,80,80,80,80,87,87],"card_choices":[{"not_picked":["PiercingWail","Terror"],"picked":"Cloak And Dagger","floor":1},{"not_picked":["Deflect","Slice"],"picked":"Noxious Fumes","floor":4},{"not_picked":["Acrobatics","Calculated Gamble"],"picked":"Envenom","floor":6},{"not_picked":["Riddle With Holes","Eviscerate","Flechettes"],"picked":"SKIP","floor":7},{"not_picked":["Skewer","Poisoned Stab","Outmaneuver"],"picked":"SKIP","floor":8},{"not_picked":["Expertise","Noxious Fumes"],"picked":"Caltrops","floor":14},{"not_picked":["Grand Finale","After Image"],"picked":"Bullet Time","floor":16},{"not_picked":["Flying Knee","Sucker Punch+1","Setup+1"],"picked":"SKIP","floor":18},{"not_picked":["Underhanded Strike","Dagger Spray"],"picked":"Slice","floor":19},{"not_picked":["Cloak And Dagger","Deflect"],"picked":"Predator+1","floor":20},{"not_picked":["Storm of Steel","Bouncing Flask"],"picked":"PiercingWail","floor":23},{"not_picked":["Quick Slash","Dagger Spray","Flying Knee"],"picked":"SKIP","floor":24},{"not_picked":["Dodge and Roll","Underhanded Strike"],"picked":"Blade Dance","floor":27},{"not_picked":["Tactician","Prepared"],"picked":"Backflip","floor":28},{"not_picked":["Slice","Tactician"],"picked":"Bullet Time","floor":29},{"not_picked":["Doppelganger","Envenom"],"picked":"Venomology","floor":33},{"not_picked":["Eviscerate","Acrobatics"],"picked":"Noxious Fumes+1","floor":35},{"not_picked":["Slice","Crippling Poison+1"],"picked":"Infinite Blades","floor":38},{"not_picked":["Dagger Spray","Leg Sweep"],"picked":"Prepared","floor":39},{"not_picked":["Noxious Fumes","Acrobatics"],"picked":"Adrenaline","floor":40},{"not_picked":["Slice+1","Dodge and Roll+1","Bane+1"],"picked":"SKIP","floor":41},{"not_picked":["Slice+1","Poisoned Stab+1","Sucker Punch+1"],"picked":"SKIP","floor":42},{"not_picked":["Cloak And Dagger+1","Endless Agony","Deadly Poison+1"],"picked":"SKIP","floor":45},{"not_picked":["Slice","Deadly Poison+1"],"picked":"Backstab+1","floor":47},{"not_picked":["Dagger Spray","Corpse Explosion"],"picked":"Noxious Fumes","floor":48},{"not_picked":["Glass Knife","Slice"],"picked":"PiercingWail+1","floor":54}],"player_experience":347972,"relics_obtained":[{"floor":6,"key":"Vajra"},{"floor":9,"key":"Potion Belt"},{"floor":23,"key":"Pen Nib"},{"floor":26,"key":"Bird Faced Urn"},{"floor":30,"key":"Regal Pillow"},{"floor":40,"key":"Bag of Preparation"},{"floor":40,"key":"Omamori"},{"floor":48,"key":"MealTicket"},{"floor":48,"key":"Pear"},{"floor":54,"key":"Strawberry"},{"floor":54,"key":"Calipers"}],"event_choices":[{"damage_healed":0,"gold_gain":0,"player_choice":"Take Damage","damage_taken":17,"relics_obtained":["Golden Idol"],"max_hp_gain":0,"max_hp_loss":0,"event_name":"Golden Idol","floor":2,"gold_loss":0},{"cards_removed":["Strike_G"],"damage_healed":0,"gold_gain":0,"player_choice":"Card Removal","damage_taken":0,"max_hp_gain":0,"max_hp_loss":0,"event_name":"The Cleric","floor":3,"gold_loss":50},{"damage_healed":0,"gold_gain":275,"player_choice":"Desecrate","damage_taken":0,"max_hp_gain":0,"max_hp_loss":0,"event_name":"Golden Shrine","floor":5,"gold_loss":0,"cards_obtained":["Regret"]},{"damage_healed":0,"gold_gain":75,"player_choice":"Gather Gold","damage_taken":11,"max_hp_gain":0,"max_hp_loss":0,"event_name":"World of Goop","floor":10,"gold_loss":0},{"damage_healed":0,"gold_gain":0,"player_choice":"Searched \u00271\u0027 times","damage_taken":0,"relics_obtained":["Anchor"],"max_hp_gain":0,"max_hp_loss":0,"event_name":"Dead Adventurer","floor":11,"gold_loss":0},{"damage_healed":0,"gold_gain":100,"player_choice":"Gold","damage_taken":0,"max_hp_gain":0,"max_hp_loss":0,"event_name":"Wheel of Change","floor":13,"gold_loss":0},{"damage_healed":0,"gold_gain":0,"player_choice":"Joined the Cult","damage_taken":6,"max_hp_gain":0,"max_hp_loss":0,"event_name":"Nest","floor":22,"gold_loss":0,"cards_obtained":["RitualDagger"]},{"cards_removed":["Strike_G"],"damage_healed":0,"gold_gain":0,"player_choice":"Elegance","damage_taken":0,"max_hp_gain":0,"max_hp_loss":0,"event_name":"Back to Basics","floor":31,"gold_loss":0},{"damage_healed":0,"gold_gain":333,"player_choice":"Gave Idol","damage_taken":0,"max_hp_gain":0,"max_hp_loss":0,"event_name":"The Moai Head","floor":36,"relics_lost":["Golden Idol"],"gold_loss":0},{"damage_healed":0,"gold_gain":0,"player_choice":"Paid","damage_taken":0,"relics_obtained":["Red Mask"],"max_hp_gain":0,"max_hp_loss":0,"event_name":"Tomb of Lord Red Mask","floor":37,"gold_loss":609},{"damage_healed":0,"gold_gain":100,"player_choice":"Pray","damage_taken":0,"max_hp_gain":0,"max_hp_loss":0,"event_name":"Golden Shrine","floor":44,"gold_loss":0}],"is_beta":false,"boss_relics":[{"not_picked":["Philosopher\u0027s Stone","Snecko Eye"],"picked":"WristBlade"},{"not_picked":["Pandora\u0027s Box","HoveringKite"],"picked":"Black Star"}],"items_purged_floors":[12],"is_endless":false,"potions_floor_spawned":[6,7,8,16,20,24,29,33,38,39,41,42,45,48,54],"ascension_level":3}}