{"host":"15dd7v8o90xso62x","time":1613923209,"event":{"mods":["BaseMod","Minty Spire (QoL Compilation)","Quick Restart","StSLib","SuperFastMode"],"gold_per_floor":[110,185,185,204,204,204,204,35,35,35,64,84,111,125,125,199,199,219,56,56,56,73,73,103,103,184,184,70,81,113,141,141,141,141],"floor_reached":33,"language":"KOR","playtime":730,"items_purged":["Pain"],"score":632,"play_id":"ed15be6d-6199-4e6e-9bd7-7ce8a2f099d7","local_time":"20210222010009","is_ascension_mode":true,"campfire_choices":[{"data":"Dash","floor":6.0,"key":"SMITH"},{"data":"Neutralize","floor":10.0,"key":"SMITH"},{"data":"1","floor":15,"key":"LIFT"},{"data":"2","floor":23,"key":"LIFT"},{"floor":25,"key":"REST"},{"data":"3","floor":27,"key":"LIFT"},{"data":"Crippling Poison","floor":32,"key":"SMITH"}],"circlet_count":0,"master_deck":["AscendersBane","Strike_G","Strike_G","Strike_G","Strike_G","Strike_G","Defend_G","Defend_G","Defend_G","Defend_G","Survivor","Neutralize+1","Dash+1","Noxious Fumes","A Thousand Cuts+1","Dagger Spray","Dagger Spray","A Thousand Cuts+1","Footwork+1","Footwork+1","Corpse Explosion","Blade Dance+1","Riddle With Holes","Dodge and Roll+1","Crippling Poison+1","Acrobatics","Tactician"],"relics":["Ring of the Snake","NeowsBlessing","Frozen Egg 2","Orrery","Matryoshka","Girya","Letter Opener","Cursed Key","Vajra","Bottled Tornado","Pear","Meat on the Bone","CeramicFish"],"acts_visited":["Exordium","TheCity"],"potions_floor_usage":[13,16,24,30],"damage_taken":[{"damage":0.0,"enemies":"Cultist","floor":1.0,"turns":1.0},{"damage":0.0,"enemies":"2 Louse","floor":4.0,"turns":1.0},{"damage":0.0,"enemies":"Lagavulin","floor":11.0,"turns":1.0},{"damage":0,"enemies":"Jaw Worm","floor":12,"turns":4},{"damage":11,"enemies":"Gremlin Nob","floor":13,"turns":4},{"damage":2,"enemies":"Exordium Wildlife","floor":14,"turns":3},{"damage":39,"enemies":"Slime Boss","floor":16,"turns":8},{"damage":18,"enemies":"Chosen","floor":18,"turns":6},{"damage":14,"enemies":"Spheric Guardian","floor":22,"turns":4},{"damage":11,"enemies":"Gremlin Leader","floor":24,"turns":5},{"damage":2,"enemies":"Centurion and Healer","floor":29,"turns":4},{"damage":38,"enemies":"Book of Stabbing","floor":30,"turns":5},{"damage":0,"enemies":"3 Cultists","floor":31,"turns":2},{"damage":50,"enemies":"Collector","floor":33,"turns":6}],"seed_played":"-5541738165615340836","potions_obtained":[{"floor":12,"key":"Fire Potion"},{"floor":14,"key":"PowerPotion"},{"floor":16,"key":"SmokeBomb"},{"floor":18,"key":"Weak Potion"},{"floor":24,"key":"DuplicationPotion"}],"is_trial":false,"path_per_floor":["M","?","?","M","?","R","T","$","T","R","E","M","E","M","R","B",null,"M","$","?","$","M","R","E","R","T","R","$","M","E","M","R","B"],"character_chosen":"THE_SILENT","items_purchased":["Orrery","Vajra","Crippling Poison"],"campfire_rested":1,"item_purchase_floors":[8,19,28],"current_hp_per_floor":[59,48,48,48,53,53,53,53,53,53,53,53,42,40,40,1,54,36,36,36,36,22,22,11,32,42,42,42,52,26,38,38,0,0],"gold":141,"neow_bonus":"THREE_ENEMY_KILL","is_daily":false,"chose_seed":false,"campfire_upgraded":3,"win_rate":0.0,"timestamp":1613923209,"path_taken":["M","?","?","?","?","R","?","$","T","R","E","M","E","M","R","BOSS","M","$","?","?","M","R","E","R","T","R","$","M","E","M","R","BOSS"],"items_purchased_type":["Relic","Relic","Card"],"build_version":"2020-12-22","purchased_purges":1,"victory":false,"max_hp_per_floor":[66,66,66,66,71,71,71,71,71,71,71,71,71,71,71,71,71,71,71,71,71,71,71,71,71,81,81,81,81,81,81,81,81,81],"card_choices":[{"not_picked":["Dodge and Roll","PiercingWail","Prepared"],"picked":"SKIP","floor":1.0},{"not_picked":["Cloak And Dagger","Concentrate"],"picked":"Noxious Fumes","floor":4.0},{"not_picked":["Prepared","Leg Sweep"],"picked":"A Thousand Cuts+1","floor":8.0},{"not_picked":["Prepared","Reflex"],"picked":"Dagger Spray","floor":8.0},{"not_picked":["Quick Slash","Dagger Throw"],"picked":"Dagger Spray","floor":8.0},{"not_picked":["Flying Knee","Cloak And Dagger"],"picked":"A Thousand Cuts+1","floor":8.0},{"not_picked":["Dagger Spray","Quick Slash","Outmaneuver"],"picked":"SKIP","floor":11.0},{"not_picked":["Prepared","Deflect"],"picked":"Footwork+1","floor":12},{"not_picked":["Quick Slash","Catalyst","All Out Attack"],"picked":"SKIP","floor":13},{"not_picked":["Cloak And Dagger","Acrobatics"],"picked":"Footwork+1","floor":14},{"not_picked":["Tools of the Trade+1","Storm of Steel"],"picked":"Corpse Explosion","floor":16},{"not_picked":["Acrobatics","Slice"],"picked":"Blade Dance","floor":18},{"not_picked":["Poisoned Stab","Outmaneuver"],"picked":"Riddle With Holes","floor":22},{"not_picked":["Corpse Explosion","Caltrops+1"],"picked":"Dodge and Roll+1","floor":24},{"not_picked":["Tactician","Choke+1"],"picked":"Acrobatics","floor":29},{"not_picked":["Slice","Expertise","Storm of Steel"],"picked":"SKIP","floor":30},{"not_picked":["Dagger Spray","Flying Knee"],"picked":"Tactician","floor":31}],"player_experience":961341,"relics_obtained":[{"floor":7.0,"key":"Frozen Egg 2"},{"floor":9.0,"key":"Matryoshka"},{"floor":11.0,"key":"Girya"},{"floor":13,"key":"Letter Opener"},{"floor":24,"key":"Bottled Tornado"},{"floor":26,"key":"Pear"},{"floor":26,"key":"Meat on the Bone"},{"floor":30,"key":"CeramicFish"}],"event_choices":[{"damage_healed":0.0,"max_hp_gain":0.0,"max_hp_loss":0.0,"gold_gain":75.0,"event_name":"World of Goop","player_choice":"Gather Gold","floor":2.0,"gold_loss":0.0,"damage_taken":11.0},{"damage_healed":0.0,"max_hp_gain":0.0,"max_hp_loss":0.0,"gold_gain":0.0,"cards_transformed":["Defend_G"],"event_name":"Transmorgrifier","player_choice":"Transformed","floor":3.0,"gold_loss":0.0,"damage_taken":0.0,"cards_obtained":["Dash"]},{"damage_healed":0.0,"max_hp_gain":5.0,"max_hp_loss":0.0,"gold_gain":0.0,"event_name":"Big Fish","player_choice":"Donut","floor":5.0,"gold_loss":0.0,"damage_taken":0.0},{"damage_healed":0,"gold_gain":0,"player_choice":"Forge","damage_taken":0,"max_hp_gain":0,"max_hp_loss":0,"event_name":"Accursed Blacksmith","floor":20,"gold_loss":0,"cards_upgraded":["Blade Dance"]}],"is_beta":false,"boss_relics":[{"not_picked":["Black Star","Calling Bell"],"picked":"Cursed Key"}],"items_purged_floors":[28],"is_endless":false,"potions_floor_spawned":[12,14,16,18,24],"killed_by":"Collector","ascension_level":20}}