{"host":"kewnzcvkjkc63ziu","time":1613871144,"event":{"mods":["AchievementEnabler","BaseMod","Bestiary","Colored Powertips","Downfall","Jorbs\u0027s Wanderer Trilogy","Minty Spire (QoL Compilation)","Permanent Neow","Relic Filter","Shop Mod","StSLib","The Hierophant","The Runesmith"],"gold_per_floor":[113,113,133,148,165,198,50,50,50,50,84,103,103,123,123,220,220,234,17,25,25,35,35,61,61,61,61,61,71,71,85,85,185,185,201,0,11,5023,4303,4317,4347,4347,4371,4383,4430,4442,4500,4530,4542,4554],"floor_reached":51,"language":"ENG","playtime":5746,"items_purged":["Runesmith:Strike_RS","Runesmith:Defend_RS"],"score":912,"play_id":"d7c8fd89-1a94-4e7b-ae49-df774cc1eb67","local_time":"20210221023224","is_ascension_mode":false,"campfire_choices":[{"data":"Runesmith:CraftFirestone","floor":8,"key":"SMITH"},{"data":"Runesmith:CraftProtectio","floor":10,"key":"SMITH"},{"data":"Runesmith:BackupBattery+1","floor":15,"key":"SMITH"},{"data":"Runesmith:Firestorm","floor":23,"key":"SMITH"},{"data":"Runesmith:BackupBattery+2","floor":28,"key":"SMITH"},{"floor":30,"key":"REST"},{"data":"Runesmith:LithiumIon","floor":32,"key":"SMITH"},{"data":"Runesmith:BackupBattery+3","floor":42,"key":"SMITH"},{"data":"Runesmith:DuctTape","floor":44,"key":"SMITH"},{"floor":49,"key":"DIG"}],"circlet_count":0,"master_deck":["Runesmith:Strike_RS","Runesmith:Strike_RS","Runesmith:Defend_RS+1","Runesmith:Defend_RS+1","Runesmith:CraftFirestone+1","Runesmith:Fortify+1","Runesmith:CraftProtectio+1","Runesmith:CraftProtectio+1","Runesmith:Firewall+1","Runesmith:Repurpose+1","Runesmith:LithiumIon+1","Runesmith:BackupBattery+4","Runesmith:Refine+1","Runesmith:GenerateForcefield+1","Runesmith:Reinforce+1","Runesmith:Firestorm+1","Runesmith:CraftSpiculum+1","Runesmith:Grindstone+1","Runesmith:OneForEveryone+1","Runesmith:CraftMagma+1","Runesmith:DuctTape+1","Runesmith:Malloc+1","Runesmith:CraftIncendium+1","Runesmith:Repurpose+1","Runesmith:Refine+1","Runesmith:CraftVitae+1","Runesmith:ArcReactor"],"relics":["Runesmith:CoreCrystal","Toxic Egg 2","MealTicket","Gambling Chip","Lizard Tail","Empty Cage","Blood Vial","Boot","Bottled Flame","Red Mask","Bag of Preparation","Orichalcum","Toolbox","Ornamental Fan","MawBank","War Paint","Shovel","Turnip"],"acts_visited":["Exordium","TheCity","TheBeyond"],"potions_floor_usage":[16,16,16,16,16,16,22,22,40,47,47,47],"damage_taken":[{"damage":0,"enemies":"Cultist","floor":1,"turns":3},{"damage":0,"enemies":"Small Slimes","floor":3,"turns":3},{"damage":6,"enemies":"Jaw Worm","floor":4,"turns":5},{"damage":5,"enemies":"Looter","floor":5,"turns":3},{"damage":51,"enemies":"Gremlin Nob","floor":6,"turns":6},{"damage":12,"enemies":"3 Sentries","floor":11,"turns":8},{"damage":0,"enemies":"3 Louse","floor":12,"turns":5},{"damage":0,"enemies":"Red Slaver","floor":14,"turns":5},{"damage":0,"enemies":"The Guardian","floor":16,"turns":9},{"damage":10,"enemies":"Shell Parasite","floor":18,"turns":6},{"damage":1,"enemies":"2 Thieves","floor":20,"turns":4},{"damage":5,"enemies":"Snake Plant","floor":22,"turns":4},{"damage":22,"enemies":"Slavers","floor":24,"turns":6},{"damage":19,"enemies":"Shelled Parasite and Fungi","floor":29,"turns":6},{"damage":2,"enemies":"Snecko","floor":31,"turns":5},{"damage":4,"enemies":"Champ","floor":33,"turns":9},{"damage":43,"enemies":"Orb Walker","floor":35,"turns":6},{"damage":0,"enemies":"3 Shapes","floor":37,"turns":7},{"damage":28,"enemies":"Jaw Worm Horde","floor":38,"turns":6},{"damage":0,"enemies":"4 Shapes","floor":40,"turns":3},{"damage":0,"enemies":"Nemesis","floor":41,"turns":1},{"damage":1,"enemies":"Reptomancer","floor":45,"turns":5},{"damage":28,"enemies":"2 Orb Walkers","floor":47,"turns":5},{"damage":8,"enemies":"Sphere and 2 Shapes","floor":48,"turns":4},{"damage":0,"enemies":"Awakened One","floor":50,"turns":4}],"seed_played":"8173664454420029149","potions_obtained":[{"floor":4,"key":"CultistPotion"},{"floor":11,"key":"EntropicBrew"},{"floor":14,"key":"SteroidPotion"},{"floor":18,"key":"SkillPotion"},{"floor":20,"key":"Energy Potion"},{"floor":22,"key":"SteroidPotion"},{"floor":40,"key":"Block Potion"},{"floor":41,"key":"Block Potion"},{"floor":45,"key":"ColorlessPotion"}],"is_trial":false,"path_per_floor":["M","T","M","M","M","E","$","R","T","R","E","M","?","M","R","B",null,"M","$","M","?","M","R","E","$","T","?","R","M","R","M","R","B",null,"M","?","M","M","$","M","E","R","T","R","E","?","?","M","R","B",null],"character_chosen":"RUNESMITH_CLASS","items_purchased":["Runesmith:LithiumIon","Blood Vial","Runesmith:Firestorm","Runesmith:CraftIncendium+1","Bag of Preparation","Orichalcum","Toolbox","AttackPotion","AttackPotion"],"campfire_rested":1,"item_purchase_floors":[7,19,19,39,39,39,39,39,39],"current_hp_per_floor":[70,70,70,64,59,8,23,23,23,23,11,11,11,11,11,11,70,60,70,69,69,65,65,45,60,60,60,60,43,64,64,64,62,70,27,27,29,3,18,20,70,70,70,70,69,66,38,32,32,66],"gold":4566,"neow_bonus":"UPGRADE_CARD","is_daily":false,"chose_seed":false,"campfire_upgraded":8,"win_rate":0.0,"timestamp":1613871144,"path_taken":["M","?","M","M","M","E","$","R","T","R","E","M","?","M","R","BOSS","M","$","M","?","M","R","E","$","T","?","R","M","R","M","R","BOSS","M","?","M","M","$","M","E","R","T","R","E","?","?","M","R","BOSS"],"items_purchased_type":["Card","Relic","Card","Card","Relic","Relic","Relic","Potion","Potion"],"build_version":"2020-12-22","purchased_purges":2,"victory":true,"max_hp_per_floor":[70,70,70,70,70,70,70,70,70,70,70,70,70,70,70,70,70,70,70,70,70,70,70,70,70,70,70,70,70,70,70,70,70,70,70,70,70,70,70,70,70,70,70,70,70,66,66,66,66,66],"card_choices":[{"not_picked":["Runesmith:BackupBattery","Runesmith:ChaoticBlast"],"picked":"Runesmith:CraftProtectio","floor":1},{"not_picked":["Runesmith:ShiftingStrike","Runesmith:EnergizedChisel"],"picked":"Runesmith:CraftProtectio+1","floor":3},{"not_picked":["Runesmith:DoubleUp+1","Runesmith:Discharge","Runesmith:EnergizedChisel"],"picked":"SKIP","floor":4},{"not_picked":["Runesmith:Overpower","Runesmith:UnstableHammer"],"picked":"Runesmith:Firewall+1","floor":5},{"not_picked":["Runesmith:UnstableHammer","Runesmith:CraftIncendium+1"],"picked":"Runesmith:Repurpose+1","floor":6},{"not_picked":["Runesmith:HammerTime","Runesmith:Prism+1","Runesmith:NanitesCloud+1"],"picked":"SKIP","floor":11},{"not_picked":["Runesmith:ShiftingStrike","Runesmith:Overpower"],"picked":"Runesmith:BackupBattery+1","floor":12},{"not_picked":["Runesmith:ChargedHammer","Runesmith:Repurpose+1"],"picked":"Runesmith:Refine+1","floor":14},{"not_picked":["Runesmith:MetallurgicalResearch+1","Runesmith:Duplicate+1"],"picked":"Runesmith:GenerateForcefield+1","floor":16},{"not_picked":["Runesmith:Superposition+1","Runesmith:EnergizedChisel"],"picked":"Runesmith:Reinforce+1","floor":18},{"not_picked":["Runesmith:ShiftingStrike+1","Runesmith:StaticCage+1"],"picked":"Runesmith:CraftSpiculum+1","floor":20},{"not_picked":["Runesmith:BackupBattery+1","Runesmith:HeatedChisel+1"],"picked":"Runesmith:Grindstone+1","floor":22},{"not_picked":["Runesmith:CraftProtectio+1","Runesmith:Empowerment+1"],"picked":"Runesmith:OneForEveryone+1","floor":24},{"not_picked":["Runesmith:Permafrost","Runesmith:GrandSlam","Runesmith:CraftMagma+1"],"picked":"SKIP","floor":29},{"not_picked":["Runesmith:RunicBlueprint+1","Runesmith:GoWithTheFlow","Runesmith:Grindstone+1"],"picked":"SKIP","floor":31},{"not_picked":["Runesmith:GrandSlam","Runesmith:Duplicate+1"],"picked":"Runesmith:DuctTape","floor":33},{"not_picked":["Runesmith:HammerTime","Runesmith:NegativeSpace+1","Runesmith:HammerThrow"],"picked":"SKIP","floor":35},{"not_picked":["Runesmith:MakeshiftArmor+1","Runesmith:RuneHurl+1"],"picked":"Runesmith:Malloc+1","floor":37},{"not_picked":["Runesmith:Terraform+1","Runesmith:MakeshiftArmor+1","Runesmith:RuneHurl"],"picked":"SKIP","floor":38},{"not_picked":["Runesmith:ChiselStab","Runesmith:UnstableHammer+1"],"picked":"Runesmith:Repurpose+1","floor":40},{"not_picked":["Runesmith:EarthShield+1","Runesmith:WhiteBalance"],"picked":"Runesmith:Refine+1","floor":41},{"not_picked":["Runesmith:Retool+1","Runesmith:MakeshiftArmor+1"],"picked":"Runesmith:CraftVitae+1","floor":45},{"not_picked":["Runesmith:Attraction+1","Runesmith:Overpower"],"picked":"Runesmith:ArcReactor","floor":47},{"not_picked":["Runesmith:RunicBlueprint+1","Runesmith:EnergizedChisel","Runesmith:CraftMagma+1"],"picked":"SKIP","floor":48}],"player_experience":153551,"relics_obtained":[{"floor":2,"key":"Toxic Egg 2"},{"floor":6,"key":"MealTicket"},{"floor":9,"key":"Gambling Chip"},{"floor":11,"key":"Lizard Tail"},{"floor":24,"key":"Boot"},{"floor":26,"key":"Bottled Flame"},{"floor":41,"key":"Ornamental Fan"},{"floor":43,"key":"MawBank"},{"floor":45,"key":"War Paint"},{"floor":47,"key":"Shovel"},{"floor":49,"key":"Turnip"}],"event_choices":[{"damage_healed":0,"gold_gain":0,"player_choice":"Ignored","damage_taken":0,"max_hp_gain":0,"max_hp_loss":0,"event_name":"NoteForYourself","floor":13,"gold_loss":0},{"damage_healed":0,"gold_gain":0,"player_choice":"Ignored","damage_taken":0,"max_hp_gain":0,"max_hp_loss":0,"event_name":"Vampires","floor":21,"gold_loss":0},{"damage_healed":0,"gold_gain":0,"player_choice":"Read","damage_taken":0,"max_hp_gain":0,"max_hp_loss":0,"event_name":"The Library","floor":27,"gold_loss":0,"cards_obtained":["Runesmith:CraftMagma"]},{"damage_healed":0,"gold_gain":0,"player_choice":"Paid","damage_taken":0,"relics_obtained":["Red Mask"],"max_hp_gain":0,"max_hp_loss":0,"event_name":"Tomb of Lord Red Mask","floor":36,"gold_loss":201},{"damage_healed":0,"gold_gain":0,"player_choice":"Max HP","damage_taken":0,"max_hp_gain":0,"max_hp_loss":4,"event_name":"Winding Halls","floor":46,"gold_loss":0},{"damage_healed":0,"gold_gain":0,"player_choice":"Fight","damage_taken":0,"max_hp_gain":0,"max_hp_loss":0,"event_name":"Mysterious Sphere","floor":47,"gold_loss":0}],"is_beta":false,"boss_relics":[{"not_picked":["Velvet Choker","Calling Bell"],"picked":"Empty Cage"},{"not_picked":["Tiny House","Cursed Key"],"picked":"Runesmith:CoreCrystal"}],"items_purged_floors":[7,39],"is_endless":false,"potions_floor_spawned":[4,11,14,18,20,22,40,41,45],"ascension_level":0}}