{"host":"2l18wfhekslkbqyg","time":1613950638,"event":{"mods":["BaseMod","Minty Spire (QoL Compilation)","SuperFastMode"],"gold_per_floor":[213,163,180,180,180,210,210,236,259,259,259,113,153,186,186,285,285,225,225,225,225,225,225,225,225,225,225,48,48,48,48,48,48,48,48,48,48,48,48,48,48,48,48,48,48,0,0,0,0,0],"floor_reached":51,"language":"ENG","playtime":3973,"items_purged":["Defend_P","Strike_P"],"score":993,"play_id":"ca36c454-caaa-4730-a2ba-53340a93034b","local_time":"20210221153718","is_ascension_mode":true,"campfire_choices":[{"floor":7,"key":"REST"},{"data":"Wish","floor":11,"key":"SMITH"},{"data":"LikeWater","floor":15,"key":"SMITH"},{"data":"LikeWater","floor":23,"key":"SMITH"},{"data":"Protect","floor":25,"key":"SMITH"},{"data":"Eruption","floor":27,"key":"SMITH"},{"data":"SashWhip","floor":32,"key":"SMITH"},{"floor":40,"key":"REST"},{"floor":44,"key":"REST"},{"floor":49,"key":"REST"}],"circlet_count":0,"master_deck":["Strike_P+1","Strike_P+1","Defend_P+1","Defend_P","Defend_P+1","Eruption+1","Vigilance+1","ReachHeaven","ThirdEye","Wish+1","LikeWater+1","SashWhip+1","LessonLearned+1","LikeWater+1","Protect+1","Sanctity","RitualDagger","WindmillStrike","Omniscience+1","ClearTheMind+1","TalkToTheHand","InnerPeace"],"relics":["PureWater","MealTicket","Centennial Puzzle","Ice Cream","Damaru","Calipers","Torii","Ectoplasm","Lantern","Yang","Blue Candle","Busted Crown","Toy Ornithopter","Meat on the Bone","Girya","Red Mask","Dream Catcher"],"acts_visited":["Exordium","TheCity","TheBeyond"],"potions_floor_usage":[6,8,16,30,42,45,50,50],"damage_taken":[{"damage":0,"enemies":"2 Louse","floor":1,"turns":2},{"damage":5,"enemies":"Small Slimes","floor":3,"turns":3},{"damage":24,"enemies":"3 Sentries","floor":6,"turns":7},{"damage":0,"enemies":"Gremlin Nob","floor":8,"turns":2},{"damage":6,"enemies":"Cultist","floor":13,"turns":4},{"damage":13,"enemies":"3 Sentries","floor":14,"turns":11},{"damage":6,"enemies":"The Guardian","floor":16,"turns":10},{"damage":1,"enemies":"2 Thieves","floor":18,"turns":3},{"damage":0,"enemies":"Chosen","floor":20,"turns":4},{"damage":0,"enemies":"Snecko","floor":21,"turns":8},{"damage":2,"enemies":"Centurion and Healer","floor":24,"turns":10},{"damage":0,"enemies":"Gremlin Leader","floor":30,"turns":6},{"damage":1,"enemies":"Snake Plant","floor":31,"turns":4},{"damage":20,"enemies":"Champ","floor":33,"turns":11},{"damage":9,"enemies":"3 Darklings","floor":35,"turns":7},{"damage":32,"enemies":"3 Shapes","floor":37,"turns":5},{"damage":0,"enemies":"Maw","floor":38,"turns":8},{"damage":8,"enemies":"Giant Head","floor":41,"turns":6},{"damage":0,"enemies":"4 Shapes","floor":42,"turns":7},{"damage":8,"enemies":"Reptomancer","floor":45,"turns":8},{"damage":23,"enemies":"Nemesis","floor":48,"turns":11},{"damage":20,"enemies":"Donu and Deca","floor":50,"turns":10}],"seed_played":"5427918340099982910","potions_obtained":[{"floor":1,"key":"SteroidPotion"},{"floor":3,"key":"Strength Potion"},{"floor":14,"key":"Strength Potion"},{"floor":18,"key":"BottledMiracle"},{"floor":20,"key":"EntropicBrew"},{"floor":35,"key":"Ancient Potion"},{"floor":38,"key":"Fire Potion"}],"is_trial":false,"path_per_floor":["M","?","M","?","?","E","R","E","T","T","R","$","M","E","R","B",null,"M","?","M","M","?","R","M","R","T","R","$","?","E","M","R","B",null,"M","?","M","M","$","R","E","M","T","R","E","?","$","E","R","B",null],"character_chosen":"WATCHER","items_purchased":["LikeWater","Sanctity"],"campfire_rested":4,"item_purchase_floors":[12,28],"current_hp_per_floor":[72,72,67,55,41,17,38,38,38,38,38,53,47,34,34,28,61,60,48,48,48,48,48,46,46,46,46,61,55,55,54,54,34,63,54,54,22,22,37,58,50,55,55,72,65,65,72,49,70,52],"gold":0,"neow_bonus":"HUNDRED_GOLD","is_daily":false,"chose_seed":false,"campfire_upgraded":6,"win_rate":0.0,"timestamp":1613950638,"path_taken":["M","?","M","?","?","E","R","E","T","?","R","$","?","E","R","BOSS","M","?","M","?","?","R","M","R","T","R","?","?","E","M","R","BOSS","M","?","M","M","$","R","E","M","T","R","E","?","$","E","R","BOSS"],"items_purchased_type":["Card","Card"],"build_version":"2020-12-22","purchased_purges":2,"victory":true,"max_hp_per_floor":[72,72,72,72,72,72,72,72,72,72,72,72,72,72,72,72,72,72,72,72,72,72,72,72,72,72,72,72,72,72,72,72,72,72,72,72,72,72,72,72,72,72,72,72,72,72,72,72,72,72],"card_choices":[{"not_picked":["JustLucky","CarveReality"],"picked":"ReachHeaven","floor":1},{"not_picked":["Consecrate","MentalFortress","Conclude"],"picked":"SKIP","floor":3},{"not_picked":["JustLucky","BowlingBash"],"picked":"ThirdEye","floor":6},{"not_picked":["Conclude","FollowUp"],"picked":"Wish","floor":8},{"not_picked":["EmptyBody","CarveReality"],"picked":"SashWhip","floor":13},{"not_picked":["CrushJoints","ConjureBlade","MentalFortress"],"picked":"SKIP","floor":14},{"not_picked":["SpiritShield","Devotion"],"picked":"LessonLearned","floor":16},{"not_picked":["Prostrate","ThirdEye"],"picked":"LikeWater","floor":18},{"not_picked":["SashWhip","SandsOfTime"],"picked":"Protect","floor":20},{"not_picked":["Tantrum+1","Prostrate","Halt+1"],"picked":"SKIP","floor":21},{"not_picked":["MentalFortress","Conclude","Wallop"],"picked":"SKIP","floor":24},{"not_picked":["MentalFortress","Conclude","Wallop"],"picked":"SKIP","floor":24},{"not_picked":["FlurryOfBlows","Brilliance"],"picked":"WindmillStrike","floor":30},{"not_picked":["EmptyFist","Worship","Protect"],"picked":"SKIP","floor":31},{"not_picked":["MasterReality","Brilliance"],"picked":"Omniscience","floor":33},{"not_picked":["Tantrum+1"],"picked":"SKIP","floor":35},{"not_picked":[],"picked":"ClearTheMind+1","floor":37},{"not_picked":["FlurryOfBlows+1"],"picked":"SKIP","floor":38},{"not_picked":[],"picked":"TalkToTheHand","floor":41},{"not_picked":["Prostrate+1"],"picked":"SKIP","floor":42},{"not_picked":[],"picked":"InnerPeace","floor":45},{"not_picked":["WreathOfFlame+1"],"picked":"SKIP","floor":48}],"player_experience":175948,"relics_obtained":[{"floor":6,"key":"Centennial Puzzle"},{"floor":8,"key":"Ice Cream"},{"floor":9,"key":"Damaru"},{"floor":10,"key":"Calipers"},{"floor":14,"key":"Torii"},{"floor":26,"key":"Yang"},{"floor":30,"key":"Blue Candle"},{"floor":41,"key":"Toy Ornithopter"},{"floor":43,"key":"Meat on the Bone"},{"floor":45,"key":"Girya"},{"floor":48,"key":"Dream Catcher"}],"event_choices":[{"cards_removed":["Strike_P"],"damage_healed":0,"gold_gain":0,"player_choice":"Card Removal","damage_taken":0,"max_hp_gain":0,"max_hp_loss":0,"event_name":"The Cleric","floor":2,"gold_loss":50},{"damage_healed":0,"gold_gain":0,"player_choice":"Success","damage_taken":12,"relics_obtained":["MealTicket"],"max_hp_gain":0,"max_hp_loss":0,"event_name":"Scrap Ooze","floor":4,"gold_loss":0},{"damage_healed":0,"gold_gain":0,"player_choice":"Entered Light","damage_taken":14,"max_hp_gain":0,"max_hp_loss":0,"event_name":"Shining Light","floor":5,"gold_loss":0,"cards_upgraded":["Defend_P","Defend_P"]},{"damage_healed":0,"gold_gain":0,"player_choice":"POTION ","damage_taken":12,"max_hp_gain":0,"max_hp_loss":0,"event_name":"Knowing Skull","floor":19,"potions_obtained":["Explosive Potion"],"gold_loss":0,"cards_obtained":[]},{"damage_healed":0,"gold_gain":0,"player_choice":"Opened","damage_taken":0,"relics_obtained":["Lantern"],"max_hp_gain":0,"max_hp_loss":0,"event_name":"The Mausoleum","floor":22,"gold_loss":0},{"damage_healed":0,"gold_gain":0,"player_choice":"Joined the Cult","damage_taken":6,"max_hp_gain":0,"max_hp_loss":0,"event_name":"Nest","floor":29,"gold_loss":0,"cards_obtained":["RitualDagger"]},{"damage_healed":0,"gold_gain":0,"player_choice":"Ignored","damage_taken":0,"max_hp_gain":0,"max_hp_loss":0,"event_name":"Mysterious Sphere","floor":36,"gold_loss":0},{"damage_healed":0,"gold_gain":0,"player_choice":"Paid","damage_taken":0,"relics_obtained":["Red Mask"],"max_hp_gain":0,"max_hp_loss":0,"event_name":"Tomb of Lord Red Mask","floor":46,"gold_loss":48}],"is_beta":false,"boss_relics":[{"not_picked":["Pandora\u0027s Box","Philosopher\u0027s Stone"],"picked":"Ectoplasm"},{"not_picked":["SacredBark","HolyWater"],"picked":"Busted Crown"}],"items_purged_floors":[12,28],"is_endless":false,"potions_floor_spawned":[1,3,14,18,20,21,24,35,38],"ascension_level":5}}