{"host":"ydg0vn0pu4pubmdt","time":1613937442,"event":{"mods":["AchievementEnabler","BaseMod","Colored Map","Minty Spire (QoL Compilation)","Quick Restart","SuperFastMode"],"gold_per_floor":[118,43,58,58,78,78,112,112,135,149,182,200,218,237,237,237,237],"floor_reached":16,"language":"KOR","playtime":342,"items_purged":["Writhe"],"score":228,"play_id":"4961a1ca-edc3-4d49-ac88-2323098619c3","local_time":"20210222045722","is_ascension_mode":true,"campfire_choices":[{"data":"Apotheosis","floor":6.0,"key":"SMITH"},{"floor":8.0,"key":"RECALL"},{"floor":15,"key":"REST"}],"circlet_count":0,"master_deck":["AscendersBane","Strike_R","Strike_R","Strike_R","Strike_R","Defend_R","Defend_R","Defend_R","Defend_R","Bash","Apotheosis+1","Perfected Strike","Feel No Pain","Perfected Strike","Clothesline","Feed"],"relics":["Burning Blood","Tiny Chest","White Beast Statue"],"acts_visited":["Exordium"],"potions_floor_usage":[11,14,16,16],"damage_taken":[{"damage":12.0,"enemies":"2 Louse","floor":1.0,"turns":3.0},{"damage":11.0,"enemies":"Small Slimes","floor":3.0,"turns":4.0},{"damage":13.0,"enemies":"Jaw Worm","floor":5.0,"turns":4.0},{"damage":12.0,"enemies":"3 Sentries","floor":7.0,"turns":11.0},{"damage":0.0,"enemies":"2 Fungi Beasts","floor":10.0,"turns":4.0},{"damage":24,"enemies":"Lagavulin","floor":11,"turns":6},{"damage":9,"enemies":"Red Slaver","floor":12,"turns":5},{"damage":10,"enemies":"Looter","floor":13,"turns":4},{"damage":9,"enemies":"Blue Slaver","floor":14,"turns":3},{"damage":37,"enemies":"The Guardian","floor":16,"turns":8}],"seed_played":"3038910264597282994","potions_obtained":[{"floor":1.0,"key":"Swift Potion"},{"floor":7.0,"key":"FearPotion"},{"floor":10.0,"key":"LiquidBronze"},{"floor":12,"key":"BlessingOfTheForge"},{"floor":14,"key":"ColorlessPotion"}],"is_trial":false,"path_per_floor":["M","$","M","?","M","R","E","R","T","M","E","M","M","M","R","B"],"character_chosen":"IRONCLAD","items_purchased":[],"campfire_rested":1,"item_purchase_floors":[],"current_hp_per_floor":[62,62,57,50,43,43,37,37,37,43,25,22,18,15,37,0,0],"gold":237,"neow_bonus":"RANDOM_COLORLESS_2","is_daily":false,"chose_seed":false,"campfire_upgraded":1,"win_rate":0.0,"timestamp":1613937442,"path_taken":["M","$","M","?","M","R","E","R","T","M","E","M","M","M","R","BOSS"],"items_purchased_type":[],"build_version":"2020-12-22","purchased_purges":1,"victory":false,"max_hp_per_floor":[75,75,75,75,75,75,75,75,75,75,75,75,75,75,75,75,75],"card_choices":[{"not_picked":["Violence","Sadistic Nature"],"picked":"Apotheosis","floor":0.0},{"not_picked":["Entrench","Anger"],"picked":"Perfected Strike","floor":1.0},{"not_picked":["Bloodletting","True Grit"],"picked":"Feel No Pain","floor":3.0},{"not_picked":["Armaments","Carnage","Thunderclap"],"picked":"SKIP","floor":5.0},{"not_picked":["Havoc","Headbutt","Warcry"],"picked":"SKIP","floor":7.0},{"not_picked":["Warcry","Feel No Pain"],"picked":"Perfected Strike","floor":10.0},{"not_picked":["Warcry","Hemokinesis","True Grit"],"picked":"SKIP","floor":11},{"not_picked":["Dropkick","True Grit","Armaments"],"picked":"SKIP","floor":12},{"not_picked":["Flex","Spot Weakness"],"picked":"Clothesline","floor":13},{"not_picked":["Twin Strike","Evolve"],"picked":"Feed","floor":14}],"player_experience":621017,"relics_obtained":[{"floor":7.0,"key":"Tiny Chest"},{"floor":11,"key":"White Beast Statue"}],"event_choices":[{"cards_removed":["Strike_R"],"damage_healed":0.0,"max_hp_gain":0.0,"max_hp_loss":0.0,"gold_gain":0.0,"event_name":"Golden Wing","player_choice":"Card Removal","floor":4.0,"gold_loss":0.0,"damage_taken":7.0}],"is_beta":false,"boss_relics":[],"items_purged_floors":[2],"is_endless":false,"potions_floor_spawned":[1,7,10,12,13,14],"killed_by":"The Guardian","ascension_level":20}}