{"host":"2l5k2wp87eek7qja","time":1613937819,"event":{"mods":["BaseMod","Colored Map","Minty Spire (QoL Compilation)","Relic Stats"],"gold_per_floor":[113,125,143,293,57,57,85,103,157,157,157,184,197,229,229,306,306,286,297,85,10,29,44,75,75,101,101,101,101],"floor_reached":28,"language":"ENG","playtime":873,"items_purged":["Doubt","Masterful Stab"],"score":516,"play_id":"e536ea73-7464-476b-b0f1-17da01be66bc","local_time":"20210221220339","is_ascension_mode":true,"campfire_choices":[{"data":"Neutralize","floor":6.0,"key":"SMITH"},{"data":"Poisoned Stab","floor":11.0,"key":"SMITH"},{"data":"Backflip","floor":15.0,"key":"SMITH"},{"data":"Acrobatics","floor":25,"key":"SMITH"},{"data":"Leg Sweep","floor":27,"key":"SMITH"}],"circlet_count":0,"master_deck":["AscendersBane","Strike_G+1","Strike_G","Strike_G+1","Strike_G","Defend_G","Defend_G","Defend_G","Defend_G","Defend_G","Survivor","Neutralize+1","Poisoned Stab+1","Poisoned Stab","Backflip+1","Bullet Time","Leg Sweep+1","Dash","Acrobatics+1","Deadly Poison","Doubt"],"relics":["Ring of the Snake","Vajra","Potion Belt","StrikeDummy","Smiling Mask","Whetstone","Bronze Scales","Cursed Key","Lee\u0027s Waffle","Ninja Scroll","MealTicket"],"acts_visited":["Exordium","TheCity"],"potions_floor_usage":[22,23,28],"damage_taken":[{"damage":2.0,"enemies":"2 Louse","floor":1.0,"turns":4.0},{"damage":0.0,"enemies":"Cultist","floor":2.0,"turns":3.0},{"damage":0.0,"enemies":"Jaw Worm","floor":3.0,"turns":4.0},{"damage":3.0,"enemies":"Gremlin Nob","floor":7.0,"turns":3.0},{"damage":0.0,"enemies":"Looter","floor":8.0,"turns":2.0},{"damage":12.0,"enemies":"Lagavulin","floor":12.0,"turns":5.0},{"damage":1.0,"enemies":"Blue Slaver","floor":13.0,"turns":2.0},{"damage":6.0,"enemies":"Gremlin Nob","floor":14.0,"turns":3.0},{"damage":21,"enemies":"The Guardian","floor":16,"turns":10},{"damage":15,"enemies":"2 Thieves","floor":18,"turns":4},{"damage":0,"enemies":"Chosen","floor":19,"turns":3},{"damage":11,"enemies":"3 Cultists","floor":22,"turns":7},{"damage":8,"enemies":"Cultist and Chosen","floor":23,"turns":7},{"damage":24,"enemies":"Book of Stabbing","floor":24,"turns":5},{"damage":35,"enemies":"Slavers","floor":28,"turns":3}],"seed_played":"1531847168632067221","potions_obtained":[{"floor":1.0,"key":"Strength Potion"},{"floor":2.0,"key":"LiquidMemories"},{"floor":8.0,"key":"Dexterity Potion"},{"floor":22,"key":"Swift Potion"},{"floor":24,"key":"Explosive Potion"}],"is_trial":false,"path_per_floor":["M","M","M","?","$","R","E","M","T","?","R","E","M","E","R","B",null,"M","M","$","?","M","M","E","R","T","R","E"],"character_chosen":"THE_SILENT","items_purchased":["Potion Belt","Lee\u0027s Waffle"],"campfire_rested":0,"item_purchase_floors":[5,20],"current_hp_per_floor":[57,57,57,57,57,57,54,54,54,54,54,42,41,35,35,14,53,38,38,73,73,62,54,30,30,30,30,0,0],"gold":101,"neow_bonus":"RANDOM_COMMON_RELIC","is_daily":false,"chose_seed":false,"campfire_upgraded":5,"win_rate":0.0,"timestamp":1613937819,"path_taken":["M","M","M","?","$","R","E","M","T","?","R","E","?","E","R","BOSS","M","M","$","?","M","M","E","R","T","R","E"],"items_purchased_type":["Relic","Relic"],"build_version":"2020-12-22","purchased_purges":2,"victory":false,"max_hp_per_floor":[66,66,66,66,66,66,66,66,66,66,66,66,66,66,66,66,66,66,66,73,73,73,73,73,73,73,73,73,73],"relic_stats":{"Lee\u0027s Waffle":35,"counters":[15,65],"Bronze Scales":[141],"MealTicket":0,"Whetstone":["Strike_G","Strike_G"],"Smiling Mask":50,"Cursed Key":1,"obtain_stats":[{"Potion Belt":5,"Lee\u0027s Waffle":20,"Ninja Scroll":24,"Bronze Scales":14,"Vajra":0,"MealTicket":26,"Whetstone":12,"StrikeDummy":7,"Smiling Mask":9,"Cursed Key":17,"Ring of the Snake":0},{"Potion Belt":3,"Lee\u0027s Waffle":11,"Ninja Scroll":14,"Bronze Scales":8,"Vajra":0,"MealTicket":14,"Whetstone":6,"StrikeDummy":4,"Smiling Mask":5,"Cursed Key":9,"Ring of the Snake":0},{"Potion Belt":11,"Lee\u0027s Waffle":43,"Ninja Scroll":62,"Bronze Scales":26,"Vajra":0,"MealTicket":62,"Whetstone":21,"StrikeDummy":14,"Smiling Mask":16,"Cursed Key":36,"Ring of the Snake":0}],"Ring of the Snake":[30]},"card_choices":[{"not_picked":["Outmaneuver","Dagger Throw"],"picked":"Poisoned Stab","floor":1.0},{"not_picked":["Bane","Backstab"],"picked":"Masterful Stab","floor":2.0},{"not_picked":["Dagger Throw","Reflex"],"picked":"Poisoned Stab","floor":3.0},{"not_picked":["Eviscerate","Concentrate","Sucker Punch"],"picked":"SKIP","floor":7.0},{"not_picked":["Slice","Poisoned Stab","Bane"],"picked":"SKIP","floor":8.0},{"not_picked":["Unload","PiercingWail"],"picked":"Backflip","floor":12.0},{"not_picked":["Bane","Infinite Blades","Backstab"],"picked":"SKIP","floor":13.0},{"not_picked":["Poisoned Stab","Grand Finale","Slice"],"picked":"SKIP","floor":14.0},{"not_picked":["Unload","Envenom"],"picked":"Bullet Time","floor":16},{"not_picked":["Poisoned Stab","Dagger Throw"],"picked":"Leg Sweep","floor":18},{"not_picked":["Reflex","Tactician"],"picked":"Dash","floor":19},{"not_picked":["Sucker Punch","Backflip"],"picked":"Acrobatics","floor":22},{"not_picked":["Tactician","Blade Dance"],"picked":"Deadly Poison","floor":23},{"not_picked":["Flying Knee","Bane","Dodge and Roll"],"picked":"SKIP","floor":24}],"player_experience":847314,"relics_obtained":[{"floor":7.0,"key":"StrikeDummy"},{"floor":9.0,"key":"Smiling Mask"},{"floor":12.0,"key":"Whetstone"},{"floor":14.0,"key":"Bronze Scales"},{"floor":24,"key":"Ninja Scroll"},{"floor":26,"key":"MealTicket"}],"event_choices":[{"damage_healed":0.0,"max_hp_gain":0.0,"max_hp_loss":0.0,"gold_gain":150.0,"event_name":"Liars Game","player_choice":"AGREE","floor":4.0,"gold_loss":0.0,"damage_taken":0.0,"cards_obtained":["Doubt"]},{"damage_healed":0.0,"max_hp_gain":0.0,"max_hp_loss":0.0,"gold_gain":0.0,"event_name":"Match and Keep!","player_choice":"0 cards matched","floor":10.0,"gold_loss":0.0,"damage_taken":0.0,"cards_obtained":[]},{"cards_removed":["Strike_G"],"damage_healed":0,"gold_gain":0,"player_choice":"Gave Gold","damage_taken":0,"max_hp_gain":0,"max_hp_loss":0,"event_name":"Beggar","floor":21,"gold_loss":75}],"is_beta":false,"boss_relics":[{"not_picked":["WristBlade","Calling Bell"],"picked":"Cursed Key"}],"items_purged_floors":[5,20],"is_endless":false,"potions_floor_spawned":[1,2,3,8,22,24],"killed_by":"Slavers","ascension_level":20}}