{"host":"0luxfixkkfk9wck3","time":1613945188,"event":{"mods":["BaseMod","DeckTracker","Downfall","Highlight Path","Minty Spire (QoL Compilation)","StSLib"],"gold_per_floor":[99,114,114,132,144,144,197,222,222,236,255,268,268,278,290,386,386,386,397,397,408,508,508,508,521,521,225,225,235,135,165,181,286,286,286,198,84,184,198,198,246,246,258,258,258,297,307,327,356,356],"floor_reached":51,"language":"ENG","playtime":6164,"items_purged":["Slimebound:Strike_Slimebound","Slimebound:Strike_Slimebound"],"score":1064,"play_id":"4a0eca4d-8543-42a2-a998-0dd26d5bc325","local_time":"20210221160628","is_ascension_mode":true,"campfire_choices":[{"data":"Slimebound:Split","floor":1,"key":"SMITH"},{"data":"Slimebound:DuplicatedForm","floor":6,"key":"SMITH"},{"data":"Slimebound:OozeBath","floor":13,"key":"SMITH"},{"data":"Slimebound:PrepareCrush","floor":18,"key":"SMITH"},{"data":"Slimebound:AcidTongue","floor":23,"key":"SMITH"},{"data":"RitualDagger","floor":26,"key":"SMITH"},{"floor":28,"key":"RECALL"},{"data":"Slimebound:SpikyOuterGoop","floor":30,"key":"SMITH"},{"data":"Slimebound:OneTwoCombo","floor":35,"key":"SMITH"},{"data":"Slimebound:Teamwork","floor":40,"key":"SMITH"},{"data":"Slimebound:ItLooksTasty","floor":42,"key":"SMITH"},{"data":"Slimebound:CorrosiveSpit","floor":45,"key":"SMITH"}],"circlet_count":0,"master_deck":["AscendersBane","Slimebound:Tackle","Slimebound:Defend_Slimebound","Slimebound:Defend_Slimebound","Slimebound:Defend_Slimebound","Slimebound:Defend_Slimebound","Slimebound:Split+1","Slimebound:CorrosiveSpit+1","Slimebound:DuplicatedForm+1","Slimebound:ItLooksTasty+1","Slimebound:Split+1","Slimebound:AcidTongue+1","Slimebound:MegaLick","Slimebound:LeechingTouch+1","Slimebound:OozeBath+1","Slimebound:Schlurp","Slimebound:Equalize+1","Slimebound:MegaLick","Slimebound:PrepareCrush+1","Slimebound:Prepare+1","RitualDagger+1","Slimebound:SplitLeeching+1","Slimebound:SamplingLick+1","Slimebound:Schlurp+1","Slimebound:MegaLick+1","Slimebound:SpikyOuterGoop+1","Slimebound:Equalize","Slimebound:SplitMire+1","Slimebound:ItLooksTasty+1","Slimebound:OneTwoCombo+1","Slimebound:Teamwork+1","Slimebound:SplitLeeching+1","Clumsy","Slimebound:Repurpose","Decay","Slimebound:SplitAcid","Slimebound:LevelUp+1"],"relics":["Slimebound:AbsorbEndCombat","Orichalcum","Bottled Tornado","NlothsMask","Sozu","Slimebound:PotencyRelic","The Courier","Slimebound:MaxSlimesRelic","downfall:HeartBlessingRed","Shuriken","Cursed Key","Eternal Feather","Guardian:PocketSentry","Whetstone","Blue Candle","CeramicFish"],"acts_visited":["Exordium","TheCity","TheBeyond"],"potions_floor_usage":[14,14,50],"damage_taken":[{"damage":3,"enemies":"2 Louse","floor":2,"turns":3},{"damage":1,"enemies":"Cultist","floor":4,"turns":3},{"damage":7,"enemies":"Jaw Worm","floor":5,"turns":3},{"damage":33,"enemies":"Lagavulin","floor":8,"turns":6},{"damage":0,"enemies":"Gremlin Gang","floor":10,"turns":5},{"damage":26,"enemies":"downfall:LooterAlt","floor":11,"turns":3},{"damage":4,"enemies":"3 Louse","floor":12,"turns":4},{"damage":29,"enemies":"Exordium Wildlife","floor":14,"turns":4},{"damage":25,"enemies":"Exordium Thugs","floor":15,"turns":5},{"damage":35,"enemies":"IC_STATUS_ARCHETYPE","floor":16,"turns":7},{"damage":21,"enemies":"3 Byrds","floor":19,"turns":5},{"damage":28,"enemies":"Spheric Guardian","floor":21,"turns":4},{"damage":19,"enemies":"DF_ARCHETYPE_STREAMLINE","floor":22,"turns":7},{"damage":20,"enemies":"3 Cultists","floor":25,"turns":5},{"damage":19,"enemies":"downfall:FleeingMerchant","floor":27,"turns":4},{"damage":15,"enemies":"Snake Plant","floor":29,"turns":3},{"damage":37,"enemies":"Gremlin Leader","floor":31,"turns":4},{"damage":23,"enemies":"Centurion and Healer","floor":32,"turns":4},{"damage":31,"enemies":"SI_MIRROR_ARCHETYPE","floor":33,"turns":8},{"damage":15,"enemies":"downfall:FleeingMerchant","floor":36,"turns":4},{"damage":25,"enemies":"3 Shapes","floor":39,"turns":3},{"damage":15,"enemies":"Orb Walker","floor":43,"turns":3},{"damage":24,"enemies":"Reptomancer","floor":46,"turns":5},{"damage":21,"enemies":"Writhing Mass","floor":47,"turns":4},{"damage":16,"enemies":"4 Shapes","floor":48,"turns":5},{"damage":33,"enemies":"Jaw Worm Horde","floor":49,"turns":5},{"damage":68,"enemies":"DF_ARCHETYPE_ORBS","floor":50,"turns":9}],"seed_played":"-8636555354796454003","potions_obtained":[{"floor":4,"key":"hexamod:SoulburnPotion"},{"floor":5,"key":"EssenceOfSteel"},{"floor":8,"key":"sneckomod:MuddlingPotion"},{"floor":11,"key":"Weak Potion"}],"is_trial":false,"path_per_floor":["R","M","?","M","M","R","T","E","?","M","M","M","R","M","M","B",null,"R","M","?","M","?","R","T","M","R","$","R","M","R","E","M","B",null,"R","$","?","?","M","R","T","R","M","T","R","E","M","M","M","B",null],"character_chosen":"SLIMEBOUND","items_purchased":["Slimebound:MaxSlimesRelic","Slimebound:SpikyOuterGoop","Slimebound:Teamwork","Eternal Feather","Guardian:PocketSentry"],"campfire_rested":0,"item_purchase_floors":[27,27,36,36,37],"current_hp_per_floor":[59,58,58,61,58,58,58,48,48,56,49,49,49,45,55,51,62,62,49,43,38,54,54,54,62,62,63,63,65,65,65,49,57,63,63,65,65,65,61,65,65,65,65,65,65,65,65,65,59,30],"gold":356,"neow_bonus":"TRANSFORM_CARD","is_daily":false,"chose_seed":false,"campfire_upgraded":11,"win_rate":0.0,"timestamp":1613945188,"path_taken":["R","M","?","M","?","R","T","E","?","M","?","M","R","M","M","BOSS","R","M","?","M","?","R","T","M","R","?","R","?","R","E","M","BOSS","R","$","?","?","?","R","T","R","M","?","R","E","?","M","M","BOSS"],"items_purchased_type":["Relic","Card","Card","Relic","Relic"],"build_version":"2020-12-22","purchased_purges":2,"victory":true,"max_hp_per_floor":[65,65,65,65,65,65,65,65,65,65,65,65,65,65,65,65,65,65,65,65,65,65,65,65,65,65,65,65,65,65,65,65,65,65,65,65,65,65,65,65,65,65,65,65,65,65,65,65,65,65],"card_choices":[{"not_picked":["Slimebound:PressTheAttack","Slimebound:FormOfPuddle"],"picked":"Slimebound:ItLooksTasty","floor":2},{"not_picked":["Slimebound:LeechingTouch","Slimebound:GoopTackle"],"picked":"Slimebound:AcidTongue","floor":4},{"not_picked":["Slimebound:ItLooksTasty","Slimebound:Nibble"],"picked":"Slimebound:MegaLick","floor":5},{"not_picked":["Slimebound:Grow","Slimebound:ProtectTheBoss"],"picked":"Slimebound:LeechingTouch","floor":8},{"not_picked":["Slimebound:LeechEnergy","Slimebound:Prepare"],"picked":"Slimebound:OozeBath","floor":10},{"not_picked":["Slimebound:SplitSpecialist","Slimebound:SplitMire"],"picked":"Slimebound:Schlurp","floor":11},{"not_picked":["Slimebound:SplitBruiser","Slimebound:PressTheAttack"],"picked":"Slimebound:Equalize","floor":12},{"not_picked":["Slimebound:Chomp","Slimebound:GoopTackle"],"picked":"Slimebound:MegaLick","floor":14},{"not_picked":["Slimebound:Grow","Slimebound:LeechingTouch","Slimebound:ComboTackle"],"picked":"SKIP","floor":15},{"not_picked":["Slimebound:RallyTheTroops","Slimebound:LeechLife"],"picked":"Slimebound:PrepareCrush","floor":16},{"not_picked":["Slimebound:SamplingLick+1","Slimebound:Schlurp"],"picked":"Slimebound:Prepare+1","floor":19},{"not_picked":["Slimebound:HauntingLick","Slimebound:SlimeBrawl"],"picked":"Slimebound:SplitLeeching+1","floor":21},{"not_picked":["Slimebound:FinishingTackle+1","Slimebound:DivideAndConquer"],"picked":"Slimebound:SamplingLick+1","floor":22},{"not_picked":["Slimebound:SplitAcid","Slimebound:LeechingTouch+1"],"picked":"Slimebound:Schlurp+1","floor":25},{"not_picked":["Slimebound:ViciousTackle","Slimebound:ComboTackle"],"picked":"Slimebound:MegaLick+1","floor":27},{"not_picked":["Slimebound:SplitMire+1","Slimebound:DivideAndConquer"],"picked":"Slimebound:Equalize","floor":29},{"not_picked":["Slimebound:Schlurp","Slimebound:LeadByExample+1"],"picked":"Slimebound:SplitMire+1","floor":31},{"not_picked":["Slimebound:FormOfPuddle+1","Slimebound:GoopSpray"],"picked":"Slimebound:ItLooksTasty+1","floor":32},{"not_picked":["Slimebound:FirmFortitude","Slimebound:SlimeSlap"],"picked":"Slimebound:OneTwoCombo","floor":33},{"not_picked":["Slimebound:Prepare","Slimebound:ComboTackle","Slimebound:RejuvenatingLick+1"],"picked":"SKIP","floor":36},{"not_picked":["Slimebound:FinishingTackle","Slimebound:LivingWall"],"picked":"Slimebound:SplitLeeching+1","floor":39},{"not_picked":["Slimebound:GoopTackle","Slimebound:SlimeSpikes+1"],"picked":"Slimebound:Repurpose","floor":43},{"not_picked":["Slimebound:ItLooksTasty","Slimebound:MegaLick+1"],"picked":"Slimebound:SplitAcid","floor":46},{"not_picked":["Slimebound:BestDefense","Slimebound:RollThrough+1","Slimebound:LeadByExample+1"],"picked":"SKIP","floor":47},{"not_picked":["Slimebound:Schlurp+1","Slimebound:GrowthPunch","Slimebound:ForwardTackle"],"picked":"SKIP","floor":48},{"not_picked":["Slimebound:PressTheAttack+1","Slimebound:FirmFortitude"],"picked":"Slimebound:LevelUp+1","floor":49}],"player_experience":12017424,"relics_obtained":[{"floor":7,"key":"Orichalcum"},{"floor":8,"key":"Bottled Tornado"},{"floor":22,"key":"Slimebound:PotencyRelic"},{"floor":22,"key":"The Courier"},{"floor":31,"key":"Shuriken"},{"floor":41,"key":"Whetstone"},{"floor":44,"key":"Blue Candle"},{"floor":46,"key":"CeramicFish"}],"event_choices":[{"damage_healed":0,"gold_gain":0,"player_choice":"Trade","damage_taken":0,"relics_obtained":["NlothsMask"],"max_hp_gain":0,"max_hp_loss":0,"event_name":"FaceTrader","floor":9,"gold_loss":0}],"is_beta":false,"boss_relics":[{"not_picked":["Empty Cage","Black Star"],"picked":"Sozu"},{"not_picked":["Runic Dome","SacredBark"],"picked":"Cursed Key"}],"items_purged_floors":[27,36],"is_endless":false,"potions_floor_spawned":[4,5,8,11,19,22,29,32,43,46,48],"ascension_level":10}}