{"host":"b9id4afcchnn1rfb","time":1613868122,"event":{"mods":["Act Like it!","BaseMod","Better Note","Colored Map","Colored Powertips","Hallownest","Hermit","Infinite Spire","Minty Spire (QoL Compilation)","StSLib","SuperFastMode","The Death Knight","The Necromancer"],"gold_per_floor":[118,133,133,83,83,113,113,38,38,54,54,72,72,72,72,167,167,185,199,349,304,304,304,332,332,332,348,381,381,434,448,448,448,448],"floor_reached":33,"language":"ENG","playtime":740,"items_purged":["Defend_W"],"score":356,"play_id":"d43fb0cd-32c5-4fff-99ba-624de3f3ef8b","local_time":"20210221014202","is_ascension_mode":true,"campfire_choices":[{"data":"Summon_Lich","floor":7,"key":"SMITH"},{"data":"Negative_Energy_Arrows","floor":13,"key":"SMITH"},{"floor":15,"key":"RECALL"},{"data":"Uncharnel","floor":23,"key":"SMITH"},{"floor":25,"key":"REST"},{"data":"infinitespire:Starlight","floor":29,"key":"SMITH"},{"data":"Skeleton_Dragon","floor":32,"key":"SMITH"}],"circlet_count":0,"master_deck":["Strike_W","Strike_W","Strike_W","Strike_W","Defend_W","Defend_W","Negative_Energy_Arrows+1","Bone_Wall","Bone_Armor","Summon_Lich+1","infinitespire:Fortify+1","Grasp_Heart","Blood_Wake","Uncharnel+1","Uncharnel+1","Hallownest:curseDreamersLament","Bones_to_Steel","infinitespire:Starlight+1","Stop_Heart","Skeleton_Dragon+1"],"relics":["Vampire_Amulet","Vajra","infinitespire:Satchel","Blue Candle","Philosopher\u0027s Stone","Hallownest:WatcherSealRelic","Meat on the Bone","Thread and Needle","Happy Flower"],"acts_visited":["Exordium","Exordium"],"potions_floor_usage":[6,16,18,30,31,33],"damage_taken":[{"damage":0,"enemies":"2 Louse","floor":1,"turns":3},{"damage":0,"enemies":"Small Slimes","floor":2,"turns":3},{"damage":7,"enemies":"Gremlin Nob","floor":6,"turns":5},{"damage":5,"enemies":"Cultist","floor":10,"turns":3},{"damage":7,"enemies":"Blue Slaver","floor":12,"turns":3},{"damage":7,"enemies":"Hexaghost","floor":16,"turns":8},{"damage":10,"enemies":"Hallownest:2_Mistakes","floor":18,"turns":5},{"damage":25,"enemies":"Hallownest:Guard_and_Sentry","floor":19,"turns":4},{"damage":18,"enemies":"Hallownest:eliteSoulWarrior","floor":24,"turns":6},{"damage":1,"enemies":"Hallownest:monsterShrumalOgre","floor":27,"turns":4},{"damage":23,"enemies":"Nightmare","floor":28,"turns":6},{"damage":15,"enemies":"Hallownest:Glutton_and_Coward","floor":30,"turns":4},{"damage":37,"enemies":"Hallownest:2_Flukemon","floor":31,"turns":6},{"damage":56,"enemies":"Hallownest:BossMantisLord","floor":33,"turns":4}],"seed_played":"4054732628044364623","potions_obtained":[{"floor":1,"key":"Strength Potion"},{"floor":10,"key":"SpeedPotion"},{"floor":14,"key":"DistilledChaos"},{"floor":14,"key":"DistilledChaos"},{"floor":19,"key":"Fire Potion"},{"floor":24,"key":"SteroidPotion"},{"floor":27,"key":"Dexterity Potion"}],"is_trial":false,"path_per_floor":["M","M","?","?","?","E","R","$","T","M","$","M","R","?","R","B",null,"M","M","?","?","?","R","E","R","T","M","NM","R","M","M","R","B"],"character_chosen":"NECROMANCER","items_purchased":[],"campfire_rested":1,"item_purchase_floors":[],"current_hp_per_floor":[72,75,58,58,58,53,53,53,53,50,50,45,45,45,45,40,66,60,39,39,39,39,39,23,45,45,46,37,37,56,38,38,0,0],"gold":448,"neow_bonus":"RANDOM_COMMON_RELIC","is_daily":false,"chose_seed":false,"campfire_upgraded":5,"win_rate":0.0,"timestamp":1613868122,"path_taken":["M","M","?","?","?","E","R","$","T","M","$","?","R","?","R","BOSS","M","M","?","?","?","R","E","R","T","M","NM","R","M","M","R","BOSS"],"items_purchased_type":[],"build_version":"2020-12-22","purchased_purges":1,"victory":false,"max_hp_per_floor":[75,75,75,75,75,75,75,75,75,75,75,75,75,75,75,75,75,75,75,75,75,75,75,75,75,75,75,75,75,75,75,75,75,75],"card_choices":[{"not_picked":["Epidemic","Blood_Curse"],"picked":"Bone_Armor","floor":1},{"not_picked":["Slay_Living","Chill_Blood"],"picked":"Summon_Lich","floor":2},{"not_picked":["infinitespire:Execution","infinitespire:Punishment"],"picked":"infinitespire:Fortify","floor":3},{"not_picked":["Finger_Of_Death","Shackles_Of_Pain"],"picked":"Grasp_Heart","floor":6},{"not_picked":["Negative_Energy_Mist","Death_Coil","Vampiric_Strike"],"picked":"SKIP","floor":10},{"not_picked":["Negative_Energy_Mist","Toxic_Smoke_Screen","Bone_Spikes"],"picked":"SKIP","floor":12},{"not_picked":["Negative_Energy_Bomb","Grasp_Heart"],"picked":"Blood_Wake","floor":16},{"not_picked":["Bone_Bullets+1","Scare+1"],"picked":"Uncharnel+1","floor":18},{"not_picked":["Death_Coil","Death_March_Dance+1"],"picked":"Uncharnel","floor":19},{"not_picked":["Plague_Bolt","Negative_Energy_Shield","Strike_from_Beyond"],"picked":"SKIP","floor":24},{"not_picked":["Scare","Negative_Energy_Mist"],"picked":"Bones_to_Steel","floor":27},{"not_picked":["infinitespire:SealOfDarkness+","infinitespire:Collect"],"picked":"infinitespire:Starlight","floor":28},{"not_picked":["Strike_from_Beyond","Vampiric_Strike","Bone_Bullets"],"picked":"SKIP","floor":28},{"not_picked":["Strike_from_Beyond","Vampiric_Strike","Bone_Bullets"],"picked":"SKIP","floor":28},{"not_picked":["Exploit","Violent_Necrosis+1"],"picked":"Stop_Heart","floor":30},{"not_picked":["Scare","Deaths_Shadow+1"],"picked":"Skeleton_Dragon","floor":31}],"player_experience":496091,"relics_obtained":[{"floor":6,"key":"infinitespire:Satchel"},{"floor":9,"key":"Blue Candle"},{"floor":24,"key":"Meat on the Bone"},{"floor":26,"key":"Thread and Needle"},{"floor":28,"key":"Happy Flower"}],"event_choices":[{"cards_removed":["Defend_W"],"damage_healed":0,"gold_gain":0,"player_choice":"Card Removal","damage_taken":0,"max_hp_gain":0,"max_hp_loss":0,"event_name":"The Cleric","floor":4,"gold_loss":50},{"damage_healed":0,"gold_gain":0,"player_choice":"Upgraded","damage_taken":0,"max_hp_gain":0,"max_hp_loss":0,"event_name":"Upgrade Shrine","floor":5,"gold_loss":0,"cards_upgraded":["infinitespire:Fortify"]},{"damage_healed":0,"gold_gain":0,"player_choice":"Got Potions","damage_taken":0,"max_hp_gain":0,"max_hp_loss":0,"event_name":"Lab","floor":14,"gold_loss":0}],"is_beta":false,"boss_relics":[{"not_picked":["Fusion Hammer","Velvet Choker"],"picked":"Philosopher\u0027s Stone"}],"items_purged_floors":[8],"is_endless":true,"potions_floor_spawned":[1,10,19,24,27],"killed_by":"Hallownest:BossMantisLord","ascension_level":6}}