{"host":"8i4doyxqctgl5qb0","time":1613872621,"event":{"mods":["AchievementEnabler","BaseMod","Block Reminder","Colored Powertips","Downfall","Minty Spire (QoL Compilation)","Permanent Neow","Potion Indicator Mod","Rare Cards Sparkle","StSLib","SuperFastMode","The Jungle"],"gold_per_floor":[360,22,42,62,82,82,92,92,92,110,110,35,35,35,35,136,136,149,74,74,0,38,38,53,73,120,146,146,166,166,201,201,303,353,372,4,4,24,39,39,67,86,86,86,116,116,116,130,130,130],"floor_reached":51,"language":"ZHS","playtime":2095,"items_purged":["Strike_G"],"score":1185,"play_id":"7403e58d-b60d-4aec-92a5-574552e37cb1","local_time":"20210221095701","is_ascension_mode":true,"campfire_choices":[{"data":"Magnetism","floor":6.0,"key":"SMITH"},{"data":"Neutralize","floor":8.0,"key":"SMITH"},{"floor":11.0,"key":"REST"},{"floor":15.0,"key":"REST"},{"data":"Venomology","floor":23.0,"key":"SMITH"},{"floor":28.0,"key":"REST"},{"floor":30.0,"key":"REST"},{"data":"Backflip","floor":32.0,"key":"SMITH"},{"data":"Adrenaline","floor":40.0,"key":"SMITH"},{"floor":44.0,"key":"REST"},{"floor":46.0,"key":"REST"},{"data":"Catalyst","floor":49.0,"key":"SMITH"}],"circlet_count":0,"master_deck":["AscendersBane","Strike_G","Strike_G","Defend_G","Defend_G","Defend_G","Defend_G+1","Defend_G","Survivor","Neutralize+1","Distraction","Magnetism+1","Escape Plan","Bane","Distraction","Corpse Explosion","Crippling Poison+1","Footwork","Venomology+1","Poisoned Stab","Deflect","Poisoned Stab","Footwork","Backflip","Deadly Poison+1","Adrenaline+1","Backflip+1","Malaise","Deadly Poison+1","Catalyst+1","Poisoned Stab+1","Parasite","PiercingWail","Dodge and Roll","Venomology"],"relics":["Ring of the Snake","TwistedFunnel","Bottled Tornado","SacredBark","Art of War","PreservedInsect","Tiny House","Lizard Tail","Turnip","Kunai","Happy Flower"],"acts_visited":["Exordium","TheCity","TheBeyond"],"potions_floor_usage":[50,50],"damage_taken":[{"damage":2.0,"enemies":"Cultist","floor":1.0,"turns":5.0},{"damage":0.0,"enemies":"Small Slimes","floor":3.0,"turns":3.0},{"damage":0.0,"enemies":"2 Louse","floor":4.0,"turns":2.0},{"damage":0.0,"enemies":"2 Fungi Beasts","floor":5.0,"turns":3.0},{"damage":2.0,"enemies":"Looter","floor":7.0,"turns":2.0},{"damage":13.0,"enemies":"Gremlin Gang","floor":10.0,"turns":3.0},{"damage":20.0,"enemies":"The Guardian","floor":16.0,"turns":12.0},{"damage":2.0,"enemies":"Chosen","floor":18.0,"turns":5.0},{"damage":15.0,"enemies":"2 Thieves","floor":22.0,"turns":5.0},{"damage":16.0,"enemies":"Chosen and Byrds","floor":24.0,"turns":5.0},{"damage":9.0,"enemies":"Centurion and Healer","floor":25.0,"turns":5.0},{"damage":60.0,"enemies":"Gremlin Leader","floor":27.0,"turns":8.0},{"damage":7.0,"enemies":"Cultist and Chosen","floor":29.0,"turns":7.0},{"damage":4.0,"enemies":"Snecko","floor":31.0,"turns":9.0},{"damage":29.0,"enemies":"Collector","floor":33.0,"turns":10.0},{"damage":2.0,"enemies":"3 Shapes","floor":35.0,"turns":5.0},{"damage":1.0,"enemies":"3 Darklings","floor":38.0,"turns":4.0},{"damage":6.0,"enemies":"Writhing Mass","floor":39.0,"turns":7.0},{"damage":13.0,"enemies":"Nemesis","floor":41.0,"turns":3.0},{"damage":12.0,"enemies":"Maw","floor":42.0,"turns":8.0},{"damage":13.0,"enemies":"Giant Head","floor":45.0,"turns":7.0},{"damage":8.0,"enemies":"3 Darklings","floor":48.0,"turns":4.0},{"damage":102,"enemies":"Donu and Deca","floor":50,"turns":10}],"seed_played":"7463906281950660659","potions_obtained":[{"floor":3.0,"key":"Weak Potion"},{"floor":4.0,"key":"Poison Potion"},{"floor":7.0,"key":"Strength Potion"},{"floor":16.0,"key":"Explosive Potion"},{"floor":18.0,"key":"DuplicationPotion"},{"floor":22.0,"key":"GamblersBrew"},{"floor":29.0,"key":"Dexterity Potion"},{"floor":34.0,"key":"FairyPotion"},{"floor":42.0,"key":"Energy Potion"},{"floor":45.0,"key":"Dexterity Potion"}],"is_trial":false,"path_per_floor":["M","$","M","M","M","R","M","R","T","M","R","$","?","?","R","B",null,"M","?","?","$","M","R","M","M","T","E","R","M","R","M","R","B",null,"M","$","?","M","M","R","E","M","T","R","E","R","?","M","R","B",null],"character_chosen":"THE_SILENT","items_purchased":["Magnetism","TwistedFunnel","Footwork","Poisoned Stab","Deflect","Lizard Tail"],"campfire_rested":6,"item_purchase_floors":[2,2,12,21,21,36],"current_hp_per_floor":[43,43,43,43,43,43,41,41,41,28,49,49,35,40,62,42,67,65,65,65,65,50,50,34,25,25,19,41,34,56,52,52,23,67,65,65,65,64,58,58,45,33,33,57,44,68,68,60,60,27],"gold":130,"neow_bonus":"TWO_FIFTY_GOLD","is_daily":false,"chose_seed":false,"campfire_upgraded":6,"win_rate":0.0,"timestamp":1613872621,"path_taken":["M","$","?","M","M","R","M","R","T","M","R","$","?","?","R","BOSS","M","?","?","$","M","R","M","?","T","E","R","M","R","M","R","BOSS","M","$","?","M","M","R","E","M","T","R","E","R","?","M","R","BOSS"],"items_purchased_type":["Card","Relic","Card","Card","Card","Relic"],"build_version":"2020-12-22","purchased_purges":1,"victory":true,"max_hp_per_floor":[70,70,70,70,70,70,70,70,70,70,70,70,70,75,75,75,75,75,75,75,75,75,75,75,75,75,75,75,75,75,75,75,75,80,80,80,80,80,80,80,80,80,80,80,80,80,80,80,80,80],"card_choices":[{"not_picked":["Outmaneuver","Finisher"],"picked":"Distraction","floor":1.0},{"not_picked":["Accuracy","Acrobatics"],"picked":"Escape Plan","floor":3.0},{"not_picked":["Blade Dance","Deflect"],"picked":"Bane","floor":4.0},{"not_picked":["Blade Dance","Outmaneuver"],"picked":"Distraction","floor":5.0},{"not_picked":["Slice","Bane"],"picked":"Corpse Explosion","floor":7.0},{"not_picked":["Underhanded Strike","PiercingWail"],"picked":"Crippling Poison","floor":10.0},{"not_picked":["Corpse Explosion","Unload"],"picked":"Venomology","floor":16.0},{"not_picked":["Flechettes","Flying Knee","Dagger Throw"],"picked":"SKIP","floor":18.0},{"not_picked":["Underhanded Strike+1","Dash"],"picked":"Poisoned Stab","floor":22.0},{"not_picked":["Tactician","Dagger Spray"],"picked":"Footwork","floor":24.0},{"not_picked":["Flying Knee","Deflect"],"picked":"Backflip","floor":25.0},{"not_picked":["Flechettes","Dagger Throw"],"picked":"Deadly Poison","floor":27.0},{"not_picked":["Acrobatics+1","Prepared"],"picked":"Adrenaline","floor":29.0},{"not_picked":["Blade Dance","Bane"],"picked":"Backflip","floor":31.0},{"not_picked":["Glass Knife","Doppelganger"],"picked":"Malaise","floor":33.0},{"not_picked":["Underhanded Strike","Skewer"],"picked":"Deadly Poison+1","floor":34.0},{"not_picked":["Quick Slash","Leg Sweep"],"picked":"Catalyst","floor":35.0},{"not_picked":["Reflex+1","Blade Dance"],"picked":"Poisoned Stab+1","floor":38.0},{"not_picked":["Prepared","Bane","All Out Attack+1"],"picked":"SKIP","floor":39.0},{"not_picked":["Heel Hook+1","Skewer","Dash"],"picked":"SKIP","floor":41.0},{"not_picked":["Reflex+1","Outmaneuver"],"picked":"PiercingWail","floor":42.0},{"not_picked":["Concentrate","Dagger Throw"],"picked":"Dodge and Roll","floor":45.0},{"not_picked":["Finisher","Slice"],"picked":"Venomology","floor":48.0}],"player_experience":285720,"relics_obtained":[{"floor":9.0,"key":"Bottled Tornado"},{"floor":26.0,"key":"Art of War"},{"floor":27.0,"key":"PreservedInsect"},{"floor":41.0,"key":"Turnip"},{"floor":43.0,"key":"Kunai"},{"floor":45.0,"key":"Happy Flower"}],"event_choices":[{"damage_healed":0.0,"max_hp_gain":0.0,"max_hp_loss":0.0,"gold_gain":0.0,"event_name":"Shining Light","player_choice":"Entered Light","floor":13.0,"gold_loss":0.0,"damage_taken":14.0,"cards_upgraded":["Crippling Poison","Defend_G"]},{"damage_healed":0.0,"max_hp_gain":5.0,"max_hp_loss":0.0,"gold_gain":0.0,"event_name":"Big Fish","player_choice":"Donut","floor":14.0,"gold_loss":0.0,"damage_taken":0.0},{"cards_removed":["Strike_G"],"damage_healed":0.0,"max_hp_gain":0.0,"max_hp_loss":0.0,"gold_gain":0.0,"event_name":"Beggar","player_choice":"Gave Gold","floor":19.0,"gold_loss":75.0,"damage_taken":0.0},{"damage_healed":0.0,"max_hp_gain":0.0,"max_hp_loss":0.0,"gold_gain":0.0,"event_name":"N\u0027loth","player_choice":"Ignored","floor":20.0,"gold_loss":0.0,"damage_taken":0.0},{"cards_removed":["Strike_G"],"damage_healed":0.0,"max_hp_gain":0.0,"max_hp_loss":0.0,"gold_gain":0.0,"event_name":"Falling","player_choice":"Removed Attack","floor":37.0,"gold_loss":0.0,"damage_taken":0.0},{"damage_healed":0.0,"max_hp_gain":0.0,"max_hp_loss":0.0,"gold_gain":0.0,"event_name":"Match and Keep!","player_choice":"0 cards matched","floor":47.0,"gold_loss":0.0,"damage_taken":0.0,"cards_obtained":[]}],"is_beta":false,"boss_relics":[{"not_picked":["HoveringKite","Ectoplasm"],"picked":"SacredBark"},{"not_picked":["Cursed Key","Runic Pyramid"],"picked":"Tiny House"}],"items_purged_floors":[36],"is_endless":false,"potions_floor_spawned":[3,4,7,16,18,22,29,42,45,48],"ascension_level":12}}