{"host":"w7luwlzeuqu3cdo6","time":1613920807,"event":{"mods":["BaseMod","Minty Spire (QoL Compilation)","StSLib","Together in Spire"],"gold_per_floor":[110,129,129,35,46,73,73,73,73,84,84,95,121,133,133,238,238,250,250,250,268,158,158,168,198,223,235,254,254,38,49,49,146,146,166,166,166,266,280,314,314,234,234,89,99,109,120,134,134,134],"floor_reached":51,"language":"ENG","playtime":2732,"items_purged":["Feed"],"score":736,"play_id":"1b9b4190-743b-4817-83bc-bcf453eb620c","local_time":"20210221162007","is_ascension_mode":false,"campfire_choices":[{"data":"Shrug It Off","floor":7,"key":"SMITH"},{"data":"Entrench","floor":11,"key":"SMITH"},{"data":"Sentinel","floor":15,"key":"SMITH"},{"data":"Evolve","floor":23,"key":"SMITH"},{"data":"Juggernaut","floor":32,"key":"SMITH"},{"data":"Berserk","floor":41,"key":"SMITH"},{"data":"Fire Breathing","floor":49,"key":"SMITH"}],"circlet_count":0,"master_deck":["Defend_R","Sentinel+1","Burning Pact","Entrench+1","Shrug It Off+1","Iron Wave","Thunderclap","Juggernaut+1","Armaments+1","Power Through+1","Evolve+1","Seeing Red+1","Metallicize","Evolve","Entrench+1","Metallicize","Berserk+1","Combust+1","Reckless Charge+1","Impervious+1","Flash of Steel","Ghostly Armor+1","Fire Breathing+1","Fire Breathing","Power Through+1","Power Through+1"],"relics":["Burning Blood","Bottled Lightning","Kunai","Unceasing Top","Philosopher\u0027s Stone","Ice Cream","Dream Catcher","ClockworkSouvenir","Astrolabe","Matryoshka","Oddly Smooth Stone","Ornamental Fan","DollysMirror"],"acts_visited":["Exordium","TheCity","TheBeyond"],"potions_floor_usage":[13,33,47,47,50,50,50],"damage_taken":[{"damage":0,"enemies":"Cultist","floor":1,"turns":1},{"damage":0,"enemies":"Jaw Worm","floor":2,"turns":1},{"damage":0,"enemies":"Small Slimes","floor":5,"turns":1},{"damage":8,"enemies":"Lagavulin","floor":6,"turns":4},{"damage":0,"enemies":"2 Fungi Beasts","floor":10,"turns":2},{"damage":0,"enemies":"Large Slime","floor":12,"turns":2},{"damage":13,"enemies":"Gremlin Nob","floor":13,"turns":3},{"damage":0,"enemies":"Looter","floor":14,"turns":2},{"damage":24,"enemies":"Hexaghost","floor":16,"turns":6},{"damage":9,"enemies":"Shell Parasite","floor":18,"turns":4},{"damage":19,"enemies":"Spheric Guardian","floor":21,"turns":5},{"damage":9,"enemies":"3 Cultists","floor":24,"turns":4},{"damage":0,"enemies":"Book of Stabbing","floor":25,"turns":4},{"damage":0,"enemies":"Snecko","floor":27,"turns":3},{"damage":6,"enemies":"Centurion and Healer","floor":28,"turns":5},{"damage":17,"enemies":"Snake Plant","floor":31,"turns":5},{"damage":13,"enemies":"Automaton","floor":33,"turns":8},{"damage":3,"enemies":"3 Darklings","floor":35,"turns":5},{"damage":1,"enemies":"Orb Walker","floor":39,"turns":2},{"damage":12,"enemies":"Nemesis","floor":40,"turns":6},{"damage":3,"enemies":"Writhing Mass","floor":45,"turns":2},{"damage":0,"enemies":"Jaw Worm Horde","floor":46,"turns":1},{"damage":21,"enemies":"Transient","floor":47,"turns":6},{"damage":9,"enemies":"Writhing Mass","floor":48,"turns":6},{"damage":31,"enemies":"Awakened One","floor":50,"turns":11}],"seed_played":"-6808095904255835674","potions_obtained":[{"floor":1,"key":"AttackPotion"},{"floor":6,"key":"Dexterity Potion"},{"floor":12,"key":"CultistPotion"},{"floor":13,"key":"GamblersBrew"},{"floor":18,"key":"DuplicationPotion"},{"floor":27,"key":"PowerPotion"},{"floor":45,"key":"Weak Potion"},{"floor":47,"key":"Energy Potion"},{"floor":48,"key":"ColorlessPotion"}],"is_trial":false,"path_per_floor":["M","M","?","$","M","E","R","?","T","M","R","M","E","M","R","B",null,"M","?","?","M","$","R","M","E","T","M","M","?","$","M","R","B",null,"M","?","?","?","M","E","R","$","T","$","M","M","M","M","R","B",null],"character_chosen":"IRONCLAD","items_purchased":["Entrench","Shrug It Off","Evolve","Metallicize","ClockworkSouvenir","Fire Breathing","DollysMirror"],"campfire_rested":0,"item_purchase_floors":[4,4,22,30,30,42,44],"current_hp_per_floor":[80,80,80,80,80,78,78,71,71,77,77,80,73,79,79,61,80,77,77,77,64,64,64,61,67,67,73,73,73,73,62,62,55,80,80,80,80,80,80,74,74,74,74,74,77,80,65,62,62,37],"gold":134,"neow_bonus":"REMOVE_CARD","is_daily":false,"chose_seed":false,"campfire_upgraded":7,"win_rate":0.0,"timestamp":1613920807,"path_taken":["M","?","?","$","M","E","R","?","T","M","R","M","E","M","R","BOSS","M","?","?","M","$","R","M","E","T","M","M","?","$","?","R","BOSS","M","?","?","?","?","E","R","?","T","$","M","M","M","M","R","BOSS"],"items_purchased_type":["Card","Card","Card","Card","Relic","Card","Relic"],"build_version":"2020-12-22","purchased_purges":1,"victory":true,"max_hp_per_floor":[80,80,80,80,80,80,80,80,80,80,80,80,80,80,80,80,80,80,80,80,80,80,80,80,80,80,80,80,80,80,80,80,80,80,80,80,80,80,80,80,80,80,80,80,80,80,80,80,80,80],"card_choices":[{"not_picked":["Dropkick","Warcry"],"picked":"Sentinel","floor":1},{"not_picked":["Seeing Red","Armaments"],"picked":"Burning Pact","floor":2},{"not_picked":["Pummel","Infernal Blade","Twin Strike"],"picked":"SKIP","floor":5},{"not_picked":["Headbutt","Heavy Blade","Wild Strike"],"picked":"SKIP","floor":6},{"not_picked":["Flex","Headbutt"],"picked":"Iron Wave","floor":10},{"not_picked":["Spot Weakness","Headbutt","Havoc"],"picked":"SKIP","floor":12},{"not_picked":["Cleave","Clash"],"picked":"Feed","floor":13},{"not_picked":["Rupture","Perfected Strike"],"picked":"Thunderclap","floor":14},{"not_picked":["Impervious","Corruption"],"picked":"Juggernaut","floor":16},{"not_picked":["Pummel","Pommel Strike+1"],"picked":"Armaments+1","floor":18},{"not_picked":["Combust+1","Perfected Strike"],"picked":"Power Through+1","floor":21},{"not_picked":["Rupture","Flex"],"picked":"Seeing Red+1","floor":24},{"not_picked":["Intimidate","Twin Strike"],"picked":"Metallicize","floor":25},{"not_picked":["Combust","Sword Boomerang"],"picked":"Evolve","floor":27},{"not_picked":["Bloodletting","Sword Boomerang+1"],"picked":"Entrench+1","floor":28},{"not_picked":["Clothesline","Armaments","Exhume"],"picked":"SKIP","floor":31},{"not_picked":["Impervious","Bludgeon"],"picked":"Berserk","floor":33},{"not_picked":["True Grit","Evolve","Sever Soul"],"picked":"SKIP","floor":35},{"not_picked":["Deep Breath","Discovery"],"picked":"Flash of Steel","floor":37},{"not_picked":["True Grit+1","Clash","Thunderclap"],"picked":"SKIP","floor":39},{"not_picked":["Feed","Cleave+1"],"picked":"Ghostly Armor+1","floor":40},{"not_picked":["Sword Boomerang+1","Thunderclap","Sentinel"],"picked":"SKIP","floor":45},{"not_picked":["Perfected Strike+1","Anger"],"picked":"Power Through+1","floor":46},{"not_picked":["Headbutt+1","Warcry+1","Twin Strike+1"],"picked":"SKIP","floor":47},{"not_picked":["Evolve","Demon Form"],"picked":"Power Through+1","floor":48}],"player_experience":221438,"relics_obtained":[{"floor":6,"key":"Bottled Lightning"},{"floor":9,"key":"Kunai"},{"floor":13,"key":"Unceasing Top"},{"floor":25,"key":"Ice Cream"},{"floor":26,"key":"Dream Catcher"},{"floor":40,"key":"Matryoshka"},{"floor":43,"key":"Oddly Smooth Stone"},{"floor":43,"key":"Ornamental Fan"}],"event_choices":[{"cards_removed":["Defend_R"],"damage_healed":0,"gold_gain":0,"player_choice":"Forget","damage_taken":0,"max_hp_gain":0,"max_hp_loss":0,"event_name":"Living Wall","floor":3,"gold_loss":0},{"cards_removed":["Strike_R"],"damage_healed":0,"gold_gain":0,"player_choice":"Card Removal","damage_taken":7,"max_hp_gain":0,"max_hp_loss":0,"event_name":"Golden Wing","floor":8,"gold_loss":0},{"damage_healed":0,"gold_gain":0,"player_choice":"Ignored","damage_taken":0,"max_hp_gain":0,"max_hp_loss":0,"event_name":"Ghosts","floor":19,"gold_loss":0},{"cards_removed":["Defend_R"],"damage_healed":0,"gold_gain":0,"player_choice":"Elegance","damage_taken":0,"max_hp_gain":0,"max_hp_loss":0,"event_name":"Back to Basics","floor":20,"gold_loss":0},{"cards_removed":["Bash"],"damage_healed":0,"gold_gain":0,"player_choice":"Purged","damage_taken":0,"max_hp_gain":0,"max_hp_loss":0,"event_name":"Purifier","floor":29,"gold_loss":0},{"cards_removed":["Defend_R"],"damage_healed":0,"gold_gain":0,"player_choice":"Removed Skill","damage_taken":0,"max_hp_gain":0,"max_hp_loss":0,"event_name":"Falling","floor":36,"gold_loss":0},{"damage_healed":0,"gold_gain":0,"player_choice":"Memory 1","damage_taken":0,"max_hp_gain":0,"max_hp_loss":0,"event_name":"SensoryStone","floor":37,"gold_loss":0},{"damage_healed":0,"gold_gain":100,"player_choice":"Pray","damage_taken":0,"max_hp_gain":0,"max_hp_loss":0,"event_name":"Golden Shrine","floor":38,"gold_loss":0}],"is_beta":false,"boss_relics":[{"not_picked":["Runic Pyramid","Pandora\u0027s Box"],"picked":"Philosopher\u0027s Stone"},{"not_picked":["Coffee Dripper","Tiny House"],"picked":"Astrolabe"}],"items_purged_floors":[22],"is_endless":false,"potions_floor_spawned":[1,6,12,13,18,27,28,31,45,47,48],"ascension_level":0}}