{"host":"3twtdwjpiqhvvn5s","time":1613873735,"event":{"mods":["AchievementEnabler","Act Like it!","Aspiration","BaseMod","BetterRewards","Colored Map","Colored Powertips","Downfall","Duelist Mod","Friendly Minions","GifTheSpireLib","Hermit","Hubris","Infinite Spire","Jorbs\u0027s Wanderer Trilogy","Koishi","KomeijiMod","Marisa????????","Minty Spire (QoL Compilation)","Quick Restart","Rare Cards Sparkle","Replay The Spire","Shop Mod","StSLib","Td1madao Mod","The Administrix","The Animator","The Bug Knight","The Caster","The Cursed","The Disciple","The Hierophant","The Necromancer","The Poker Player","The Runesmith","The Servant 0.9.4"],"gold_per_floor":[114,128,146,160,173,173,193,209,209,224,244,254,6,25,25,123,123,192,210,225,264,329,329,340,377,457,502,519,536,572,610,610,610,610],"floor_reached":33,"language":"ENG","playtime":5153,"items_purged":["Defend_G"],"score":311,"play_id":"b9aaf0e2-c5e0-4373-9cc4-fb5d8ae70654","local_time":"20210220201535","daily_mods":["Vintage","Flight","downfall:Enraging"],"is_ascension_mode":false,"campfire_choices":[{"data":"1","floor":6,"key":"LIFT"},{"data":"HandOfGreed","floor":15,"key":"SMITH"},{"floor":23,"key":"REST"},{"floor":32,"key":"REST"}],"circlet_count":0,"master_deck":["Strike_G+1","Strike_G+1","Strike_G+1","Strike_G+1","Strike_G+1","Defend_G","Defend_G","Survivor","Neutralize","HandOfGreed+1","Tools of the Trade"],"relics":["Ring of the Snake","hubris:PeanutButter","hexamod:CandleOfCauterizing","hubris:BottledRain","Girya","Nunchaku","White Beast Statue","ShirouKen","sneckomod:BlankCard","Replay:Bottled Eggs","Pear","Centennial Puzzle","infinitespire:Beetle Shell","Empty Cage","ReplayTheSpireMod:Lightbulb","hubris:SlimyHat","Bag of Marbles","Juzu Bracelet","hubris:MobiusCoin","ReplayTheSpireMod:Shallot","Anchor","hubris:DeckOfHolding","aspiration:HummingbirdHeart","InkBottle","HollowMod:PaleOreRelic","Tiny Chest","HollowMod:LifeEnderRelic"],"acts_visited":["Exordium","TheCity"],"potions_floor_usage":[10,16,16,16,21,22,24,24,25,27,28,28,29,33,33],"damage_taken":[{"damage":2,"enemies":"Jaw Worm","floor":1,"turns":6},{"damage":0,"enemies":"Small Slimes","floor":2,"turns":3},{"damage":0,"enemies":"2 Louse","floor":3,"turns":2},{"damage":0,"enemies":"2 Fungi Beasts","floor":4,"turns":6},{"damage":0,"enemies":"Looter","floor":5,"turns":4},{"damage":3,"enemies":"Exordium Thugs","floor":7,"turns":7},{"damage":0,"enemies":"3 Louse","floor":8,"turns":4},{"damage":0,"enemies":"2 Fungi Beasts","floor":10,"turns":4},{"damage":0,"enemies":"Lots of Slimes","floor":11,"turns":4},{"damage":0,"enemies":"Exordium Wildlife","floor":12,"turns":3},{"damage":0,"enemies":"2 Fungi Beasts","floor":14,"turns":1},{"damage":12,"enemies":"Hexaghost","floor":16,"turns":7},{"damage":15,"enemies":"2 Thieves","floor":18,"turns":3},{"damage":0,"enemies":"Chosen","floor":19,"turns":4},{"damage":0,"enemies":"Snecko","floor":20,"turns":3},{"damage":20,"enemies":"Sentry and Sphere","floor":21,"turns":4},{"damage":5,"enemies":"Shelled Parasite and Fungi","floor":22,"turns":3},{"damage":0,"enemies":"Snecko","floor":24,"turns":3},{"damage":14,"enemies":"Snake Plant","floor":25,"turns":2},{"damage":0,"enemies":"Chosen and Byrds","floor":27,"turns":4},{"damage":0,"enemies":"Centurion and Healer","floor":28,"turns":3},{"damage":7,"enemies":"Sentry and Sphere","floor":29,"turns":4},{"damage":6,"enemies":"Shelled Parasite and Fungi","floor":30,"turns":5},{"damage":0,"enemies":"Snecko","floor":31,"turns":3},{"damage":70,"enemies":"Collector","floor":33,"turns":6}],"seed_played":"-4043022631527441827","potions_obtained":[{"floor":1,"key":"CalmPotion"},{"floor":2,"key":"Elixir"},{"floor":7,"key":"LiquidBronze"},{"floor":8,"key":"Energy Potion"},{"floor":10,"key":"CalmPotion"},{"floor":11,"key":"Fire Potion"},{"floor":12,"key":"Death Potion"},{"floor":14,"key":"Block Potion"},{"floor":16,"key":"DuplicationPotion"},{"floor":18,"key":"AttackPotion"},{"floor":19,"key":"EssenceOfSteel"},{"floor":20,"key":"Block Potion"},{"floor":21,"key":"SteroidPotion"},{"floor":22,"key":"PowerPotion"},{"floor":24,"key":"Toxic Potion"},{"floor":25,"key":"Venom Potion"},{"floor":27,"key":"CunningPotion"},{"floor":28,"key":"Explosive Potion"},{"floor":29,"key":"CalmPotion"},{"floor":30,"key":"Energy Potion"},{"floor":31,"key":"CultistPotion"}],"is_trial":true,"path_per_floor":["M","M","M","M","M","R","M","M","T","M","M","M","$","M","R","B",null,"M","M","M","M","M","R","M","M","T","M","M","M","M","M","R","B"],"character_chosen":"THE_SILENT","items_purchased":["HandOfGreed"],"campfire_rested":2,"item_purchase_floors":[13],"current_hp_per_floor":[68,68,68,68,68,68,65,65,65,65,75,75,75,75,75,63,80,65,65,65,45,40,64,64,50,50,50,50,43,37,37,61,0,0],"gold":610,"neow_bonus":"","is_daily":false,"chose_seed":false,"campfire_upgraded":1,"win_rate":0.0,"timestamp":1613873735,"path_taken":["M","M","M","M","M","R","M","M","T","M","M","M","$","M","R","BOSS","M","M","M","M","M","R","M","M","T","M","M","M","M","M","R","BOSS"],"items_purchased_type":["Card"],"build_version":"2020-12-22","purchased_purges":1,"victory":false,"max_hp_per_floor":[70,70,70,70,70,70,70,70,70,70,80,80,80,80,80,80,80,80,80,80,80,80,80,80,80,80,80,80,80,80,80,80,80,80],"card_choices":[{"not_picked":["Die Die Die","Malaise"],"picked":"Tools of the Trade","floor":16}],"player_experience":3346352,"relics_obtained":[{"floor":1,"key":"hubris:PeanutButter"},{"floor":2,"key":"hexamod:CandleOfCauterizing"},{"floor":3,"key":"hubris:BottledRain"},{"floor":4,"key":"Girya"},{"floor":5,"key":"Nunchaku"},{"floor":7,"key":"White Beast Statue"},{"floor":8,"key":"ShirouKen"},{"floor":9,"key":"sneckomod:BlankCard"},{"floor":10,"key":"Replay:Bottled Eggs"},{"floor":11,"key":"Pear"},{"floor":12,"key":"Centennial Puzzle"},{"floor":14,"key":"infinitespire:Beetle Shell"},{"floor":18,"key":"ReplayTheSpireMod:Lightbulb"},{"floor":19,"key":"hubris:SlimyHat"},{"floor":20,"key":"Bag of Marbles"},{"floor":21,"key":"Juzu Bracelet"},{"floor":22,"key":"hubris:MobiusCoin"},{"floor":24,"key":"ReplayTheSpireMod:Shallot"},{"floor":25,"key":"Anchor"},{"floor":26,"key":"hubris:DeckOfHolding"},{"floor":27,"key":"aspiration:HummingbirdHeart"},{"floor":28,"key":"InkBottle"},{"floor":29,"key":"HollowMod:PaleOreRelic"},{"floor":30,"key":"Tiny Chest"},{"floor":31,"key":"HollowMod:LifeEnderRelic"}],"event_choices":[],"is_beta":false,"boss_relics":[{"not_picked":["hubris:BlackHole","Replay:Drink Me"],"picked":"Empty Cage"}],"items_purged_floors":[13],"is_endless":false,"potions_floor_spawned":[1,2,7,8,10,11,12,14,16,18,19,20,21,22,24,25,27,28,29,30,31],"killed_by":"Collector","ascension_level":0}}