{"host":"5ddwedapke4fsx0r","time":1613946848,"event":{"mods":["BaseMod","Minty Spire (QoL Compilation)","StSLib"],"gold_per_floor":[113,124,124,124,43,78,120,120,175,216,216,279,66,99,99,99,99],"floor_reached":16,"language":"ENG","playtime":459,"items_purged":["Defend_G"],"score":186,"play_id":"5ef72957-7aa6-485e-b65d-276e68f2f9ea","local_time":"20210221233408","is_ascension_mode":true,"campfire_choices":[{"data":"Infinite Blades","floor":8,"key":"SMITH"},{"floor":15,"key":"REST"}],"circlet_count":0,"master_deck":["Strike_G","Strike_G","Strike_G","Strike_G","Strike_G","Defend_G","Defend_G","Defend_G","Survivor","Neutralize","Backflip","Backflip","Infinite Blades+1","Cloak And Dagger","Acrobatics","Underhanded Strike","Infinite Blades"],"relics":["Ring of the Snake","NeowsBlessing","Oddly Smooth Stone","WingedGreaves","CeramicFish","Letter Opener","Ice Cream","Membership Card","Juzu Bracelet"],"acts_visited":["Exordium"],"potions_floor_usage":[7,14],"damage_taken":[{"damage":0,"enemies":"Cultist","floor":1,"turns":1},{"damage":0,"enemies":"2 Louse","floor":2,"turns":1},{"damage":0,"enemies":"3 Sentries","floor":6,"turns":1},{"damage":9,"enemies":"Gremlin Nob","floor":7,"turns":4},{"damage":40,"enemies":"Lagavulin","floor":10,"turns":11},{"damage":16,"enemies":"Gremlin Nob","floor":14,"turns":4},{"damage":25,"enemies":"The Guardian","floor":16,"turns":6}],"seed_played":"-5709377192480055938","potions_obtained":[{"floor":2,"key":"Strength Potion"},{"floor":10,"key":"CultistPotion"}],"is_trial":false,"path_per_floor":["M","M","?","?","$","E","E","R","T","E","?","?","$","E","R","B"],"character_chosen":"THE_SILENT","items_purchased":["Infinite Blades","Membership Card","Infinite Blades"],"campfire_rested":1,"item_purchase_floors":[5,13,13],"current_hp_per_floor":[70,70,67,67,67,67,58,58,58,18,18,18,18,2,23,0,0],"gold":99,"neow_bonus":"THREE_ENEMY_KILL","is_daily":false,"chose_seed":false,"campfire_upgraded":1,"win_rate":0.0,"timestamp":1613946848,"path_taken":["M","?","?","?","$","E","E","R","T","E","?","?","?","E","R","BOSS"],"items_purchased_type":["Card","Relic","Card"],"build_version":"2020-12-22","purchased_purges":1,"victory":false,"max_hp_per_floor":[70,70,70,70,70,70,70,70,70,70,70,70,70,70,70,70,70],"card_choices":[{"not_picked":["Sucker Punch","Prepared"],"picked":"Backflip","floor":1},{"not_picked":["Bane","Flying Knee"],"picked":"Backflip","floor":2},{"not_picked":["PiercingWail","Bullet Time"],"picked":"Cloak And Dagger","floor":6},{"not_picked":["Outmaneuver","Deadly Poison"],"picked":"Acrobatics","floor":7},{"not_picked":["Sucker Punch","Masterful Stab"],"picked":"Underhanded Strike","floor":10},{"not_picked":["Bane","Flying Knee","Endless Agony"],"picked":"SKIP","floor":14}],"player_experience":382213,"relics_obtained":[{"floor":6,"key":"WingedGreaves"},{"floor":7,"key":"CeramicFish"},{"floor":10,"key":"Letter Opener"},{"floor":14,"key":"Juzu Bracelet"}],"event_choices":[{"damage_healed":0,"gold_gain":0,"player_choice":"Success","damage_taken":3,"relics_obtained":["Oddly Smooth Stone"],"max_hp_gain":0,"max_hp_loss":0,"event_name":"Scrap Ooze","floor":3,"gold_loss":0},{"cards_removed":["Defend_G"],"damage_healed":0,"gold_gain":0,"player_choice":"Forget","damage_taken":0,"max_hp_gain":0,"max_hp_loss":0,"event_name":"Living Wall","floor":4,"gold_loss":0},{"damage_healed":0,"gold_gain":0,"player_choice":"Searched \u00271\u0027 times","damage_taken":0,"relics_obtained":["Ice Cream"],"max_hp_gain":0,"max_hp_loss":0,"event_name":"Dead Adventurer","floor":11,"gold_loss":0},{"damage_healed":0,"gold_gain":63,"player_choice":"Gained Gold","damage_taken":0,"max_hp_gain":0,"max_hp_loss":0,"event_name":"Golden Wing","floor":12,"gold_loss":0}],"is_beta":false,"boss_relics":[],"items_purged_floors":[13],"is_endless":false,"potions_floor_spawned":[2,10],"killed_by":"The Guardian","ascension_level":5}}