{"host":"i0avyit1s6jb1siw","time":1613943020,"event":{"mods":["BaseMod","DeckTracker","Dota2Spire","Minty Spire (QoL Compilation)","Quick Restart","StSLib","SuperFastMode"],"gold_per_floor":[118,43,43,43,59,59,88,88,163,163,163,163,176,176,201,220,220,220,220],"floor_reached":18,"language":"ENG","playtime":256,"items_purged":[],"score":286,"play_id":"07735405-649e-4696-9fe7-ba61174117cb","local_time":"20210221223020","is_ascension_mode":true,"campfire_choices":[{"data":"Combust","floor":6,"key":"SMITH"},{"data":"Cleave","floor":8,"key":"SMITH"},{"floor":10,"key":"REST"},{"data":"Bash","floor":12,"key":"SMITH"},{"data":"Disarm","floor":17,"key":"SMITH"}],"circlet_count":0,"master_deck":["AscendersBane","Strike_R","Strike_R","Strike_R+1","Defend_R+1","Defend_R","Defend_R","Defend_R","Bash+1","Headbutt","Combust+1","Cleave+1","Burning Pact","Feel No Pain","Disarm+1"],"relics":["Burning Blood","NeowsBlessing","Paper Frog","Dream Catcher"],"acts_visited":["Exordium"],"potions_floor_usage":[15,18],"damage_taken":[{"damage":0,"enemies":"Small Slimes","floor":1,"turns":1},{"damage":0,"enemies":"2 Louse","floor":5,"turns":1},{"damage":0,"enemies":"Gremlin Nob","floor":7,"turns":1},{"damage":4,"enemies":"Jaw Worm","floor":13,"turns":3},{"damage":11,"enemies":"3 Sentries","floor":15,"turns":5},{"damage":0,"enemies":"2 Fungi Beasts","floor":16,"turns":3},{"damage":71,"enemies":"Hexaghost","floor":18,"turns":13}],"seed_played":"-4170993683623592742","potions_obtained":[{"floor":1,"key":"Block Potion"},{"floor":16,"key":"GamblersBrew"}],"is_trial":false,"path_per_floor":["M","?","?","$","M","R","E","R","?","R","T","R","M","?","E","M","R","B"],"character_chosen":"IRONCLAD","items_purchased":[],"campfire_rested":1,"item_purchase_floors":[],"current_hp_per_floor":[74,74,51,51,57,57,63,63,52,74,74,74,75,68,63,69,69,0,0],"gold":220,"neow_bonus":"THREE_ENEMY_KILL","is_daily":false,"chose_seed":false,"campfire_upgraded":4,"win_rate":0.0,"timestamp":1613943020,"path_taken":["M","?","?","$","M","R","E","R","?","R","T","R","M","?","E","M","R","BOSS"],"items_purchased_type":[],"build_version":"2020-12-22","purchased_purges":0,"victory":false,"max_hp_per_floor":[75,75,75,75,75,75,75,75,75,75,75,75,75,75,75,75,75,75,75],"card_choices":[{"not_picked":["Sever Soul","Entrench"],"picked":"Headbutt","floor":1},{"not_picked":["Headbutt","Sentinel"],"picked":"Combust","floor":5},{"not_picked":["Perfected Strike","Iron Wave"],"picked":"Cleave","floor":7},{"not_picked":["Cleave","Ghostly Armor"],"picked":"Burning Pact","floor":13},{"not_picked":["Wild Strike","Bloodletting"],"picked":"Feel No Pain","floor":15},{"not_picked":["Double Tap","Dark Embrace"],"picked":"Disarm","floor":16}],"player_experience":2485492,"relics_obtained":[{"floor":7,"key":"Paper Frog"},{"floor":15,"key":"Dream Catcher"}],"event_choices":[{"cards_removed":["Strike_R"],"damage_healed":0,"gold_gain":0,"player_choice":"Card Removal","damage_taken":0,"max_hp_gain":0,"max_hp_loss":0,"event_name":"The Cleric","floor":2,"gold_loss":75},{"damage_healed":0,"gold_gain":0,"player_choice":"Entered Light","damage_taken":23,"max_hp_gain":0,"max_hp_loss":0,"event_name":"Shining Light","floor":3,"gold_loss":0,"cards_upgraded":["Defend_R","Strike_R"]},{"damage_healed":0,"gold_gain":75,"player_choice":"Gather Gold","damage_taken":11,"max_hp_gain":0,"max_hp_loss":0,"event_name":"World of Goop","floor":9,"gold_loss":0},{"cards_removed":["Strike_R"],"damage_healed":0,"gold_gain":0,"player_choice":"Card Removal","damage_taken":7,"max_hp_gain":0,"max_hp_loss":0,"event_name":"Golden Wing","floor":14,"gold_loss":0}],"is_beta":false,"boss_relics":[],"items_purged_floors":[],"is_endless":false,"potions_floor_spawned":[1,16],"killed_by":"Hexaghost","ascension_level":20}}