{"host":"an6uhul3yec8m0jh","time":1613920565,"event":{"mods":["ATMod(°¢èªMod)","Act Like it!","BaseMod","CapriCore","Colored Map","Colored Powertips","Highlight Path","Minty Spire (QoL Compilation)","MostiFishMod","Quick Restart","StSLib","TestMod","UnlockEverythingMod","Waifu the Spire","noobMod"],"gold_per_floor":[116,191,59,77,77,77,106,106,159,189,204,248,266,290,290,375,375,398,398,420,139,157,188,205,238,263,380,380,399,434,461,461,547,547,562,1561,940,1939,1939,1939,1956,1997,1997,2043,2069,2069,1052,1087,1087,1317,1559],"floor_reached":52,"language":"ZHS","playtime":2993,"items_purged":["Strike_G","Defend_G","Survivor"],"score":2710,"play_id":"850596d7-4cb7-4f0c-bc28-4db3b171f0d3","local_time":"20210221231605","is_ascension_mode":true,"campfire_choices":[{"data":"Blade Dance","floor":6.0,"key":"SMITH"},{"data":"Backflip","floor":8.0,"key":"SMITH"},{"data":"Accuracy","floor":15.0,"key":"SMITH"},{"data":"Acrobatics","floor":28.0,"key":"SMITH"},{"data":"Blade Dance","floor":32.0,"key":"SMITH"},{"data":"Terror","floor":40.0,"key":"SMITH"},{"floor":46.0,"key":"REST"},{"data":"MostiFishMod:Wind","floor":49.0,"key":"SMITH"}],"circlet_count":0,"master_deck":["AscendersBane","AT_EssenceShift","Blade Dance+1","Accuracy+1","AT_WindFlip","MostiFishMod:LethalBlade","Terror+1","MostiFishMod:Wind+1","Acrobatics+1","Eviscerate","Blade Dance+1","Reflex+1","Night Terror+1","Concentrate+1","Tactician+1","Acrobatics+1","AT_ShadowStep+1","Reflex+1","Purity+1","Madness+1","Madness+1","Expertise+1","AT_MyraUnstableElement+1","AT_WindRun+1","AT_Desolate+1","AT_ArcaneSupremacy+1","MostiFishMod:InvigoratingSolution+1","AT_ThistleTea+1","AT_ShadowStep+1","Cloak And Dagger+1","MostiFishMod:PoisonShield+1","Dodge and Roll+1"],"relics":["Ring of the Snake","ice","DaveBox","testmod-TestBox","AT_ATBox","Dodecahedron","testmod-Temperance","NeowsBlessing","SynthV:TestCard","ArrowTower","testmod-Acrobat","The Courier","RhineSuit","Du-Vu Doll","Toxic Egg 2","Art of War","Frozen Egg 2","MealTicket","Turnip","testmod-TurbochargingSystem","AT_TheCollector","testmod-AssaultLearning","AT_ForceNature","Ying","testmod-Justice"],"acts_visited":["Exordium","TheCity","TheBeyond"],"potions_floor_usage":[],"damage_taken":[{"damage":0.0,"enemies":"Small Slimes","floor":1.0,"turns":1.0},{"damage":0.0,"enemies":"Jaw Worm","floor":4.0,"turns":1.0},{"damage":0.0,"enemies":"3 Sentries","floor":7.0,"turns":2.0},{"damage":0.0,"enemies":"2 Louse","floor":11.0,"turns":2.0},{"damage":0.0,"enemies":"Lagavulin","floor":12.0,"turns":4.0},{"damage":0.0,"enemies":"Exordium Wildlife","floor":13.0,"turns":2.0},{"damage":0.0,"enemies":"3 Louse","floor":14.0,"turns":3.0},{"damage":0.0,"enemies":"Hexaghost","floor":16.0,"turns":8.0},{"damage":0.0,"enemies":"Spheric Guardian","floor":18.0,"turns":2.0},{"damage":0.0,"enemies":"2 Thieves","floor":20.0,"turns":3.0},{"damage":0.0,"enemies":"Snake Plant","floor":22.0,"turns":2.0},{"damage":6.0,"enemies":"Slavers","floor":23.0,"turns":2.0},{"damage":9.0,"enemies":"Snecko","floor":24.0,"turns":3.0},{"damage":0.0,"enemies":"Book of Stabbing","floor":25.0,"turns":3.0},{"damage":0.0,"enemies":"Colosseum Slavers","floor":27.0,"turns":2.0},{"damage":0.0,"enemies":"Colosseum Nobs","floor":27.0,"turns":2.0},{"damage":0.0,"enemies":"3 Cultists","floor":29.0,"turns":2.0},{"damage":3.0,"enemies":"Slavers","floor":30.0,"turns":4.0},{"damage":9.0,"enemies":"Centurion and Healer","floor":31.0,"turns":2.0},{"damage":4.0,"enemies":"Collector","floor":33.0,"turns":4.0},{"damage":0.0,"enemies":"Orb Walker","floor":35.0,"turns":2.0},{"damage":0.0,"enemies":"3 Darklings","floor":41.0,"turns":2.0},{"damage":0.0,"enemies":"Nemesis","floor":42.0,"turns":1.0},{"damage":16.0,"enemies":"Giant Head","floor":44.0,"turns":3.0},{"damage":36.0,"enemies":"4 Shapes","floor":45.0,"turns":2.0},{"damage":0.0,"enemies":"Spire Growth","floor":48.0,"turns":2.0},{"damage":0,"enemies":"Donu and Deca","floor":50,"turns":3},{"damage":0,"enemies":"Awakened One","floor":51,"turns":4}],"seed_played":"5125393838075280576","potions_obtained":[{"floor":1.0,"key":"CunningPotion"},{"floor":11.0,"key":"Energy Potion"},{"floor":13.0,"key":"ColorlessPotion"},{"floor":16.0,"key":"Weak Potion"},{"floor":22.0,"key":"GamblersBrew"},{"floor":23.0,"key":"Poison Potion"},{"floor":27.0,"key":"DuplicationPotion"},{"floor":41.0,"key":"DuplicationPotion"}],"is_trial":false,"path_per_floor":["M","?","$","M","?","R","E","R","T","?","M","E","M","M","R","B",null,"M","?","M","$","M","E","M","E","T","?","R","M","E","M","R","B",null,"M","?","$","?","?","R","M","E","T","E","M","R","$","M","R","B","B",null],"character_chosen":"THE_SILENT","items_purchased":["Backflip","MostiFishMod:Wind","Acrobatics","Eviscerate","Acrobatics+1","AT_ShadowStep+1","Reflex+1","Purity+1","Turnip","AT_ArcaneSupremacy+1","MostiFishMod:InvigoratingSolution+1","Cloak And Dagger+1","testmod-AssaultLearning","AT_ThistleTea+1","AT_ShadowStep+1","AT_ForceNature","Cloak And Dagger+1","MostiFishMod:PoisonShield+1","Ying","testmod-Justice"],"campfire_rested":1,"item_purchase_floors":[3,21,21,21,37,37,37,37,37,47,47,47,47,47,47,47,47,47,47,47],"current_hp_per_floor":[59,48,48,48,41,41,41,41,41,41,41,41,41,41,41,41,60,60,60,60,60,60,54,45,45,45,45,45,45,42,33,33,29,57,57,57,66,66,54,54,54,54,54,38,2,21,36,36,36,36,36],"gold":1559,"neow_bonus":"THREE_ENEMY_KILL","is_daily":false,"chose_seed":false,"campfire_upgraded":7,"win_rate":0.0,"timestamp":1613920565,"path_taken":["M","?","?","M","?","R","E","R","T","?","M","E","M","?","R","BOSS","M","?","M","$","M","E","M","E","T","?","R","M","E","M","R","BOSS","M","?","$","?","?","R","M","E","T","E","M","R","$","M","R","BOSS","BOSS"],"items_purchased_type":["Card","Card","Card","Card","Card","Card","Card","Card","Relic","Card","Card","Card","Relic","Card","Card","Relic","Card","Card","Relic","Relic"],"build_version":"2020-12-22","purchased_purges":3,"victory":true,"max_hp_per_floor":[66,66,66,66,66,66,66,66,66,66,66,66,66,66,66,66,66,66,66,66,66,66,66,66,66,66,66,66,66,66,66,66,66,66,66,66,66,66,66,66,66,66,66,66,66,66,66,66,66,66,66],"card_choices":[{"not_picked":["AT_ThistleTea","Concentrate"],"picked":"MostiFishMod:PerfectParry","floor":1.0},{"not_picked":["PiercingWail","Dagger Throw","Accuracy","AT_ThistleTea"],"picked":"Blade Dance","floor":4.0},{"not_picked":["PiercingWail","Quick Slash","Dagger Spray","Outmaneuver","Catalyst"],"picked":"SKIP","floor":7.0},{"not_picked":["Flying Knee","Catalyst","Masterful Stab","Bane","MostiFishMod:PerfectParry"],"picked":"SKIP","floor":11.0},{"not_picked":["Flying Knee","Catalyst","Bane","MostiFishMod:PerfectParry"],"picked":"Masterful Stab","floor":11.0},{"not_picked":["AT_EssenceShift","MostiFishMod:InvigoratingSolution","Distraction","Prepared"],"picked":"Accuracy","floor":12.0},{"not_picked":["PiercingWail","Flechettes","Dagger Spray","Prepared","Leg Sweep"],"picked":"SKIP","floor":13.0},{"not_picked":["MostiFishMod:PerfectParry","Quick Slash","Prepared","Sucker Punch"],"picked":"AT_WindFlip","floor":14.0},{"not_picked":["Glass Knife","MostiFishMod:GrandStart","Malaise","MostiFishMod:Listen"],"picked":"MostiFishMod:LethalBlade","floor":16.0},{"not_picked":["Sucker Punch","Eviscerate","Blade Dance","Underhanded Strike"],"picked":"Terror","floor":18.0},{"not_picked":["Deadly Poison","Outmaneuver","MostiFishMod:PerfectParry","Cloak And Dagger"],"picked":"MostiFishMod:InvigoratingSolution","floor":20.0},{"not_picked":["Prepared","Cloak And Dagger","Dagger Throw","Flying Knee","Burst"],"picked":"SKIP","floor":22.0},{"not_picked":["Cloak And Dagger","Flechettes","Poisoned Stab","MostiFishMod:PoisonShield+1","Dagger Spray"],"picked":"SKIP","floor":23.0},{"not_picked":["AT_WindFlip","Endless Agony","Terror+1","Quick Slash"],"picked":"Blade Dance","floor":24.0},{"not_picked":["Blade Dance+1","AT_TinkerSharpsword+1","Outmaneuver+1","Blur+1"],"picked":"AT_MyraUnstableElement+1","floor":25.0},{"not_picked":["MostiFishMod:PerfectParry+1","MostiFishMod:InvigoratingSolution+1","Skewer","Poisoned Stab"],"picked":"Reflex+1","floor":27.0},{"not_picked":["Finisher","AT_TwilightShroud+1","Deadly Poison+1","Dash","Outmaneuver+1"],"picked":"SKIP","floor":29.0},{"not_picked":["Deadly Poison+1","Dodge and Roll+1","Finisher","Expertise+1","MostiFishMod:PerfectParry+1"],"picked":"SKIP","floor":30.0},{"not_picked":["Flying Knee","Dodge and Roll+1","Poisoned Stab","Dagger Throw","MostiFishMod:PoisonShield+1"],"picked":"SKIP","floor":31.0},{"not_picked":["AT_KingSlayer","Die Die Die","A Thousand Cuts+1","MostiFishMod:LethalBlade+1"],"picked":"Night Terror+1","floor":33.0},{"not_picked":["Infinite Blades+1","Deadly Poison+1","Sucker Punch","MostiFishMod:PerfectParry+1","Dagger Throw"],"picked":"SKIP","floor":35.0},{"not_picked":["Quick Slash+1","Expertise+1","Caltrops+1","Dodge and Roll+1","Catalyst+1"],"picked":"SKIP","floor":41.0},{"not_picked":["Quick Slash+1","Caltrops+1","Dodge and Roll+1","Catalyst+1"],"picked":"Expertise+1","floor":41.0},{"not_picked":["Terror+1","AT_WindFlip","Catalyst+1","Skewer+1"],"picked":"AT_MyraUnstableElement+1","floor":42.0},{"not_picked":["Deflect+1","Dash","Noxious Fumes+1","PiercingWail+1"],"picked":"AT_WindRun+1","floor":44.0},{"not_picked":["Crippling Poison+1","Deadly Poison+1","Backflip+1","Deflect+1"],"picked":"AT_Desolate+1","floor":45.0},{"not_picked":["PiercingWail+1","Bane+1","Quick Slash","Flying Knee"],"picked":"Dodge and Roll+1","floor":48.0}],"player_experience":246276,"relics_obtained":[{"floor":1.0,"key":"SynthV:TestCard"},{"floor":7.0,"key":"ArrowTower"},{"floor":9.0,"key":"testmod-Acrobat"},{"floor":12.0,"key":"The Courier"},{"floor":23.0,"key":"Du-Vu Doll"},{"floor":25.0,"key":"Toxic Egg 2"},{"floor":26.0,"key":"Art of War"},{"floor":27.0,"key":"Frozen Egg 2"},{"floor":30.0,"key":"MealTicket"},{"floor":42.0,"key":"testmod-TurbochargingSystem"},{"floor":44.0,"key":"AT_TheCollector"}],"event_choices":[{"damage_healed":0.0,"max_hp_gain":0.0,"max_hp_loss":0.0,"gold_gain":75.0,"event_name":"World of Goop","player_choice":"Gather Gold","floor":2.0,"gold_loss":0.0,"damage_taken":11.0},{"cards_removed":["Strike_G"],"damage_healed":0.0,"max_hp_gain":0.0,"max_hp_loss":0.0,"gold_gain":0.0,"event_name":"Golden Wing","player_choice":"Card Removal","floor":5.0,"gold_loss":0.0,"damage_taken":7.0},{"damage_healed":0.0,"max_hp_gain":0.0,"max_hp_loss":0.0,"gold_gain":30.0,"event_name":"Dead Adventurer","player_choice":"Searched \u00271\u0027 times","floor":10.0,"gold_loss":0.0,"damage_taken":0.0},{"cards_removed":["Defend_G"],"damage_healed":0.0,"max_hp_gain":0.0,"max_hp_loss":0.0,"gold_gain":0.0,"event_name":"Back to Basics","player_choice":"Elegance","floor":19.0,"gold_loss":0.0,"damage_taken":0.0},{"damage_healed":0.0,"max_hp_gain":0.0,"max_hp_loss":0.0,"gold_gain":0.0,"event_name":"Colosseum","player_choice":"Fight","floor":27.0,"gold_loss":0.0,"damage_taken":0.0},{"damage_healed":0.0,"max_hp_gain":0.0,"max_hp_loss":0.0,"gold_gain":0.0,"event_name":"Colosseum","player_choice":"Fought Nobs","floor":27.0,"gold_loss":0.0,"damage_taken":0.0},{"damage_healed":0.0,"max_hp_gain":0.0,"max_hp_loss":0.0,"gold_gain":999.0,"event_name":"¶÷ÂåË¹µÄÅÌ×Ó","player_choice":"Sell","floor":36.0,"relics_lost":["Astrolabe"],"gold_loss":0.0,"damage_taken":0.0},{"damage_healed":0.0,"max_hp_gain":0.0,"max_hp_loss":0.0,"gold_gain":999.0,"event_name":"MindBloom","player_choice":"Gold","floor":38.0,"gold_loss":0.0,"damage_taken":0.0,"cards_obtained":["Normality","Normality"]},{"damage_healed":0.0,"max_hp_gain":0.0,"max_hp_loss":0.0,"gold_gain":0.0,"event_name":"Winding Halls","player_choice":"Embrace Madness","floor":39.0,"gold_loss":0.0,"damage_taken":12.0,"cards_obtained":["Madness","Madness"]}],"is_beta":false,"boss_relics":[{"not_picked":["WristBlade","testmod-Fanaticism"],"picked":"RhineSuit"},{"not_picked":["JellyFishMachine","FeatherPendant"],"picked":"Astrolabe"}],"items_purged_floors":[3,21,37],"is_endless":false,"potions_floor_spawned":[1,11,13,16,20,22,23,27,31,33,41,48],"ascension_level":20}}