{"host":"x12v7kw7hhljdyq8","time":1613880715,"event":{"mods":["BaseMod","BetterRewards","Downfall","Minty Spire (QoL Compilation)","Quick Restart","Replay The Spire","Shop Mod","StSLib","The Cursed","The Jungle","The Necromancer"],"gold_per_floor":[99,112,71,90,107,282,352,366,377,403,416,427,120,133,147,252,252,252,267,281,281,34,45,127,141,126,140,140,140,140,151,171,271,271,271,290,306,27,27,44,67,67,67,81,100,49,49,59,75,75],"floor_reached":51,"language":"ENG","playtime":3523,"items_purged":[],"score":711,"play_id":"7c0a26b6-68a0-4433-a378-3a093202632c","local_time":"20210221011155","is_ascension_mode":false,"campfire_choices":[{"data":"TheCursedMod:CursedWand","floor":1.0,"key":"SMITH"},{"data":"TheCursedMod:ManaBullet","floor":18.0,"key":"SMITH"},{"floor":30.0,"key":"REST"},{"data":"TheCursedMod:EmpowerCircles","floor":35.0,"key":"SMITH"},{"floor":43.0,"key":"REST"}],"circlet_count":0,"master_deck":["TheCursedMod:Strike_TheCursed","TheCursedMod:Strike_TheCursed","TheCursedMod:Strike_TheCursed","TheCursedMod:Defend_TheCursed","TheCursedMod:Defend_TheCursed","TheCursedMod:Defend_TheCursed","TheCursedMod:Defend_TheCursed","TheCursedMod:CursedWand+1","TheCursedMod:CleanUpWorkshop+1","TheCursedMod:Dregs","TheCursedMod:SurpriseAttack","TheCursedMod:ShockAndAwe","TheCursedMod:SpitefulStrike","TheCursedMod:ReleasedStrength","TheCursedMod:CircleOfCorruption","Doubt","TheCursedMod:RapidMovement","TheCursedMod:CircleOfCorruption","TheCursedMod:CircleOfWindfury+1","TheCursedMod:ManaBullet+1","TheCursedMod:HellsGateOpen","TheCursedMod:HellsGateOpen","TheCursedMod:DemonSword","TheCursedMod:LuckyCharm","TheCursedMod:StunningStrike","TheCursedMod:Obscuration+1","Writhe","TheCursedMod:Hemoplague+1","TheCursedMod:EmpowerCircles+1","TheCursedMod:ManaBullet","TheCursedMod:AshesToAshes","TheCursedMod:TacticalStrike+1","Pride","TheCursedMod:CircleOfFlame","TheCursedMod:CircleOfCorruption","TheCursedMod:DemonSword","TheCursedMod:FuryStrike+1","TheCursedMod:FleshFromBone+1","TheCursedMod:AbyssShockwave+1","TheCursedMod:CircleOfCorruption","TheCursedMod:CircleOfWindfury","Thinking Ahead","TheCursedMod:CircleOfFocus+1","TheCursedMod:DarkBarrier","TheCursedMod:CircleOfFlame+1","TheCursedMod:ManaBullet+1"],"relics":["TheCursedMod:BlackMagic101","Mirror","InkBottle","Nunchaku","Philosopher\u0027s Stone","Happy Flower","Snack Pack","Ice Cream","Painkiller Herb","HornCleat","Replay:Rubber Ducky"],"acts_visited":["Exordium","TheCity","TheBeyond"],"potions_floor_usage":[50,50,50],"damage_taken":[{"damage":0.0,"enemies":"Cultist","floor":2.0,"turns":4.0},{"damage":0.0,"enemies":"downfall:FleeingMerchant","floor":3.0,"turns":4.0},{"damage":0.0,"enemies":"Small Slimes","floor":4.0,"turns":2.0},{"damage":5.0,"enemies":"2 Louse","floor":5.0,"turns":2.0},{"damage":0.0,"enemies":"Lots of Slimes","floor":8.0,"turns":4.0},{"damage":1.0,"enemies":"Red Slaver","floor":9.0,"turns":2.0},{"damage":5.0,"enemies":"Gremlin Nob","floor":10.0,"turns":3.0},{"damage":0.0,"enemies":"Large Slime","floor":11.0,"turns":3.0},{"damage":0.0,"enemies":"2 Fungi Beasts","floor":12.0,"turns":2.0},{"damage":0.0,"enemies":"downfall:FleeingMerchant","floor":13.0,"turns":4.0},{"damage":11.0,"enemies":"Gremlin Gang","floor":14.0,"turns":4.0},{"damage":3.0,"enemies":"3 Louse","floor":15.0,"turns":3.0},{"damage":12.0,"enemies":"SI_SHIV_ARCHETYPE","floor":16.0,"turns":8.0},{"damage":0.0,"enemies":"Spheric Guardian","floor":19.0,"turns":3.0},{"damage":5.0,"enemies":"Chosen","floor":20.0,"turns":4.0},{"damage":0.0,"enemies":"downfall:FleeingMerchant","floor":22.0,"turns":4.0},{"damage":3.0,"enemies":"Snake Plant","floor":23.0,"turns":4.0},{"damage":18.0,"enemies":"Cultist and Chosen","floor":25.0,"turns":6.0},{"damage":25.0,"enemies":"downfall:FleeingMerchant","floor":26.0,"turns":4.0},{"damage":4.0,"enemies":"Snecko","floor":27.0,"turns":3.0},{"damage":18.0,"enemies":"Centurion and Healer","floor":31.0,"turns":4.0},{"damage":22.0,"enemies":"Chosen and Byrds","floor":32.0,"turns":6.0},{"damage":33.0,"enemies":"IC_MUSHROOM_ARCHETYPE","floor":33.0,"turns":7.0},{"damage":13.0,"enemies":"3 Shapes","floor":36.0,"turns":5.0},{"damage":43.0,"enemies":"3 Darklings","floor":37.0,"turns":4.0},{"damage":0.0,"enemies":"downfall:FleeingMerchant","floor":38.0,"turns":3.0},{"damage":0.0,"enemies":"Transient","floor":40.0,"turns":5.0},{"damage":8.0,"enemies":"Writhing Mass","floor":44.0,"turns":5.0},{"damage":3.0,"enemies":"Maw","floor":45.0,"turns":5.0},{"damage":19.0,"enemies":"3 Darklings","floor":48.0,"turns":3.0},{"damage":0.0,"enemies":"Spire Growth","floor":49.0,"turns":4.0},{"damage":10,"enemies":"WA_ARCHETYPE_DIVINITY","floor":50,"turns":8}],"seed_played":"1608456911869574276","potions_obtained":[{"floor":4.0,"key":"Energy Potion"},{"floor":8.0,"key":"AttackPotion"},{"floor":10.0,"key":"Guardian:BlockOnCardUsePotion"},{"floor":11.0,"key":"Weak Potion"},{"floor":16.0,"key":"Elixir"},{"floor":19.0,"key":"Venom Potion"},{"floor":32.0,"key":"Fire Potion"},{"floor":33.0,"key":"Fruit Juice"},{"floor":37.0,"key":"DistilledChaos"},{"floor":40.0,"key":"Adrenaline Potion"}],"is_trial":false,"path_per_floor":["R","M","$","M","M","?","T","M","M","E","M","M","$","M","M","B",null,"R","M","M","?","$","M","T","M","$","M","?","?","R","M","M","B",null,"T","?","?","T","?","?","T","T","T","?","?","T","?","?","?","B",null],"character_chosen":"THE_CURSED","items_purchased":["TheCursedMod:SpitefulStrike","TheCursedMod:HellsGateOpen","Nunchaku","DistilledChaos","Happy Flower","TheCursedMod:EmpowerCircles","HornCleat","BlessingOfTheForge","ColorlessPotion","TheCursedMod:CircleOfCorruption","TheCursedMod:CircleOfWindfury","Thinking Ahead","Adrenaline Potion"],"campfire_rested":2,"item_purchase_floors":[3,13,13,13,22,22,38,38,38,38,38,38,46],"current_hp_per_floor":[82,82,82,82,77,77,77,77,76,71,71,71,71,60,57,45,82,82,82,77,77,77,74,74,62,39,37,37,37,61,49,33,11,87,87,76,39,45,45,51,51,51,77,71,76,76,76,61,63,61],"gold":75,"neow_bonus":"TEN_PERCENT_HP_BONUS","is_daily":false,"chose_seed":false,"campfire_upgraded":3,"win_rate":0.0,"timestamp":1613880715,"path_taken":["R","M","?","?","M","?","T","M","M","E","M","M","$","M","M","BOSS","R","M","M","?","$","M","T","?","?","M","?","?","R","M","M","BOSS","T","?","?","T","?","?","T","T","T","?","?","T","?","?","?","BOSS"],"items_purchased_type":["Card","Card","Relic","Potion","Relic","Card","Relic","Potion","Potion","Card","Card","Card","Potion"],"build_version":"2020-12-22","purchased_purges":0,"victory":true,"max_hp_per_floor":[82,82,82,82,82,82,82,82,82,82,82,82,82,82,82,82,82,82,82,82,82,82,82,82,82,82,82,82,82,82,82,82,87,87,87,87,87,87,87,87,87,87,87,87,87,87,87,87,87,87],"card_choices":[{"not_picked":["TheCursedMod:Stretching","TheCursedMod:SmokeScreen"],"picked":"TheCursedMod:SurpriseAttack","floor":2.0},{"not_picked":["TheCursedMod:Torture","TheCursedMod:AshesToAshes"],"picked":"TheCursedMod:ShockAndAwe","floor":3.0},{"not_picked":["TheCursedMod:Obscuration","TheCursedMod:SpitefulPray"],"picked":"TheCursedMod:ReleasedStrength","floor":4.0},{"not_picked":["TheCursedMod:VitalStrike","TheCursedMod:DoubleShield"],"picked":"TheCursedMod:CircleOfCorruption","floor":5.0},{"not_picked":["TheCursedMod:Wield","TheCursedMod:SpitefulStrike"],"picked":"TheCursedMod:RapidMovement","floor":8.0},{"not_picked":["TheCursedMod:VitalStrike","TheCursedMod:BlessingInDisguise"],"picked":"TheCursedMod:CircleOfCorruption","floor":9.0},{"not_picked":["TheCursedMod:SpreadPlague","TheCursedMod:CircleOfBlood"],"picked":"TheCursedMod:CircleOfWindfury","floor":10.0},{"not_picked":["TheCursedMod:TacticalStrike","TheCursedMod:RavingStaff","TheCursedMod:VitalStrike"],"picked":"SKIP","floor":11.0},{"not_picked":["TheCursedMod:BloodBarrier","TheCursedMod:SmokeScreen"],"picked":"TheCursedMod:ManaBullet","floor":12.0},{"not_picked":["TheCursedMod:ManaBullet","TheCursedMod:Obscuration","TheCursedMod:TacticalStrike"],"picked":"SKIP","floor":13.0},{"not_picked":["TheCursedMod:CursedArmor","TheCursedMod:BloodBarrier"],"picked":"TheCursedMod:DemonSword","floor":14.0},{"not_picked":["TheCursedMod:RapidMovement","TheCursedMod:Torture"],"picked":"TheCursedMod:LuckyCharm","floor":15.0},{"not_picked":["TheCursedMod:UltimatePain","TheCursedMod:Neurasthenia"],"picked":"TheCursedMod:StunningStrike","floor":16.0},{"not_picked":["TheCursedMod:TacticalStrike","TheCursedMod:Stretching","TheCursedMod:VitalStrike"],"picked":"SKIP","floor":19.0},{"not_picked":["TheCursedMod:SmokeScreen+1","TheCursedMod:SpitefulStrike"],"picked":"TheCursedMod:Obscuration+1","floor":20.0},{"not_picked":["TheCursedMod:CircleOfWindfury","TheCursedMod:CursedRelics"],"picked":"TheCursedMod:Hemoplague+1","floor":22.0},{"not_picked":["TheCursedMod:RapidMovement","TheCursedMod:EmpowerCircles","TheCursedMod:Hemoplague"],"picked":"SKIP","floor":23.0},{"not_picked":["TheCursedMod:Stigma+1","TheCursedMod:CursedBlade+1"],"picked":"TheCursedMod:ManaBullet","floor":25.0},{"not_picked":["TheCursedMod:SpitefulStrike","TheCursedMod:SurpriseAttack"],"picked":"TheCursedMod:AshesToAshes","floor":26.0},{"not_picked":["TheCursedMod:HellfireBreathing","TheCursedMod:Stretching"],"picked":"TheCursedMod:TacticalStrike+1","floor":27.0},{"not_picked":["TheCursedMod:OutForBlood","TheCursedMod:TroublousMinions"],"picked":"TheCursedMod:CircleOfFlame","floor":31.0},{"not_picked":["TheCursedMod:CircleOfAmplification","TheCursedMod:SpitefulPlan+1"],"picked":"TheCursedMod:CircleOfCorruption","floor":32.0},{"not_picked":["TheCursedMod:OutForBlood","TheCursedMod:DemonicPact"],"picked":"TheCursedMod:DemonSword","floor":33.0},{"not_picked":["TheCursedMod:TacticalStrike+1","TheCursedMod:CursedArmor+1"],"picked":"TheCursedMod:FuryStrike+1","floor":36.0},{"not_picked":["TheCursedMod:CursedSpellbook","TheCursedMod:Torture+1"],"picked":"TheCursedMod:FleshFromBone+1","floor":37.0},{"not_picked":["TheCursedMod:Stretching+1","TheCursedMod:DoubleShield"],"picked":"TheCursedMod:AbyssShockwave+1","floor":38.0},{"not_picked":["TheCursedMod:TacticalStrike+1","TheCursedMod:SpitefulStrike"],"picked":"TheCursedMod:CircleOfFocus+1","floor":40.0},{"not_picked":["TheCursedMod:EmpowerCircles+1","TheCursedMod:CursedAmulet","TheCursedMod:SmokeScreen+1"],"picked":"SKIP","floor":44.0},{"not_picked":["TheCursedMod:SurpriseAttack","TheCursedMod:Mangle+1"],"picked":"TheCursedMod:DarkBarrier","floor":45.0},{"not_picked":["TheCursedMod:Wield+1","TheCursedMod:CursedBlade+1"],"picked":"TheCursedMod:CircleOfFlame+1","floor":48.0},{"not_picked":["TheCursedMod:BloodBarrier+1","TheCursedMod:WearCloak"],"picked":"TheCursedMod:ManaBullet+1","floor":49.0}],"player_experience":297248,"relics_obtained":[{"floor":7.0,"key":"Mirror"},{"floor":10.0,"key":"InkBottle"},{"floor":24.0,"key":"Snack Pack"},{"floor":41.0,"key":"Replay:Rubber Ducky"}],"event_choices":[{"damage_healed":0.0,"max_hp_gain":0.0,"max_hp_loss":0.0,"gold_gain":0.0,"event_name":"Addict","player_choice":"Stole Relic","floor":29.0,"gold_loss":0.0,"damage_taken":0.0,"relics_obtained":["Ice Cream"],"cards_obtained":["Pride"]},{"cards_removed":["TheCursedMod:Strike_TheCursed"],"damage_healed":0.0,"max_hp_gain":0.0,"max_hp_loss":0.0,"gold_gain":0.0,"event_name":"Falling","player_choice":"Removed Attack","floor":47.0,"gold_loss":0.0,"damage_taken":0.0}],"is_beta":false,"boss_relics":[{"not_picked":["Fusion Hammer","Replay:Drink Me"],"picked":"Philosopher\u0027s Stone"},{"not_picked":["Runic Dome","Pandora\u0027s Box"],"picked":"Painkiller Herb"}],"items_purged_floors":[],"is_endless":false,"potions_floor_spawned":[4,8,10,11,12,16,19,23,31,32,33,37,40,44,49],"ascension_level":0}}