{"host":"wby4rs3xnry3zy6c","time":1613881048,"event":{"mods":["AchievementEnabler","BaseMod","BetterRewards","Colored Map","Colored Powertips","Downfall","Hubris","Infinite Spire","Minty Spire (QoL Compilation)","Replay The Spire","Shop Mod","StSLib","The Cursed","The Necromancer"],"gold_per_floor":[110,60,74,74,85,85,96,96,96,96,96,96,107,119,119,214,214,229,244,343,421,299,299,299,299,299,299,299,311,311,331,331,448,448,493,493,544,444,492,492,492,492],"floor_reached":41,"language":"ENG","playtime":2257,"items_purged":["Strike_G","hubris:Lust"],"score":531,"play_id":"a2c05f95-3f80-4b5f-9f9c-a668f7ae5da0","local_time":"20210220221728","is_ascension_mode":false,"campfire_choices":[{"data":"Bouncing Flask","floor":6,"key":"SMITH"},{"floor":8,"key":"REST"},{"floor":10,"key":"REST"},{"data":"Caltrops","floor":15,"key":"SMITH"},{"data":"infinitespire:Neurotoxin","floor":23,"key":"SMITH"},{"data":"Bane","floor":28,"key":"SMITH"},{"data":"infinitespire:Collect","floor":32,"key":"SMITH"},{"data":"infinitespire:Execution","floor":40,"key":"SMITH"}],"circlet_count":0,"master_deck":["Strike_G","Strike_G+1","Strike_G","Defend_G","Defend_G","Defend_G","Defend_G","Survivor+1","Neutralize","Flash of Steel+1","Bouncing Flask+1","Caltrops+1","infinitespire:Neurotoxin+1","Bane+1","infinitespire:Collect+1","Deadly Poison","Envenom","infinitespire:Execution+1"],"relics":["Ring of the Snake","Thread and Needle","Busted Crown","Snack Pack","ReplayTheSpireMod:Ring of Collecting","Snake Skull","ReplayTheSpireMod:Ring of Challenge","Bottled Tornado","infinitespire:EvilPickle","Orichalcum"],"acts_visited":["Exordium","TheCity","TheBeyond"],"potions_floor_usage":[33],"damage_taken":[{"damage":0,"enemies":"Jaw Worm","floor":1,"turns":5},{"damage":0,"enemies":"2 Louse","floor":3,"turns":3},{"damage":0,"enemies":"Small Slimes","floor":5,"turns":4},{"damage":44,"enemies":"Gremlin Gang","floor":7,"turns":6},{"damage":1,"enemies":"Large Slime","floor":13,"turns":6},{"damage":3,"enemies":"Exordium Thugs","floor":14,"turns":6},{"damage":5,"enemies":"Hexaghost","floor":16,"turns":9},{"damage":7,"enemies":"Spheric Guardian","floor":18,"turns":4},{"damage":0,"enemies":"Chosen","floor":19,"turns":3},{"damage":3,"enemies":"Snecko","floor":29,"turns":4},{"damage":9,"enemies":"Snake Plant","floor":31,"turns":3},{"damage":24,"enemies":"Pondfish","floor":33,"turns":10},{"damage":6,"enemies":"3 Shapes","floor":35,"turns":6},{"damage":15,"enemies":"Orb Walker","floor":37,"turns":3},{"damage":36,"enemies":"Sphere and 2 Shapes","floor":39,"turns":4},{"damage":21,"enemies":"Spire Growth","floor":41,"turns":3}],"seed_played":"7416720450060419260","potions_obtained":[{"floor":3,"key":"FearPotion"},{"floor":13,"key":"Ancient Potion"},{"floor":14,"key":"DuplicationPotion"},{"floor":18,"key":"Explosive Potion"},{"floor":33,"key":"Elixir"}],"is_trial":false,"path_per_floor":["M","?","M","?","M","R","M","R","T","R","?","?","M","M","R","B",null,"M","M","?","T","$","R","AVR","?","T","?","R","M","T","M","R","B",null,"M","AVR","M","$","M","R","M"],"character_chosen":"THE_SILENT","items_purchased":["Bane"],"campfire_rested":2,"item_purchase_floors":[22],"current_hp_per_floor":[70,70,70,56,56,56,12,33,33,54,54,54,53,50,50,45,70,63,63,63,63,63,63,63,63,63,63,63,60,60,53,53,33,70,66,66,51,51,17,17,0,0],"gold":492,"neow_bonus":"RANDOM_COLORLESS","is_daily":false,"chose_seed":false,"campfire_upgraded":6,"win_rate":0.0,"timestamp":1613881048,"path_taken":["M","?","M","?","M","R","M","R","T","R","?","?","M","?","R","BOSS","M","M","?","?","$","R","AVR","?","T","?","R","M","?","M","R","BOSS","M","AVR","M","$","M","R","M"],"items_purchased_type":["Card"],"build_version":"2020-12-22","purchased_purges":2,"victory":false,"max_hp_per_floor":[70,70,70,70,70,70,70,70,70,70,70,70,70,70,70,70,70,70,70,70,70,70,70,70,70,70,70,70,70,70,70,70,70,70,70,70,70,70,70,70,70,70],"card_choices":[{"not_picked":["ReplayTheSpireMod:Trickstab","Panacea"],"picked":"Flash of Steel","floor":0},{"not_picked":["Predator","Dash","Flying Knee"],"picked":"SKIP","floor":1},{"not_picked":["Acrobatics","Well Laid Plans","Slice"],"picked":"SKIP","floor":3},{"not_picked":["Hidden Blade","Outmaneuver"],"picked":"Bouncing Flask","floor":5},{"not_picked":["ReplayTheSpireMod:Scrap Shanks","Masterful Stab","ReplayTheSpireMod:Speed Training"],"picked":"SKIP","floor":7},{"not_picked":["hubris:SlightOfHand","Die Die Die"],"picked":"Caltrops","floor":13},{"not_picked":["Bouncing Flask","hubris:SlightOfHand","Terror"],"picked":"SKIP","floor":14},{"not_picked":["Corpse Explosion","Envenom"],"picked":"infinitespire:Neurotoxin","floor":16},{"not_picked":["Sneak Up"],"picked":"SKIP","floor":18},{"not_picked":["Reflex"],"picked":"SKIP","floor":19},{"not_picked":[],"picked":"Deadly Poison","floor":29},{"not_picked":["PiercingWail"],"picked":"SKIP","floor":31},{"not_picked":[],"picked":"Envenom","floor":33},{"not_picked":["Reflex+1"],"picked":"SKIP","floor":35},{"not_picked":["ReplayTheSpireMod:Scrap Shanks+1"],"picked":"SKIP","floor":37},{"not_picked":["Bane+1"],"picked":"SKIP","floor":39}],"player_experience":119509,"relics_obtained":[{"floor":9,"key":"Thread and Needle"},{"floor":21,"key":"Snack Pack"},{"floor":25,"key":"ReplayTheSpireMod:Ring of Collecting"},{"floor":26,"key":"Snake Skull"},{"floor":30,"key":"ReplayTheSpireMod:Ring of Challenge"},{"floor":30,"key":"Bottled Tornado"}],"event_choices":[{"cards_removed":["Strike_G"],"damage_healed":0,"gold_gain":0,"player_choice":"Card Removal","damage_taken":0,"max_hp_gain":0,"max_hp_loss":0,"event_name":"The Cleric","floor":2,"gold_loss":50},{"damage_healed":0,"gold_gain":0,"player_choice":"Entered Light","damage_taken":14,"max_hp_gain":0,"max_hp_loss":0,"event_name":"Shining Light","floor":4,"gold_loss":0,"cards_upgraded":["Strike_G","Survivor"]},{"damage_healed":0,"gold_gain":0,"player_choice":"Upgraded","damage_taken":0,"max_hp_gain":0,"max_hp_loss":0,"event_name":"Upgrade Shrine","floor":12,"gold_loss":0,"cards_upgraded":["Flash of Steel"]},{"damage_healed":0,"gold_gain":99,"player_choice":"Stole From Cult","damage_taken":0,"max_hp_gain":0,"max_hp_loss":0,"event_name":"Nest","floor":20,"gold_loss":0},{"damage_healed":0,"gold_gain":0,"player_choice":"Ignored","damage_taken":0,"max_hp_gain":0,"max_hp_loss":0,"event_name":"The Mausoleum","floor":27,"gold_loss":0}],"is_beta":false,"boss_relics":[{"not_picked":["SlaversCollar","Snecko Eye"],"picked":"Busted Crown"},{"not_picked":["SacredBark","Astrolabe","hubris:BlackHole"]}],"items_purged_floors":[22,38],"is_endless":false,"potions_floor_spawned":[3,13,14,18,29,33],"killed_by":"Spire Growth","ascension_level":0}}