{"host":"fr1l74x1jw61j7hk","time":1613902086,"event":{"mods":["BaseMod","Downfall","Minty Spire (QoL Compilation)","StSLib"],"gold_per_floor":[99,109,109,119,132,132,157,57,76,76,93,93,268,300,311,408,408,208,227,243,254,329,329,329,341,191,218,235,235,18,30,49,153,153,153,164,180,199,109,109,109,46,73,73,89,105,105,105,116,116,116,141,41,41,41,41,41],"floor_reached":55,"language":"ZHS","playtime":3950,"items_purged":["Doubt","Guardian:Strike_Guardian"],"score":768,"play_id":"f024277f-21bf-40fb-b18e-c2e4c51eff3f","local_time":"20210221180806","is_ascension_mode":true,"campfire_choices":[{"data":"Guardian:TwinSlam","floor":1.0,"key":"SMITH"},{"data":"Guardian:Suspension","floor":6,"key":"SMITH"},{"floor":8,"key":"RECALL"},{"data":"Guardian:BronzeOrb","floor":10,"key":"SMITH"},{"data":"Guardian:PrimingBeam","floor":12,"key":"SMITH"},{"data":"Guardian:Repulse","floor":18,"key":"SMITH"},{"data":"Guardian:ChargeUp","floor":23,"key":"SMITH"},{"data":"Ghostly","floor":35,"key":"SMITH"},{"data":"Guardian:WalkerClaw","floor":40,"key":"SMITH"},{"data":"Guardian:Orbwalk","floor":54,"key":"SMITH"}],"circlet_count":0,"master_deck":["Guardian:Strike_Guardian","Guardian:Strike_Guardian","Guardian:Strike_Guardian","Guardian:Defend_Guardian","Guardian:Defend_Guardian","Guardian:Defend_Guardian","Guardian:CurlUp+1","Guardian:TwinSlam+1","Guardian:ExploitGems+1","Guardian:Suspension+1","Guardian:BronzeOrb+1","Guardian:PrimingBeam+1","Guardian:Repulse+1","Guardian:ChargeUp+1","Guardian:TimeBomb","Guardian:Orbwalk+1","Ghostly+1","Guardian:VentSteam+1","Necronomicurse","Guardian:Harden+1","Guardian:ShieldCharger","Guardian:WalkerClaw+1","Guardian:TemporalStrike+1","Guardian:Incinerate+1","Guardian:Recover+1","Guardian:ShieldSpikes+1","Guardian:DonusPower+1","Guardian:FuturePlans+1"],"relics":["Guardian:ModeShifterPlus","downfall:HeartBlessingBlue","Gambling Chip","downfall:HeartBlessingRed","downfall:HeartBlessingGreen","Regal Pillow","Kunai","Necronomicon","Omamori","SlaversCollar","Eternal Feather","Question Card","Orichalcum"],"acts_visited":["Exordium","TheCity","TheBeyond","TheEnding"],"potions_floor_usage":[11,16,20,30,33,33,50,50,50,55],"damage_taken":[{"damage":2,"enemies":"Jaw Worm","floor":2,"turns":3},{"damage":1,"enemies":"Cultist","floor":4,"turns":4},{"damage":1,"enemies":"2 Louse","floor":5,"turns":2},{"damage":8,"enemies":"downfall:LooterAlt","floor":9,"turns":3},{"damage":2,"enemies":"Exordium Thugs","floor":11,"turns":4},{"damage":10,"enemies":"3 Sentries","floor":14,"turns":11},{"damage":15,"enemies":"Gremlin Gang","floor":15,"turns":5},{"damage":32,"enemies":"WA_ARCHETYPE_RETAIN","floor":16,"turns":11},{"damage":0,"enemies":"Chosen","floor":19,"turns":4},{"damage":0,"enemies":"Spheric Guardian","floor":20,"turns":3},{"damage":0,"enemies":"Snake Plant","floor":21,"turns":4},{"damage":0,"enemies":"3 Cultists","floor":25,"turns":4},{"damage":5,"enemies":"Gremlin Leader","floor":27,"turns":5},{"damage":4,"enemies":"Sentry and Sphere","floor":28,"turns":6},{"damage":0,"enemies":"downfall:FleeingMerchant","floor":30,"turns":4},{"damage":0,"enemies":"Centurion and Healer","floor":31,"turns":6},{"damage":0,"enemies":"Snake Plant","floor":32,"turns":5},{"damage":92,"enemies":"SI_MIRROR_ARCHETYPE","floor":33,"turns":13},{"damage":3,"enemies":"3 Darklings","floor":36,"turns":6},{"damage":0,"enemies":"Orb Walker","floor":37,"turns":3},{"damage":0,"enemies":"Spire Growth","floor":38,"turns":7},{"damage":0,"enemies":"downfall:FleeingMerchant","floor":39,"turns":4},{"damage":0,"enemies":"downfall:FleeingMerchant","floor":42,"turns":4},{"damage":0,"enemies":"Reptomancer","floor":43,"turns":5},{"damage":14,"enemies":"Transient","floor":45,"turns":5},{"damage":4,"enemies":"Jaw Worm Horde","floor":46,"turns":5},{"damage":0,"enemies":"Sphere and 2 Shapes","floor":49,"turns":5},{"damage":42,"enemies":"DF_ARCHETYPE_ORBS","floor":50,"turns":9},{"damage":47,"enemies":"downfall:CharBossMerchant","floor":52,"turns":9},{"damage":74,"enemies":"downfall:NeowBoss","floor":55,"turns":13}],"seed_played":"3430412942174334001","potions_obtained":[{"floor":2,"key":"ColorlessPotion"},{"floor":5,"key":"Fire Potion"},{"floor":11,"key":"SkillPotion"},{"floor":14,"key":"DistilledChaos"},{"floor":16,"key":"LiquidBronze"},{"floor":22,"key":"downfall:CursedFountainPotion"},{"floor":25,"key":"FairyPotion"},{"floor":43,"key":"Regen Potion"},{"floor":45,"key":"PowerPotion"},{"floor":46,"key":"CultistPotion"},{"floor":52,"key":"LiquidMemories"}],"is_trial":false,"path_per_floor":["R","M","?","M","M","R","T","R","M","R","M","R","?","E","M","B",null,"R","M","M","M","?","R","T","M","?","E","M","?","$","M","M","B",null,"R","M","M","M","$","R","T","$","E","?","M","M","?","?","M","B",null,"E","$","R","B"],"character_chosen":"GUARDIAN","items_purchased":["Omamori","SteroidPotion","Guardian:Incinerate"],"campfire_rested":0,"item_purchase_floors":[30,30,42],"current_hp_per_floor":[80,78,78,77,76,76,76,86,78,78,76,76,76,66,51,19,90,90,90,90,90,90,90,90,90,90,85,81,65,65,65,65,3,90,90,87,87,87,87,87,87,87,87,79,65,61,61,61,61,34,90,43,43,61,0,0,0],"gold":41,"neow_bonus":"ONE_RANDOM_RARE_CARD","is_daily":false,"chose_seed":false,"campfire_upgraded":9,"win_rate":0.0,"timestamp":1613902086,"path_taken":["R","M","?","?","M","R","T","R","M","R","M","R","?","E","M","BOSS","R","M","M","M","?","R","T","?","?","E","M","?","$","M","M","BOSS","R","M","M","M","$","R","T","$","E","?","M","?","?","?","M","BOSS","E","$","R","BOSS"],"items_purchased_type":["Relic","Potion","Card"],"build_version":"2020-12-22","purchased_purges":2,"victory":false,"max_hp_per_floor":[80,80,80,80,80,80,80,90,90,90,90,90,90,90,90,90,90,90,90,90,90,90,90,90,90,90,90,90,90,90,90,90,90,90,90,90,90,90,90,90,90,90,90,90,90,90,90,90,90,90,90,90,90,90,90,90,90],"card_choices":[{"not_picked":["Guardian:TemporalStrike","Guardian:RefractedBeam"],"picked":"Guardian:Gem_Yellow","floor":2},{"not_picked":["Guardian:TemporalShield","Guardian:SentryBeam"],"picked":"Guardian:Suspension","floor":4},{"not_picked":["Guardian:VentSteam","Guardian:Gem_Red"],"picked":"Guardian:Gem_Cyan","floor":5},{"not_picked":["Guardian:Suspension","Guardian:Gem_Green"],"picked":"Guardian:BronzeOrb","floor":9},{"not_picked":["Guardian:CrystalBeam","Guardian:Gem_Green"],"picked":"Guardian:PrimingBeam","floor":11},{"not_picked":["Guardian:BronzeArmor","Guardian:WalkerClaw"],"picked":"Guardian:Repulse","floor":14},{"not_picked":["Guardian:TimeCapacitor","Guardian:Gem_Lightblue"],"picked":"Guardian:Gem_Blue","floor":15},{"not_picked":["Guardian:CompilePackage","Guardian:AncientConstruct"],"picked":"Guardian:Gem_Synthetic","floor":16},{"not_picked":["Guardian:Harden","Guardian:SentryBeam+1"],"picked":"Guardian:Gem_Fragmented","floor":19},{"not_picked":["Guardian:TemporalStrike","Guardian:Harden"],"picked":"Guardian:ChargeUp","floor":20},{"not_picked":["Guardian:Reroute","Guardian:RollAttack+1"],"picked":"Guardian:TimeBomb","floor":21},{"not_picked":["Guardian:PiercingHide","Guardian:Gem_Yellow"],"picked":"Guardian:Orbwalk","floor":25},{"not_picked":["Guardian:Gem_Fragmented","Guardian:PiercingHide"],"picked":"Guardian:VentSteam+1","floor":27},{"not_picked":["Guardian:WalkerClaw","Guardian:SpikerProtocol"],"picked":"Guardian:Gem_Red","floor":28},{"not_picked":["Guardian:VentSteam","Guardian:Gem_Green"],"picked":"Guardian:Gem_Cyan","floor":30},{"not_picked":["Guardian:Reroute","Guardian:Harden"],"picked":"Guardian:Gem_Synthetic","floor":31},{"not_picked":["Guardian:ChargeUp","Guardian:BronzeOrb"],"picked":"Guardian:Harden+1","floor":32},{"not_picked":["Guardian:FastForward","Guardian:SphericShield"],"picked":"Guardian:Gem_Orange","floor":33},{"not_picked":["Guardian:Gem_Red","Guardian:PrimingBeam+1"],"picked":"Guardian:ShieldCharger","floor":36},{"not_picked":["Guardian:WalkerClaw","Guardian:TemporalStrike+1"],"picked":"Guardian:Gem_Crimson","floor":37},{"not_picked":["Guardian:Gem_Green","Guardian:VentSteam+1"],"picked":"Guardian:WalkerClaw","floor":38},{"not_picked":["Guardian:VentSteam","Guardian:SpikerProtocol"],"picked":"Guardian:TemporalStrike+1","floor":39},{"not_picked":["Guardian:WalkerClaw","Guardian:Reroute+1"],"picked":"Guardian:Gem_Lightblue","floor":42},{"not_picked":["Guardian:TemporalStrike","Guardian:Planning"],"picked":"Guardian:Gem_Lightblue","floor":43},{"not_picked":["Guardian:Gem_Cyan","Guardian:Repulse+1","Guardian:Gem_Blue"],"picked":"Guardian:Recover+1","floor":45},{"not_picked":["Guardian:ChargeCore","Guardian:Harden","Guardian:Reroute+1"],"picked":"Guardian:ShieldSpikes+1","floor":46},{"not_picked":["Guardian:Suspension+1","Guardian:TemporalStrike","Guardian:Gem_Lightblue"],"picked":"Guardian:DonusPower+1","floor":49},{"not_picked":["Guardian:Gem_Blue","Guardian:RollAttack","Guardian:Suspension+1"],"picked":"Guardian:FuturePlans+1","floor":52}],"player_experience":484647,"relics_obtained":[{"floor":14,"key":"Gambling Chip"},{"floor":24,"key":"Regal Pillow"},{"floor":27,"key":"Kunai"},{"floor":29,"key":"Necronomicon"},{"floor":41,"key":"Eternal Feather"},{"floor":43,"key":"Question Card"},{"floor":52,"key":"Orichalcum"}],"event_choices":[{"cards_removed":["Guardian:Defend_Guardian"],"damage_healed":0,"gold_gain":0,"player_choice":"Offered Basic","damage_taken":0,"max_hp_gain":0,"max_hp_loss":0,"event_name":"Bonfire Elementals","floor":48,"gold_loss":0}],"is_beta":false,"boss_relics":[{"not_picked":["bronze:MakeshiftBattery","Snecko Eye"],"picked":"Guardian:ModeShifterPlus"},{"not_picked":["Runic Dome","Cursed Key"],"picked":"SlaversCollar"}],"items_purged_floors":[39,53],"is_endless":false,"potions_floor_spawned":[2,5,11,14,16,25,28,31,43,45,46,52],"killed_by":"downfall:NeowBoss","ascension_level":2}}