{"host":"fuszjwm6fqgjjp4d","time":1613931531,"event":{"mods":["BaseMod","Colored Map","Minty Spire (QoL Compilation)","Permanent Neow","Relic Sorter","Relic Stats","StSLib"],"gold_per_floor":[14,24,35,49,68,94,94,129,129,143,108,119,132,201,201,279,279,291,13,32,32,32,32],"floor_reached":22,"language":"ENG","playtime":661,"items_purged":["Strike_B"],"score":400,"play_id":"abf037bc-814d-499f-b52e-12c5fe0aa0d0","local_time":"20210221121851","is_ascension_mode":true,"campfire_choices":[{"floor":7,"key":"REST"},{"floor":15,"key":"REST"}],"circlet_count":0,"master_deck":["AscendersBane","Strike_B","Strike_B","Strike_B","Defend_B","Defend_B","Defend_B","Defend_B","Zap","Dualcast","Core Surge","Coolheaded","Streamline","Sweeping Beam","Conserve Battery","Defragment","Loop","Loop","Go for the Eyes","Force Field","Conserve Battery","CurseOfTheBell","Tempest+1","Capacitor"],"relics":["Cracked Core","Lantern","White Beast Statue","Emotion Chip","Calling Bell","Juzu Bracelet","Pear","CaptainsWheel","Toolbox"],"acts_visited":["Exordium","TheCity"],"potions_floor_usage":[2,2,4,6,12,13,16,18,20,22],"damage_taken":[{"damage":7,"enemies":"2 Louse","floor":1,"turns":3},{"damage":2,"enemies":"Jaw Worm","floor":2,"turns":3},{"damage":5,"enemies":"Small Slimes","floor":3,"turns":3},{"damage":2,"enemies":"Red Slaver","floor":4,"turns":4},{"damage":4,"enemies":"Large Slime","floor":5,"turns":5},{"damage":27,"enemies":"Lagavulin","floor":6,"turns":5},{"damage":25,"enemies":"3 Sentries","floor":8,"turns":6},{"damage":8,"enemies":"Blue Slaver","floor":10,"turns":3},{"damage":1,"enemies":"3 Louse","floor":12,"turns":3},{"damage":17,"enemies":"2 Fungi Beasts","floor":13,"turns":3},{"damage":2,"enemies":"The Guardian","floor":16,"turns":12},{"damage":14,"enemies":"Spheric Guardian","floor":18,"turns":6},{"damage":9,"enemies":"Chosen","floor":20,"turns":5},{"damage":48,"enemies":"Centurion and Healer","floor":22,"turns":5}],"seed_played":"2670719225409682378","potions_obtained":[{"floor":1,"key":"EntropicBrew"},{"floor":3,"key":"DuplicationPotion"},{"floor":4,"key":"Swift Potion"},{"floor":8,"key":"Dexterity Potion"},{"floor":10,"key":"SkillPotion"},{"floor":12,"key":"PowerPotion"},{"floor":13,"key":"PowerPotion"},{"floor":16,"key":"Energy Potion"},{"floor":18,"key":"SteroidPotion"},{"floor":20,"key":"Fire Potion"}],"is_trial":false,"path_per_floor":["M","M","M","M","M","E","R","E","T","M","?","M","M","?","R","B",null,"M","$","M","?","M"],"character_chosen":"DEFECT","items_purchased":["Capacitor","Toolbox"],"campfire_rested":2,"item_purchase_floors":[19,19],"current_hp_per_floor":[57,55,50,48,44,17,38,13,13,5,22,21,4,4,25,23,69,55,55,46,46,0,0],"gold":32,"neow_bonus":"THREE_RARE_CARDS","is_daily":false,"chose_seed":false,"campfire_upgraded":0,"win_rate":0.0,"timestamp":1613931531,"path_taken":["M","M","M","M","M","E","R","E","T","M","?","M","M","?","R","BOSS","M","$","M","?","M"],"items_purchased_type":["Card","Relic"],"build_version":"2020-12-22","purchased_purges":1,"victory":false,"max_hp_per_floor":[71,71,71,71,71,71,71,71,71,71,71,71,71,71,71,71,81,81,81,81,81,81,81],"relic_stats":{"Emotion Chip":[22,16,6,0,0],"counters":[14,65],"Juzu Bracelet":0,"obtain_stats":[{"Calling Bell":17,"Lantern":6,"Emotion Chip":9,"CaptainsWheel":17,"Pear":17,"Toolbox":19,"Juzu Bracelet":17,"Cracked Core":0,"White Beast Statue":8},{"Calling Bell":11,"Lantern":6,"Emotion Chip":7,"CaptainsWheel":11,"Pear":11,"Toolbox":12,"Juzu Bracelet":11,"Cracked Core":0,"White Beast Statue":7},{"Calling Bell":50,"Lantern":23,"Emotion Chip":29,"CaptainsWheel":50,"Pear":50,"Toolbox":55,"Juzu Bracelet":50,"Cracked Core":0,"White Beast Statue":29}]},"card_choices":[{"not_picked":["Buffer","Amplify"],"picked":"Core Surge","floor":0},{"not_picked":["Skim","Gash"],"picked":"Coolheaded","floor":1},{"not_picked":["FTL","Hello World"],"picked":"Streamline","floor":2},{"not_picked":["Skim","Stack"],"picked":"Sweeping Beam","floor":3},{"not_picked":["Steam Power","Coolheaded"],"picked":"Conserve Battery","floor":4},{"not_picked":["Rebound","Fusion"],"picked":"Defragment","floor":5},{"not_picked":["Sunder","Leap"],"picked":"Loop","floor":6},{"not_picked":["Beam Cell","All For One"],"picked":"Loop","floor":8},{"not_picked":["Heatsinks","Redo"],"picked":"Go for the Eyes","floor":10},{"not_picked":["Genetic Algorithm","Blizzard"],"picked":"Force Field","floor":12},{"not_picked":["Compile Driver","Steam"],"picked":"Conserve Battery","floor":13},{"not_picked":["Gash","Reprogram"],"picked":"Tempest+1","floor":18},{"not_picked":["Ball Lightning","Heatsinks","Steam"],"picked":"SKIP","floor":20}],"player_experience":1508014,"relics_obtained":[{"floor":6,"key":"Lantern"},{"floor":8,"key":"White Beast Statue"},{"floor":9,"key":"Emotion Chip"},{"floor":17,"key":"Juzu Bracelet"},{"floor":17,"key":"Pear"},{"floor":17,"key":"CaptainsWheel"}],"event_choices":[{"damage_healed":17,"gold_gain":0,"player_choice":"Healed","damage_taken":0,"max_hp_gain":0,"max_hp_loss":0,"event_name":"The Cleric","floor":11,"gold_loss":35},{"damage_healed":0,"gold_gain":69,"player_choice":"Gained Gold","damage_taken":0,"max_hp_gain":0,"max_hp_loss":0,"event_name":"Golden Wing","floor":14,"gold_loss":0},{"damage_healed":0,"gold_gain":0,"player_choice":"Ignored","damage_taken":0,"max_hp_gain":0,"max_hp_loss":0,"event_name":"The Mausoleum","floor":21,"gold_loss":0}],"is_beta":false,"boss_relics":[{"not_picked":["Runic Pyramid","Runic Dome"],"picked":"Calling Bell"}],"items_purged_floors":[19],"is_endless":false,"potions_floor_spawned":[1,3,4,8,10,12,13,16,18,20],"killed_by":"Centurion and Healer","ascension_level":20}}